Datum,<15_1_m,<15_1_w,15-24_1_m,15-24_1_w,25-34_1_m,25-34_1_w,35-44_1_m,35-44_1_w,45-54_1_m,45-54_1_w,55-64_1_m,55-64_1_w,65-74_1_m,65-74_1_w,75-84_1_m,75-84_1_w,>84_1_m,>84_1_w,<15_2_m,<15_2_w,15-24_2_m,15-24_2_w,25-34_2_m,25-34_2_w,35-44_2_m,35-44_2_w,45-54_2_m,45-54_2_w,55-64_2_m,55-64_2_w,65-74_2_m,65-74_2_w,75-84_2_m,75-84_2_w,>84_2_m,>84_2_w,bp_1,bp_2,mo_1,mo_2,az_1,az_2,ja,unb_1,unb_2
2021-12-01T23:59:59+01:00,3644,3390,19043,17578,21721,20064,24185,24157,30435,31171,36321,36988,26629,29656,17980,22982,5441,10347,2304,2104,15815,14843,18916,17380,21795,21596,28018,28706,34260,34879,25731,28589,17415,22243,5251,9892,283066,254622,33271,31444,46664,44953,18681,83,37
2021-11-30T23:59:59+01:00,3544,3296,19007,17538,21688,20023,24159,24101,30404,31130,36292,36946,26603,29630,17960,22965,5438,10335,2277,2072,15735,14753,18810,17288,21726,21523,27954,28646,34190,34823,25705,28556,17409,22228,5249,9885,282401,253754,33268,31409,46664,44953,18676,83,37
2021-11-29T23:59:59+01:00,3415,3182,18979,17513,21658,19990,24132,24075,30384,31102,36271,36920,26588,29601,17952,22950,5433,10331,2258,2041,15663,14690,18758,17234,21661,21475,27902,28598,34141,34788,25690,28534,17399,22216,5246,9879,281826,253133,33266,31381,46664,44953,18669,83,37
2021-11-28T23:59:59+01:00,3388,3144,18947,17493,21632,19960,24112,24051,30354,31078,36247,36898,26576,29586,17946,22941,5431,10324,2244,2024,15621,14657,18702,17191,21638,21445,27857,28574,34102,34762,25683,28519,17396,22207,5246,9876,281462,252713,33266,31381,46664,44948,18665,83,37
2021-11-27T23:59:59+01:00,3333,3100,18915,17463,21594,19924,24079,24025,30328,31061,36230,36876,26573,29576,17943,22937,5431,10323,2209,2000,15472,14522,18585,17081,21530,21383,27758,28516,34055,34713,25671,28510,17392,22203,5245,9876,281066,251690,33265,31381,46664,44948,18665,83,37
2021-11-26T23:59:59+01:00,3283,3063,18828,17405,21522,19863,24039,23965,30284,31032,36196,36839,26556,29553,17935,22924,5430,10316,2170,1967,15274,14346,18427,16979,21397,21281,27647,28415,33985,34644,25651,28490,17387,22196,5244,9873,280402,250368,33252,31356,46664,44948,18664,83,37
2021-11-25T23:59:59+01:00,3205,2995,18770,17344,21464,19795,23998,23919,30236,30975,36151,36780,26528,29522,17918,22905,5429,10305,2137,1941,15196,14280,18338,16897,21327,21214,27568,28353,33930,34581,25636,28473,17383,22180,5240,9868,279643,249598,33227,31305,46664,44948,18654,83,37
2021-11-24T23:59:59+01:00,3164,2950,18724,17293,21417,19743,23954,23869,30202,30930,36091,36729,26501,29484,17904,22880,5425,10296,2116,1924,15112,14207,18254,16825,21251,21145,27502,28292,33879,34535,25620,28447,17370,22161,5237,9862,278980,248850,33220,31263,46664,44948,18641,83,37
2021-11-23T23:59:59+01:00,3120,2908,18666,17260,21372,19680,23914,23829,30157,30885,36052,36693,26484,29454,17895,22853,5423,10287,2104,1912,15050,14143,18195,16765,21199,21100,27443,28245,33839,34488,25608,28426,17363,22144,5237,9853,278370,248269,33214,31227,46664,44948,18633,83,37
2021-11-22T23:59:59+01:00,3084,2872,18624,17218,21325,19632,23877,23786,30123,30846,36013,36646,26456,29418,17886,22842,5421,10276,2099,1901,15015,14114,18154,16735,21161,21075,27407,28217,33811,34461,25597,28416,17355,22134,5237,9848,277804,247923,33211,31216,46663,44945,18616,83,37
2021-11-21T23:59:59+01:00,3057,2856,18581,17183,21285,19598,23841,23762,30092,30821,35977,36614,26445,29397,17881,22832,5418,10271,2097,1899,14997,14110,18138,16716,21152,21064,27393,28197,33797,34449,25589,28407,17353,22125,5236,9845,277383,247765,33211,31216,46662,44942,18604,83,37
2021-11-20T23:59:59+01:00,3022,2823,18483,17109,21201,19513,23746,23691,30026,30780,35948,36577,26428,29375,17876,22827,5417,10268,2095,1891,14965,14087,18084,16691,21130,21042,27372,28172,33775,34435,25578,28400,17351,22120,5236,9844,276583,247471,33210,31215,46662,44941,18604,83,37
2021-11-19T23:59:59+01:00,2951,2773,18320,16958,21074,19392,23638,23578,29919,30681,35875,36499,26402,29344,17865,22808,5416,10261,2070,1861,14818,13989,17969,16595,21039,20966,27260,28096,33708,34380,25565,28383,17340,22112,5236,9842,275265,246477,33178,31176,46662,44941,18598,83,37
2021-11-18T23:59:59+01:00,2901,2726,18202,16867,20941,19278,23557,23493,29844,30601,35798,36420,26374,29304,17845,22784,5410,10257,2053,1842,14751,13935,17901,16546,20982,20918,27215,28040,33648,34337,25550,28361,17331,22094,5233,9837,274210,245927,33136,31126,46662,44941,18543,83,37
2021-11-17T23:59:59+01:00,2852,2674,18092,16767,20843,19165,23460,23386,29764,30522,35736,36343,26325,29255,17828,22754,5404,10248,2037,1828,14701,13890,17857,16494,20938,20882,27169,28001,33606,34305,25529,28335,17323,22074,5230,9820,273073,245419,33116,31103,46659,44941,18519,83,37
2021-11-16T23:59:59+01:00,2808,2647,17964,16666,20727,19048,23344,23291,29679,30449,35666,36277,26292,29210,17807,22719,5401,10243,2021,1817,14665,13845,17818,16452,20896,20850,27142,27951,33565,34263,25512,28327,17313,22062,5229,9811,271928,244978,33094,31077,46659,44941,18506,83,37
2021-11-15T23:59:59+01:00,2787,2616,17879,16594,20637,18971,23283,23224,29614,30372,35612,36224,26274,29184,17794,22710,5400,10235,2012,1809,14614,13824,17786,16431,20880,20818,27111,27912,33547,34237,25501,28307,17306,22050,5220,9784,271127,244620,33088,31063,46656,44941,18488,83,37
2021-11-14T23:59:59+01:00,2768,2585,17831,16568,20586,18923,23241,23182,29578,30332,35589,36184,26261,29169,17790,22702,5397,10230,2007,1804,14591,13808,17761,16414,20862,20804,27090,27882,33525,34222,25491,28301,17300,22047,5217,9780,270678,244420,33086,31063,46654,44940,18446,83,37
2021-11-13T23:59:59+01:00,2718,2532,17618,16425,20392,18784,23127,23075,29460,30245,35514,36112,26248,29153,17782,22691,5395,10228,2002,1797,14559,13793,17733,16388,20833,20781,27066,27866,33501,34199,25483,28293,17296,22042,5217,9780,269263,244144,33085,31063,46654,44940,18445,83,37
2021-11-12T23:59:59+01:00,2658,2465,17335,16189,20172,18589,22962,22932,29297,30092,35392,36010,26223,29124,17767,22665,5389,10223,1994,1778,14476,13730,17641,16314,20751,20738,26992,27800,33463,34154,25478,28277,17295,22032,5217,9777,267318,243472,33034,31032,46653,44939,18427,83,37
2021-11-11T23:59:59+01:00,2596,2409,17143,16027,20011,18453,22814,22786,29161,29976,35318,35916,26185,29085,17749,22648,5386,10214,1979,1757,14399,13671,17572,16250,20681,20673,26928,27744,33410,34113,25460,28251,17290,22020,5213,9774,265866,242901,32956,30959,46653,44938,18350,83,37
2021-11-10T23:59:59+01:00,2547,2373,17011,15908,19865,18338,22711,22683,29060,29892,35248,35842,26159,29052,17740,22629,5382,10202,1970,1744,14363,13617,17527,16210,20636,20621,26878,27690,33371,34076,25433,28222,17274,22011,5213,9771,264699,242407,32923,30929,46652,44938,18316,83,37
2021-11-09T23:59:59+01:00,2528,2343,16896,15794,19759,18236,22600,22584,28983,29820,35179,35778,26137,29025,17726,22614,5380,10196,1963,1730,14337,13581,17503,16186,20610,20595,26846,27657,33336,34047,25421,28207,17266,22002,5213,9765,263672,242097,32901,30892,46652,44938,18301,83,37
2021-11-08T23:59:59+01:00,2423,2223,16662,15607,19634,18125,22493,22493,28889,29740,35102,35718,26112,29006,17713,22599,5378,10191,1952,1724,14291,13535,17476,16150,20586,20559,26816,27626,33309,34014,25409,28188,17264,21994,5209,9763,262243,241755,32900,30869,46646,44937,18267,83,37
2021-11-07T23:59:59+01:00,2409,2207,16614,15570,19577,18075,22447,22454,28846,29712,35063,35688,26103,28998,17706,22593,5378,10189,1941,1718,14273,13508,17457,16123,20567,20539,26805,27607,33288,33998,25400,28178,17257,21987,5208,9760,261802,241538,32899,30869,46643,44937,18233,83,37
2021-11-06T23:59:59+01:00,2371,2166,16398,15385,19406,17935,22315,22355,28726,29623,34998,35633,26090,28986,17701,22589,5377,10188,1936,1716,14248,13491,17433,16105,20555,20525,26791,27596,33282,33984,25396,28174,17255,21985,5208,9759,260417,241363,32897,30869,46643,44937,18233,83,37
2021-11-05T23:59:59+01:00,2298,2098,16086,15100,19166,17708,22106,22176,28561,29472,34890,35551,26074,28966,17694,22578,5377,10186,1919,1704,14167,13412,17375,16053,20502,20479,26749,27561,33260,33965,25390,28165,17250,21974,5208,9756,258419,240950,32836,30828,46643,44937,18137,83,37
2021-11-04T23:59:59+01:00,2262,2067,15940,14958,19018,17574,22000,22061,28453,29363,34809,35502,26061,28942,17691,22569,5376,10185,1899,1684,14108,13352,17314,15986,20451,20412,26705,27503,33216,33924,25377,28147,17237,21962,5208,9747,257392,240524,32790,30779,46638,44933,17959,83,37
2021-11-03T23:59:59+01:00,2244,2043,15819,14858,18919,17497,21902,21978,28368,29300,34752,35472,26041,28920,17684,22558,5374,10182,1881,1670,14071,13312,17276,15939,20415,20381,26669,27462,33175,33894,25362,28127,17228,21945,5207,9738,256515,240094,32784,30765,46637,44933,17923,83,37
2021-11-02T23:59:59+01:00,2235,2030,15748,14788,18833,17426,21827,21921,28301,29258,34716,35438,26029,28904,17679,22556,5373,10179,1861,1658,14027,13270,17228,15910,20379,20346,26640,27437,33142,33861,25352,28112,17223,21935,5205,9732,255908,239710,32755,30750,46637,44932,17889,83,37
2021-11-01T23:59:59+01:00,2228,2017,15690,14746,18768,17393,21784,21892,28264,29237,34696,35421,26023,28903,17677,22553,5373,10178,1849,1651,13990,13247,17206,15883,20359,20332,26619,27419,33130,33854,25344,28108,17220,21926,5204,9730,255534,239494,32755,30742,46635,44931,17867,83,37
2021-10-31T23:59:59+01:00,2228,2017,15690,14746,18768,17393,21784,21892,28263,29237,34696,35421,26023,28903,17677,22553,5373,10178,1849,1651,13990,13247,17206,15882,20359,20332,26618,27419,33130,33854,25344,28108,17220,21926,5204,9730,255534,239493,32755,30742,46635,44931,17866,83,37
2021-10-30T23:59:59+02:00,2226,2014,15687,14746,18768,17393,21782,21891,28262,29237,34696,35420,26023,28902,17677,22553,5373,10178,1847,1650,13989,13247,17206,15882,20359,20332,26618,27419,33129,33854,25344,28108,17220,21926,5204,9730,255521,239488,32754,30742,46635,44931,17866,83,37
2021-10-29T23:59:59+02:00,2202,1983,15557,14643,18623,17282,21660,21805,28145,29166,34628,35380,26012,28894,17672,22551,5373,10176,1834,1637,13924,13212,17155,15835,20310,20310,26581,27394,33110,33834,25341,28104,17218,21922,5204,9727,254613,239233,32706,30705,46635,44931,17746,83,37
2021-10-28T23:59:59+02:00,2179,1954,15418,14544,18440,17165,21539,21717,28047,29093,34566,35332,25999,28882,17668,22544,5373,10174,1820,1621,13845,13140,17061,15769,20249,20254,26533,27351,33071,33808,25319,28085,17211,21912,5200,9723,253770,238839,32621,30611,46634,44928,17557,83,37
2021-10-27T23:59:59+02:00,2154,1941,15358,14484,18392,17115,21482,21689,28013,29062,34539,35312,25994,28866,17661,22541,5373,10173,1808,1607,13813,13107,17040,15748,20234,20236,26514,27316,33048,33788,25301,28064,17203,21896,5196,9721,253319,238542,32618,30607,46634,44928,17526,83,37
2021-10-26T23:59:59+02:00,2141,1917,15316,14453,18355,17079,21451,21672,27995,29042,34520,35302,25987,28862,17658,22539,5373,10173,1799,1600,13788,13069,17016,15721,20212,20215,26497,27298,33026,33775,25291,28046,17193,21877,5192,9704,253017,238236,32612,30598,46634,44928,17520,83,37
2021-10-25T23:59:59+02:00,2134,1912,15283,14435,18333,17062,21436,21663,27982,29036,34516,35297,25987,28860,17658,22539,5373,10173,1798,1600,13784,13065,17013,15719,20212,20212,26496,27297,33023,33773,25291,28046,17193,21876,5192,9704,252865,238215,32608,30594,46634,44928,17520,83,37
2021-10-24T23:59:59+02:00,2124,1906,15268,14428,18317,17052,21423,21655,27969,29023,34508,35290,25986,28855,17656,22539,5373,10173,1792,1594,13771,13046,17005,15706,20204,20203,26486,27291,33018,33765,25287,28041,17191,21875,5191,9703,252741,238099,32608,30594,46633,44928,17511,83,37
2021-10-23T23:59:59+02:00,2124,1906,15268,14428,18316,17052,21423,21654,27969,29023,34508,35290,25986,28855,17656,22539,5373,10173,1792,1594,13771,13046,17005,15706,20204,20203,26486,27291,33017,33765,25287,28041,17191,21875,5191,9703,252739,238098,32608,30594,46633,44928,17511,83,37
2021-10-22T23:59:59+02:00,2109,1889,15201,14382,18223,16993,21355,21604,27915,28976,34477,35274,25986,28851,17655,22536,5372,10172,1775,1573,13718,12982,16959,15671,20172,20179,26465,27273,32997,33748,25279,28039,17191,21872,5191,9702,252267,237778,32548,30573,46633,44928,17470,83,37
2021-10-21T23:59:59+02:00,2079,1857,15082,14298,18102,16902,21264,21544,27841,28913,34412,35235,25972,28831,17649,22526,5371,10168,1748,1556,13639,12901,16891,15621,20114,20134,26410,27227,32949,33713,25262,28020,17180,21849,5190,9697,251509,237304,32492,30473,46633,44928,17359,83,37
2021-10-20T23:59:59+02:00,2067,1846,15031,14265,18053,16865,21216,21504,27810,28887,34384,35217,25965,28818,17641,22515,5370,10163,1726,1543,13609,12867,16858,15585,20083,20103,26379,27197,32926,33680,25242,28008,17169,21839,5190,9692,251107,236925,32478,30461,46633,44928,17345,83,37
2021-10-19T23:59:59+02:00,2058,1839,15011,14235,18031,16844,21200,21489,27797,28871,34366,35205,25953,28809,17639,22512,5370,10163,1712,1525,13588,12829,16822,15548,20053,20079,26354,27173,32895,33658,25225,27991,17163,21825,5186,9686,250896,236556,32478,30460,46633,44928,17331,83,37
2021-10-18T23:59:59+02:00,2053,1832,14989,14217,18014,16824,21175,21464,27782,28859,34353,35191,25951,28803,17637,22509,5367,10162,1698,1513,13561,12798,16807,15520,20032,20054,26336,27148,32880,33639,25213,27982,17159,21817,5183,9684,250710,236295,32467,30448,46633,44926,17318,83,37
2021-10-17T23:59:59+02:00,2049,1830,14968,14207,18011,16818,21171,21458,27776,28850,34350,35186,25946,28800,17635,22509,5366,10158,1696,1507,13534,12777,16787,15504,20018,20037,26320,27136,32870,33628,25204,27974,17155,21814,5178,9675,250626,236100,32466,30447,46633,44921,17309,83,37
2021-10-16T23:59:59+02:00,2049,1829,14968,14204,18011,16818,21170,21458,27776,28850,34350,35186,25946,28800,17635,22509,5366,10158,1696,1507,13534,12777,16787,15504,20018,20037,26320,27136,32870,33628,25204,27974,17155,21814,5178,9675,250621,236100,32466,30447,46633,44921,17309,83,37
2021-10-15T23:59:59+02:00,2044,1814,14939,14170,17991,16795,21146,21444,27761,28840,34335,35180,25946,28797,17634,22505,5366,10156,1679,1485,13464,12722,16753,15471,19981,20011,26298,27111,32859,33612,25201,27971,17150,21811,5177,9674,250453,235778,32441,30412,46633,44921,17282,83,37
2021-10-14T23:59:59+02:00,2016,1797,14849,14103,17930,16741,21108,21411,27724,28809,34306,35158,25938,28789,17630,22497,5365,10150,1652,1456,13367,12626,16688,15408,19935,19941,26240,27059,32816,33577,25183,27949,17136,21792,5175,9671,250047,235249,32385,30262,46633,44921,17202,83,37
2021-10-13T23:59:59+02:00,2001,1788,14817,14060,17905,16713,21093,21392,27700,28793,34285,35145,25931,28779,17622,22489,5364,10147,1637,1444,13322,12586,16658,15373,19897,19895,26212,27033,32787,33536,25163,27928,17127,21767,5170,9665,249769,234799,32383,30258,46633,44921,17185,83,37
2021-10-12T23:59:59+02:00,1992,1783,14785,14029,17886,16687,21068,21370,27681,28772,34266,35128,25926,28773,17620,22481,5363,10145,1623,1436,13281,12539,16634,15328,19863,19860,26187,27006,32759,33513,25145,27904,17116,21746,5160,9634,249510,234343,32381,30256,46633,44921,17177,83,37
2021-10-11T23:59:59+02:00,1986,1775,14762,14016,17872,16670,21054,21358,27669,28762,34257,35114,25922,28766,17616,22476,5363,10141,1619,1425,13247,12507,16617,15301,19844,19834,26168,26979,32734,33484,25127,27883,17109,21734,5159,9624,249350,234019,32381,30256,46632,44921,17162,83,37
2021-10-10T23:59:59+02:00,1973,1762,14744,13998,17854,16655,21046,21344,27663,28757,34247,35107,25922,28762,17615,22473,5361,10141,1599,1415,13219,12481,16590,15272,19824,19814,26152,26960,32721,33469,25119,27873,17104,21731,5157,9621,249209,233763,32381,30256,46632,44917,17148,83,37
2021-10-09T23:59:59+02:00,1973,1762,14744,13998,17853,16654,21045,21344,27663,28757,34246,35106,25922,28760,17615,22473,5361,10141,1599,1415,13219,12481,16589,15272,19823,19814,26152,26959,32720,33467,25119,27871,17104,21731,5157,9621,249208,233762,32381,30255,46632,44917,17142,83,37
2021-10-08T23:59:59+02:00,1956,1747,14707,13976,17825,16629,21022,21329,27644,28742,34231,35091,25917,28759,17615,22471,5360,10139,1576,1376,13142,12393,16533,15221,19770,19774,26123,26925,32699,33446,25108,27860,17099,21726,5155,9620,249012,233255,32363,30238,46632,44917,17099,83,37
2021-10-07T23:59:59+02:00,1934,1727,14636,13903,17756,16577,20976,21268,27596,28714,34181,35061,25893,28737,17607,22459,5359,10135,1536,1343,13044,12319,16470,15149,19720,19725,26049,26872,32650,33403,25083,27838,17081,21707,5148,9604,248553,232735,32306,30078,46631,44916,16975,83,37
2021-10-06T23:59:59+02:00,1926,1709,14600,13868,17732,16549,20957,21244,27567,28683,34148,35040,25879,28724,17604,22454,5356,10132,1519,1330,13017,12280,16445,15121,19695,19699,26021,26845,32627,33373,25071,27825,17071,21695,5146,9598,248251,232419,32306,30078,46631,44916,16928,83,37
2021-10-05T23:59:59+02:00,1919,1697,14576,13831,17700,16533,20936,21223,27545,28656,34128,35013,25862,28708,17595,22443,5356,10129,1502,1315,12984,12248,16419,15103,19674,19676,26000,26818,32605,33355,25063,27816,17064,21688,5142,9593,247952,232128,32305,30078,46630,44915,16907,83,37
2021-10-04T23:59:59+02:00,1907,1692,14527,13793,17668,16504,20915,21202,27521,28632,34113,34994,25855,28691,17592,22438,5355,10126,1480,1299,12946,12211,16399,15073,19660,19652,25975,26790,32587,33327,25052,27806,17058,21681,5140,9589,247702,231840,32278,30075,46629,44914,16859,83,37
2021-10-03T23:59:59+02:00,1895,1686,14508,13764,17649,16486,20903,21192,27510,28620,34103,34985,25846,28686,17585,22430,5354,10124,1469,1289,12924,12193,16374,15055,19649,19641,25965,26777,32576,33314,25041,27795,17058,21673,5140,9589,247563,231689,32267,30071,46626,44913,16812,83,37
2021-10-02T23:59:59+02:00,1894,1686,14506,13763,17648,16485,20903,21191,27510,28620,34102,34985,25846,28685,17585,22430,5354,10124,1469,1289,12924,12192,16374,15055,19649,19641,25965,26777,32576,33314,25041,27795,17058,21673,5140,9589,247554,231688,32267,30071,46626,44913,16812,83,37
2021-10-01T23:59:59+02:00,1881,1667,14440,13699,17586,16433,20860,21149,27473,28600,34077,34966,25838,28681,17585,22424,5354,10121,1434,1252,12822,12090,16292,14998,19590,19592,25929,26742,32545,33286,25026,27780,17054,21665,5139,9587,247220,231117,32235,30061,46626,44913,16695,83,37
2021-09-30T23:59:59+02:00,1868,1647,14340,13613,17523,16375,20801,21098,27418,28542,34020,34940,25816,28664,17576,22414,5352,10118,1410,1228,12716,12015,16220,14949,19540,19539,25876,26684,32491,33258,25005,27758,17048,21653,5136,9586,246850,230804,32108,29881,46623,44904,16486,83,37
2021-09-29T23:59:59+02:00,1853,1627,14315,13588,17500,16333,20764,21068,27391,28509,33995,34917,25797,28648,17570,22404,5352,10117,1392,1215,12684,11982,16200,14921,19526,19520,25860,26666,32473,33235,24990,27745,17038,21640,5133,9582,246503,230524,32107,29881,46623,44903,16457,83,37
2021-09-28T23:59:59+02:00,1836,1618,14283,13556,17473,16299,20737,21032,27358,28486,33968,34893,25783,28628,17560,22394,5349,10111,1367,1209,12645,11951,16180,14894,19510,19494,25840,26655,32460,33214,24984,27734,17035,21634,5131,9581,246146,230267,32106,29881,46623,44902,16431,83,37
2021-09-27T23:59:59+02:00,1828,1613,14254,13529,17451,16276,20710,21009,27336,28466,33949,34871,25775,28615,17558,22386,5349,10108,1353,1198,12605,11916,16156,14872,19482,19476,25820,26632,32451,33194,24976,27721,17029,21626,5129,9580,245922,230028,32106,29881,46623,44896,16374,83,37
2021-09-26T23:59:59+02:00,1824,1608,14238,13509,17431,16259,20699,20994,27320,28451,33941,34858,25764,28610,17554,22385,5348,10107,1346,1194,12589,11896,16141,14855,19470,19464,25811,26621,32440,33183,24970,27719,17026,21622,5128,9579,245770,229898,32106,29880,46623,44896,16343,83,37
2021-09-25T23:59:59+02:00,1821,1606,14225,13493,17409,16247,20678,20983,27301,28435,33928,34850,25757,28605,17549,22382,5347,10105,1344,1192,12578,11882,16122,14844,19450,19452,25796,26604,32428,33175,24964,27714,17021,21619,5128,9577,245727,229871,32106,29880,46623,44896,16206,83,37
2021-09-24T23:59:59+02:00,1803,1582,14143,13413,17340,16198,20623,20933,27262,28391,33888,34819,25739,28594,17539,22372,5345,10101,1315,1173,12484,11778,16039,14775,19397,19391,25749,26568,32380,33145,24941,27693,17012,21607,5126,9573,245334,229356,32087,29875,46623,44896,15982,83,37
2021-09-23T23:59:59+02:00,1781,1562,14040,13314,17248,16112,20532,20856,27180,28331,33838,34759,25713,28571,17527,22353,5341,10094,1302,1164,12396,11703,15969,14708,19323,19341,25689,26511,32334,33109,24921,27674,17006,21596,5123,9567,244840,229023,31987,29837,46622,44895,15644,83,37
2021-09-22T23:59:59+02:00,1762,1549,14003,13266,17198,16069,20478,20808,27141,28284,33787,34708,25683,28544,17519,22331,5337,10090,1285,1155,12354,11657,15922,14674,19292,19312,25660,26483,32284,33074,24893,27649,17000,21582,5120,9558,244418,228700,31961,29828,46622,44893,15496,83,37
2021-09-21T23:59:59+02:00,1749,1534,13942,13212,17175,16019,20445,20768,27110,28243,33751,34687,25670,28526,17507,22307,5329,10062,1260,1132,12307,11597,15891,14646,19259,19273,25633,26455,32259,33047,24872,27631,16997,21573,5118,9547,243924,228318,31957,29778,46622,44891,15473,83,37
2021-09-20T23:59:59+02:00,1739,1527,13889,13174,17139,15978,20406,20735,27069,28205,33716,34652,25651,28499,17499,22290,5318,10035,1241,1128,12248,11563,15859,14623,19231,19246,25605,26431,32237,33023,24859,27618,16995,21565,5113,9533,243482,228012,31957,29778,46622,44891,15400,83,37
2021-09-19T23:59:59+02:00,1734,1518,13864,13148,17108,15956,20381,20716,27048,28176,33703,34638,25643,28490,17496,22287,5317,10033,1237,1117,12224,11542,15836,14603,19219,19227,25592,26419,32227,33012,24852,27613,16989,21559,5112,9533,243253,227844,31955,29777,46622,44889,15366,83,37
2021-09-18T23:59:59+02:00,1731,1514,13852,13136,17097,15949,20371,20709,27041,28172,33697,34634,25643,28490,17496,22286,5317,10033,1237,1115,12217,11534,15826,14598,19209,19224,25585,26415,32222,33010,24852,27613,16989,21559,5112,9533,243216,227824,31942,29772,46622,44889,15328,83,37
2021-09-17T23:59:59+02:00,1708,1480,13752,13022,16989,15873,20290,20638,26970,28112,33644,34590,25620,28467,17484,22275,5316,10030,1220,1098,12132,11457,15725,14521,19121,19152,25516,26346,32159,32967,24833,27593,16979,21541,5111,9529,242752,227383,31895,29760,46622,44889,14931,83,37
2021-09-16T23:59:59+02:00,1681,1442,13654,12912,16902,15776,20197,20548,26869,28026,33567,34524,25588,28434,17470,22251,5309,10009,1196,1072,12043,11378,15655,14456,19039,19073,25428,26265,32098,32912,24791,27555,16969,21528,5108,9518,242134,226914,31798,29701,46622,44887,14545,83,37
2021-09-15T23:59:59+02:00,1663,1433,13593,12860,16850,15714,20151,20496,26813,27975,33515,34468,25562,28402,17455,22222,5302,9986,1176,1056,11982,11317,15599,14404,18987,19021,25367,26215,32040,32856,24759,27522,16953,21509,5104,9507,241715,226477,31777,29685,46618,44885,14290,83,37
2021-09-14T23:59:59+02:00,1647,1422,13531,12792,16777,15662,20091,20449,26763,27919,33465,34417,25540,28383,17442,22211,5298,9981,1148,1034,11921,11255,15526,14344,18932,18977,25320,26162,31983,32804,24729,27499,16939,21493,5104,9502,241313,226085,31725,29591,46618,44885,14074,83,37
2021-09-13T23:59:59+02:00,1625,1406,13491,12755,16749,15635,20073,20424,26741,27894,33443,34393,25529,28375,17437,22200,5298,9978,1131,1019,11877,11222,15492,14322,18909,18947,25296,26134,31956,32782,24718,27488,16926,21484,5101,9501,241028,225776,31724,29589,46613,44883,14020,83,37
2021-09-12T23:59:59+02:00,1614,1403,13457,12732,16708,15619,20059,20413,26730,27875,33437,34381,25523,28368,17436,22196,5298,9975,1119,1013,11833,11202,15447,14303,18885,18926,25280,26121,31942,32768,24710,27479,16923,21480,5100,9498,240868,225560,31724,29589,46610,44882,13961,83,37
2021-09-11T23:59:59+02:00,1603,1402,13441,12720,16694,15610,20049,20410,26718,27869,33433,34377,25519,28367,17435,22195,5296,9975,1040,951,11766,11151,15431,14295,18877,18915,25267,26109,31934,32755,24708,27477,16922,21479,5100,9498,240803,225235,31703,29587,46610,44882,13934,83,37
2021-09-10T23:59:59+02:00,1564,1356,13293,12594,16622,15533,19942,20325,26636,27805,33371,34323,25479,28337,17419,22172,5290,9970,1013,926,11645,11048,15345,14212,18768,18831,25174,26052,31860,32698,24666,27447,16905,21459,5095,9493,240206,224678,31686,29576,46610,44882,13464,83,37
2021-09-09T23:59:59+02:00,1541,1335,13223,12529,16568,15483,19889,20286,26584,27738,33329,34283,25451,28319,17414,22159,5286,9963,993,902,11581,10975,15293,14161,18713,18800,25119,26011,31812,32664,24644,27432,16892,21449,5092,9482,239835,224302,31611,29536,46610,44882,13258,83,37
2021-09-08T23:59:59+02:00,1526,1318,13194,12505,16552,15459,19869,20273,26568,27726,33316,34272,25439,28311,17408,22153,5283,9960,981,886,11537,10931,15268,14143,18701,18783,25101,25987,31789,32653,24630,27417,16890,21443,5092,9480,239615,224024,31611,29536,46606,44881,13234,83,37
2021-09-07T23:59:59+02:00,1493,1300,13136,12458,16512,15427,19846,20244,26531,27705,33282,34242,25414,28293,17402,22138,5278,9954,963,877,11478,10866,15214,14090,18664,18750,25054,25942,31737,32626,24602,27394,16882,21426,5087,9478,239381,223716,31527,29421,46606,44881,13075,83,37
2021-09-06T23:59:59+02:00,1478,1292,13106,12423,16491,15404,19828,20224,26514,27690,33271,34233,25412,28281,17399,22133,5275,9954,950,867,11456,10834,15196,14059,18643,18735,25038,25922,31715,32611,24592,27382,16881,21418,5084,9478,239163,223488,31527,29410,46606,44880,13046,83,37
2021-09-05T23:59:59+02:00,1468,1284,13089,12403,16477,15387,19817,20217,26508,27681,33261,34221,25410,28278,17397,22129,5275,9954,943,862,11437,10818,15173,14043,18631,18725,25031,25916,31706,32591,24589,27371,16878,21413,5082,9477,239034,223337,31527,29410,46606,44879,13023,83,37
2021-09-04T23:59:59+02:00,1468,1284,13088,12402,16477,15387,19815,20217,26507,27681,33261,34221,25410,28278,17397,22128,5275,9954,942,862,11437,10816,15171,14043,18626,18725,25030,25914,31706,32589,24588,27371,16878,21413,5082,9477,239032,223326,31527,29409,46606,44879,13019,83,37
2021-09-03T23:59:59+02:00,1441,1268,12990,12305,16420,15332,19778,20178,26465,27654,33224,34204,25392,28267,17393,22117,5273,9953,898,828,11297,10689,15109,13969,18554,18679,24959,25865,31646,32553,24555,27343,16865,21397,5079,9473,238535,222516,31527,29406,46606,44879,12920,83,37
2021-09-02T23:59:59+02:00,1426,1261,12926,12263,16377,15299,19742,20150,26431,27620,33199,34183,25377,28255,17388,22112,5273,9949,893,822,11220,10651,15061,13934,18517,18658,24926,25843,31608,32523,24536,27322,16859,21392,5079,9471,238309,222254,31463,29363,46602,44870,12791,83,37
2021-09-01T23:59:59+02:00,1403,1246,12890,12225,16356,15279,19723,20135,26413,27600,33177,34157,25367,28244,17382,22102,5270,9945,877,800,11179,10616,15041,13906,18497,18638,24905,25821,31583,32490,24521,27308,16851,21386,5077,9469,238009,221924,31463,29360,46601,44869,12775,83,37
2021-08-31T23:59:59+02:00,1371,1225,12835,12165,16310,15243,19689,20090,26367,27551,33137,34122,25351,28223,17376,22089,5266,9941,855,775,11107,10547,14993,13845,18444,18605,24855,25767,31526,32447,24490,27292,16842,21373,5074,9462,237699,221495,31400,29331,46601,44850,12586,82,37
2021-08-30T23:59:59+02:00,1347,1210,12789,12127,16283,15221,19669,20073,26343,27534,33116,34105,25340,28213,17376,22085,5264,9939,847,764,11028,10514,14965,13824,18422,18581,24827,25751,31500,32420,24479,27277,16836,21366,5071,9459,237440,221197,31400,29331,46601,44839,12527,82,37
2021-08-29T23:59:59+02:00,1341,1204,12775,12110,16272,15212,19660,20063,26340,27525,33109,34091,25335,28207,17374,22084,5264,9939,834,755,11010,10476,14954,13807,18406,18567,24814,25741,31491,32408,24470,27265,16834,21360,5071,9459,237335,221017,31400,29330,46601,44835,12503,82,37
2021-08-28T23:59:59+02:00,1334,1190,12743,12089,16258,15200,19649,20049,26333,27515,33100,34085,25333,28202,17373,22081,5264,9938,815,730,10934,10405,14919,13774,18359,18540,24778,25708,31448,32377,24453,27252,16825,21344,5071,9456,237173,220490,31400,29330,46601,44835,12496,82,37
2021-08-27T23:59:59+02:00,1315,1175,12680,12034,16212,15152,19591,20000,26279,27464,33057,34055,25315,28191,17369,22067,5264,9935,812,725,10897,10371,14878,13747,18343,18525,24743,25683,31420,32355,24440,27241,16822,21340,5071,9455,236750,220330,31400,29329,46601,44834,12338,82,37
2021-08-26T23:59:59+02:00,1295,1159,12612,11978,16166,15109,19547,19960,26225,27406,33006,34010,25285,28162,17362,22057,5261,9931,802,710,10830,10321,14830,13703,18296,18496,24698,25646,31374,32316,24418,27224,16815,21331,5071,9451,236380,220013,31341,29314,46601,44827,12141,82,37
2021-08-25T23:59:59+02:00,1278,1144,12589,11936,16145,15082,19525,19944,26198,27388,32971,33981,25266,28143,17355,22050,5260,9928,788,697,10781,10279,14800,13674,18263,18465,24675,25627,31341,32278,24405,27207,16808,21321,5069,9448,236063,219638,31341,29314,46595,44823,12114,82,37
2021-08-24T23:59:59+02:00,1251,1126,12530,11863,16088,15038,19480,19903,26151,27343,32926,33948,25246,28119,17343,22038,5259,9923,766,677,10703,10205,14756,13634,18217,18429,24625,25576,31299,32241,24381,27180,16793,21305,5068,9447,235752,219225,31214,29274,46595,44823,11943,82,37
2021-08-23T23:59:59+02:00,1238,1113,12491,11827,16062,15019,19457,19868,26131,27307,32895,33925,25232,28107,17339,22029,5259,9920,743,661,10647,10152,14726,13596,18179,18395,24598,25546,31264,32207,24368,27160,16786,21302,5066,9446,235449,218820,31213,29274,46594,44820,11891,82,37
2021-08-22T23:59:59+02:00,1230,1106,12476,11806,16047,15003,19450,19849,26119,27296,32884,33909,25220,28101,17337,22027,5256,9920,728,652,10618,10123,14705,13579,18158,18384,24584,25528,31249,32194,24359,27149,16784,21297,5065,9445,235285,218599,31213,29274,46594,44819,11872,82,37
2021-08-21T23:59:59+02:00,1142,1034,12401,11748,16035,14991,19439,19837,26109,27284,32874,33893,25215,28097,17334,22024,5256,9920,717,646,10594,10093,14687,13575,18149,18370,24575,25522,31242,32188,24356,27149,16783,21297,5065,9445,234910,218475,31207,29272,46594,44819,11850,82,37
2021-08-20T23:59:59+02:00,1122,1018,12340,11679,15976,14936,19376,19798,26055,27251,32824,33866,25200,28086,17325,22019,5255,9918,713,640,10539,10056,14646,13540,18109,18344,24539,25503,31212,32171,24347,27142,16777,21294,5065,9444,234409,218191,31207,29272,46594,44819,11762,82,37
2021-08-19T23:59:59+02:00,1096,994,12271,11623,15915,14903,19326,19747,25994,27202,32780,33831,25169,28063,17313,22008,5252,9916,704,628,10443,9978,14577,13501,18053,18306,24471,25462,31145,32127,24306,27123,16768,21277,5064,9441,234116,217758,31115,29263,46593,44809,11507,82,37
2021-08-18T23:59:59+02:00,1084,978,12231,11587,15887,14872,19298,19718,25964,27171,32743,33805,25150,28051,17308,21999,5250,9915,690,617,10388,9910,14530,13477,18003,18277,24424,25424,31086,32088,24284,27105,16762,21264,5060,9435,233798,217300,31114,29255,46592,44798,11435,82,36
2021-08-17T23:59:59+02:00,1057,953,12180,11546,15859,14830,19266,19686,25936,27148,32707,33767,25132,28031,17298,21982,5249,9909,675,593,10294,9828,14476,13430,17948,18222,24374,25383,31026,32045,24255,27081,16751,21244,5057,9428,233496,216700,30989,29195,46592,44794,11386,82,35
2021-08-16T23:59:59+02:00,1045,946,12148,11519,15841,14814,19247,19667,25913,27124,32688,33745,25113,28016,17290,21967,5246,9907,660,580,10238,9760,14451,13387,17923,18184,24330,25348,30989,32014,24229,27047,16736,21230,5057,9425,233267,216254,30988,29195,46592,44788,11316,82,35
2021-08-15T23:59:59+02:00,1037,946,12123,11503,15827,14797,19233,19652,25902,27114,32667,33730,25107,28007,17286,21956,5245,9907,653,572,10190,9725,14412,13364,17900,18160,24304,25334,30968,31988,24212,27039,16731,21222,5056,9423,233107,215959,30987,29195,46591,44783,11281,82,35
2021-08-14T23:59:59+02:00,1036,946,12122,11500,15827,14796,19230,19650,25901,27114,32667,33729,25107,28007,17286,21956,5245,9907,597,511,10024,9505,14307,13273,17825,18114,24255,25302,30928,31955,24197,27026,16728,21219,5054,9422,233099,214955,30987,29194,46591,44782,11276,82,35
2021-08-13T23:59:59+02:00,991,906,11972,11375,15774,14735,19165,19595,25830,27064,32614,33694,25082,27979,17275,21946,5244,9903,589,506,9969,9451,14267,13244,17785,18088,24223,25283,30904,31933,24186,27012,16722,21210,5054,9418,232271,214612,30986,29194,46591,44779,11224,81,35
2021-08-12T23:59:59+02:00,977,884,11915,11314,15725,14695,19128,19569,25784,27040,32568,33665,25057,27963,17266,21940,5244,9900,580,497,9877,9383,14194,13202,17723,18038,24156,25247,30850,31884,24158,26987,16706,21192,5052,9418,232039,214187,30961,29188,46591,44764,10970,81,35
2021-08-11T23:59:59+02:00,963,873,11882,11279,15706,14672,19096,19551,25763,27021,32543,33636,25038,27941,17262,21932,5243,9898,536,464,9803,9321,14140,13161,17675,17993,24116,25225,30810,31836,24128,26955,16691,21179,5051,9412,231746,213612,30961,29184,46590,44736,10929,81,35
2021-08-10T23:59:59+02:00,944,863,11794,11225,15653,14641,19051,19514,25709,26986,32486,33582,25021,27926,17255,21919,5242,9895,523,457,9707,9233,14088,13126,17642,17959,24069,25186,30757,31789,24095,26921,16684,21159,5047,9407,231364,213088,30826,29149,46588,44722,10855,81,35
2021-08-09T23:59:59+02:00,941,846,11766,11190,15637,14625,19029,19500,25677,26965,32457,33552,25013,27917,17249,21911,5242,9892,511,441,9651,9173,14045,13076,17605,17918,24038,25140,30722,31750,24081,26904,16679,21146,5045,9401,231124,212630,30826,29146,46587,44716,10799,81,35
2021-08-08T23:59:59+02:00,930,839,11729,11167,15614,14611,19009,19479,25652,26944,32434,33535,25005,27901,17242,21906,5241,9892,489,432,9573,9117,13996,13048,17578,17888,24005,25105,30690,31719,24068,26885,16671,21132,5044,9398,230928,212228,30826,29145,46587,44715,10715,81,35
2021-08-07T23:59:59+02:00,910,812,11632,11089,15570,14570,18968,19445,25613,26914,32388,33503,24988,27889,17233,21888,5240,9889,420,359,8950,8527,13550,12691,17366,17702,23854,24994,30537,31642,24010,26834,16650,21105,5039,9395,230339,209017,30826,29143,46587,44715,10715,81,35
2021-08-06T23:59:59+02:00,901,809,11602,11064,15556,14556,18957,19438,25598,26898,32379,33496,24984,27885,17228,21886,5240,9888,378,310,8362,7908,13038,12295,17136,17497,23709,24883,30442,31563,23979,26787,16638,21091,5036,9388,230289,205850,30704,29130,46587,44714,10711,81,35
2021-08-05T23:59:59+02:00,898,802,11562,11033,15513,14527,18918,19406,25551,26863,32331,33449,24943,27863,17226,21875,5240,9882,370,304,8308,7844,12989,12240,17087,17456,23644,24843,30366,31509,23932,26745,16624,21073,5034,9379,230062,205426,30703,29125,46585,44705,10456,81,35
2021-08-04T23:59:59+02:00,880,786,11532,11003,15494,14495,18884,19380,25524,26834,32285,33411,24928,27850,17221,21869,5238,9874,348,294,8218,7756,12933,12194,17033,17410,23587,24799,30306,31439,23895,26707,16614,21060,5032,9373,229794,204835,30700,29123,46583,44670,10335,81,35
2021-08-03T23:59:59+02:00,864,769,11485,10964,15470,14473,18851,19359,25498,26805,32250,33376,24908,27831,17211,21864,5234,9873,323,283,8136,7668,12864,12141,16964,17358,23527,24761,30263,31389,23859,26673,16599,21049,5029,9369,229456,204172,30698,29113,46582,44662,10273,81,35
2021-08-02T23:59:59+02:00,855,766,11449,10934,15447,14442,18824,19339,25469,26780,32218,33348,24894,27811,17203,21855,5233,9871,313,276,8039,7576,12786,12080,16905,17292,23470,24689,30212,31331,23840,26650,16578,21039,5027,9364,229175,203459,30697,29112,46582,44654,10207,81,35
2021-08-01T23:59:59+02:00,847,759,11423,10906,15434,14428,18808,19327,25448,26768,32201,33333,24890,27802,17202,21852,5231,9870,300,259,7972,7508,12724,12033,16859,17244,23433,24657,30185,31306,23824,26631,16574,21033,5025,9363,229026,202999,30693,29111,46582,44634,10151,81,35
2021-07-31T23:59:59+02:00,844,758,11420,10900,15432,14425,18804,19323,25447,26767,32198,33332,24890,27801,17202,21852,5231,9870,278,238,7818,7323,11954,11365,16304,16805,23336,24578,30120,31235,23794,26595,16562,21014,5024,9361,228996,199777,30692,29111,46582,44632,10149,81,35
2021-07-30T23:59:59+02:00,843,757,11407,10891,15429,14422,18797,19316,25440,26762,32188,33327,24889,27799,17202,21849,5231,9870,231,198,7537,7084,11411,10919,15825,16373,23197,24472,30011,31123,23757,26550,16545,20992,5024,9357,228928,196700,30691,29110,46580,44618,10143,81,35
2021-07-29T23:59:59+02:00,831,748,11368,10844,15390,14401,18757,19290,25403,26728,32135,33298,24871,27779,17191,21831,5231,9867,141,134,7165,6777,10745,10402,15309,15957,23021,24326,29864,31012,23702,26498,16516,20967,5020,9354,228609,193234,30689,29100,46580,44533,10008,81,35
2021-07-28T23:59:59+02:00,812,734,11321,10791,15367,14372,18726,19262,25377,26700,32108,33273,24855,27761,17186,21819,5230,9863,122,106,7000,6627,10598,10277,15196,15820,22928,24230,29762,30913,23659,26440,16497,20938,5019,9344,228280,191986,30689,29098,46575,44421,9936,81,35
2021-07-27T23:59:59+02:00,803,725,11276,10751,15324,14333,18685,19236,25348,26674,32073,33252,24839,27736,17179,21807,5228,9855,102,93,6779,6411,10438,10162,15051,15687,22823,24120,29654,30801,23607,26376,16481,20910,5016,9331,227959,190826,30689,28771,46574,44385,9825,81,35
2021-07-26T23:59:59+02:00,793,712,11226,10703,15297,14312,18667,19208,25320,26643,32040,33226,24824,27714,17167,21795,5227,9852,94,84,6663,6336,10343,10088,14983,15607,22740,24060,29589,30727,23574,26332,16469,20893,5012,9325,227657,190041,30687,28767,46573,44345,9731,81,35
2021-07-25T23:59:59+02:00,782,702,11196,10675,15276,14287,18647,19184,25293,26618,32019,33208,24808,27703,17163,21786,5226,9850,79,79,6586,6255,10275,10025,14909,15547,22686,24006,29533,30689,23543,26311,16457,20879,5012,9321,227459,189452,30687,28763,46572,44315,9627,81,35
2021-07-24T23:59:59+02:00,758,680,11119,10591,15238,14260,18623,19163,25273,26602,32007,33195,24808,27699,17160,21784,5226,9850,78,78,6184,5909,10126,9911,14533,15264,22462,23848,29414,30605,23507,26273,16440,20861,5009,9317,227079,187091,30686,28759,46572,44313,9621,81,35
2021-07-23T23:59:59+02:00,732,658,11051,10505,15209,14226,18595,19149,25252,26580,31992,33177,24797,27694,17158,21784,5226,9847,75,74,5815,5603,10005,9802,14186,14999,22266,23671,29293,30487,23455,26205,16429,20840,5005,9310,226692,184821,30685,28759,46572,44301,9605,81,34
2021-07-22T23:59:59+02:00,691,618,10896,10339,15111,14137,18508,19100,25172,26526,31919,33113,24761,27653,17144,21766,5222,9842,63,63,5498,5306,9737,9587,13602,14521,21944,23411,29062,30258,23355,26108,16387,20802,5001,9307,225735,181498,30684,28748,46571,44282,9450,81,34
2021-07-21T23:59:59+02:00,671,593,10831,10284,15074,14110,18468,19062,25132,26497,31879,33063,24736,27618,17128,21754,5219,9837,53,57,4890,4844,9294,9331,13218,14291,21709,23255,28875,30109,23290,26031,16361,20779,4999,9304,225305,179724,30673,27486,46568,44114,9332,81,34
2021-07-20T23:59:59+02:00,653,576,10773,10229,15047,14073,18432,19036,25101,26465,31844,33029,24716,27597,17123,21739,5216,9830,48,47,4749,4732,9144,9199,13050,14157,21596,23134,28745,29983,23210,25927,16338,20738,4992,9298,224922,178377,30673,27473,46566,43964,9239,81,34
2021-07-19T23:59:59+02:00,640,563,10734,10198,15016,14049,18408,19027,25072,26439,31811,33000,24698,27574,17117,21728,5214,9827,42,44,4668,4664,9045,9121,12932,14060,21498,23026,28646,29863,23154,25870,16312,20709,4987,9292,224672,177435,30673,27464,46557,43866,9134,81,34
2021-07-18T23:59:59+02:00,625,554,10680,10146,14980,14027,18383,19010,25052,26423,31788,32981,24688,27564,17112,21719,5213,9822,40,42,4561,4563,8908,8999,12806,13920,21411,22935,28573,29784,23125,25840,16303,20696,4984,9291,224397,176424,30673,27450,46557,43812,9061,81,34
2021-07-17T23:59:59+02:00,550,483,10389,9848,14863,13925,18291,18929,24946,26348,31680,32929,24654,27529,17099,21699,5211,9821,39,41,4515,4522,8854,8926,12571,13727,20985,22589,28441,29654,23088,25788,16294,20681,4983,9288,222828,174631,30672,27450,46555,43811,9060,81,34
2021-07-16T23:59:59+02:00,521,446,10254,9727,14803,13885,18239,18877,24910,26315,31660,32904,24645,27514,17096,21692,5211,9818,39,41,4469,4480,8778,8885,12201,13448,20440,22188,28306,29560,23038,25751,16285,20676,4981,9286,222161,172516,30672,27447,46554,43804,9051,81,34
2021-07-15T23:59:59+02:00,489,409,10116,9622,14736,13835,18184,18809,24855,26267,31610,32851,24620,27477,17078,21677,5204,9814,26,31,4256,4342,8451,8675,11686,13046,19333,21339,27888,29216,22867,25580,16220,20603,4971,9270,221427,167805,30670,27434,46553,43603,8924,81,34
2021-07-14T23:59:59+02:00,468,396,10085,9596,14698,13814,18152,18774,24816,26225,31559,32798,24590,27449,17067,21660,5203,9811,22,28,4132,4190,8193,8503,11454,12901,19155,21228,27740,29089,22801,25502,16186,20565,4966,9260,221050,166231,30670,27415,46552,43425,8810,81,34
2021-07-13T23:59:59+02:00,444,382,10035,9543,14668,13785,18125,18740,24781,26204,31523,32756,24574,27418,17056,21648,5202,9808,22,25,4037,4095,8019,8345,11255,12709,19020,21088,27584,28925,22704,25419,16151,20511,4962,9249,220638,164767,30670,27395,46551,43170,8754,81,34
2021-07-12T23:59:59+02:00,432,360,9988,9491,14640,13766,18094,18711,24744,26162,31490,32713,24550,27395,17041,21643,5199,9806,21,22,3932,3997,7847,8224,11095,12572,18904,20968,27462,28806,22629,25358,16124,20485,4961,9245,220262,163601,30669,27376,46550,42977,8664,81,34
2021-07-11T23:59:59+02:00,424,342,9957,9461,14619,13746,18076,18700,24722,26153,31469,32695,24538,27385,17039,21641,5199,9804,18,20,3862,3927,7730,8124,10946,12444,18778,20866,27361,28691,22585,25309,16103,20460,4959,9242,220063,162636,30666,27371,46549,42772,8612,81,34
2021-07-10T23:59:59+02:00,398,318,9844,9358,14564,13706,18025,18678,24697,26133,31450,32679,24530,27376,17035,21637,5197,9802,18,19,3827,3903,7671,8084,10911,12414,18749,20841,27332,28669,22577,25293,16099,20455,4959,9242,219534,162332,30664,27370,46546,42724,8603,81,34
2021-07-09T23:59:59+02:00,338,270,9586,9147,14462,13626,17946,18607,24610,26081,31401,32618,24507,27345,17021,21620,5197,9797,17,18,3760,3865,7533,7993,10693,12266,18524,20702,26915,28351,22392,25099,16044,20395,4956,9235,218311,160183,30664,27365,46545,42597,8579,81,34
2021-07-08T23:59:59+02:00,259,203,9391,9001,14359,13551,17851,18532,24551,26030,31318,32560,24479,27314,17008,21602,5194,9792,15,15,3601,3741,7222,7804,10341,12037,18176,20419,26609,28090,22215,24939,15976,20319,4949,9219,217206,157802,30660,27316,46532,42018,8517,81,34
2021-07-07T23:59:59+02:00,220,175,9304,8896,14320,13521,17815,18491,24497,25993,31276,32520,24454,27284,16995,21584,5194,9784,13,11,3425,3614,6904,7581,9403,11304,17587,19990,26207,27778,21977,24631,15897,20222,4935,9205,216568,155187,30657,25560,46530,41415,8488,81,34
2021-07-06T23:59:59+02:00,198,163,9225,8838,14269,13490,17779,18448,24455,25953,31215,32473,24418,27256,16980,21567,5192,9781,13,10,3309,3541,6698,7458,9132,11140,17340,19807,25930,27523,21820,24428,15816,20118,4922,9190,215997,153251,30643,25547,46527,40910,8453,81,34
2021-07-05T23:59:59+02:00,186,148,9138,8752,14227,13445,17744,18397,24417,25923,31170,32423,24394,27233,16971,21553,5191,9779,13,9,3256,3508,6570,7381,8982,11019,17192,19667,25758,27364,21677,24259,15767,20064,4911,9180,215439,152179,30643,25538,46525,40422,8404,81,34
2021-07-04T23:59:59+02:00,171,141,9087,8702,14194,13431,17717,18379,24391,25902,31148,32397,24379,27219,16965,21545,5190,9776,11,8,3208,3465,6504,7338,8893,10947,17108,19581,25627,27252,21552,24131,15725,20012,4909,9173,215162,151515,30642,25526,46510,40029,8340,81,34
2021-07-03T23:59:59+02:00,168,138,8581,8223,14035,13313,17616,18262,24295,25842,31084,32349,24358,27198,16953,21534,5188,9773,10,8,3149,3387,6384,7219,8719,10802,16889,19393,25238,26939,21436,23993,15695,19972,4905,9167,213359,149453,30641,25526,46510,39972,8320,81,34
2021-07-02T23:59:59+02:00,161,134,8015,7766,13893,13204,17524,18185,24226,25773,31024,32287,24320,27156,16947,21514,5186,9768,9,8,3038,3278,6113,7063,8459,10560,16518,19064,24759,26513,21208,23718,15626,19890,4899,9164,211538,146365,30641,25522,46507,39649,8317,81,34
2021-07-01T23:59:59+02:00,148,124,7887,7662,13809,13145,17455,18132,24160,25723,30972,32234,24292,27131,16937,21502,5185,9767,8,7,2851,3092,5764,6778,8018,10139,15928,18586,23988,25848,20719,23245,15499,19728,4887,9139,210755,141764,30636,25509,46500,38623,8294,81,34
2021-06-30T23:59:59+02:00,130,111,7741,7546,13743,13095,17400,18078,24107,25669,30912,32188,24261,27109,16923,21484,5185,9762,7,7,2754,3016,5606,6636,7791,9917,14969,17715,23372,25295,20359,22851,15366,19567,4873,9105,210188,140225,30460,23235,46496,37492,8220,81,34
2021-06-29T23:59:59+02:00,115,98,7674,7450,13694,13055,17363,18033,24054,25608,30861,32128,24241,27082,16912,21468,5182,9758,5,5,2696,2969,5477,6537,7637,9782,14799,17542,23126,25059,20098,22525,15265,19466,4861,9085,209559,139094,30456,23222,46493,36396,8188,81,34
2021-06-28T23:59:59+02:00,110,92,7610,7379,13625,12993,17316,17982,24012,25563,30804,32084,24224,27054,16905,21458,5180,9756,4,4,2665,2935,5409,6485,7546,9710,14702,17460,22973,24845,19896,22279,15209,19397,4857,9071,209014,138487,30454,23212,46485,35600,8114,81,34
2021-06-27T23:59:59+02:00,96,87,7562,7318,13593,12956,17287,17949,23993,25528,30776,32056,24212,27046,16898,21452,5180,9754,3,3,2643,2921,5360,6460,7473,9664,14605,17394,22876,24759,19769,22136,15178,19346,4853,9062,208660,137971,30453,23200,46479,35229,8071,81,34
2021-06-26T23:59:59+02:00,92,84,7061,6778,13201,12655,17173,17844,23927,25471,30740,32021,24203,27029,16894,21441,5179,9753,3,3,2544,2812,5170,6270,7273,9473,14058,16939,22215,24122,19621,21994,15133,19293,4851,9054,206482,134329,30451,23199,46479,35209,8071,64,20
2021-06-25T23:59:59+02:00,91,82,6581,6297,12747,12285,17012,17725,23837,25406,30659,31981,24180,27002,16889,21431,5177,9750,3,3,2443,2658,4996,6076,7013,9175,13525,16405,21661,23535,19425,21785,15074,19226,4847,9042,204085,130625,30451,23199,46479,34994,8054,64,20
2021-06-24T23:59:59+02:00,81,70,6358,6086,12524,12130,16906,17642,23764,25353,30601,31933,24145,26959,16883,21421,5175,9743,3,3,2238,2423,4627,5696,6515,8687,12801,15689,20507,22530,18962,21303,14968,19095,4835,9027,202810,124673,30449,23189,46472,34047,7980,64,20
2021-06-23T23:59:59+02:00,76,68,5791,5592,12361,12020,16787,17530,23689,25305,30537,31883,24112,26936,16876,21407,5171,9739,3,3,2202,2370,4562,5576,6421,8537,12567,15400,20262,22266,18663,20972,14871,18981,4824,9010,202300,123643,29125,23042,46462,32855,7930,64,20
2021-06-22T23:59:59+02:00,70,63,5651,5462,12260,11913,16699,17454,23629,25243,30468,31804,24083,26903,16866,21386,5167,9737,3,2,2150,2332,4468,5494,6295,8390,11693,14739,19848,21859,18328,20617,14761,18841,4814,8989,201354,122713,29118,21349,46443,31661,7880,64,20
2021-06-21T23:59:59+02:00,67,60,5518,5349,12183,11820,16634,17367,23572,25169,30419,31745,24058,26875,16853,21371,5167,9733,3,2,2117,2297,4408,5397,6208,8261,10912,14030,19394,21449,18100,20386,14699,18744,4805,8972,200528,121907,29112,19561,46438,30877,7819,64,20
2021-06-20T23:59:59+02:00,65,58,5400,5225,12018,11643,16567,17244,23523,25103,30377,31689,24042,26853,16847,21356,5162,9728,3,2,2099,2267,4366,5356,6138,8210,10809,13951,19283,21324,17943,20196,14633,18660,4801,8965,199525,121374,29108,19558,46432,30282,7772,64,20
2021-06-19T23:59:59+02:00,61,54,5382,5206,11248,10981,16087,16849,23461,25058,30333,31646,24024,26833,16839,21344,5162,9728,3,2,2026,2146,4162,5121,5851,7926,10480,13614,18223,20461,17768,20002,14600,18594,4796,8953,196923,117115,29108,19558,46431,30264,7771,64,20
2021-06-18T23:59:59+02:00,58,53,5346,5178,10607,10398,15477,16284,23368,24989,30263,31583,23996,26803,16828,21329,5161,9726,3,2,1956,2057,4020,4979,5573,7656,10098,13250,17068,19247,17566,19763,14551,18528,4793,8943,194084,112696,29100,19558,46431,30010,7769,64,20
2021-06-17T23:59:59+02:00,51,44,5232,5076,9926,9895,14990,15895,23268,24901,30180,31489,23956,26757,16814,21308,5160,9723,3,2,1829,1950,3765,4732,5186,7288,9556,12763,15881,18053,17104,19274,14410,18353,4780,8919,191490,107561,29097,19549,46428,29093,7631,20,14
2021-06-16T23:59:59+02:00,49,36,5100,4946,9731,9729,14843,15765,23173,24808,30081,31413,23912,26713,16799,21296,5159,9713,3,2,1787,1909,3658,4642,5081,7167,8521,11910,15607,17756,16810,18937,14276,18180,4774,8885,190314,106654,29085,17668,46426,28147,7422,20,14
2021-06-15T23:59:59+02:00,43,29,4919,4763,9549,9576,14705,15620,23081,24717,30005,31327,23869,26639,16772,21263,5151,9698,3,2,1728,1852,3575,4546,4987,7048,8405,11766,15425,17526,16491,18626,14134,18011,4751,8826,188995,105878,29082,17663,46407,26924,7223,20,14
2021-06-14T23:59:59+02:00,41,26,4842,4701,9458,9467,14627,15530,23010,24645,29934,31264,23837,26600,16757,21245,5148,9692,3,2,1708,1829,3540,4519,4946,7014,8304,11702,15289,17392,16310,18421,14041,17913,4746,8818,188249,105648,29076,17661,46401,26095,7079,20,14
2021-06-13T23:59:59+02:00,40,25,4786,4653,9376,9394,14542,15464,22948,24594,29867,31211,23811,26572,16748,21235,5148,9690,3,2,1662,1816,3496,4496,4890,6971,8231,11664,15189,17296,16153,18237,13987,17839,4739,8811,187672,105364,29069,17659,46385,25486,6959,20,14
2021-06-12T23:59:59+02:00,38,23,4767,4638,9348,9370,14303,15286,22818,24463,29822,31166,23790,26555,16739,21227,5147,9688,3,2,1540,1692,3260,4286,4482,6670,7683,11233,13410,15604,15799,17864,13906,17737,4737,8796,186759,98652,29069,17658,46385,25423,6957,19,14
2021-06-11T23:59:59+02:00,34,22,4714,4588,9267,9318,13983,15061,22621,24315,29725,31075,23753,26510,16721,21215,5146,9685,3,2,1440,1559,3069,4071,4185,6303,7172,10688,11761,13709,15315,17283,13793,17589,4722,8782,185401,91705,29064,17657,46383,25183,6887,19,14
2021-06-10T23:59:59+02:00,28,19,4431,4366,8718,8989,12706,14036,22052,23862,29351,30770,23618,26351,16670,21147,5133,9670,3,2,1320,1473,2834,3888,3858,6020,6735,10297,10340,12377,14802,16707,13622,17381,4706,8755,180058,87155,29048,17654,46378,23880,6417,17,14
2021-06-09T23:59:59+02:00,25,15,4199,4206,8124,8698,11806,13376,21730,23651,29121,30619,23554,26288,16650,21122,5130,9666,3,2,1236,1419,2679,3815,3717,5939,6526,10204,10071,12198,14476,16355,13450,17201,4699,8734,177946,86812,27781,17549,46372,22484,5865,17,14
2021-06-08T23:59:59+02:00,21,12,4071,4106,7725,8470,11320,13086,21504,23470,28921,30463,23496,26215,16618,21081,5124,9657,3,2,1160,1392,2541,3756,3557,5868,5630,9452,9598,11832,14139,15946,13223,16961,4685,8712,176196,86447,27410,15392,46347,21213,5391,17,14
2021-06-07T23:59:59+02:00,16,10,3950,4030,7486,8363,11029,12907,21297,23357,28766,30344,23438,26161,16600,21057,5120,9649,3,2,1111,1277,2420,3692,3427,5805,5464,9377,9387,11703,13908,15685,13066,16794,4678,8693,174956,86255,27399,15387,46339,19965,4871,16,14
2021-06-06T23:59:59+02:00,14,10,3833,3973,7247,8244,10779,12743,21110,23269,28680,30253,23407,26127,16588,21039,5117,9644,3,2,1091,1260,2356,3657,3330,5750,5357,9302,9266,11602,13752,15529,12993,16700,4675,8686,173805,86057,27380,15381,46329,19311,4548,16,14
2021-06-05T23:59:59+02:00,14,10,3804,3936,7207,8204,10602,12591,20482,22758,28518,30109,23357,26082,16574,21020,5117,9640,3,1,1059,1161,2187,3204,3097,5210,5188,8969,8486,10645,13098,14687,12881,16553,4664,8676,171765,80661,27380,15381,46328,19175,4538,15,14
2021-06-04T23:59:59+02:00,14,10,3774,3908,7168,8177,10504,12499,20117,22427,28414,30013,23322,26044,16560,21011,5115,9639,3,1,1028,1094,2088,2891,2938,4732,5032,8597,7969,9985,11595,12969,12754,16356,4657,8658,170477,74272,27366,15380,46328,19150,4531,15,14
2021-06-03T23:59:59+02:00,9,6,3639,3806,6948,8036,9948,12075,18897,21495,28015,29701,23191,25904,16507,20949,5111,9625,3,1,979,1047,1997,2779,2799,4574,4828,8288,7602,9534,11215,12566,12643,16241,4654,8645,165724,72475,27355,15377,46323,18083,4446,15,14
2021-06-02T23:59:59+02:00,9,6,3630,3798,6935,8019,9936,12064,18708,21314,27943,29652,23167,25883,16501,20940,5108,9623,3,1,973,1039,1985,2750,2776,4555,4615,8103,7065,9045,11178,12524,12628,16226,4650,8639,165652,72365,26810,13881,46323,18058,4437,15,14
2021-06-01T23:59:59+02:00,8,5,3505,3722,6694,7870,9654,11870,18251,20970,27705,29456,23074,25781,16460,20887,5105,9611,3,1,936,991,1899,2680,2696,4480,4335,7869,6467,8509,10964,12310,12530,16126,4645,8627,163959,71915,26034,12588,46307,17237,4314,15,14
2021-05-31T23:59:59+02:00,8,5,3459,3677,6604,7802,9519,11769,18125,20880,27613,29379,23007,25719,16443,20858,5100,9604,3,1,906,963,1829,2637,2616,4437,4227,7805,6345,8430,10776,12139,12429,16010,4635,8619,163112,71545,26006,12581,46294,16523,4145,15,13
2021-05-30T23:59:59+02:00,8,4,3428,3652,6539,7746,9426,11675,18035,20801,27537,29307,22962,25674,16421,20830,5094,9594,3,1,899,955,1818,2628,2600,4423,4197,7780,6292,8387,10715,12059,12395,15966,4630,8610,162401,71500,26000,12578,46277,16226,4041,15,13
2021-05-29T23:59:59+02:00,8,4,3417,3635,6504,7718,9383,11636,17997,20761,27389,29202,22906,25600,16406,20810,5091,9590,2,1,863,936,1761,2582,2528,4339,4006,7524,6017,8088,8500,9389,12201,15624,4615,8579,161739,65225,26000,12576,46264,15701,4040,15,13
2021-05-28T23:59:59+02:00,8,4,3354,3581,6373,7641,9242,11504,17839,20629,27206,29079,22845,25522,16386,20793,5090,9589,2,1,850,923,1742,2558,2490,4284,3854,7228,5821,7823,5782,6258,11927,15222,4599,8530,160382,58306,25998,12576,46260,14968,4031,15,13
2021-05-27T23:59:59+02:00,8,4,3210,3458,6088,7460,8640,11171,17362,20289,26792,28731,22677,25356,16328,20730,5083,9571,2,1,804,866,1656,2461,2371,4150,3430,6255,5396,7222,5621,6082,11845,15147,4593,8513,156911,57812,25938,12529,46251,12217,3844,15,13
2021-05-26T23:59:59+02:00,8,4,3105,3375,5869,7293,8271,10886,16899,19982,26492,28493,22527,25223,16276,20656,5070,9551,2,1,789,856,1603,2435,2319,4118,3356,6179,5299,7150,5485,5955,11779,15079,4588,8501,154215,57727,25919,12527,46229,11623,3604,14,13
2021-05-25T23:59:59+02:00,8,4,3014,3313,5729,7176,8075,10722,15895,19204,26137,28139,22369,25065,16223,20576,5063,9541,2,1,769,839,1566,2387,2247,4057,3279,6107,5213,7085,5318,5785,11670,14998,4580,8489,152653,57652,23999,12336,46211,11013,3378,13,13
2021-05-24T23:59:59+02:00,8,4,2948,3297,5643,7131,7958,10660,14980,18514,25723,27828,22275,24962,16192,20540,5056,9529,2,1,760,837,1546,2369,2204,4020,3234,6058,5137,7005,5216,5678,11588,14923,4579,8483,151931,57611,21927,12260,46200,10579,3178,13,12
2021-05-23T23:59:59+02:00,8,3,2945,3292,5634,7123,7947,10652,14974,18512,25722,27826,22275,24962,16192,20540,5056,9529,2,1,758,834,1538,2362,2190,4007,3215,6043,5116,6972,5171,5626,11572,14900,4578,8481,151895,57603,21927,12260,46198,10331,3160,13,12
2021-05-22T23:59:59+02:00,7,3,2909,3248,5557,7073,7846,10567,14775,18349,25439,27579,22176,24876,16159,20496,5053,9524,2,1,737,814,1491,2309,2138,3926,3102,5920,4797,6396,4599,4876,10923,14078,4568,8442,150359,54355,21927,12259,46198,9353,3140,13,12
2021-05-21T23:59:59+02:00,5,3,2837,3176,5430,6972,7716,10420,14517,18121,25141,27342,22060,24767,16126,20448,5048,9515,2,1,710,761,1422,2179,2036,3657,2917,5585,4316,5500,4181,4335,10177,13137,4502,8316,148408,50602,21925,12259,46191,7753,3108,13,12
2021-05-20T23:59:59+02:00,5,3,2704,3020,5148,6715,7430,10049,14055,17636,24531,26790,21785,24471,16032,20327,5034,9485,1,1,697,751,1395,2155,1997,3623,2863,5528,4234,5420,4053,4231,10099,13074,4493,8304,144247,50504,21915,12247,46165,7275,2881,13,12
2021-05-19T23:59:59+02:00,5,3,2652,2967,5051,6573,7286,9866,12911,16600,24268,26498,21688,24343,15989,20267,5025,9478,1,1,680,726,1369,2108,1964,3537,2800,5381,4141,5311,3972,4141,10047,13010,4490,8300,142862,50473,19849,12180,46093,6660,2654,13,12
2021-05-18T23:59:59+02:00,5,3,2625,2942,5002,6540,7231,9833,12555,16326,24088,26345,21596,24255,15959,20214,5018,9466,1,1,652,668,1313,1980,1888,3335,2701,5172,4011,5114,3748,3863,9963,12930,4481,8290,142572,50445,18997,11179,46048,6101,2374,13,12
2021-05-17T23:59:59+02:00,5,3,2599,2923,4957,6470,7143,9723,12403,16146,23938,26182,21545,24205,15940,20192,5013,9459,0,1,644,654,1297,1944,1867,3284,2652,5064,3932,4999,3612,3709,9893,12867,4478,8283,141596,50415,18989,11169,46031,5366,2218,13,12
2021-05-16T23:59:59+02:00,5,3,2587,2910,4934,6404,7106,9640,12345,16073,23886,26122,21521,24188,15930,20178,5010,9456,0,1,639,650,1287,1941,1849,3274,2630,5053,3902,4976,3558,3642,9854,12835,4477,8281,141161,50396,18979,11157,46010,5149,2135,13,12
2021-05-15T23:59:59+02:00,4,3,2464,2774,4746,6198,6915,9452,11826,15654,23296,25568,21414,24070,15896,20135,5007,9448,0,1,590,587,1204,1851,1714,3122,2344,4744,3450,4467,3228,3214,9690,12631,4453,8252,137764,47440,18978,11157,46005,4823,2110,13,12
2021-05-14T23:59:59+02:00,4,3,2352,2598,4550,5975,6636,9139,11288,15142,22729,24998,21268,23930,15860,20077,5003,9437,0,1,527,511,1101,1730,1554,2906,2014,4339,2848,3879,2841,2775,9605,12482,4449,8248,133944,44503,18972,11154,45979,4060,2081,13,12
2021-05-13T23:59:59+02:00,4,3,2175,2313,4228,5591,6212,8667,10726,14452,21692,24083,20987,23656,15800,19977,4996,9422,0,1,523,511,1088,1715,1537,2888,2004,4315,2831,3858,2824,2761,9598,12478,4448,8248,128045,44450,18917,11145,45952,3964,2057,13,12
2021-05-12T23:59:59+02:00,4,3,2174,2311,4219,5587,6203,8661,10623,14330,21637,24043,20982,23645,15795,19969,4995,9422,0,1,517,488,1052,1661,1487,2809,1920,4228,2772,3799,2743,2666,9547,12405,4448,8248,127991,44446,18593,10318,45952,3961,2054,13,12
2021-05-11T23:59:59+02:00,4,3,2052,2272,4134,5524,6076,8545,10314,14079,21444,23881,20904,23573,15779,19936,4991,9417,0,1,492,464,991,1602,1418,2718,1820,4088,2699,3724,2589,2438,9481,12305,4447,8248,127041,44426,18255,9482,45666,3652,1953,13,12
2021-05-10T23:59:59+02:00,4,3,2012,2197,4027,5401,5938,8367,9520,13313,21066,23560,20813,23483,15738,19882,4981,9404,0,1,480,436,955,1539,1353,2627,1731,3926,2617,3632,2563,2419,9471,12287,4443,8243,125895,44411,16410,9303,45561,3166,1831,12,12
2021-05-09T23:59:59+02:00,4,3,1980,2184,3989,5363,5884,8318,9450,13244,20996,23487,20777,23442,15723,19855,4978,9390,0,1,473,429,932,1495,1327,2578,1697,3864,2579,3589,2554,2406,9460,12270,4443,8235,125444,44351,16405,9300,45464,2927,1742,12,12
2021-05-08T23:59:59+02:00,4,3,1917,2082,3807,5189,5608,8110,9140,12958,19861,22556,20581,23248,15690,19786,4973,9378,0,1,406,400,868,1455,1250,2504,1609,3763,2360,3376,2006,1976,9365,12184,4442,8235,121280,42861,16404,9299,45461,2293,1740,6,7
2021-05-07T23:59:59+02:00,4,3,1831,1970,3626,5021,5288,7815,8728,12583,18608,21280,20397,23035,15646,19729,4964,9359,0,1,321,347,756,1380,1118,2375,1475,3621,2184,3182,1635,1634,8876,11736,4441,8233,116334,41120,16400,9294,45439,1186,1708,6,7
2021-05-06T23:59:59+02:00,4,3,1648,1859,3341,4765,4839,7407,8086,12022,17363,20037,20062,22658,15538,19564,4954,9348,0,1,304,337,737,1350,1078,2328,1426,3535,2116,3114,1600,1578,8859,11705,4435,8230,110473,41098,16393,9288,45201,915,1425,6,7
2021-05-05T23:59:59+02:00,4,3,1579,1829,3256,4677,4760,7300,7954,11870,17209,19892,19942,22537,15462,19467,4932,9252,0,1,295,326,693,1298,1015,2252,1343,3386,2008,2998,1507,1480,8443,11137,4429,8213,109699,41058,16250,8159,45029,659,941,6,7
2021-05-04T23:59:59+02:00,4,3,1553,1798,3207,4598,4699,7188,7704,11573,16645,19309,19854,22404,15386,19369,4902,9139,0,1,279,314,670,1268,994,2198,1285,3266,1895,2839,1434,1374,8372,11033,4424,8195,108981,41032,14900,7883,44923,394,525,6,7
2021-05-03T23:59:59+02:00,4,3,1545,1794,3197,4582,4661,7162,7450,11339,15950,18712,19790,22318,15360,19335,4896,9129,0,1,264,294,648,1184,944,2112,1221,3127,1798,2702,1367,1294,8347,10998,4420,8186,108884,41021,13300,7675,44883,50,154,6,7
2021-05-02T23:59:59+02:00,4,3,1544,1792,3190,4580,4656,7157,7436,11328,15931,18700,19773,22310,15360,19333,4895,9129,0,1,264,291,645,1183,939,2109,1211,3121,1790,2695,1353,1286,8346,10993,4419,8186,108854,40998,13296,7673,44857,47,108,6,6
2021-05-01T23:59:59+02:00,4,3,1414,1647,2914,4330,4189,6800,6817,10846,13994,16817,19391,21911,15269,19217,4892,9113,0,1,262,291,642,1181,938,2106,1209,3119,1788,2691,1348,1281,8344,10991,4419,8186,101312,40966,13296,7673,44850,47,105,5,6
2021-04-30T23:59:59+02:00,3,3,1294,1502,2696,4110,3860,6404,6251,10254,12204,14785,18932,21369,15165,19076,4878,9102,0,1,257,290,635,1173,922,2098,1196,3109,1777,2677,1338,1272,8340,10986,4418,8185,93704,40919,13296,7673,44850,43,33,5,6
2021-04-29T23:59:59+02:00,2,3,1180,1441,2528,3985,3621,6202,5895,9954,10863,13504,18671,21091,15122,19006,4874,9096,0,1,256,286,630,1165,910,2092,1176,3103,1746,2640,1312,1248,8334,10977,4418,8185,89018,40886,13286,7538,44713,33,16,5,6
2021-04-28T23:59:59+02:00,2,3,1127,1435,2479,3965,3570,6178,5832,9921,10763,13436,18639,21057,15114,18990,4874,9093,0,1,256,285,627,1164,907,2088,1171,3099,1738,2639,1305,1229,7888,10455,4418,8185,88748,40860,13236,6546,44474,29,15,5,5
2021-04-27T23:59:59+02:00,2,3,1082,1408,2373,3920,3505,6149,5713,9864,10645,13359,18606,21017,15101,18975,4872,9091,0,1,255,285,625,1157,906,2085,1166,3096,1734,2635,1293,1212,7469,9872,4418,8185,88234,40840,13182,5512,44250,23,14,5,5
2021-04-26T23:59:59+02:00,2,3,1043,1378,2281,3827,3378,6048,5544,9743,10342,13100,18543,20962,15092,18957,4870,9091,0,1,254,284,624,1155,900,2080,1159,3093,1716,2626,1278,1199,7460,9852,4418,8185,86893,40752,13171,5491,44121,22,14,5,5
2021-04-25T23:59:59+02:00,2,3,1040,1376,2273,3823,3371,6042,5524,9734,10307,13069,18533,20948,15091,18951,4870,9090,0,1,253,284,624,1154,900,2079,1157,3093,1716,2626,1278,1199,7459,9850,4418,8185,86865,40748,13163,5488,44002,22,13,4,5
2021-04-24T23:59:59+02:00,2,2,998,1263,2084,3285,3100,5426,5332,9321,9471,12023,17825,20050,14978,18791,4862,9079,0,1,251,283,622,1153,899,2078,1157,3092,1710,2621,1275,1194,7457,9848,4418,8184,80736,40720,13163,5484,43977,22,12,4,5
2021-04-23T23:59:59+02:00,1,2,966,1179,1972,2939,2918,4874,5137,8892,8914,11300,16192,18188,14829,18585,4854,9056,0,1,251,283,621,1153,897,2076,1155,3092,1708,2620,1270,1189,7453,9846,4418,8183,73704,40706,13162,5472,43917,22,11,4,5
2021-04-22T23:59:59+02:00,1,2,961,1167,1953,2922,2896,4854,5080,8846,8798,11194,16119,18110,14802,18555,4852,9051,0,1,249,283,617,1151,894,2075,1147,3080,1692,2600,1246,1167,7448,9838,4418,8183,73650,40691,13103,5361,43395,21,11,4,5
2021-04-21T23:59:59+02:00,1,2,951,1159,1939,2909,2867,4828,5032,8791,8690,11071,16031,18025,14773,18521,4852,9046,0,1,245,280,607,1142,880,2045,1136,3055,1682,2573,1233,1153,7222,9519,4417,8183,73604,40681,13045,4656,42824,20,11,4,5
2021-04-20T23:59:59+02:00,1,2,925,1111,1887,2794,2794,4665,4938,8612,8516,10862,15799,17743,14714,18462,4845,9040,0,1,232,277,589,1121,854,2012,1107,3029,1647,2532,1213,1139,7214,9514,4416,8183,73564,40661,11918,4388,42213,16,11,4,4
2021-04-19T23:59:59+02:00,1,2,916,1103,1853,2774,2744,4640,4814,8550,8316,10750,15706,17646,14692,18443,4845,9034,0,1,226,269,571,1100,835,1979,1089,2986,1601,2477,1195,1120,7207,9511,4413,8182,73162,40624,11897,4109,41755,14,11,4,4
2021-04-18T23:59:59+02:00,1,2,913,1102,1848,2768,2735,4627,4796,8538,8276,10706,15656,17587,14682,18426,4844,9032,0,1,226,269,571,1099,834,1979,1088,2986,1601,2476,1195,1119,7205,9510,4412,8182,73115,40617,11893,4107,41516,14,11,4,4
2021-04-17T23:59:59+02:00,0,2,881,1087,1799,2729,2667,4548,4641,8393,8010,10477,13280,14679,14483,18072,4827,8996,0,1,224,269,571,1096,830,1972,1076,2979,1591,2456,1155,1076,6872,9095,4387,8134,66269,39659,11893,4096,41394,14,11,4,4
2021-04-16T23:59:59+02:00,0,2,875,1081,1787,2718,2625,4508,4549,8309,7829,10282,10439,11417,14211,17653,4808,8941,0,1,223,265,569,1094,825,1969,1067,2976,1583,2443,1142,1062,6866,9089,4385,8131,58974,39582,11890,4079,41155,14,11,4,4
2021-04-15T23:59:59+02:00,0,2,864,1076,1765,2704,2582,4474,4432,8249,7597,10083,10186,11197,14149,17587,4801,8927,0,1,221,264,569,1092,824,1967,1064,2973,1580,2440,1136,1057,6864,9087,4385,8131,58947,39567,11888,4060,39825,13,11,4,4
2021-04-14T23:59:59+02:00,0,2,846,1049,1707,2623,2492,4350,4242,8065,7322,9800,9812,10713,14001,17406,4795,8915,0,1,197,239,528,1040,801,1899,1028,2893,1529,2377,1110,1027,6859,9079,4385,8130,58912,39550,10941,3546,38272,11,11,4,4
2021-04-13T23:59:59+02:00,0,2,822,1027,1669,2571,2422,4266,4140,7925,7110,9580,9405,10193,13853,17239,4790,8901,0,1,162,216,493,992,760,1805,993,2783,1476,2307,1091,992,6843,9068,4384,8130,58857,39485,9991,2991,37052,5,11,4,4
2021-04-12T23:59:59+02:00,0,2,817,1024,1650,2566,2393,4252,4087,7874,6969,9409,9138,9878,13790,17179,4779,8884,0,1,151,202,465,952,738,1741,973,2711,1432,2257,1069,975,6826,9048,4381,8125,58795,39368,9960,2659,35921,5,11,4,4
2021-04-11T23:59:59+02:00,0,2,816,1023,1639,2566,2378,4249,4064,7862,6904,9347,9005,9713,13763,17131,4774,8875,0,1,151,202,465,950,736,1739,971,2710,1430,2257,1069,975,6824,9048,4381,8125,58781,39357,9958,2658,35357,4,11,4,4
2021-04-10T23:59:59+02:00,0,2,801,1019,1610,2537,2341,4220,3994,7803,6771,9230,8446,8979,13096,16278,4763,8833,0,1,148,201,463,947,730,1736,971,2703,1422,2250,1055,959,6352,8548,4365,8109,55445,38285,9956,2656,35307,4,11,4,4
2021-04-09T23:59:59+02:00,0,2,780,991,1569,2487,2275,4140,3841,7642,6424,8897,7918,8319,12274,15254,4691,8694,0,1,146,199,460,940,723,1728,963,2693,1407,2239,1033,936,6110,8272,4345,8082,51453,37606,9949,2652,34781,4,11,4,4
2021-04-08T23:59:59+02:00,0,2,770,981,1543,2463,2209,4092,3708,7553,6168,8596,7300,7664,12111,15054,4680,8678,0,1,146,197,454,936,718,1721,955,2682,1398,2226,1021,933,6107,8270,4344,8082,51417,37583,9924,2589,32216,4,11,4,4
2021-04-07T23:59:59+02:00,0,2,765,971,1516,2445,2150,4052,3620,7483,5938,8330,6744,7029,11501,14305,4667,8650,0,1,127,190,422,889,672,1652,898,2612,1348,2157,1000,916,6099,8263,4343,8082,51384,37556,8767,2097,30003,4,10,4,4
2021-04-06T23:59:59+02:00,0,2,761,969,1504,2437,2121,4028,3547,7434,5757,8157,6299,6523,11298,14088,4652,8619,0,1,104,169,374,829,627,1577,854,2512,1295,2093,974,899,6079,8248,4341,8078,51314,37524,8582,1513,28287,4,9,4,4
2021-04-05T23:59:59+02:00,0,2,756,965,1488,2429,2095,4017,3496,7408,5613,8046,6094,6303,11231,14001,4646,8609,0,1,98,166,373,827,620,1568,845,2497,1282,2074,946,868,4972,6847,4265,7972,51112,34701,8578,1503,27496,4,9,4,4
2021-04-04T23:59:59+02:00,0,2,754,958,1486,2427,2091,4015,3478,7401,5603,8039,6083,6283,11216,13983,4644,8606,0,1,98,166,371,825,617,1563,838,2490,1267,2055,923,846,3962,5685,4199,7867,51096,32253,8576,1503,27384,4,9,4,4
2021-04-03T23:59:59+02:00,0,2,703,902,1404,2356,1968,3876,3218,7140,5141,7548,5739,5827,11043,13765,4616,8578,0,1,94,166,371,823,617,1561,837,2490,1267,2055,923,846,3962,5682,4199,7866,47856,32240,8576,1503,27381,4,9,4,4
2021-04-02T23:59:59+02:00,0,2,659,868,1348,2288,1871,3762,2965,6879,4622,7069,5346,5366,10941,13599,4611,8572,0,1,94,166,371,823,617,1561,836,2490,1265,2054,922,844,3960,5679,4198,7866,44919,32229,8575,1502,27262,4,8,4,4
2021-04-01T23:59:59+02:00,0,2,656,865,1339,2283,1851,3754,2936,6864,4547,6996,5237,5256,10902,13550,4610,8567,0,1,94,166,369,819,615,1557,836,2487,1261,2050,912,843,3955,5676,4197,7865,44902,32217,8430,1470,26871,4,8,4,4
2021-03-31T23:59:59+02:00,0,2,654,863,1331,2267,1843,3744,2908,6836,4484,6951,5098,5094,10387,12941,4606,8559,0,1,94,166,368,819,615,1557,836,2487,1259,2050,911,843,3955,5675,4197,7864,44889,32211,7297,1470,26371,4,8,3,4
2021-03-30T23:59:59+02:00,0,2,645,860,1312,2248,1814,3714,2871,6801,4398,6862,4929,4900,9857,12239,4599,8545,0,1,89,164,367,815,610,1555,831,2481,1251,2047,901,833,3947,5672,4196,7863,44864,32190,6108,1417,25613,4,8,3,4
2021-03-29T23:59:59+02:00,0,2,640,851,1299,2215,1796,3683,2840,6759,4326,6776,4729,4702,9771,12145,4595,8531,0,1,89,164,366,813,604,1551,828,2475,1246,2039,893,827,3939,5664,4196,7863,44793,32173,5890,1370,24966,3,8,3,4
2021-03-28T23:59:59+02:00,0,2,637,849,1296,2212,1781,3673,2824,6747,4291,6724,4634,4592,9735,12081,4590,8524,0,1,89,164,366,811,604,1551,826,2475,1244,2039,892,827,3938,5664,4196,7863,44771,32171,5881,1364,24529,3,8,3,4
2021-03-27T23:59:59+01:00,0,2,633,844,1286,2208,1764,3656,2796,6717,4128,6580,4055,4136,9506,11835,4577,8505,0,1,89,164,364,809,602,1549,824,2472,1236,2033,888,823,3758,5374,4089,7690,42824,31386,5877,1364,24516,3,8,3,4
2021-03-26T23:59:59+01:00,0,2,628,836,1278,2198,1742,3640,2770,6694,4052,6502,3647,3770,8904,11277,4564,8491,0,1,89,164,364,808,601,1546,820,2469,1227,2029,875,810,3029,4430,3880,7342,40887,29105,5864,1364,24233,3,8,3,4
2021-03-25T23:59:59+01:00,0,2,621,831,1264,2185,1723,3616,2711,6655,3968,6424,3473,3553,8793,11166,4558,8485,0,1,89,164,364,808,601,1545,820,2468,1225,2029,875,809,3028,4429,3878,7340,40872,29095,5756,1364,23389,2,8,3,4
2021-03-24T23:59:59+01:00,0,2,616,823,1231,2159,1678,3570,2633,6586,3811,6272,3154,3189,8382,10615,4549,8472,0,1,85,162,352,795,585,1527,787,2434,1175,1996,841,771,3019,4423,3878,7337,40847,28791,4997,1363,21887,2,8,3,4
2021-03-23T23:59:59+01:00,0,2,604,815,1206,2127,1636,3521,2551,6506,3662,6118,2773,2805,8166,10397,4541,8453,0,1,80,158,340,774,550,1496,726,2370,1074,1914,758,711,2982,4388,3874,7332,40803,28158,4705,1356,20365,2,8,2,4
2021-03-22T23:59:59+01:00,0,2,579,705,1168,2074,1603,3465,2498,6436,3520,5988,2530,2566,7834,10042,4525,8417,0,1,80,157,340,774,550,1494,724,2368,1071,1914,756,707,2978,4382,3872,7329,40334,28127,4383,1356,19225,2,8,2,4
2021-03-21T23:59:59+01:00,0,2,578,702,1162,2064,1591,3455,2481,6421,3482,5954,2388,2401,7741,9930,4516,8402,0,1,80,157,340,773,550,1494,723,2367,1071,1914,756,707,2978,4381,3872,7328,40329,28122,4369,1356,18562,2,8,2,4
2021-03-20T23:59:59+01:00,0,2,577,702,1160,2058,1584,3448,2475,6414,3464,5931,2355,2363,7249,9411,4499,8385,0,1,80,157,340,773,549,1494,721,2366,1071,1912,756,707,2978,4380,3870,7326,39284,28111,4357,1356,18426,2,8,2,4
2021-03-19T23:59:59+01:00,0,2,570,694,1141,2039,1549,3424,2407,6275,3399,5824,2173,2181,6940,9089,4477,8360,0,1,80,157,339,768,545,1491,716,2358,1063,1900,747,700,2548,3777,3446,6572,38674,25840,4340,1356,17520,0,8,2,4
2021-03-18T23:59:59+01:00,0,2,555,677,1121,2010,1522,3394,2367,6207,3324,5735,2019,1985,6819,8970,4471,8349,0,1,79,157,339,767,544,1491,715,2354,1059,1899,740,697,2498,3705,3419,6530,38653,25649,4328,1334,16537,0,7,2,4
2021-03-17T23:59:59+01:00,0,1,526,648,1076,1954,1485,3309,2290,6089,3171,5579,1765,1719,6653,8816,4461,8334,0,1,78,153,327,739,528,1447,693,2296,1021,1858,723,678,2256,3411,3332,6399,38579,24667,3802,1262,15486,0,7,2,4
2021-03-16T23:59:59+01:00,0,1,483,620,1036,1898,1433,3203,2225,5935,3055,5445,1565,1494,6517,8668,4450,8311,0,1,72,138,306,683,498,1371,664,2161,991,1730,673,628,2141,3273,3306,6312,38518,23908,3185,1030,14628,0,6,2,4
2021-03-15T23:59:59+01:00,0,1,471,608,1003,1848,1400,3136,2195,5850,2969,5360,1439,1358,5932,7980,4410,8247,0,1,69,131,292,625,483,1251,625,2030,950,1617,643,607,2103,3234,3291,6249,37278,23503,2832,696,14095,0,0,2,2
2021-03-14T23:59:59+01:00,0,1,466,601,994,1836,1396,3118,2179,5832,2934,5333,1396,1307,5535,7531,4387,8229,0,1,68,126,288,602,477,1224,619,1974,940,1592,643,607,2103,3234,3290,6247,36453,23497,2827,536,13793,0,0,2,2
2021-03-13T23:59:59+01:00,0,1,446,582,957,1786,1343,3054,1922,5245,2694,4919,1290,1194,4873,6681,4339,8155,0,1,68,126,287,599,475,1222,617,1972,939,1588,641,602,1740,2748,2763,5485,34766,21335,2823,536,11890,0,0,2,2
2021-03-12T23:59:59+01:00,0,1,430,561,935,1741,1312,2971,1719,4458,2488,4469,1218,1110,4173,5883,4292,8074,0,1,68,124,286,595,475,1219,615,1964,935,1582,638,596,1411,2200,2217,4688,33086,19076,2820,536,9927,0,0,2,2
2021-03-11T23:59:59+01:00,0,1,426,554,925,1727,1296,2952,1694,4421,2451,4431,1144,1054,4128,5846,4289,8070,0,1,68,116,280,573,460,1167,606,1915,916,1546,626,583,1405,2182,2208,4636,33046,18824,2723,463,9638,0,0,2,1
2021-03-10T23:59:59+01:00,0,1,407,542,879,1668,1240,2874,1620,4324,2384,4338,1110,1031,4112,5829,4288,8068,0,1,68,116,278,569,457,1160,601,1892,916,1541,621,575,1344,2095,2162,4579,33030,18536,2153,438,9530,0,0,2,1
2021-03-09T23:59:59+01:00,0,1,386,526,834,1619,1197,2810,1578,4241,2340,4285,1089,1020,4106,5822,4287,8067,0,1,66,115,277,568,456,1149,599,1879,909,1536,618,569,1138,1783,2044,4400,32984,17697,1707,409,9515,0,0,2,1
2021-03-08T23:59:59+01:00,0,1,379,515,823,1603,1188,2793,1570,4215,2328,4272,1076,1008,4069,5774,4285,8062,0,1,65,115,273,563,452,1143,597,1875,905,1534,618,569,1068,1692,1999,4355,32852,17438,1610,385,9497,0,0,2,1
2021-03-07T23:59:59+01:00,0,1,378,512,822,1602,1185,2791,1567,4208,2318,4267,1069,1000,4063,5768,4284,8061,0,1,63,112,264,541,440,1117,581,1775,870,1459,617,569,963,1561,1947,4284,32835,17071,1570,92,9489,0,0,2,1
2021-03-06T23:59:59+01:00,0,1,370,497,803,1569,1160,2733,1526,4140,2125,3770,1039,963,3889,5495,4182,7896,0,1,63,112,264,541,440,1116,581,1775,870,1459,617,569,960,1560,1944,4283,32116,17062,1570,92,8470,0,0,2,1
2021-03-05T23:59:59+01:00,0,1,357,458,771,1465,1110,2517,1451,3927,1911,3104,1008,918,3132,4528,3977,7552,0,1,63,111,263,538,437,1110,580,1770,866,1455,614,567,921,1502,1921,4241,29795,16867,1569,92,6821,0,0,2,1
2021-03-04T23:59:59+01:00,0,1,344,449,763,1445,1097,2494,1432,3898,1889,3084,994,914,3128,4524,3974,7550,0,1,62,109,260,535,433,1094,570,1747,865,1447,612,565,884,1448,1898,4204,29782,16704,1530,29,6666,0,0,2,1
2021-03-03T23:59:59+01:00,0,1,335,419,744,1394,1067,2411,1382,3743,1809,2987,961,868,3118,4518,3974,7547,0,1,61,108,257,532,432,1090,568,1738,862,1443,612,564,864,1395,1810,4057,29466,16366,1530,27,6280,0,0,2,1
2021-03-02T23:59:59+01:00,0,1,329,411,728,1370,1019,2366,1314,3658,1693,2888,873,803,3075,4479,3967,7541,0,1,61,108,256,528,431,1082,568,1732,862,1439,612,564,864,1395,1810,4057,28824,16342,1466,27,6223,0,0,2,1
2021-03-01T23:59:59+01:00,0,1,325,397,721,1323,1006,2308,1294,3575,1666,2838,854,794,3067,4469,3966,7540,0,1,61,107,255,524,426,1068,564,1719,853,1431,611,562,767,1240,1753,3977,28782,15891,1414,27,5946,0,0,2,1
2021-02-28T23:59:59+01:00,0,1,320,385,713,1284,992,2231,1281,3487,1643,2759,850,784,3065,4465,3965,7537,0,1,61,107,254,524,426,1067,564,1719,851,1431,611,561,670,1115,1705,3896,28766,15536,1411,26,5583,0,0,2,1
2021-02-27T23:59:59+01:00,0,1,311,364,699,1257,973,2195,1246,3418,1620,2706,832,768,3062,4465,3964,7537,0,1,60,107,254,524,426,1067,563,1719,849,1431,611,561,670,1115,1705,3896,28762,15532,1411,26,5243,0,0,2,1
2021-02-26T23:59:59+01:00,0,1,285,313,652,1192,909,2076,1156,3251,1515,2568,803,745,2625,3858,3536,6760,0,1,60,107,251,521,426,1065,561,1717,846,1425,607,559,663,1103,1696,3877,26467,15458,1411,26,4365,0,0,2,1
2021-02-25T23:59:59+01:00,0,1,280,300,638,1162,887,2035,1137,3185,1497,2523,800,741,2578,3786,3506,6716,0,1,58,104,247,513,426,1061,556,1707,843,1414,601,555,586,994,1649,3819,26248,15109,1411,24,4111,0,0,2,1
2021-02-24T23:59:59+01:00,0,1,261,290,587,1117,840,1967,1079,3090,1453,2465,783,722,2337,3484,3416,6577,0,1,57,99,242,506,420,1042,547,1685,840,1394,594,543,572,974,1638,3796,25246,14933,1411,16,3810,0,0,2,1
2021-02-23T23:59:59+01:00,0,1,249,269,558,1061,803,1892,1011,2940,1379,2363,731,672,2222,3344,3390,6484,0,1,57,97,240,500,420,1026,537,1653,832,1372,585,536,555,922,1626,3743,24440,14685,1406,16,3521,0,0,2,1
2021-02-22T23:59:59+01:00,0,1,245,263,545,998,783,1816,985,2846,1343,2303,706,650,2192,3307,3381,6422,0,1,57,96,234,494,418,1013,528,1635,828,1347,571,522,532,896,1620,3687,24035,14463,1406,15,3343,0,0,2,1
2021-02-21T23:59:59+01:00,0,1,242,256,536,973,770,1779,977,2798,1313,2277,706,648,2190,3307,3380,6421,0,1,57,96,233,494,418,1013,528,1635,828,1346,571,521,532,896,1620,3686,24029,14459,1406,15,3137,0,0,2,1
2021-02-20T23:59:59+01:00,0,1,166,226,467,924,701,1702,907,2709,1228,2178,691,633,1816,2790,2824,5618,0,1,57,96,233,494,418,1013,528,1634,828,1346,571,521,532,896,1619,3686,21753,14457,1406,15,2420,0,0,2,1
2021-02-19T23:59:59+01:00,0,1,84,167,355,843,574,1570,775,2560,1092,2025,675,611,1508,2275,2273,4825,0,1,57,96,233,494,418,1012,528,1634,828,1346,571,521,527,894,1617,3680,19542,14441,1406,15,1263,0,0,2,1
2021-02-18T23:59:59+01:00,0,1,81,162,343,793,553,1481,742,2420,1059,1957,659,599,1499,2256,2264,4773,0,1,54,89,227,472,404,945,513,1554,808,1272,557,507,521,876,1614,3658,19298,14056,1380,15,962,0,0,2,1
2021-02-17T23:59:59+01:00,0,1,80,154,329,770,544,1448,713,2327,1022,1857,654,589,1441,2168,2216,4723,0,1,54,86,225,463,396,907,502,1488,789,1190,544,495,519,874,1614,3658,19037,13789,1307,15,690,0,0,2,1
2021-02-16T23:59:59+01:00,0,1,75,149,314,730,516,1374,681,2219,997,1752,643,582,1196,1821,2092,4540,0,1,53,77,224,456,390,877,489,1423,763,1124,523,482,517,874,1611,3657,18115,13538,1068,2,497,0,0,2,1
2021-02-15T23:59:59+01:00,0,1,70,133,288,625,481,1232,623,2006,946,1592,634,580,1112,1714,2040,4475,0,1,53,77,222,451,386,871,488,1419,761,1117,523,482,516,869,1610,3654,17783,13499,730,0,39,0,0,0,1
2021-02-14T23:59:59+01:00,0,1,69,126,283,598,476,1203,612,1952,932,1570,634,580,1013,1590,1993,4418,0,1,53,77,222,451,386,871,488,1417,761,1117,523,482,516,869,1610,3654,17453,13497,574,0,23,0,0,0,1
2021-02-13T23:59:59+01:00,0,1,69,125,283,597,475,1199,611,1950,930,1566,633,579,1012,1581,1989,4415,0,1,53,77,222,450,384,866,487,1412,759,1116,521,480,499,831,1350,3184,17418,12691,574,0,23,0,0,0,1
2021-02-12T23:59:59+01:00,0,1,68,125,282,596,471,1195,611,1947,927,1565,630,578,972,1529,1969,4373,0,1,53,77,222,446,380,857,482,1403,753,1109,514,472,481,790,986,2470,17245,11495,574,0,20,0,0,0,1
2021-02-11T23:59:59+01:00,0,1,67,117,279,583,458,1168,605,1920,920,1553,629,577,929,1471,1947,4333,0,1,53,74,207,415,367,810,465,1329,738,1077,511,471,481,790,986,2470,17063,11245,490,0,4,0,0,0,0
2021-02-10T23:59:59+01:00,0,1,66,117,276,580,456,1163,601,1903,915,1549,629,577,920,1455,1926,4288,0,1,52,64,174,337,313,708,415,1156,658,982,477,459,476,789,986,2469,16959,10516,462,0,1,0,0,0,0
2021-02-09T23:59:59+01:00,0,1,64,115,270,576,453,1150,600,1888,907,1543,629,576,908,1419,1856,4182,0,1,43,53,123,258,237,558,333,954,555,829,441,448,472,788,983,2469,16706,9545,431,0,0,0,0,0,0
2021-02-08T23:59:59+01:00,0,1,63,115,267,567,450,1143,598,1873,900,1535,627,573,805,1266,1799,4100,0,1,38,43,85,169,174,420,271,717,496,694,434,442,469,785,982,2469,16276,8689,406,0,0,0,0,0,0
2021-02-07T23:59:59+01:00,0,1,61,112,257,545,436,1112,582,1770,865,1456,626,572,703,1141,1750,4016,0,1,37,42,81,166,171,412,266,704,491,683,432,441,469,785,982,2468,15906,8631,99,0,0,0,0,0,0
2021-02-06T23:59:59+01:00,0,1,60,112,256,545,436,1112,580,1769,862,1453,623,570,701,1133,1744,4009,0,1,34,41,80,163,168,402,262,696,480,674,424,440,433,737,742,2075,15867,7852,99,0,0,0,0,0,0
2021-02-05T23:59:59+01:00,0,1,60,112,254,541,436,1110,579,1768,860,1451,621,570,691,1126,1738,3996,0,1,32,39,76,159,163,394,254,677,463,664,418,440,427,712,337,1442,15815,6698,99,0,0,0,0,0,0
2021-02-04T23:59:59+01:00,0,1,59,110,249,535,430,1094,563,1741,856,1437,614,560,605,1009,1687,3935,0,1,31,36,72,153,157,383,239,653,446,650,412,432,422,705,334,1435,15454,6561,31,0,0,0,0,0,0
2021-02-03T23:59:59+01:00,0,1,58,105,245,528,429,1075,560,1725,854,1422,610,550,593,998,1684,3921,0,1,24,28,58,122,123,281,175,511,336,500,306,330,337,548,256,1150,15329,5086,29,0,0,0,0,0,0
2021-02-02T23:59:59+01:00,0,1,58,103,242,523,429,1057,548,1693,846,1398,597,540,581,949,1674,3870,0,1,17,21,39,79,87,187,122,345,219,361,215,220,217,344,182,756,15080,3412,29,0,0,0,0,0,0
2021-02-01T23:59:59+01:00,0,1,58,101,238,515,427,1041,540,1671,842,1375,590,534,559,920,1666,3823,0,0,7,11,20,43,48,99,65,168,95,166,101,103,90,160,76,329,14872,1581,29,0,0,0,0,0,0
2021-01-31T23:59:59+01:00,0,1,58,101,237,514,425,1037,538,1666,840,1372,590,533,559,920,1666,3822,0,0,7,11,18,38,43,84,61,142,81,150,96,101,89,159,74,327,14850,1481,29,0,0,0,0,0,0
2021-01-30T23:59:59+01:00,0,1,58,101,237,514,425,1037,538,1666,840,1372,590,533,559,920,1666,3822,0,0,7,11,18,38,43,84,61,142,81,150,96,100,89,159,74,327,14850,1480,29,0,0,0,0,0,0
2021-01-29T23:59:59+01:00,0,1,58,101,237,514,425,1037,538,1666,840,1372,590,533,559,920,1666,3822,0,0,7,11,18,38,43,84,61,142,81,150,96,100,89,159,74,327,14850,1480,29,0,0,0,0,0,0
2021-01-28T23:59:59+01:00,0,1,56,93,233,485,413,970,520,1580,816,1291,577,518,553,903,1663,3803,0,0,3,2,5,6,11,16,19,34,22,33,17,22,21,34,19,99,14452,363,23,0,0,0,0,0,0
2021-01-27T23:59:59+01:00,0,1,54,89,233,475,405,931,510,1513,796,1208,565,505,551,901,1663,3803,0,0,3,2,5,6,9,16,19,33,21,31,17,21,21,34,19,99,14182,356,21,0,0,0,0,0,0
2021-01-26T23:59:59+01:00,0,1,53,83,228,472,398,902,499,1446,771,1141,543,492,549,901,1663,3803,0,0,1,2,5,6,9,15,17,29,17,26,15,18,19,32,19,91,13926,321,19,0,0,0,0,0,0
2021-01-25T23:59:59+01:00,0,1,53,83,225,466,395,896,499,1443,770,1136,543,492,549,898,1663,3801,0,0,0,0,0,0,0,2,0,0,0,0,1,1,0,2,0,0,13896,6,17,0,0,0,0,0,0
2021-01-24T23:59:59+01:00,0,1,53,83,225,466,395,896,499,1442,770,1136,543,492,549,898,1663,3801,0,0,0,0,0,0,0,2,0,0,0,0,1,1,0,2,0,0,13895,6,17,0,0,0,0,0,0
2021-01-23T23:59:59+01:00,0,1,53,83,225,465,394,892,499,1436,769,1134,540,490,532,860,1402,3324,0,0,0,0,0,0,0,1,0,0,0,0,1,1,0,2,0,0,13082,5,17,0,0,0,0,0,0
2021-01-22T23:59:59+01:00,0,1,53,83,224,461,389,882,494,1426,764,1127,534,481,515,818,1023,2583,0,0,0,0,0,0,0,1,0,0,0,0,1,1,0,2,0,0,11842,5,16,0,0,0,0,0,0
2021-01-21T23:59:59+01:00,0,1,53,80,205,427,363,826,466,1326,737,1092,530,481,515,818,1023,2583,0,0,0,0,0,0,0,1,0,0,0,0,1,1,0,2,0,0,11510,5,16,0,0,0,0,0,0
2021-01-20T23:59:59+01:00,0,1,51,70,178,355,322,741,423,1173,667,1002,494,470,510,818,1023,2582,0,0,0,0,0,0,0,1,0,0,0,0,1,1,0,2,0,0,10864,5,16,0,0,0,0,0,0
2021-01-19T23:59:59+01:00,0,1,44,57,134,277,248,583,346,991,577,863,459,458,506,816,1023,2582,0,0,0,0,0,0,0,0,0,0,0,0,1,0,0,2,0,0,9957,3,8,0,0,0,0,0,0
2021-01-18T23:59:59+01:00,0,1,40,44,85,176,179,433,280,727,505,706,451,451,503,812,1021,2582,0,0,0,0,0,0,0,0,0,0,0,0,0,0,0,1,0,0,8996,1,0,0,0,0,0,0,0
2021-01-17T23:59:59+01:00,0,1,37,43,82,173,175,424,276,716,500,693,449,451,503,812,1021,2581,0,0,0,0,0,0,0,0,0,0,0,0,0,0,0,0,0,0,8937,0,0,0,0,0,0,0,0
2021-01-16T23:59:59+01:00,0,1,34,42,80,171,171,415,269,709,485,684,440,449,464,765,774,2184,0,0,0,0,0,0,0,0,0,0,0,0,0,0,0,0,0,0,8137,0,0,0,0,0,0,0,0
2021-01-15T23:59:59+01:00,0,1,32,40,77,166,168,409,262,692,471,676,434,448,459,741,361,1542,0,0,0,0,0,0,0,0,0,0,0,0,0,0,0,0,0,0,6979,0,0,0,0,0,0,0,0
2021-01-14T23:59:59+01:00,0,1,32,38,76,160,163,404,254,679,460,668,431,445,459,740,361,1542,0,0,0,0,0,0,0,0,0,0,0,0,0,0,0,0,0,0,6913,0,0,0,0,0,0,0,0
2021-01-13T23:59:59+01:00,0,0,24,31,60,128,128,306,194,545,351,525,328,343,374,577,282,1246,0,0,0,0,0,0,0,0,0,0,0,0,0,0,0,0,0,0,5442,0,0,0,0,0,0,0,0
2021-01-12T23:59:59+01:00,0,0,17,24,44,89,93,218,140,393,238,389,236,235,247,371,204,846,0,0,0,0,0,0,0,0,0,0,0,0,0,0,0,0,0,0,3784,0,0,0,0,0,0,0,0
2021-01-11T23:59:59+01:00,0,0,9,15,26,49,62,140,88,220,125,208,116,112,106,179,93,374,0,0,0,0,0,0,0,0,0,0,0,0,0,0,0,0,0,0,1922,0,0,0,0,0,0,0,0
2021-01-10T23:59:59+01:00,0,0,8,15,22,44,55,110,80,179,105,175,110,108,102,177,90,374,0,0,0,0,0,0,0,0,0,0,0,0,0,0,0,0,0,0,1754,0,0,0,0,0,0,0,0
2021-01-09T23:59:59+01:00,0,0,8,15,22,44,55,110,80,179,105,175,110,107,102,177,90,374,0,0,0,0,0,0,0,0,0,0,0,0,0,0,0,0,0,0,1753,0,0,0,0,0,0,0,0
2021-01-08T23:59:59+01:00,0,0,8,14,21,43,52,103,75,168,99,172,107,103,97,168,88,364,0,0,0,0,0,0,0,0,0,0,0,0,0,0,0,0,0,0,1682,0,0,0,0,0,0,0,0
2021-01-07T23:59:59+01:00,0,0,3,3,5,7,11,17,20,34,24,36,17,22,23,35,23,107,0,0,0,0,0,0,0,0,0,0,0,0,0,0,0,0,0,0,387,0,0,0,0,0,0,0,0
2021-01-06T23:59:59+01:00,0,0,3,2,5,6,9,16,20,33,21,32,17,21,23,35,23,106,0,0,0,0,0,0,0,0,0,0,0,0,0,0,0,0,0,0,372,0,0,0,0,0,0,0,0
2021-01-05T23:59:59+01:00,0,0,3,2,5,6,9,16,20,33,21,32,17,21,23,35,23,106,0,0,0,0,0,0,0,0,0,0,0,0,0,0,0,0,0,0,372,0,0,0,0,0,0,0,0
2021-01-04T23:59:59+01:00,0,0,0,0,0,0,0,2,1,0,0,0,1,1,0,2,0,0,0,0,0,0,0,0,0,0,0,0,0,0,0,0,0,0,0,0,7,0,0,0,0,0,0,0,0
2021-01-03T23:59:59+01:00,0,0,0,0,0,0,0,2,1,0,0,0,1,1,0,2,0,0,0,0,0,0,0,0,0,0,0,0,0,0,0,0,0,0,0,0,7,0,0,0,0,0,0,0,0
2021-01-02T23:59:59+01:00,0,0,0,0,0,0,0,1,1,0,0,0,1,1,0,2,0,0,0,0,0,0,0,0,0,0,0,0,0,0,0,0,0,0,0,0,6,0,0,0,0,0,0,0,0
2021-01-01T23:59:59+01:00,0,0,0,0,0,0,0,1,1,0,0,0,1,1,0,2,0,0,0,0,0,0,0,0,0,0,0,0,0,0,0,0,0,0,0,0,6,0,0,0,0,0,0,0,0
2020-12-31T23:59:59+01:00,0,0,0,0,0,0,0,1,1,0,0,0,1,1,0,2,0,0,0,0,0,0,0,0,0,0,0,0,0,0,0,0,0,0,0,0,6,0,0,0,0,0,0,0,0
2020-12-30T23:59:59+01:00,0,0,0,0,0,0,0,1,1,0,0,0,1,1,0,2,0,0,0,0,0,0,0,0,0,0,0,0,0,0,0,0,0,0,0,0,6,0,0,0,0,0,0,0,0
2020-12-29T23:59:59+01:00,0,0,0,0,0,0,0,1,1,0,0,0,1,0,0,2,0,0,0,0,0,0,0,0,0,0,0,0,0,0,0,0,0,0,0,0,5,0,0,0,0,0,0,0,0
2020-12-28T23:59:59+01:00,0,0,0,0,0,0,0,1,0,0,0,0,1,0,0,1,0,0,0,0,0,0,0,0,0,0,0,0,0,0,0,0,0,0,0,0,3,0,0,0,0,0,0,0,0
2020-12-27T23:59:59+01:00,0,0,0,0,0,0,0,0,0,0,0,0,0,0,0,0,0,0,0,0,0,0,0,0,0,0,0,0,0,0,0,0,0,0,0,0,0,0,0,0,0,0,0,0,0
