Datum,<15_m,<15_w,15-24_1_m,15-24_1_w,25-34_1_m,25-34_1_w,35-44_1_m,35-44_1_w,45-54_1_m,45-54_1_w,55-64_1_m,55-64_1_w,65-74_1_m,65-74_1_w,75-84_1_m,75-84_1_w,>84_1_m,>84_1_w,<24_2_m,<24_2_w,25-34_2_m,25-34_2_w,35-44_2_m,35-44_2_w,45-54_2_m,45-54_2_w,55-64_2_m,55-64_2_w,65-74_2_m,65-74_2_w,75-84_2_m,75-84_2_w,>84_2_m,>84_2_w,bp_1,bp_2,mo_1,mo_2,az_1,az_2,ja,unb_1,unb_2
2021-08-29T23:59:59+02:00,1314,1194,12892,12219,16152,15106,19566,19933,26256,27431,32965,33999,25198,28092,17175,21953,5060,9593,11091,10561,14825,13696,18302,18420,24686,25600,31322,32258,24325,27096,16672,21217,4910,9172,235663,219210,31331,29239,46406,44660,12551,147,64
2021-08-28T23:59:59+02:00,1307,1182,12860,12197,16138,15095,19554,19919,26249,27422,32956,33993,25196,28087,17174,21950,5060,9591,11016,10489,14791,13663,18256,18393,24650,25567,31279,32227,24308,27083,16663,21201,4910,9168,235505,218686,31330,29239,46406,44660,12542,147,64
2021-08-27T23:59:59+02:00,1288,1167,12796,12141,16091,15048,19496,19872,26194,27373,32914,33963,25179,28075,17170,21936,5060,9588,10979,10456,14753,13639,18240,18378,24615,25543,31251,32206,24296,27072,16660,21197,4910,9167,235082,218533,31330,29238,46406,44660,12386,147,64
2021-08-26T23:59:59+02:00,1270,1151,12725,12085,16047,15005,19454,19833,26142,27319,32866,33917,25150,28047,17163,21928,5057,9585,10913,10407,14713,13602,18197,18351,24577,25509,31207,32170,24277,27057,16655,21188,4910,9163,234725,218254,31270,29224,46406,44652,12196,147,64
2021-08-25T23:59:59+02:00,1252,1135,12702,12042,16027,14980,19433,19818,26116,27303,32833,33889,25132,28028,17156,21921,5056,9582,10867,10365,14683,13574,18163,18321,24557,25493,31176,32133,24264,27041,16648,21178,4908,9160,234417,217893,31270,29223,46399,44648,12172,147,64
2021-08-24T23:59:59+02:00,1225,1117,12646,11973,15974,14939,19388,19779,26072,27259,32789,33856,25112,28004,17144,21911,5055,9577,10788,10292,14640,13534,18119,18285,24507,25445,31134,32096,24240,27014,16633,21164,4907,9159,234112,217481,31156,29185,46399,44648,12006,147,64
2021-08-23T23:59:59+02:00,1212,1105,12609,11936,15949,14921,19367,19746,26051,27227,32761,33835,25098,27992,17140,21902,5055,9574,10735,10242,14613,13498,18081,18251,24480,25416,31099,32065,24227,26995,16626,21161,4905,9158,233823,217090,31155,29185,46399,44646,11956,147,64
2021-08-22T23:59:59+02:00,1206,1098,12594,11915,15933,14905,19360,19727,26039,27217,32750,33822,25088,27986,17138,21900,5052,9574,10706,10213,14593,13482,18061,18240,24468,25400,31084,32053,24218,26985,16624,21156,4904,9157,233665,216878,31155,29184,46399,44645,11938,147,64
2021-08-21T23:59:59+02:00,1122,1027,12519,11858,15921,14894,19352,19716,26029,27206,32740,33806,25084,27981,17135,21897,5052,9574,10682,10183,14577,13478,18054,18229,24459,25394,31076,32047,24215,26984,16623,21156,4904,9157,233302,216758,31149,29183,46399,44645,11916,147,64
2021-08-20T23:59:59+02:00,1102,1011,12459,11789,15863,14844,19291,19678,25975,27173,32690,33779,25069,27970,17126,21892,5051,9572,10628,10145,14537,13443,18013,18202,24424,25376,31047,32031,24207,26977,16617,21153,4904,9156,232809,216477,31149,29182,46399,44645,11830,147,64
2021-08-19T23:59:59+02:00,1077,987,12393,11732,15805,14811,19241,19631,25914,27123,32648,33745,25037,27947,17114,21881,5048,9570,10539,10069,14468,13402,17959,18166,24357,25333,30981,31987,24166,26959,16608,21135,4903,9153,232519,216048,31058,29172,46399,44637,11581,147,64
2021-08-18T23:59:59+02:00,1065,970,12352,11697,15777,14781,19213,19601,25884,27093,32613,33720,25019,27935,17109,21872,5046,9569,10485,10003,14421,13377,17911,18137,24311,25297,30922,31949,24144,26942,16602,21122,4899,9148,232207,215597,31058,29167,46398,44627,11506,147,64
2021-08-17T23:59:59+02:00,1040,945,12302,11656,15748,14741,19180,19571,25856,27071,32579,33682,25001,27916,17099,21855,5045,9564,10392,9922,14371,13331,17857,18081,24262,25257,30861,31906,24120,26919,16591,21102,4897,9141,231913,215009,30935,29105,46398,44626,11458,147,64
2021-08-16T23:59:59+02:00,1029,938,12270,11632,15732,14723,19163,19554,25833,27047,32560,33660,24981,27901,17091,21840,5042,9562,10335,9856,14348,13288,17833,18045,24218,25222,30824,31875,24094,26888,16576,21088,4897,9138,231689,214570,30935,29104,46398,44622,11389,147,64
2021-08-15T23:59:59+02:00,1021,938,12245,11618,15719,14706,19148,19539,25823,27038,32539,33646,24975,27892,17087,21829,5041,9562,10290,9821,14315,13266,17815,18024,24196,25209,30804,31849,24077,26880,16571,21080,4896,9136,231531,214297,30934,29104,46397,44617,11357,147,64
2021-08-14T23:59:59+02:00,1020,938,12244,11614,15719,14704,19145,19537,25823,27038,32539,33645,24975,27892,17087,21829,5041,9562,10122,9601,14209,13176,17740,17977,24149,25178,30764,31816,24062,26867,16568,21077,4894,9135,231522,213293,30934,29103,46397,44616,11352,147,64
2021-08-13T23:59:59+02:00,976,898,12094,11486,15665,14650,19081,19480,25752,26986,32486,33609,24950,27863,17076,21819,5040,9558,10070,9548,14168,13148,17701,17952,24117,25158,30740,31795,24052,26854,16562,21068,4894,9131,230697,212959,30933,29103,46397,44613,11299,143,64
2021-08-12T23:59:59+02:00,963,877,12038,11425,15621,14612,19045,19453,25708,26965,32441,33580,24925,27847,17068,21814,5040,9555,9978,9479,14094,13106,17640,17904,24051,25125,30688,31748,24024,26829,16546,21050,4892,9131,230480,212542,30911,29097,46397,44598,11046,143,64
2021-08-11T23:59:59+02:00,949,866,12005,11392,15601,14589,19016,19433,25687,26946,32418,33552,24907,27826,17064,21807,5039,9553,9905,9417,14040,13067,17593,17859,24010,25104,30647,31700,23994,26797,16530,21037,4891,9126,230197,211973,30911,29093,46396,44570,11003,143,64
2021-08-10T23:59:59+02:00,931,856,11918,11341,15549,14560,18973,19396,25633,26912,32362,33499,24890,27812,17057,21794,5038,9550,9810,9336,13991,13031,17562,17825,23963,25065,30594,31654,23961,26764,16523,21019,4887,9121,229824,211463,30780,29058,46394,44557,10930,143,64
2021-08-09T23:59:59+02:00,929,840,11892,11307,15534,14545,18951,19384,25601,26891,32334,33468,24883,27804,17053,21786,5038,9547,9756,9275,13956,12981,17524,17784,23933,25021,30559,31614,23947,26747,16518,21006,4885,9116,229598,211018,30780,29055,46393,44550,10873,143,64
2021-08-08T23:59:59+02:00,919,833,11857,11284,15512,14532,18931,19363,25576,26871,32312,33452,24875,27789,17046,21782,5037,9547,9680,9220,13911,12955,17497,17754,23900,24987,30527,31583,23934,26728,16510,20992,4884,9113,229411,210624,30780,29054,46393,44549,10791,143,64
2021-08-07T23:59:59+02:00,900,806,11761,11207,15469,14491,18890,19330,25537,26841,32266,33420,24858,27777,17037,21764,5036,9544,9062,8620,13473,12604,17285,17570,23749,24876,30377,31507,23877,26677,16489,20965,4879,9110,228829,207432,30780,29054,46393,44549,10789,143,64
2021-08-06T23:59:59+02:00,890,803,11731,11180,15452,14478,18880,19324,25523,26825,32257,33414,24854,27773,17032,21762,5036,9543,8481,7992,12959,12210,17058,17367,23607,24765,30282,31428,23846,26630,16477,20951,4876,9104,228780,204274,30658,29041,46393,44549,10783,143,64
2021-08-05T23:59:59+02:00,887,796,11692,11149,15414,14451,18839,19294,25477,26789,32211,33367,24814,27751,17030,21751,5036,9538,8424,7927,12915,12160,17008,17325,23543,24725,30207,31374,23799,26589,16464,20933,4874,9095,228560,203853,30657,29036,46393,44540,10533,143,64
2021-08-04T23:59:59+02:00,870,780,11662,11119,15395,14419,18809,19269,25450,26760,32165,33328,24799,27738,17025,21746,5034,9530,8335,7838,12856,12113,16956,17283,23487,24681,30147,31303,23762,26550,16454,20920,4872,9089,228298,203264,30655,29035,46392,44505,10410,143,64
2021-08-03T23:59:59+02:00,854,761,11615,11081,15376,14399,18779,19249,25424,26732,32133,33295,24779,27719,17016,21741,5030,9529,8252,7749,12789,12063,16889,17232,23428,24644,30108,31254,23726,26516,16439,20909,4869,9085,227973,202611,30653,29025,46392,44497,10351,143,64
2021-08-02T23:59:59+02:00,845,758,11580,11050,15356,14369,18753,19229,25396,26707,32102,33268,24765,27700,17008,21732,5029,9527,8157,7656,12709,12003,16832,17169,23371,24573,30061,31197,23708,26493,16418,20899,4867,9080,227701,201909,30652,29024,46392,44489,10286,143,64
2021-08-01T23:59:59+02:00,838,751,11555,11021,15345,14356,18738,19218,25377,26695,32085,33253,24761,27692,17007,21729,5027,9526,8086,7589,12648,11956,16791,17123,23335,24542,30034,31172,23693,26474,16414,20893,4865,9079,227560,201454,30648,29023,46392,44471,10231,143,64
2021-07-31T23:59:59+02:00,835,750,11552,11015,15343,14353,18736,19214,25376,26694,32082,33252,24761,27691,17007,21729,5027,9526,7933,7400,11884,11283,16238,16687,23240,24463,29970,31101,23664,26438,16402,20874,4864,9077,227532,198240,30647,29023,46392,44470,10229,143,64
2021-07-30T23:59:59+02:00,834,749,11538,11006,15340,14350,18731,19209,25369,26689,32072,33247,24760,27689,17007,21726,5027,9526,7648,7160,11338,10839,15761,16260,23103,24356,29861,30989,23627,26393,16386,20852,4864,9072,227465,195162,30646,29022,46390,44457,10225,143,64
2021-07-29T23:59:59+02:00,822,740,11498,10959,15302,14329,18691,19183,25333,26654,32019,33218,24742,27669,16996,21709,5027,9524,7274,6850,10673,10326,15246,15847,22927,24210,29714,30879,23573,26341,16357,20827,4860,9069,227148,191702,30645,29014,46390,44371,10089,143,64
2021-07-28T23:59:59+02:00,803,728,11450,10907,15278,14299,18660,19156,25307,26627,31993,33194,24728,27651,16991,21697,5026,9520,7108,6693,10528,10206,15134,15712,22836,24114,29614,30783,23530,26285,16339,20798,4859,9059,226826,190462,30644,29012,46385,44262,10017,143,64
2021-07-27T23:59:59+02:00,794,719,11405,10869,15238,14259,18620,19130,25279,26601,31956,33172,24712,27626,16985,21686,5025,9512,6887,6480,10370,10089,14990,15578,22733,24008,29506,30670,23479,26221,16323,20771,4857,9048,226513,189314,30644,28685,46384,44229,9904,143,64
2021-07-26T23:59:59+02:00,784,707,11356,10824,15213,14238,18604,19103,25251,26572,31924,33146,24697,27605,16973,21674,5024,9509,6769,6403,10276,10012,14924,15500,22651,23948,29441,30596,23446,26178,16311,20754,4853,9042,226224,188528,30642,28682,46383,44187,9812,143,64
2021-07-25T23:59:59+02:00,773,697,11328,10796,15192,14212,18584,19079,25224,26548,31904,33128,24680,27594,16969,21665,5023,9507,6693,6321,10208,9948,14851,15440,22596,23894,29386,30558,23416,26156,16299,20740,4853,9038,226027,187939,30641,28678,46382,44157,9710,143,64
2021-07-24T23:59:59+02:00,749,675,11248,10712,15153,14185,18561,19057,25204,26533,31891,33115,24680,27590,16966,21663,5023,9507,6295,5961,10065,9834,14478,15159,22372,23737,29269,30474,23380,26118,16282,20723,4850,9034,225645,185583,30640,28677,46382,44155,9702,143,64
2021-07-23T23:59:59+02:00,723,653,11181,10630,15125,14152,18531,19042,25182,26514,31875,33098,24669,27585,16964,21663,5023,9504,5926,5651,9945,9728,14131,14895,22176,23564,29149,30357,23328,26050,16271,20702,4846,9027,225262,183316,30639,28677,46382,44144,9688,143,64
2021-07-22T23:59:59+02:00,682,613,11027,10466,15027,14064,18444,18994,25101,26460,31803,33034,24633,27544,16949,21645,5019,9499,5606,5352,9677,9514,13549,14419,21859,23304,28918,30130,23228,25953,16227,20665,4842,9024,224312,180001,30637,28666,46381,44125,9531,143,64
2021-07-21T23:59:59+02:00,662,588,10963,10412,14992,14037,18404,18957,25062,26431,31764,32984,24608,27511,16933,21633,5017,9494,4988,4886,9238,9263,13172,14190,21626,23150,28731,29981,23163,25877,16202,20642,4840,9021,223886,178240,30630,27397,46378,43958,9415,143,64
2021-07-20T23:59:59+02:00,644,571,10905,10358,14966,14001,18368,18930,25032,26399,31728,32951,24588,27490,16928,21619,5014,9487,4843,4774,9085,9131,13008,14057,21513,23029,28601,29858,23084,25774,16180,20602,4833,9015,223510,176898,30630,27385,46376,43809,9320,143,64
2021-07-19T23:59:59+02:00,631,559,10868,10327,14937,13981,18346,18922,25005,26374,31695,32922,24571,27467,16922,21608,5012,9484,4763,4704,8989,9054,12893,13960,21415,22923,28502,29738,23028,25717,16155,20573,4828,9009,223274,175960,30630,27377,46367,43713,9217,143,64
2021-07-18T23:59:59+02:00,616,550,10814,10275,14902,13960,18321,18905,24985,26357,31672,32903,24561,27457,16916,21599,5011,9479,4655,4601,8854,8933,12766,13821,21329,22832,28429,29659,23000,25688,16146,20560,4825,9008,222996,174948,30630,27363,46367,43660,9147,143,64
2021-07-17T23:59:59+02:00,544,480,10529,9978,14791,13862,18232,18828,24880,26283,31565,32854,24528,27423,16903,21579,5009,9478,4609,4559,8801,8861,12532,13629,20906,22492,28300,29528,22963,25636,16137,20545,4824,9005,221461,173170,30630,27363,46366,43658,9146,143,64
2021-07-16T23:59:59+02:00,515,443,10396,9857,14732,13822,18178,18777,24847,26250,31545,32830,24519,27408,16900,21572,5009,9475,4561,4517,8725,8821,12158,13350,20363,22095,28167,29434,22914,25599,16128,20540,4822,9003,220803,171060,30629,27361,46365,43651,9135,143,64
2021-07-15T23:59:59+02:00,485,406,10257,9752,14666,13773,18121,18710,24793,26202,31495,32777,24495,27372,16882,21556,5002,9471,4348,4378,8400,8614,11640,12949,19259,21252,27751,29091,22745,25430,16063,20467,4812,8987,220077,166367,30628,27348,46364,43455,9003,143,64
2021-07-14T23:59:59+02:00,464,393,10228,9727,14631,13753,18092,18675,24757,26161,31444,32724,24465,27344,16871,21539,5001,9469,4224,4227,8145,8441,11411,12804,19081,21141,27606,28965,22680,25352,16029,20429,4809,8978,219712,164801,30628,27330,46363,43281,8892,143,64
2021-07-13T23:59:59+02:00,440,378,10178,9674,14602,13725,18066,18642,24722,26140,31410,32683,24449,27314,16860,21528,5000,9467,4127,4132,7970,8282,11211,12613,18948,21003,27453,28804,22583,25267,15994,20376,4805,8967,219308,163346,30628,27309,46362,43023,8837,143,64
2021-07-12T23:59:59+02:00,427,357,10132,9624,14576,13706,18035,18612,24686,26098,31376,32638,24424,27291,16845,21523,4997,9464,4020,4033,7803,8161,11051,12478,18833,20881,27331,28683,22509,25206,15967,20350,4804,8962,218934,162183,30627,27287,46362,42833,8745,143,64
2021-07-11T23:59:59+02:00,419,339,10102,9594,14558,13686,18018,18602,24666,26090,31355,32620,24412,27281,16843,21521,4997,9462,3951,3960,7684,8061,10904,12350,18709,20781,27230,28569,22466,25158,15946,20325,4802,8959,218740,161216,30627,27282,46361,42634,8694,143,64
2021-07-10T23:59:59+02:00,393,316,9992,9488,14503,13647,17970,18579,24642,26070,31336,32604,24404,27272,16839,21517,4995,9460,3918,3935,7623,8019,10869,12321,18680,20757,27201,28547,22459,25143,15942,20320,4802,8959,218215,160914,30626,27281,46358,42586,8685,143,64
2021-07-09T23:59:59+02:00,333,269,9730,9279,14398,13565,17894,18509,24556,26017,31287,32543,24381,27241,16826,21499,4995,9454,3851,3895,7490,7928,10652,12176,18455,20619,26786,28226,22275,24949,15887,20260,4799,8952,216990,158774,30626,27278,46357,42457,8660,143,64
2021-07-08T23:59:59+02:00,254,202,9536,9136,14297,13489,17800,18437,24496,25967,31204,32485,24354,27210,16813,21481,4991,9449,3695,3769,7180,7739,10298,11947,18109,20337,26481,27969,22102,24790,15819,20187,4792,8936,215891,156395,30623,27232,46344,41887,8600,143,64
2021-07-07T23:59:59+02:00,215,173,9434,9031,14246,13455,17757,18394,24444,25927,31162,32445,24330,27180,16801,21463,4991,9441,3499,3640,6851,7514,9346,11217,17524,19907,26079,27659,21868,24488,15742,20091,4778,8922,215259,153781,30620,25482,46341,41294,8526,143,64
2021-07-06T23:59:59+02:00,193,161,9356,8972,14196,13427,17721,18352,24402,25888,31101,32398,24293,27152,16786,21446,4989,9439,3385,3565,6652,7392,9075,11054,17280,19727,25802,27402,21711,24286,15661,19987,4765,8907,214695,151852,30603,25472,46338,40791,8493,143,64
2021-07-05T23:59:59+02:00,181,146,9269,8891,14156,13385,17687,18302,24366,25858,31056,32347,24269,27130,16778,21432,4988,9437,3333,3530,6523,7313,8925,10933,17138,19588,25631,27247,21568,24119,15611,19934,4754,8897,214151,150789,30603,25463,46336,40303,8445,143,64
2021-07-04T23:59:59+02:00,166,139,9215,8841,14125,13372,17661,18284,24341,25838,31035,32321,24254,27116,16772,21424,4987,9434,3281,3488,6460,7273,8837,10861,17051,19503,25502,27137,21443,23990,15569,19882,4752,8890,213878,150130,30602,25454,46321,39907,8381,143,64
2021-07-03T23:59:59+02:00,163,136,8703,8343,13967,13252,17560,18166,24247,25780,30970,32272,24233,27094,16760,21412,4985,9431,3221,3409,6341,7154,8667,10719,16835,19321,25114,26828,21328,23853,15539,19842,4748,8884,212043,148085,30602,25454,46321,39851,8365,143,64
2021-07-02T23:59:59+02:00,156,132,8134,7871,13823,13143,17468,18089,24177,25710,30910,32210,24195,27052,16754,21392,4983,9426,3110,3301,6071,6998,8410,10477,16465,18992,24640,26403,21100,23580,15469,19760,4742,8881,210201,145010,30602,25452,46317,39526,8362,143,64
2021-07-01T23:59:59+02:00,143,122,8005,7764,13740,13085,17399,18037,24108,25659,30857,32157,24167,27027,16744,21380,4982,9425,2922,3112,5723,6714,7973,10061,15878,18520,23876,25747,20613,23106,15342,19599,4730,8856,209411,140448,30597,25440,46312,38495,8338,143,64
2021-06-30T23:59:59+02:00,126,109,7859,7647,13671,13036,17346,17984,24057,25606,30798,32111,24136,27005,16730,21362,4982,9420,2826,3033,5569,6570,7748,9840,14920,17650,23263,25197,20255,22712,15209,19438,4716,8822,208848,138915,30423,23166,46308,37372,8263,143,64
2021-06-29T23:59:59+02:00,111,96,7792,7554,13628,12997,17307,17939,24004,25545,30748,32052,24115,26979,16720,21346,4979,9416,2767,2989,5440,6472,7594,9706,14752,17478,23022,24963,19996,22387,15110,19338,4704,8802,208226,137796,30421,23154,46305,36282,8233,143,64
2021-06-28T23:59:59+02:00,106,90,7728,7483,13564,12938,17261,17888,23962,25500,30692,32008,24098,26951,16713,21336,4977,9414,2738,2957,5372,6425,7501,9635,14655,17397,22871,24749,19792,22141,15055,19269,4700,8788,207693,137200,30419,23144,46297,35487,8157,143,64
2021-06-27T23:59:59+02:00,92,85,7679,7419,13534,12902,17232,17855,23943,25465,30665,31980,24086,26943,16706,21330,4977,9412,2715,2942,5321,6400,7430,9590,14559,17334,22776,24662,19665,22000,15024,19218,4696,8779,207338,136692,30419,23133,46291,35113,8114,143,64
2021-06-26T23:59:59+02:00,88,82,7175,6863,13140,12602,17119,17752,23878,25406,30629,31945,24078,26926,16702,21319,4976,9411,2614,2833,5135,6212,7230,9400,14014,16879,22116,24029,19517,21857,14979,19165,4694,8771,205158,133080,30419,23133,46291,35093,8114,109,30
2021-06-25T23:59:59+02:00,87,79,6690,6379,12686,12229,16960,17634,23787,25340,30548,31904,24055,26899,16697,21309,4974,9409,2510,2677,4960,6020,6972,9103,13484,16347,21564,23444,19319,21648,14921,19098,4690,8759,202751,129381,30419,23133,46291,34881,8096,109,30
2021-06-24T23:59:59+02:00,77,67,6466,6162,12461,12078,16854,17551,23715,25287,30490,31856,24021,26857,16691,21299,4972,9402,2301,2438,4589,5642,6471,8612,12762,15632,20412,22443,18854,21167,14816,18967,4678,8744,201475,123431,30417,23121,46284,33930,8021,109,30
2021-06-23T23:59:59+02:00,72,65,5891,5662,12299,11966,16735,17437,23641,25240,30426,31806,23987,26834,16684,21285,4968,9398,2264,2386,4526,5520,6379,8461,12529,15343,20169,22184,18555,20838,14719,18853,4667,8727,200964,122410,29078,22972,46274,32742,7971,109,30
2021-06-22T23:59:59+02:00,68,60,5749,5532,12199,11860,16649,17362,23583,25178,30358,31728,23960,26802,16674,21264,4964,9396,2211,2351,4431,5438,6255,8314,11660,14681,19755,21776,18221,20485,14611,18715,4657,8707,200029,121486,29071,21278,46255,31556,7922,109,30
2021-06-21T23:59:59+02:00,65,57,5613,5418,12125,11767,16588,17276,23529,25104,30308,31670,23935,26774,16661,21249,4964,9392,2178,2315,4373,5341,6168,8187,10879,13977,19304,21366,17995,20258,14551,18620,4648,8691,199207,120692,29067,19493,46250,30778,7862,109,30
2021-06-20T23:59:59+02:00,63,55,5495,5292,11962,11584,16523,17151,23478,25039,30266,31614,23919,26753,16655,21234,4959,9387,2160,2285,4332,5301,6098,8137,10775,13897,19192,21239,17838,20067,14485,18537,4644,8684,198197,120155,29063,19490,46244,30184,7816,109,30
2021-06-19T23:59:59+02:00,59,51,5477,5272,11195,10920,16043,16760,23417,24995,30222,31571,23901,26733,16647,21222,4959,9387,2089,2166,4125,5072,5817,7856,10450,13563,18140,20387,17670,19882,14452,18472,4639,8672,195601,115951,29063,19490,46243,30170,7815,109,30
2021-06-18T23:59:59+02:00,56,50,5443,5246,10551,10337,15429,16197,23326,24926,30153,31508,23874,26703,16636,21207,4958,9385,2020,2078,3982,4928,5539,7586,10068,13199,16990,19178,17467,19645,14403,18408,4636,8662,192762,111542,29057,19489,46243,29918,7814,109,30
2021-06-17T23:59:59+02:00,49,41,5323,5143,9871,9829,14941,15806,23227,24838,30072,31414,23834,26657,16621,21186,4957,9382,1890,1971,3725,4682,5151,7222,9529,12709,15804,17987,17007,19155,14262,18234,4623,8638,190191,106417,29055,19481,46240,29002,7671,34,22
2021-06-16T23:59:59+02:00,47,33,5189,5007,9674,9668,14794,15676,23134,24744,29974,31338,23790,26612,16606,21174,4956,9372,1849,1930,3621,4597,5049,7104,8499,11857,15531,17693,16711,18819,14127,18063,4617,8605,189012,105535,29044,17602,46237,28056,7461,34,22
2021-06-15T23:59:59+02:00,41,27,5001,4820,9492,9513,14659,15534,23042,24654,29897,31252,23747,26539,16580,21141,4948,9357,1786,1872,3543,4502,4955,6991,8383,11715,15353,17465,16393,18508,13985,17894,4594,8547,187692,104775,29041,17598,46218,26836,7259,34,22
2021-06-14T23:59:59+02:00,39,24,4924,4756,9398,9404,14581,15445,22971,24580,29827,31191,23715,26500,16565,21123,4945,9351,1763,1849,3506,4478,4914,6959,8283,11652,15215,17331,16213,18304,13894,17797,4589,8540,186947,104549,29035,17595,46212,26014,7111,34,22
2021-06-13T23:59:59+02:00,38,23,4866,4708,9312,9329,14498,15378,22910,24529,29760,31138,23689,26472,16556,21113,4945,9349,1713,1834,3464,4454,4858,6916,8212,11615,15116,17236,16057,18120,13840,17724,4582,8533,186366,104268,29029,17593,46197,25408,6987,34,22
2021-06-12T23:59:59+02:00,36,22,4847,4693,9284,9306,14261,15201,22780,24400,29715,31093,23669,26455,16547,21105,4944,9347,1588,1711,3226,4243,4454,6613,7664,11183,13341,15547,15705,17749,13760,17622,4580,8519,185461,97565,29029,17593,46197,25344,6985,33,22
2021-06-11T23:59:59+02:00,32,21,4793,4639,9203,9253,13942,14978,22583,24252,29619,31002,23632,26410,16529,21093,4943,9344,1485,1576,3042,4032,4155,6249,7153,10638,11704,13663,15228,17174,13646,17475,4565,8505,184097,90653,29026,17592,46197,25113,6915,33,21
2021-06-10T23:59:59+02:00,26,18,4508,4411,8659,8922,12667,13958,22016,23801,29245,30697,23495,26252,16476,21025,4930,9329,1362,1483,2806,3851,3826,5965,6717,10245,10291,12332,14715,16599,13475,17267,4550,8478,178762,86110,29010,17589,46191,23807,6439,33,21
2021-06-09T23:59:59+02:00,23,14,4273,4246,8066,8630,11765,13298,21695,23586,29015,30543,23432,26189,16457,21001,4927,9325,1274,1429,2651,3779,3683,5885,6510,10152,10029,12153,14392,16249,13305,17087,4543,8457,176653,85776,27733,17486,46185,22418,5881,33,21
2021-06-08T23:59:59+02:00,19,11,4142,4146,7664,8404,11279,13008,21469,23407,28815,30390,23373,26115,16425,20959,4921,9316,1196,1402,2515,3721,3524,5818,5613,9403,9555,11789,14056,15840,13079,16848,4529,8435,174901,85421,27361,15329,46161,21149,5407,33,21
2021-06-07T23:59:59+02:00,15,9,4021,4067,7428,8298,10990,12830,21266,23293,28661,30272,23314,26062,16407,20934,4917,9308,1147,1282,2394,3661,3394,5755,5448,9327,9345,11662,13827,15582,12923,16679,4522,8417,173674,85231,27351,15324,46152,19911,4882,33,21
2021-06-06T23:59:59+02:00,13,9,3903,4008,7190,8176,10740,12669,21080,23204,28575,30182,23284,26028,16395,20916,4914,9304,1127,1265,2329,3625,3298,5703,5342,9252,9229,11561,13670,15428,12851,16585,4519,8410,172524,85041,27334,15320,46142,19259,4557,33,21
2021-06-05T23:59:59+02:00,13,9,3874,3971,7152,8136,10563,12514,20452,22695,28413,30036,23234,25983,16381,20897,4914,9300,1095,1164,2163,3172,3066,5163,5172,8920,8449,10610,13019,14588,12738,16438,4508,8400,170483,79655,27334,15320,46141,19125,4547,32,21
2021-06-04T23:59:59+02:00,13,9,3844,3945,7116,8111,10466,12422,20090,22367,28309,29940,23199,25945,16367,20887,4912,9299,1063,1097,2065,2862,2906,4686,5015,8550,7935,9952,11520,12871,12613,16241,4501,8382,169206,73278,27321,15319,46141,19103,4541,32,21
2021-06-03T23:59:59+02:00,8,6,3709,3843,6895,7973,9910,12000,18864,21437,27909,29630,23066,25803,16314,20825,4908,9285,1010,1053,1976,2750,2769,4530,4811,8247,7572,9503,11142,12472,12505,16128,4498,8369,164449,71494,27311,15316,46137,18051,4456,32,21
2021-06-02T23:59:59+02:00,8,6,3702,3835,6883,7956,9899,11989,18676,21257,27838,29581,23043,25781,16308,20816,4905,9283,1006,1046,1964,2720,2748,4511,4600,8063,7036,9015,11105,12431,12490,16113,4494,8363,164383,71386,26766,13823,46136,18029,4449,32,21
2021-06-01T23:59:59+02:00,7,5,3575,3759,6646,7808,9611,11796,18221,20910,27601,29386,22949,25679,16267,20763,4902,9271,969,998,1880,2650,2668,4439,4321,7829,6439,8483,10892,12218,12392,16010,4489,8351,162694,70947,25986,12530,46122,17211,4322,32,21
2021-05-31T23:59:59+02:00,7,5,3528,3714,6557,7740,9475,11697,18095,20819,27511,29309,22882,25618,16250,20735,4897,9264,940,974,1813,2610,2588,4396,4214,7765,6320,8408,10706,12050,12291,15894,4479,8343,161854,70587,25955,12525,46109,16508,4153,32,21
2021-05-30T23:59:59+02:00,7,4,3497,3690,6493,7685,9385,11606,18007,20739,27434,29238,22837,25573,16228,20708,4891,9254,934,967,1802,2600,2575,4384,4185,7740,6267,8366,10645,11971,12257,15851,4474,8334,161153,70543,25950,12522,46092,16220,4049,32,21
2021-05-29T23:59:59+02:00,7,4,3486,3671,6457,7658,9341,11569,17969,20699,27289,29132,22783,25499,16213,20688,4888,9250,898,948,1745,2554,2502,4299,3995,7485,5994,8069,8448,9315,12064,15509,4459,8305,160494,64304,25950,12520,46078,15697,4049,32,21
2021-05-28T23:59:59+02:00,7,4,3423,3616,6326,7581,9201,11438,17812,20568,27106,29009,22719,25422,16192,20671,4887,9249,885,934,1726,2534,2466,4245,3843,7188,5800,7806,5750,6207,11787,15112,4444,8256,159137,57434,25948,12520,46074,14970,4040,32,21
2021-05-27T23:59:59+02:00,7,4,3276,3486,6041,7401,8599,11105,17336,20230,26693,28662,22553,25257,16134,20608,4880,9231,835,876,1644,2439,2349,4111,3420,6216,5377,7209,5589,6034,11708,15038,4438,8239,155663,56952,25889,12473,46067,12226,3852,32,21
2021-05-26T23:59:59+02:00,7,4,3169,3403,5822,7235,8227,10819,16870,19924,26392,28426,22404,25124,16083,20534,4867,9211,818,868,1592,2414,2296,4081,3347,6142,5280,7137,5454,5907,11643,14972,4433,8227,152959,56878,25873,12471,46045,11631,3612,32,21
2021-05-25T23:59:59+02:00,7,4,3078,3340,5680,7121,8030,10657,15868,19146,26038,28072,22246,24970,16031,20454,4860,9201,799,850,1556,2370,2225,4022,3272,6073,5195,7073,5287,5737,11535,14892,4425,8216,151404,56811,23949,12284,46031,11024,3389,30,21
2021-05-24T23:59:59+02:00,7,4,3015,3322,5592,7077,7912,10595,14953,18457,25623,27760,22151,24866,16000,20418,4853,9189,790,848,1534,2353,2181,3986,3225,6025,5118,6993,5186,5629,11455,14816,4424,8210,150679,56774,21880,12208,46021,10588,3184,30,21
2021-05-23T23:59:59+02:00,7,4,3012,3318,5583,7070,7903,10587,14948,18456,25622,27759,22151,24866,16000,20418,4853,9189,788,845,1526,2346,2169,3973,3206,6010,5097,6960,5141,5577,11438,14792,4423,8208,150651,56766,21880,12208,46019,10340,3166,30,21
2021-05-22T23:59:59+02:00,6,4,2976,3276,5510,7024,7803,10500,14749,18295,25342,27516,22051,24780,15967,20375,4850,9185,766,825,1482,2295,2118,3894,3092,5888,4782,6392,4571,4835,10793,13970,4413,8169,149114,53520,21880,12208,46019,9372,3166,30,21
2021-05-21T23:59:59+02:00,4,4,2904,3201,5384,6928,7676,10354,14491,18065,25048,27281,21938,24672,15934,20327,4845,9176,735,772,1414,2167,2016,3628,2908,5555,4302,5492,4158,4296,10050,13029,4348,8043,147174,49778,21879,12208,46014,7772,3136,29,21
2021-05-20T23:59:59+02:00,4,4,2773,3038,5105,6673,7390,9986,14031,17582,24437,26731,21666,24375,15840,20207,4831,9146,721,762,1387,2142,1977,3595,2853,5500,4218,5414,4030,4193,9973,12966,4339,8031,143027,49685,21870,12197,45989,7295,2904,29,21
2021-05-19T23:59:59+02:00,4,4,2721,2986,5008,6533,7247,9804,12885,16546,24174,26444,21569,24245,15795,20146,4823,9139,702,736,1362,2094,1945,3510,2790,5353,4123,5307,3948,4103,9920,12901,4336,8027,141656,49657,19799,12133,45918,6676,2671,29,21
2021-05-18T23:59:59+02:00,4,4,2697,2963,4961,6501,7196,9773,12531,16271,23994,26291,21476,24156,15765,20093,4815,9127,673,678,1307,1965,1872,3308,2692,5145,3994,5109,3723,3826,9838,12821,4326,8017,141381,49636,18944,11134,45874,6114,2390,29,21
2021-05-17T23:59:59+02:00,4,4,2671,2942,4918,6431,7108,9665,12378,16093,23845,26130,21422,24105,15746,20070,4810,9119,665,664,1291,1929,1851,3259,2644,5037,3915,4995,3584,3674,9770,12758,4323,8008,140410,49613,18936,11124,45857,5381,2229,29,21
2021-05-16T23:59:59+02:00,4,4,2659,2928,4895,6364,7070,9582,12318,16019,23793,26070,21398,24088,15736,20056,4807,9116,660,658,1281,1926,1834,3250,2622,5025,3886,4973,3530,3608,9731,12726,4322,8006,139973,49600,18928,11113,45835,5163,2142,29,21
2021-05-15T23:59:59+02:00,4,4,2534,2790,4707,6159,6879,9396,11800,15601,23204,25520,21291,23970,15702,20013,4804,9108,610,595,1198,1839,1695,3096,2334,4717,3438,4462,3198,3180,9568,12521,4298,7977,136583,46638,18927,11113,45830,4838,2117,29,21
2021-05-14T23:59:59+02:00,4,4,2418,2613,4512,5934,6602,9083,11264,15089,22637,24953,21144,23830,15666,19955,4800,9097,547,517,1095,1719,1535,2880,2003,4315,2839,3872,2813,2742,9484,12374,4294,7973,132762,43711,18920,11111,45806,4072,2088,29,21
2021-05-13T23:59:59+02:00,4,4,2236,2326,4190,5551,6175,8609,10704,14401,21605,24041,20861,23556,15606,19856,4793,9082,543,517,1082,1703,1520,2861,1993,4289,2818,3846,2797,2725,9477,12370,4293,7973,126858,43638,18866,11103,45780,3979,2067,29,21
2021-05-12T23:59:59+02:00,4,4,2235,2323,4182,5550,6166,8603,10602,14280,21552,24002,20856,23545,15601,19848,4792,9082,535,495,1046,1648,1471,2782,1910,4202,2759,3787,2716,2630,9426,12297,4293,7973,126814,43635,18540,10275,45780,3976,2064,29,21
2021-05-11T23:59:59+02:00,4,4,2114,2284,4098,5485,6041,8489,10296,14029,21360,23840,20780,23473,15586,19815,4788,9077,510,471,985,1588,1402,2691,1810,4064,2686,3713,2563,2403,9362,12196,4292,7973,125871,43618,18203,9442,45497,3666,1963,29,21
2021-05-10T23:59:59+02:00,4,4,2073,2207,3991,5363,5906,8310,9505,13266,20981,23517,20690,23384,15547,19761,4778,9064,497,442,948,1524,1337,2602,1720,3903,2602,3618,2535,2379,9352,12178,4288,7968,124738,43592,16353,9262,45394,3182,1837,29,21
2021-05-09T23:59:59+02:00,4,4,2041,2192,3957,5323,5853,8262,9439,13197,20911,23444,20657,23343,15533,19734,4775,9050,490,433,927,1481,1311,2554,1686,3841,2564,3575,2526,2367,9342,12161,4288,7960,124295,43533,16349,9259,45299,2947,1747,29,21
2021-05-08T23:59:59+02:00,4,4,1978,2090,3773,5148,5579,8056,9128,12912,19775,22515,20461,23148,15500,19665,4770,9038,417,403,862,1441,1235,2481,1598,3739,2345,3362,1981,1940,9248,12076,4287,7960,120148,42063,16348,9258,45296,2305,1746,6,4
2021-05-07T23:59:59+02:00,4,4,1891,1978,3589,4977,5257,7760,8719,12541,18525,21242,20278,22936,15454,19608,4761,9019,325,344,753,1366,1103,2351,1464,3596,2170,3170,1613,1605,8760,11629,4286,7958,115203,40334,16346,9255,45276,1189,1712,6,4
2021-05-06T23:59:59+02:00,4,4,1707,1869,3303,4725,4806,7355,8077,11977,17284,19998,19944,22558,15347,19445,4751,9008,308,335,732,1337,1063,2305,1415,3512,2103,3102,1577,1550,8743,11598,4280,7955,109345,40314,16339,9249,45042,919,1430,6,4
2021-05-05T23:59:59+02:00,4,3,1637,1839,3222,4638,4729,7251,7945,11826,17128,19852,19824,22439,15271,19349,4729,8912,297,323,690,1285,1002,2230,1331,3362,1994,2985,1484,1451,8326,11030,4274,7937,108586,40277,16196,8121,44872,662,938,6,4
2021-05-04T23:59:59+02:00,4,3,1611,1810,3180,4564,4670,7141,7693,11532,16569,19273,19737,22309,15196,19252,4701,8802,281,310,667,1256,981,2176,1272,3242,1881,2828,1412,1345,8255,10927,4270,7919,107900,40252,14849,7845,44769,399,523,6,4
2021-05-03T23:59:59+02:00,4,3,1603,1806,3172,4550,4632,7119,7440,11300,15876,18678,19673,22224,15170,19218,4695,8792,266,289,645,1174,932,2088,1209,3103,1783,2691,1346,1265,8230,10892,4266,7910,107819,40242,13251,7638,44729,56,150,6,4
2021-05-02T23:59:59+02:00,4,3,1602,1804,3167,4548,4627,7116,7427,11290,15857,18666,19657,22216,15170,19216,4694,8792,266,286,642,1173,927,2085,1199,3097,1775,2684,1332,1258,8229,10887,4265,7910,107793,40219,13248,7636,44705,53,104,6,4
2021-05-01T23:59:59+02:00,4,3,1469,1662,2887,4298,4160,6756,6809,10807,13922,16786,19276,21820,15079,19100,4691,8776,264,286,639,1171,926,2082,1197,3095,1773,2680,1327,1254,8227,10885,4265,7910,100250,40188,13248,7636,44701,53,101,5,4
2021-04-30T23:59:59+02:00,3,3,1346,1512,2671,4075,3830,6360,6241,10212,12131,14747,18818,21280,14975,18958,4677,8766,259,285,632,1164,911,2074,1185,3085,1762,2667,1316,1245,8223,10880,4264,7909,92622,40142,13248,7636,44701,50,30,4,4
2021-04-29T23:59:59+02:00,2,3,1230,1447,2505,3949,3589,6156,5884,9909,10791,13470,18559,21003,14932,18888,4673,8760,258,281,627,1157,899,2068,1165,3080,1732,2631,1290,1221,8217,10871,4264,7909,87934,40110,13239,7503,44560,41,13,4,4
2021-04-28T23:59:59+02:00,2,3,1171,1441,2455,3930,3538,6132,5822,9876,10694,13402,18529,20969,14925,18872,4673,8757,258,280,625,1156,896,2066,1160,3076,1724,2630,1284,1203,7775,10351,4264,7909,87664,40089,13189,6517,44322,37,12,4,3
2021-04-27T23:59:59+02:00,2,3,1123,1414,2354,3886,3474,6105,5703,9821,10577,13326,18496,20930,14912,18857,4672,8755,257,280,623,1149,895,2064,1155,3073,1720,2626,1272,1186,7358,9769,4264,7909,87157,40069,13136,5486,44102,32,11,4,3
2021-04-26T23:59:59+02:00,2,3,1081,1385,2264,3794,3347,6005,5536,9701,10274,13067,18434,20876,14903,18839,4670,8755,256,279,622,1147,889,2061,1148,3070,1702,2616,1257,1173,7349,9749,4264,7909,85820,39982,13126,5465,43975,31,11,4,3
2021-04-25T23:59:59+02:00,2,3,1078,1383,2256,3792,3340,6001,5516,9694,10239,13037,18424,20864,14902,18833,4670,8754,255,279,622,1147,889,2061,1146,3070,1702,2616,1257,1173,7349,9747,4264,7909,85798,39980,13117,5463,43859,31,10,4,3
2021-04-24T23:59:59+02:00,2,2,1035,1266,2069,3254,3070,5385,5323,9282,9407,11992,17719,19968,14788,18674,4662,8743,253,278,621,1145,889,2060,1146,3069,1696,2611,1254,1168,7347,9746,4264,7908,79677,39954,13117,5459,43834,31,9,4,3
2021-04-23T23:59:59+02:00,1,2,1003,1182,1956,2907,2888,4834,5128,8853,8853,11270,16089,18110,14642,18468,4654,8720,253,278,620,1145,887,2058,1145,3069,1695,2610,1249,1163,7343,9744,4264,7907,72657,39940,13116,5448,43774,31,9,4,3
2021-04-22T23:59:59+02:00,1,2,998,1171,1936,2891,2868,4815,5071,8807,8741,11167,16018,18033,14616,18438,4652,8715,251,278,616,1144,884,2057,1137,3057,1680,2590,1225,1141,7338,9736,4264,7907,72609,39926,13060,5338,43258,30,9,4,3
2021-04-21T23:59:59+02:00,1,2,989,1163,1924,2878,2841,4789,5025,8752,8634,11044,15932,17949,14587,18404,4652,8710,246,275,606,1135,870,2027,1127,3032,1669,2565,1212,1128,7114,9418,4263,7907,72569,39919,13004,4635,42690,29,9,4,3
2021-04-20T23:59:59+02:00,1,2,962,1114,1872,2763,2768,4628,4932,8573,8460,10837,15701,17667,14528,18345,4645,8704,233,272,588,1114,844,1997,1098,3006,1634,2523,1192,1115,7106,9413,4262,7906,72533,39898,11875,4370,42081,25,9,4,2
2021-04-19T23:59:59+02:00,1,2,953,1105,1840,2743,2718,4603,4808,8512,8260,10726,15609,17569,14506,18326,4645,8698,227,264,570,1091,826,1965,1080,2963,1589,2468,1174,1096,7099,9410,4260,7905,72133,39864,11854,4090,41624,23,9,4,2
2021-04-18T23:59:59+02:00,1,2,950,1104,1835,2737,2710,4591,4790,8500,8220,10684,15560,17511,14496,18309,4644,8696,227,264,570,1090,825,1965,1080,2963,1589,2467,1174,1095,7097,9409,4259,7905,72087,39858,11851,4088,41389,23,9,4,2
2021-04-17T23:59:59+02:00,0,2,917,1090,1786,2699,2642,4512,4636,8359,7958,10455,13192,14611,14299,17957,4627,8660,225,264,570,1087,821,1959,1068,2956,1579,2447,1137,1053,6765,8993,4234,7857,65271,38905,11851,4077,41267,23,9,4,2
2021-04-16T23:59:59+02:00,0,2,911,1084,1774,2688,2600,4473,4544,8275,7778,10263,10361,11358,14026,17540,4608,8604,223,259,569,1084,816,1955,1058,2953,1571,2435,1126,1039,6759,8988,4231,7854,57999,38827,11849,4061,41028,23,9,4,1
2021-04-15T23:59:59+02:00,0,2,898,1079,1752,2674,2558,4440,4431,8214,7547,10062,10112,11139,13964,17474,4602,8590,221,259,569,1082,815,1953,1055,2950,1568,2432,1121,1035,6757,8986,4231,7854,57975,38813,11847,4044,39703,22,9,4,1
2021-04-14T23:59:59+02:00,0,2,879,1052,1694,2591,2469,4317,4240,8031,7273,9779,9738,10657,13815,17295,4596,8581,196,235,528,1031,792,1886,1020,2870,1518,2371,1095,1005,6753,8977,4231,7853,57942,38797,10899,3536,38155,19,9,4,1
2021-04-13T23:59:59+02:00,0,2,854,1030,1656,2539,2401,4234,4139,7894,7063,9563,9333,10139,13671,17128,4591,8569,160,211,493,982,752,1793,986,2760,1466,2301,1076,970,6737,8966,4230,7853,57898,38733,9953,2981,36942,13,9,4,1
2021-04-12T23:59:59+02:00,0,2,850,1028,1637,2536,2371,4221,4086,7843,6922,9391,9068,9825,13607,17069,4580,8553,149,197,465,942,729,1728,965,2688,1422,2251,1054,953,6721,8946,4227,7848,57840,38617,9923,2646,35813,13,9,4,1
2021-04-11T23:59:59+02:00,0,2,849,1027,1626,2536,2358,4219,4063,7831,6857,9330,8934,9660,13580,17021,4575,8544,149,197,465,940,729,1727,963,2688,1421,2251,1054,953,6719,8946,4227,7848,57828,38611,9921,2645,35250,12,9,4,1
2021-04-10T23:59:59+02:00,0,2,833,1022,1598,2507,2321,4190,3992,7773,6725,9213,8378,8925,12916,16168,4564,8502,146,197,463,937,723,1724,963,2681,1412,2244,1041,937,6250,8448,4212,7832,54494,37546,9920,2643,35202,12,9,4,1
2021-04-09T23:59:59+02:00,0,2,811,993,1558,2459,2254,4110,3839,7614,6378,8882,7856,8267,12101,15143,4494,8365,144,196,461,932,717,1717,955,2671,1397,2234,1019,916,6008,8178,4195,7805,50521,36885,9915,2639,34677,12,9,4,1
2021-04-08T23:59:59+02:00,0,2,802,983,1531,2435,2188,4061,3704,7527,6124,8582,7242,7612,11942,14943,4483,8348,144,193,456,929,712,1710,947,2661,1390,2221,1007,914,6005,8176,4194,7805,50488,36865,9891,2578,32117,12,9,4,1
2021-04-07T23:59:59+02:00,0,2,796,974,1505,2417,2130,4023,3617,7457,5892,8316,6689,6980,11335,14194,4471,8321,125,186,425,882,666,1641,891,2591,1340,2152,986,898,5997,8170,4193,7805,50461,36841,8733,2087,29913,12,8,4,1
2021-04-06T23:59:59+02:00,0,2,791,972,1491,2409,2101,4001,3544,7408,5711,8145,6243,6472,11133,13978,4456,8293,101,165,376,820,621,1566,848,2491,1288,2088,962,882,5979,8157,4191,7801,50391,36814,8549,1503,28199,12,7,4,1
2021-04-05T23:59:59+02:00,0,2,786,968,1475,2401,2077,3992,3493,7382,5568,8035,6041,6257,11066,13892,4450,8283,95,163,375,818,614,1557,840,2476,1275,2069,934,852,4887,6757,4112,7695,50193,34007,8545,1493,27419,12,7,4,1
2021-04-04T23:59:59+02:00,0,2,784,962,1473,2399,2073,3990,3476,7375,5558,8028,6030,6237,11052,13874,4448,8280,95,163,373,816,611,1552,833,2469,1260,2049,911,830,3885,5596,4046,7589,50178,31566,8543,1493,27309,12,7,4,1
2021-04-03T23:59:59+02:00,0,2,732,907,1391,2330,1950,3851,3215,7115,5098,7535,5687,5782,10881,13657,4422,8251,93,163,373,815,611,1550,832,2469,1260,2049,911,830,3885,5593,4046,7588,46945,31556,8543,1493,27307,12,7,4,1
2021-04-02T23:59:59+02:00,0,2,689,872,1336,2262,1852,3737,2959,6855,4584,7056,5297,5323,10784,13494,4417,8245,92,163,373,815,611,1550,830,2469,1258,2046,909,826,3882,5590,4045,7588,44023,31537,8542,1492,27189,12,6,4,1
2021-04-01T23:59:59+02:00,0,2,686,870,1325,2256,1832,3729,2930,6841,4510,6983,5188,5214,10745,13445,4416,8241,92,163,371,811,609,1547,830,2466,1254,2042,899,825,3878,5588,4044,7587,44006,31528,8398,1460,26799,12,6,4,1
2021-03-31T23:59:59+02:00,0,2,684,868,1318,2240,1824,3719,2902,6813,4447,6937,5049,5054,10236,12838,4412,8233,92,163,370,811,609,1547,830,2466,1252,2042,898,825,3878,5587,4044,7586,43994,31522,7271,1460,26302,12,6,3,1
2021-03-30T23:59:59+02:00,0,2,675,865,1300,2220,1794,3690,2866,6778,4361,6847,4882,4860,9711,12138,4405,8218,87,160,369,807,604,1544,825,2460,1244,2040,887,815,3870,5584,4043,7585,43968,31501,6086,1407,25549,10,6,3,1
2021-03-29T23:59:59+02:00,0,2,670,857,1287,2185,1777,3659,2835,6736,4291,6762,4683,4663,9625,12044,4402,8204,87,160,369,805,599,1540,823,2454,1240,2033,879,809,3862,5577,4043,7585,43900,31488,5869,1362,24904,9,6,3,1
2021-03-28T23:59:59+02:00,0,2,667,855,1284,2182,1762,3649,2820,6724,4257,6709,4587,4553,9588,11980,4397,8197,87,160,369,804,599,1540,821,2454,1238,2033,878,809,3861,5577,4043,7585,43878,31486,5860,1357,24466,9,6,3,1
2021-03-27T23:59:59+01:00,0,2,663,850,1275,2177,1746,3633,2792,6694,4094,6566,4011,4099,9359,11733,4384,8178,87,160,367,802,597,1538,819,2451,1230,2027,874,805,3683,5287,3942,7416,41935,30713,5856,1357,24456,9,6,3,1
2021-03-26T23:59:59+01:00,0,2,657,842,1267,2167,1725,3616,2766,6672,4018,6488,3606,3735,8762,11175,4371,8164,87,160,366,801,596,1535,815,2448,1221,2023,861,792,2966,4348,3733,7073,40003,28453,5843,1357,24179,9,6,2,1
2021-03-25T23:59:59+01:00,0,2,650,837,1254,2153,1706,3592,2707,6633,3935,6410,3431,3517,8652,11064,4366,8158,87,160,366,801,596,1535,815,2447,1220,2023,861,792,2965,4347,3732,7072,39990,28447,5736,1357,23333,9,6,2,1
2021-03-24T23:59:59+01:00,0,2,644,830,1221,2127,1661,3547,2629,6565,3779,6260,3113,3155,8245,10514,4357,8146,83,158,354,788,579,1517,782,2413,1170,1991,828,755,2956,4341,3732,7069,39968,28146,4979,1356,21840,8,6,2,1
2021-03-23T23:59:59+01:00,0,2,631,822,1196,2095,1619,3500,2548,6484,3630,6106,2734,2770,8029,10295,4350,8129,78,154,342,766,544,1486,721,2350,1068,1910,745,695,2920,4307,3728,7065,39926,27516,4689,1349,20318,8,6,1,1
2021-03-22T23:59:59+01:00,0,2,607,709,1160,2040,1586,3445,2495,6414,3490,5976,2492,2532,7699,9940,4334,8093,78,153,342,766,544,1484,720,2349,1065,1910,744,692,2916,4302,3727,7062,39458,27491,4365,1349,19184,8,6,1,1
2021-03-21T23:59:59+01:00,0,2,606,706,1154,2032,1575,3435,2478,6399,3452,5942,2350,2368,7606,9828,4326,8079,78,153,342,765,544,1484,720,2349,1065,1910,744,692,2916,4301,3727,7062,39454,27489,4351,1349,18526,8,6,1,1
2021-03-20T23:59:59+01:00,0,2,605,706,1152,2026,1568,3428,2472,6392,3435,5920,2318,2330,7116,9310,4310,8063,78,153,342,765,543,1484,718,2348,1065,1909,744,692,2916,4299,3725,7060,38415,27478,4339,1349,18392,8,6,1,1
2021-03-19T23:59:59+01:00,0,2,598,699,1138,2010,1533,3404,2402,6252,3372,5812,2135,2147,6808,8992,4291,8038,78,153,341,759,539,1481,713,2340,1054,1896,735,685,2493,3697,3311,6314,37811,25232,4323,1349,17492,2,6,1,1
2021-03-18T23:59:59+01:00,0,2,583,683,1118,1980,1506,3374,2362,6184,3299,5723,1983,1951,6689,8873,4285,8027,77,153,341,757,538,1481,712,2336,1051,1895,728,682,2443,3625,3284,6272,37791,25040,4312,1327,16512,2,6,1,1
2021-03-17T23:59:59+01:00,0,1,553,656,1073,1924,1469,3290,2285,6067,3147,5568,1727,1685,6523,8720,4275,8012,76,149,329,730,522,1437,690,2278,1013,1854,711,663,2203,3331,3203,6148,37719,24074,3788,1255,15461,2,6,1,1
2021-03-16T23:59:59+01:00,0,1,509,627,1033,1868,1418,3186,2220,5913,3031,5434,1531,1463,6389,8573,4265,7991,70,136,308,674,492,1360,661,2143,984,1726,662,613,2092,3197,3180,6064,37664,23331,3169,1024,14613,2,5,1,1
2021-03-15T23:59:59+01:00,0,1,497,616,1002,1822,1384,3118,2189,5828,2944,5350,1407,1328,5810,7887,4226,7928,67,129,293,616,477,1240,623,2013,944,1613,634,593,2055,3158,3167,6005,36431,22935,2814,690,14091,2,0,1,1
2021-03-14T23:59:59+01:00,0,1,492,610,992,1810,1381,3101,2173,5810,2910,5323,1364,1278,5418,7440,4203,7910,66,124,289,593,471,1213,617,1957,934,1588,634,593,2055,3158,3166,6003,35616,22929,2809,530,13790,2,0,1,1
2021-03-13T23:59:59+01:00,0,1,471,592,955,1763,1328,3037,1917,5221,2670,4910,1259,1165,4769,6593,4154,7835,66,124,288,590,469,1211,615,1955,933,1584,632,588,1694,2678,2643,5249,33948,20787,2805,530,11886,2,0,1,1
2021-03-12T23:59:59+01:00,0,1,455,571,935,1722,1298,2956,1713,4433,2463,4461,1189,1082,4073,5793,4107,7753,66,122,287,586,469,1208,613,1947,928,1578,629,581,1374,2140,2109,4455,32276,18561,2802,530,9926,1,0,1,1
2021-03-11T23:59:59+01:00,0,1,451,564,927,1710,1283,2939,1688,4399,2427,4425,1115,1027,4031,5757,4104,7749,66,114,281,564,455,1156,604,1898,909,1542,617,568,1368,2123,2100,4406,32244,18312,2707,458,9645,1,0,1,1
2021-03-10T23:59:59+01:00,0,1,430,553,881,1652,1229,2862,1615,4302,2361,4332,1082,1004,4015,5742,4103,7747,66,114,279,560,452,1149,599,1875,909,1537,611,560,1307,2037,2057,4350,32229,18028,2141,433,9540,1,0,1,1
2021-03-09T23:59:59+01:00,0,1,408,537,833,1602,1188,2799,1574,4219,2318,4279,1061,993,4009,5735,4102,7746,64,113,278,559,451,1138,597,1863,903,1532,609,554,1102,1728,1942,4178,32183,17204,1692,406,9528,1,0,1,1
2021-03-08T23:59:59+01:00,0,1,401,526,823,1588,1179,2783,1566,4194,2307,4266,1048,983,3972,5688,4100,7741,63,113,274,554,447,1132,596,1859,899,1530,609,554,1033,1637,1897,4135,32056,16949,1596,382,9513,1,0,1,1
2021-03-07T23:59:59+01:00,0,1,400,523,823,1587,1177,2781,1562,4188,2297,4261,1042,975,3966,5682,4099,7740,60,110,265,532,435,1106,581,1759,864,1455,608,554,929,1508,1847,4067,32040,16591,1557,89,9506,0,0,1,1
2021-03-06T23:59:59+01:00,0,1,392,507,804,1554,1154,2723,1521,4121,2104,3765,1013,938,3793,5411,4002,7579,60,110,265,532,435,1105,581,1759,864,1455,608,554,926,1507,1844,4066,31334,16582,1557,89,8490,0,0,1,1
2021-03-05T23:59:59+01:00,0,1,377,467,771,1450,1104,2506,1446,3908,1891,3095,983,893,3048,4452,3798,7240,60,109,264,529,432,1099,580,1754,860,1452,605,552,887,1448,1821,4028,29038,16391,1556,89,6835,0,0,1,1
2021-03-04T23:59:59+01:00,0,1,362,459,764,1430,1091,2483,1427,3879,1868,3076,970,889,3044,4448,3795,7238,60,108,261,526,428,1083,570,1732,859,1444,603,550,850,1394,1798,3993,29025,16233,1518,26,6680,0,0,1,1
2021-03-03T23:59:59+01:00,0,1,351,427,745,1379,1060,2400,1377,3725,1790,2979,937,845,3034,4442,3795,7235,59,107,258,524,427,1079,568,1723,856,1440,603,549,830,1341,1713,3848,28712,15901,1518,24,6291,0,0,1,1
2021-03-02T23:59:59+01:00,0,1,345,418,729,1355,1012,2355,1308,3641,1674,2883,849,779,2992,4405,3789,7230,59,107,257,520,426,1071,568,1717,856,1436,602,549,830,1341,1713,3848,28075,15876,1455,24,6234,0,0,1,1
2021-03-01T23:59:59+01:00,0,1,341,404,722,1308,999,2297,1288,3559,1648,2834,831,770,2984,4395,3789,7230,59,106,256,516,421,1057,564,1704,847,1428,601,547,734,1189,1659,3768,28035,15432,1406,24,5958,0,0,1,1
2021-02-28T23:59:59+01:00,0,1,336,391,714,1269,986,2221,1276,3472,1626,2755,827,760,2982,4391,3788,7228,59,106,256,516,421,1056,564,1704,845,1428,601,546,637,1065,1613,3688,28024,15082,1403,23,5595,0,0,1,1
2021-02-27T23:59:59+01:00,0,1,327,371,700,1244,966,2184,1241,3403,1603,2702,810,745,2979,4391,3787,7228,59,106,256,516,421,1056,563,1704,844,1428,601,546,637,1064,1613,3688,28022,15079,1403,23,5256,0,0,1,1
2021-02-26T23:59:59+01:00,0,1,302,318,652,1179,902,2066,1151,3237,1499,2563,781,722,2550,3786,3370,6462,59,106,253,514,421,1054,561,1702,841,1422,597,544,630,1052,1604,3669,25759,15006,1403,23,4378,0,0,1,1
2021-02-25T23:59:59+01:00,0,1,297,305,639,1147,881,2024,1132,3171,1481,2518,778,719,2504,3713,3340,6418,57,104,249,506,421,1050,556,1692,838,1411,591,539,553,942,1560,3613,25539,14661,1403,21,4125,0,0,1,1
2021-02-24T23:59:59+01:00,0,1,278,295,588,1101,834,1957,1074,3076,1437,2460,761,700,2264,3411,3258,6288,56,100,245,499,415,1032,547,1670,835,1391,584,528,540,922,1549,3591,24556,14489,1403,15,3823,0,0,1,1
2021-02-23T23:59:59+01:00,0,1,265,275,560,1044,797,1880,1006,2927,1365,2358,710,650,2153,3276,3235,6198,56,98,243,493,415,1016,537,1638,828,1369,575,522,525,875,1538,3547,23768,14260,1398,15,3533,0,0,1,1
2021-02-22T23:59:59+01:00,0,1,261,269,548,982,777,1804,981,2833,1329,2298,687,630,2126,3241,3227,6141,56,97,237,487,413,1003,528,1622,824,1344,561,510,507,850,1532,3497,23379,14053,1398,15,3357,0,0,1,1
2021-02-21T23:59:59+01:00,0,1,258,261,539,957,764,1767,973,2785,1299,2272,687,628,2124,3241,3226,6140,56,97,236,487,413,1003,528,1622,824,1343,561,509,507,850,1532,3496,23373,14049,1398,15,3150,0,0,1,1
2021-02-20T23:59:59+01:00,0,1,174,230,468,908,696,1690,903,2696,1214,2173,672,613,1756,2727,2677,5346,56,97,236,487,413,1003,528,1621,824,1343,561,509,507,850,1532,3496,21123,14048,1398,15,2422,0,0,1,1
2021-02-19T23:59:59+01:00,0,1,83,167,357,827,570,1557,770,2547,1078,2021,656,592,1454,2215,2142,4557,56,97,236,487,413,1002,528,1621,824,1342,561,509,500,847,1531,3490,18942,14030,1398,14,1253,0,0,1,1
2021-02-18T23:59:59+01:00,0,1,80,162,345,777,549,1468,737,2407,1045,1954,641,582,1445,2197,2133,4508,53,90,231,465,399,937,513,1541,805,1268,547,495,494,829,1530,3473,18705,13656,1373,14,952,0,0,1,1
2021-02-17T23:59:59+01:00,0,1,79,154,331,754,540,1435,708,2314,1009,1855,635,572,1387,2110,2087,4459,53,87,229,456,391,899,502,1476,786,1186,534,483,492,827,1530,3473,18447,13390,1300,14,682,0,0,1,1
2021-02-16T23:59:59+01:00,0,1,74,148,316,715,512,1362,676,2206,984,1750,625,565,1143,1766,1969,4282,52,78,228,451,385,869,489,1411,760,1119,513,470,490,827,1527,3472,17541,13139,1062,2,490,0,0,1,1
2021-02-15T23:59:59+01:00,0,1,69,132,290,612,477,1221,621,1993,934,1591,616,563,1060,1660,1918,4220,52,78,226,446,381,863,488,1407,757,1112,513,470,489,824,1526,3469,17216,13101,724,0,37,0,0,1,1
2021-02-14T23:59:59+01:00,0,1,68,125,285,587,472,1192,610,1939,920,1569,616,563,963,1537,1873,4164,52,78,226,446,381,863,488,1405,757,1112,513,470,489,824,1526,3469,16892,13099,569,0,22,0,0,1,1
2021-02-13T23:59:59+01:00,0,1,68,124,285,586,471,1188,609,1937,918,1566,615,562,962,1528,1869,4161,52,78,226,445,379,858,487,1400,755,1111,511,468,472,786,1271,3011,16858,12310,569,0,22,0,0,1,1
2021-02-12T23:59:59+01:00,0,1,67,124,284,585,467,1184,609,1934,915,1565,612,561,923,1477,1849,4121,52,78,226,441,376,849,482,1391,749,1105,504,460,454,747,925,2319,16689,11158,569,0,19,0,0,1,1
2021-02-11T23:59:59+01:00,0,1,67,117,281,574,454,1157,603,1908,908,1553,611,560,881,1419,1827,4084,52,75,211,411,362,802,466,1318,734,1073,501,459,454,747,924,2318,16513,10908,486,0,5,0,0,1,0
2021-02-10T23:59:59+01:00,0,1,66,117,277,571,452,1152,599,1892,903,1549,611,560,872,1403,1806,4040,51,65,177,334,308,699,416,1146,655,979,466,447,449,746,924,2317,16411,10180,458,0,1,0,0,1,0
2021-02-09T23:59:59+01:00,0,1,64,115,271,568,449,1139,598,1878,897,1543,610,559,860,1368,1741,3937,43,53,124,256,232,548,335,944,553,825,431,436,445,745,922,2317,16167,9210,430,0,0,0,0,1,0
2021-02-08T23:59:59+01:00,0,1,63,115,268,559,446,1132,597,1863,891,1535,609,557,759,1218,1687,3855,38,43,86,166,169,410,269,706,492,690,423,429,441,742,921,2317,15749,8343,405,0,0,0,0,1,0
2021-02-07T23:59:59+01:00,0,1,60,112,259,536,431,1101,581,1760,856,1456,608,556,656,1091,1640,3772,37,42,82,164,166,403,264,693,487,679,421,428,441,742,921,2316,15379,8287,96,0,0,0,0,1,0
2021-02-06T23:59:59+01:00,0,1,60,112,258,536,431,1101,579,1759,854,1453,605,554,654,1082,1634,3765,34,41,81,161,163,393,260,685,476,671,413,427,405,694,687,1935,15341,7527,96,0,0,0,0,1,0
2021-02-05T23:59:59+01:00,0,1,60,112,256,533,431,1099,578,1758,852,1451,603,554,644,1075,1628,3754,32,39,77,155,158,385,252,666,459,661,407,427,399,669,299,1313,15292,6399,96,0,0,0,0,1,0
2021-02-04T23:59:59+01:00,0,1,58,110,251,526,425,1083,562,1731,848,1437,596,545,560,958,1580,3696,31,36,73,150,152,374,238,645,442,647,402,421,394,662,297,1308,14938,6273,28,0,0,0,0,1,0
2021-02-03T23:59:59+01:00,0,1,57,105,247,519,424,1063,559,1716,846,1422,592,535,550,948,1577,3683,24,28,59,118,119,275,174,505,333,497,300,321,319,521,226,1047,14817,4867,26,0,0,0,0,1,0
2021-02-02T23:59:59+01:00,0,1,57,103,244,513,424,1045,547,1683,838,1398,579,526,539,903,1568,3639,17,21,40,77,83,181,122,341,218,358,211,215,203,327,162,693,14580,3270,26,0,0,0,0,1,0
2021-02-01T23:59:59+01:00,0,1,57,101,240,505,422,1029,539,1662,834,1375,571,520,522,874,1560,3595,7,11,20,40,45,93,65,168,94,161,99,98,85,152,70,307,14380,1515,26,0,0,0,0,1,0
2021-01-31T23:59:59+01:00,0,1,57,101,239,504,420,1025,537,1657,831,1372,571,519,522,874,1560,3594,7,11,18,36,40,79,61,142,81,146,95,98,84,151,68,306,14358,1423,25,0,0,0,0,1,0
2021-01-30T23:59:59+01:00,0,1,57,101,239,504,420,1025,537,1657,831,1372,571,519,522,874,1560,3594,7,11,18,36,40,79,61,142,81,146,95,97,84,151,68,306,14358,1422,25,0,0,0,0,1,0
2021-01-29T23:59:59+01:00,0,1,57,101,239,504,420,1025,537,1657,831,1372,571,519,522,874,1560,3594,7,11,18,36,40,79,61,142,81,146,95,97,84,151,68,306,14358,1422,25,0,0,0,0,1,0
2021-01-28T23:59:59+01:00,0,1,55,93,235,476,408,959,519,1571,809,1290,558,504,516,857,1558,3580,3,2,4,6,11,13,19,34,21,31,16,20,19,33,17,91,13969,340,19,0,0,0,0,1,0
2021-01-27T23:59:59+01:00,0,1,53,89,235,466,400,920,509,1505,789,1207,546,491,514,855,1558,3580,3,2,4,6,9,13,19,33,21,30,16,20,19,33,17,91,13700,336,17,0,0,0,0,1,0
2021-01-26T23:59:59+01:00,0,1,52,83,231,463,393,891,498,1437,764,1140,524,478,512,855,1558,3580,1,2,4,6,9,12,17,29,17,25,14,18,17,31,17,84,13443,303,16,0,0,0,0,1,0
2021-01-25T23:59:59+01:00,0,1,52,83,228,458,390,885,498,1434,762,1135,524,478,512,854,1558,3578,0,0,0,0,0,0,0,0,0,0,1,1,0,2,0,0,13414,4,15,0,0,0,0,1,0
2021-01-24T23:59:59+01:00,0,1,52,83,228,458,390,885,498,1433,762,1135,524,478,512,854,1558,3578,0,0,0,0,0,0,0,0,0,0,1,1,0,2,0,0,13413,4,15,0,0,0,0,1,0
2021-01-23T23:59:59+01:00,0,1,52,83,228,457,389,881,498,1427,761,1133,521,476,495,816,1305,3110,0,0,0,0,0,0,0,0,0,0,1,1,0,2,0,0,12617,4,15,0,0,0,0,1,0
2021-01-22T23:59:59+01:00,0,1,52,83,227,453,385,871,493,1417,756,1125,515,468,478,775,947,2395,0,0,0,0,0,0,0,0,0,0,1,1,0,2,0,0,11426,4,15,0,0,0,0,0,0
2021-01-21T23:59:59+01:00,0,1,52,80,209,420,358,815,466,1318,730,1091,511,468,478,775,946,2394,0,0,0,0,0,0,0,0,0,0,1,1,0,2,0,0,11097,4,15,0,0,0,0,0,0
2021-01-20T23:59:59+01:00,0,1,50,70,181,349,317,730,424,1164,660,1000,475,457,473,775,946,2393,0,0,0,0,0,0,0,0,0,0,1,1,0,2,0,0,10450,4,15,0,0,0,0,0,0
2021-01-19T23:59:59+01:00,0,1,44,57,135,272,244,571,347,982,570,860,440,445,469,773,946,2393,0,0,0,0,0,0,0,0,0,0,1,0,0,2,0,0,9542,3,7,0,0,0,0,0,0
2021-01-18T23:59:59+01:00,0,1,40,44,86,173,175,421,278,719,499,703,431,438,466,768,944,2393,0,0,0,0,0,0,0,0,0,0,0,0,0,1,0,0,8579,1,0,0,0,0,0,0,0
2021-01-17T23:59:59+01:00,0,1,37,43,83,169,171,413,274,708,494,690,429,438,466,768,944,2392,0,0,0,0,0,0,0,0,0,0,0,0,0,0,0,0,8520,0,0,0,0,0,0,0,0
2021-01-16T23:59:59+01:00,0,1,34,42,81,167,167,404,267,701,479,682,421,437,427,721,704,2007,0,0,0,0,0,0,0,0,0,0,0,0,0,0,0,0,7742,0,0,0,0,0,0,0,0
2021-01-15T23:59:59+01:00,0,1,32,40,78,160,164,398,260,684,465,674,415,436,422,697,310,1376,0,0,0,0,0,0,0,0,0,0,0,0,0,0,0,0,6612,0,0,0,0,0,0,0,0
2021-01-14T23:59:59+01:00,0,1,32,38,77,156,159,393,252,675,454,666,412,434,422,696,310,1376,0,0,0,0,0,0,0,0,0,0,0,0,0,0,0,0,6553,0,0,0,0,0,0,0,0
2021-01-13T23:59:59+01:00,0,0,24,31,61,123,124,298,192,541,346,523,315,333,348,551,239,1107,0,0,0,0,0,0,0,0,0,0,0,0,0,0,0,0,5156,0,0,0,0,0,0,0,0
2021-01-12T23:59:59+01:00,0,0,17,24,45,85,89,210,139,391,236,387,225,227,227,355,173,750,0,0,0,0,0,0,0,0,0,0,0,0,0,0,0,0,3580,0,0,0,0,0,0,0,0
2021-01-11T23:59:59+01:00,0,0,9,15,26,44,59,134,88,220,124,205,112,107,99,172,80,333,0,0,0,0,0,0,0,0,0,0,0,0,0,0,0,0,1827,0,0,0,0,0,0,0,0
2021-01-10T23:59:59+01:00,0,0,8,15,22,41,52,106,80,179,105,172,106,104,95,170,77,333,0,0,0,0,0,0,0,0,0,0,0,0,0,0,0,0,1665,0,0,0,0,0,0,0,0
2021-01-09T23:59:59+01:00,0,0,8,15,22,41,52,106,80,179,105,172,106,103,95,170,77,333,0,0,0,0,0,0,0,0,0,0,0,0,0,0,0,0,1664,0,0,0,0,0,0,0,0
2021-01-08T23:59:59+01:00,0,0,8,14,21,40,50,100,75,168,99,169,103,99,90,161,75,325,0,0,0,0,0,0,0,0,0,0,0,0,0,0,0,0,1597,0,0,0,0,0,0,0,0
2021-01-07T23:59:59+01:00,0,0,3,3,4,7,11,14,20,34,23,34,17,20,20,34,19,95,0,0,0,0,0,0,0,0,0,0,0,0,0,0,0,0,358,0,0,0,0,0,0,0,0
2021-01-06T23:59:59+01:00,0,0,3,2,4,6,9,13,20,33,21,31,17,20,20,34,19,94,0,0,0,0,0,0,0,0,0,0,0,0,0,0,0,0,346,0,0,0,0,0,0,0,0
2021-01-05T23:59:59+01:00,0,0,3,2,4,6,9,13,20,33,21,31,17,20,20,34,19,94,0,0,0,0,0,0,0,0,0,0,0,0,0,0,0,0,346,0,0,0,0,0,0,0,0
2021-01-04T23:59:59+01:00,0,0,0,0,0,0,0,0,1,0,0,0,1,1,0,2,0,0,0,0,0,0,0,0,0,0,0,0,0,0,0,0,0,0,5,0,0,0,0,0,0,0,0
2021-01-03T23:59:59+01:00,0,0,0,0,0,0,0,0,1,0,0,0,1,1,0,2,0,0,0,0,0,0,0,0,0,0,0,0,0,0,0,0,0,0,5,0,0,0,0,0,0,0,0
2021-01-02T23:59:59+01:00,0,0,0,0,0,0,0,0,1,0,0,0,1,1,0,2,0,0,0,0,0,0,0,0,0,0,0,0,0,0,0,0,0,0,5,0,0,0,0,0,0,0,0
2021-01-01T23:59:59+01:00,0,0,0,0,0,0,0,0,1,0,0,0,1,1,0,2,0,0,0,0,0,0,0,0,0,0,0,0,0,0,0,0,0,0,5,0,0,0,0,0,0,0,0
2020-12-31T23:59:59+01:00,0,0,0,0,0,0,0,0,1,0,0,0,1,1,0,2,0,0,0,0,0,0,0,0,0,0,0,0,0,0,0,0,0,0,5,0,0,0,0,0,0,0,0
2020-12-30T23:59:59+01:00,0,0,0,0,0,0,0,0,1,0,0,0,1,1,0,2,0,0,0,0,0,0,0,0,0,0,0,0,0,0,0,0,0,0,5,0,0,0,0,0,0,0,0
2020-12-29T23:59:59+01:00,0,0,0,0,0,0,0,0,1,0,0,0,1,0,0,2,0,0,0,0,0,0,0,0,0,0,0,0,0,0,0,0,0,0,4,0,0,0,0,0,0,0,0
2020-12-28T23:59:59+01:00,0,0,0,0,0,0,0,0,0,0,0,0,1,0,0,1,0,0,0,0,0,0,0,0,0,0,0,0,0,0,0,0,0,0,2,0,0,0,0,0,0,0,0
2020-12-27T23:59:59+01:00,0,0,0,0,0,0,0,0,0,0,0,0,0,0,0,0,0,0,0,0,0,0,0,0,0,0,0,0,0,0,0,0,0,0,0,0,0,0,0,0,0,0,0
