Datum,<24_1_m,<24_1_w,25-34_1_m,25-34_1_w,35-44_1_m,35-44_1_w,45-54_1_m,45-54_1_w,55-64_1_m,55-64_1_w,65-74_1_m,65-74_1_w,75-84_1_m,75-84_1_w,>84_1_m,>84_1_w,<24_2_m,<24_2_w,25-34_2_m,25-34_2_w,35-44_2_m,35-44_2_w,45-54_2_m,45-54_2_w,55-64_2_m,55-64_2_w,65-74_2_m,65-74_2_w,75-84_2_m,75-84_2_w,>84_2_m,>84_2_w,bp_1,bp_2,mo_1,mo_2,az_1,az_2,ja
2021-05-11T23:59:59+02:00,2385,2672,4160,5658,6085,8702,11106,14833,21793,24260,20099,22612,14480,18902,4024,7873,562,591,1011,1628,1378,2801,1861,4118,2694,3464,2490,2359,9799,13000,3596,6914,125025,43375,18033,9409,44678,3574,1908
2021-05-10T23:59:59+02:00,2335,2590,4068,5535,5963,8550,10258,14040,21479,23986,20029,22531,14447,18854,4017,7863,546,555,977,1570,1309,2710,1769,3952,2621,3387,2470,2342,9792,12984,3594,6911,123982,43370,16193,9233,44583,3099,1787
2021-05-09T23:59:59+02:00,2302,2573,4033,5499,5911,8499,10188,13967,21421,23922,19996,22496,14435,18838,4015,7860,538,544,958,1525,1285,2662,1737,3896,2591,3349,2462,2333,9792,12980,3594,6909,123579,43359,16188,9230,44490,2868,1698
2021-05-08T23:59:59+02:00,2225,2458,3831,5327,5663,8291,9769,13611,20400,23078,19825,22322,14410,18780,4010,7851,456,511,898,1479,1208,2597,1647,3783,2317,3114,1987,1947,9717,12914,3593,6909,119499,41934,16170,9215,44484,2230,1698
2021-05-07T23:59:59+02:00,2131,2326,3633,5151,5336,8004,9348,13203,19203,21854,19660,22120,14373,18733,4002,7835,353,444,786,1402,1086,2464,1514,3641,2140,2914,1558,1606,9345,12558,3592,6908,114612,40309,16168,9213,44465,1122,1667
2021-05-06T23:59:59+02:00,1926,2203,3356,4879,4891,7605,8680,12611,18018,20646,19344,21766,14287,18596,3993,7825,335,433,762,1377,1050,2410,1466,3565,2076,2852,1523,1550,9329,12535,3587,6905,108809,40291,16163,9207,44267,870,1387
2021-05-05T23:59:59+02:00,1849,2165,3283,4793,4813,7491,8545,12456,17860,20502,19225,21652,14215,18494,3973,7740,322,418,723,1327,984,2329,1380,3406,1972,2748,1433,1453,8922,11973,3582,6890,108054,40258,16022,8089,44079,614,901
2021-05-04T23:59:59+02:00,1820,2134,3244,4710,4756,7384,8197,12061,17400,20013,19141,21531,14143,18401,3948,7637,304,405,702,1294,964,2281,1305,3264,1873,2610,1369,1352,8858,11881,3578,6875,107366,40236,14683,7814,43976,370,495
2021-05-03T23:59:59+02:00,1811,2129,3236,4697,4717,7360,7817,11717,16830,19525,19085,21454,14119,18373,3943,7627,289,379,679,1213,916,2191,1238,3121,1776,2476,1306,1278,8836,11853,3575,6866,107286,40230,13095,7607,43937,33,122
2021-05-02T23:59:59+02:00,1809,2127,3232,4695,4711,7356,7806,11705,16812,19514,19069,21448,14119,18371,3942,7627,288,378,677,1212,910,2188,1229,3114,1768,2470,1292,1271,8835,11847,3574,6866,107260,40208,13093,7605,43914,30,76
2021-05-01T23:59:59+02:00,1659,1976,2934,4431,4230,6990,7174,11193,14875,17625,18755,21114,14042,18269,3939,7614,286,378,675,1210,909,2185,1227,3112,1765,2465,1288,1268,8833,11846,3574,6866,99744,40178,13092,7605,43910,30,74
2021-04-30T23:59:59+02:00,1513,1810,2732,4189,3883,6596,6576,10570,13051,15517,18405,20712,13957,18138,3926,7607,280,377,671,1205,899,2177,1217,3104,1757,2454,1278,1258,8829,11843,3573,6866,92161,40134,13092,7605,43910,30,19
2021-04-29T23:59:59+02:00,1383,1729,2556,4061,3643,6388,6194,10251,11689,14204,18214,20504,13929,18085,3923,7601,278,373,666,1200,890,2172,1193,3098,1726,2417,1255,1233,8825,11838,3573,6866,87491,40103,13084,7474,43776,23,3
2021-04-28T23:59:59+02:00,1313,1725,2513,4045,3598,6370,6125,10215,11606,14139,18185,20474,13923,18072,3923,7598,278,372,663,1199,888,2170,1190,3094,1720,2414,1249,1213,8384,11323,3573,6866,87248,40085,13034,6489,43540,20,2
2021-04-27T23:59:59+02:00,1260,1696,2408,4000,3537,6344,6002,10154,11505,14076,18155,20442,13913,18059,3921,7597,278,371,661,1193,887,2168,1187,3091,1716,2407,1235,1195,7974,10748,3573,6866,86747,40069,12981,5462,43339,17,2
2021-04-26T23:59:59+02:00,1209,1660,2318,3904,3413,6248,5826,10027,11197,13802,18119,20423,13905,18041,3919,7597,277,370,659,1193,883,2165,1179,3088,1698,2400,1221,1180,7969,10730,3573,6866,85420,39991,12971,5442,43215,16,2
2021-04-25T23:59:59+02:00,1206,1657,2310,3903,3407,6243,5808,10019,11163,13772,18112,20414,13904,18035,3919,7597,277,370,659,1193,882,2165,1179,3088,1698,2400,1221,1180,7969,10728,3573,6866,85400,39990,12964,5440,43103,16,2
2021-04-24T23:59:59+02:00,1155,1507,2114,3355,3135,5615,5627,9640,10110,12490,17628,19787,13812,17897,3913,7589,276,369,658,1192,882,2164,1179,3087,1692,2394,1217,1177,7968,10727,3573,6865,79330,39967,12964,5436,43079,16,1
2021-04-23T23:59:59+02:00,1118,1402,1992,2987,2952,5040,5414,9247,9281,11429,16293,18301,13687,17714,3908,7571,276,369,656,1192,881,2162,1178,3087,1691,2393,1212,1172,7965,10725,3573,6864,72353,39954,12963,5425,43019,16,1
2021-04-22T23:59:59+02:00,1112,1394,1975,2971,2932,5023,5348,9197,9170,11322,16233,18235,13666,17689,3906,7567,276,368,654,1192,878,2161,1170,3074,1670,2372,1190,1151,7963,10720,3573,6864,72313,39943,12912,5317,42514,15,1
2021-04-21T23:59:59+02:00,1103,1386,1959,2954,2909,5001,5297,9132,9051,11196,16152,18160,13650,17662,3906,7564,270,364,643,1182,865,2130,1158,3047,1661,2354,1178,1137,7741,10405,3572,6864,72271,39937,12855,4619,41955,14,1
2021-04-20T23:59:59+02:00,1070,1323,1912,2837,2835,4844,5192,8950,8777,10885,16027,17994,13601,17611,3899,7559,257,360,623,1158,838,2102,1132,3017,1625,2319,1161,1123,7733,10402,3572,6864,72202,39918,11730,4355,41383,12,1
2021-04-19T23:59:59+02:00,1059,1312,1875,2817,2793,4813,5048,8892,8587,10756,15943,17917,13584,17594,3899,7554,248,349,602,1137,822,2067,1110,2972,1583,2266,1144,1107,7728,10398,3570,6864,71805,39884,11708,4072,40929,10,1
2021-04-18T23:59:59+02:00,1057,1311,1871,2811,2784,4802,5032,8875,8540,10712,15899,17861,13578,17583,3898,7552,248,349,602,1137,821,2067,1110,2972,1583,2265,1144,1106,7726,10397,3569,6864,71762,39879,11706,4070,40697,10,1
2021-04-17T23:59:59+02:00,1022,1298,1822,2764,2709,4727,4881,8722,8137,10307,13684,15114,13415,17303,3885,7521,246,349,602,1133,817,2061,1099,2964,1571,2244,1105,1061,7390,9979,3553,6826,65028,38930,11706,4059,40576,10,1
2021-04-16T23:59:59+02:00,1014,1291,1811,2754,2667,4686,4779,8635,7958,10101,10913,11878,13233,17017,3871,7478,245,344,601,1130,812,2057,1090,2959,1562,2233,1094,1050,7384,9974,3552,6823,58038,38856,11704,4043,40343,10,1
2021-04-15T23:59:59+02:00,1002,1285,1784,2738,2620,4651,4667,8567,7715,9872,10684,11694,13190,16963,3865,7466,243,344,601,1128,811,2056,1087,2956,1559,2230,1089,1047,7382,9972,3552,6823,58018,38843,11702,4026,39042,10,1
2021-04-14T23:59:59+02:00,979,1258,1729,2657,2528,4533,4485,8389,7434,9573,10335,11259,13077,16821,3861,7456,213,317,562,1076,789,1988,1049,2874,1516,2172,1065,1020,7378,9964,3552,6823,57986,38828,10868,3520,37519,9,1
2021-04-13T23:59:59+02:00,952,1233,1692,2600,2454,4449,4380,8245,7218,9348,9938,10766,12952,16663,3856,7445,173,291,528,1024,749,1887,1013,2771,1468,2105,1046,986,7364,9956,3552,6823,57910,38766,9927,2966,36353,3,1
2021-04-12T23:59:59+02:00,949,1230,1676,2597,2423,4433,4327,8192,7061,9163,9691,10477,12910,16616,3845,7432,158,272,501,985,725,1817,989,2701,1426,2062,1026,968,7348,9940,3549,6818,57855,38651,9897,2630,35269,3,1
2021-04-11T23:59:59+02:00,947,1229,1666,2597,2411,4431,4305,8177,6991,9093,9567,10327,12884,16574,3841,7428,158,271,501,984,724,1816,988,2701,1425,2062,1026,968,7346,9940,3549,6818,57843,38645,9895,2629,34729,2,1
2021-04-10T23:59:59+02:00,929,1219,1638,2571,2373,4402,4233,8113,6850,8971,8629,9126,12617,16207,3832,7390,155,269,500,982,719,1814,988,2695,1416,2054,1012,954,6877,9440,3537,6804,54524,37584,9894,2629,34681,2,1
2021-04-09T23:59:59+02:00,906,1188,1598,2523,2300,4321,4053,7933,6513,8641,7884,8163,12047,15514,3774,7278,152,268,498,976,714,1805,980,2687,1399,2042,993,935,6629,9164,3524,6783,50578,36921,9891,2625,34166,2,1
2021-04-08T23:59:59+02:00,895,1177,1567,2501,2235,4270,3912,7835,6220,8299,7299,7528,11917,15367,3765,7260,152,265,492,973,710,1797,972,2676,1391,2032,981,933,6626,9162,3524,6783,50549,36901,9867,2565,31630,2,1
2021-04-07T23:59:59+02:00,888,1166,1540,2482,2179,4230,3820,7759,5964,8003,6741,6919,11362,14655,3754,7236,133,253,457,922,665,1731,915,2602,1345,1970,964,919,6620,9157,3523,6783,50524,36878,8717,2078,29456,2,1
2021-04-06T23:59:59+02:00,884,1164,1521,2475,2150,4207,3744,7702,5753,7814,6299,6421,11201,14466,3743,7210,110,232,404,857,624,1648,866,2507,1294,1911,941,902,6605,9145,3521,6779,50458,36851,8534,1492,27761,2,1
2021-04-05T23:59:59+02:00,876,1160,1506,2468,2127,4197,3689,7676,5595,7688,6109,6214,11146,14393,3739,7203,104,229,403,856,617,1639,859,2490,1277,1893,914,863,5468,7698,3491,6732,50264,34048,8530,1482,26991,2,1
2021-04-04T23:59:59+02:00,875,1156,1504,2466,2121,4195,3673,7669,5583,7679,6097,6192,11135,14379,3738,7200,104,229,401,854,612,1634,854,2483,1262,1872,891,830,4423,6500,3467,6678,50251,31609,8529,1482,26881,2,1
2021-04-03T23:59:59+02:00,813,1099,1423,2390,2001,4053,3385,7378,5142,7208,5756,5751,10993,14188,3716,7178,102,229,401,853,612,1632,853,2483,1262,1872,891,830,4423,6496,3467,6678,47064,31599,8529,1482,26880,2,1
2021-04-02T23:59:59+02:00,769,1058,1363,2324,1894,3927,3096,7102,4644,6713,5374,5308,10923,14068,3714,7172,102,229,401,853,612,1632,852,2483,1260,1871,890,827,4421,6494,3467,6678,44155,31589,8528,1481,26766,2,0
2021-04-01T23:59:59+02:00,765,1056,1353,2321,1875,3919,3064,7086,4567,6634,5265,5201,10894,14026,3713,7170,101,229,399,849,611,1629,851,2480,1257,1867,880,826,4417,6491,3466,6678,44144,31580,8386,1449,26379,2,0
2021-03-31T23:59:59+02:00,763,1052,1345,2308,1863,3907,3037,7056,4502,6578,5122,5040,10395,13433,3710,7165,101,229,398,849,611,1629,851,2480,1255,1867,879,826,4416,6490,3466,6677,44135,31573,7259,1449,25882,2,0
2021-03-30T23:59:59+02:00,754,1047,1326,2288,1831,3876,2997,7020,4416,6484,4957,4844,9898,12760,3703,7153,97,225,398,845,606,1626,845,2475,1248,1864,870,818,4409,6486,3465,6677,44113,31557,6075,1396,25166,1,0
2021-03-29T23:59:59+02:00,749,1039,1314,2251,1810,3845,2967,6979,4344,6388,4757,4657,9833,12685,3701,7142,97,225,398,842,602,1623,844,2468,1244,1858,861,810,4402,6482,3465,6677,44046,31545,5860,1352,24555,1,0
2021-03-28T23:59:59+02:00,746,1037,1310,2248,1796,3835,2949,6964,4305,6327,4661,4545,9802,12630,3695,7135,97,225,398,841,602,1623,842,2468,1242,1858,860,810,4401,6482,3465,6677,44024,31543,5851,1347,24110,1,0
2021-03-27T23:59:59+01:00,742,1032,1302,2240,1776,3820,2923,6936,4077,6141,4148,4117,9591,12405,3687,7120,97,225,395,839,601,1621,839,2465,1235,1852,856,806,4171,6101,3412,6598,42110,30765,5847,1347,24100,1,0
2021-03-26T23:59:59+01:00,735,1024,1294,2230,1757,3802,2894,6911,3989,6040,3622,3679,9123,11947,3678,7107,97,225,394,838,600,1618,835,2462,1225,1846,845,790,3372,5054,3284,6364,40173,28501,5834,1347,23825,1,0
2021-03-25T23:59:59+01:00,728,1018,1281,2217,1735,3774,2833,6871,3898,5953,3441,3462,9039,11855,3673,7105,97,225,394,838,600,1618,834,2461,1225,1846,845,790,3370,5053,3284,6363,40161,28495,5727,1347,22995,1,0
2021-03-24T23:59:59+01:00,718,1009,1249,2192,1688,3724,2752,6794,3733,5791,3105,3103,8679,11345,3664,7094,93,223,382,823,581,1598,801,2429,1170,1815,818,753,3362,5048,3284,6361,40139,28194,4974,1346,21527,1,0
2021-03-23T23:59:59+01:00,705,999,1220,2157,1642,3676,2667,6707,3572,5619,2725,2710,8495,11169,3657,7078,88,219,369,797,543,1566,735,2365,1066,1733,735,696,3336,5016,3281,6359,40099,27563,4684,1340,20015,1,0
2021-03-22T23:59:59+01:00,676,878,1181,2110,1612,3620,2608,6630,3426,5480,2473,2472,8198,10829,3644,7048,88,218,369,797,543,1564,734,2364,1063,1732,733,693,3333,5011,3280,6357,39632,27538,4357,1340,18896,1,0
2021-03-21T23:59:59+01:00,675,873,1176,2103,1601,3612,2590,6614,3381,5438,2324,2306,8127,10741,3637,7035,88,218,369,796,543,1564,734,2364,1063,1732,733,693,3333,5010,3280,6357,39628,27536,4343,1340,18262,1,0
2021-03-20T23:59:59+01:00,674,873,1174,2095,1596,3607,2584,6607,3360,5415,2294,2267,7636,10226,3624,7020,88,218,369,796,542,1564,733,2363,1063,1731,733,693,3333,5009,3278,6355,38590,27527,4332,1340,18130,1,0
2021-03-19T23:59:59+01:00,666,866,1161,2080,1564,3586,2516,6454,3296,5326,2111,2087,7341,9918,3610,6999,88,218,369,790,538,1562,728,2354,1053,1721,724,686,2799,4259,2967,5755,37984,25270,4316,1340,17281,1,0
2021-03-18T23:59:59+01:00,651,849,1142,2049,1533,3553,2478,6380,3221,5236,1940,1883,7243,9818,3608,6989,87,218,369,789,538,1562,727,2350,1049,1720,716,683,2739,4178,2952,5722,37964,25080,4305,1318,16304,1,0
2021-03-17T23:59:59+01:00,617,818,1099,1991,1496,3466,2391,6257,3066,5074,1675,1618,7111,9690,3599,6976,85,212,357,763,522,1512,705,2296,1010,1682,698,661,2479,3866,2893,5622,37893,24114,3782,1248,15269,1,0
2021-03-16T23:59:59+01:00,571,786,1058,1934,1446,3349,2317,6111,2951,4929,1467,1395,7007,9563,3590,6959,79,193,334,705,494,1429,672,2154,981,1574,645,611,2370,3726,2875,5547,37839,23371,3164,1017,14430,1,0
2021-03-15T23:59:59+01:00,555,769,1030,1890,1409,3275,2282,6027,2863,4846,1341,1260,6423,8873,3568,6915,76,181,321,645,478,1311,636,2027,938,1461,618,592,2332,3684,2864,5491,36605,22970,2807,684,13914,1,0
2021-03-14T23:59:59+01:00,550,764,1020,1877,1406,3259,2265,6009,2827,4817,1298,1205,6022,8431,3557,6904,75,176,317,622,472,1283,630,1966,928,1442,618,592,2332,3683,2863,5490,35791,22964,2802,524,13618,1,0
2021-03-13T23:59:59+01:00,528,742,981,1831,1350,3193,2000,5370,2600,4460,1195,1095,5344,7548,3540,6875,75,176,316,619,470,1282,628,1964,928,1438,615,587,1878,3056,2440,4888,34115,20835,2799,524,11738,1,0
2021-03-12T23:59:59+01:00,510,717,962,1787,1313,3094,1783,4515,2407,4095,1126,1022,4625,6710,3526,6839,75,174,315,615,470,1278,624,1958,925,1432,612,582,1476,2388,1987,4228,32441,18614,2796,524,9794,1,0
2021-03-11T23:59:59+01:00,506,710,952,1775,1299,3073,1757,4482,2370,4058,1052,969,4587,6677,3524,6837,75,165,308,594,457,1224,614,1909,903,1398,603,569,1471,2370,1978,4179,32408,18364,2703,452,9517,1,0
2021-03-10T23:59:59+01:00,484,695,903,1711,1244,3001,1681,4380,2309,3973,1020,947,4574,6665,3523,6835,74,165,306,589,455,1218,610,1887,903,1393,595,559,1404,2273,1943,4135,32394,18080,2137,428,9414,1,0
2021-03-09T23:59:59+01:00,463,677,852,1661,1206,2929,1634,4301,2267,3926,1006,939,4568,6658,3522,6834,72,163,305,587,454,1209,608,1875,897,1387,593,551,1171,1928,1855,3998,32352,17251,1689,401,9402,1,0
2021-03-08T23:59:59+01:00,456,666,842,1645,1196,2914,1628,4275,2255,3914,995,928,4534,6614,3520,6830,71,161,302,585,450,1203,606,1871,894,1385,593,551,1089,1828,1823,3965,32231,16998,1593,378,9388,1,0
2021-03-07T23:59:59+01:00,455,663,842,1644,1193,2912,1625,4268,2245,3908,988,920,4528,6610,3519,6829,68,157,292,564,438,1169,588,1767,863,1323,592,551,977,1681,1782,3913,32214,16639,1554,86,9381,0,0
2021-03-06T23:59:59+01:00,446,643,823,1611,1169,2858,1580,4186,2053,3425,964,892,4303,6249,3472,6757,68,157,292,564,438,1168,588,1767,863,1323,592,551,974,1680,1779,3912,31498,16630,1554,86,8379,0,0
2021-03-05T23:59:59+01:00,430,595,790,1506,1114,2634,1495,3960,1844,2770,946,866,3477,5179,3348,6528,68,156,291,561,434,1162,587,1762,861,1319,587,549,934,1618,1761,3882,29195,16446,1553,86,6734,0,0
2021-03-04T23:59:59+01:00,415,586,781,1487,1102,2610,1473,3930,1824,2752,933,863,3471,5175,3347,6527,68,155,288,557,431,1144,578,1742,860,1311,585,548,888,1555,1747,3856,29182,16289,1513,24,6581,0,0
2021-03-03T23:59:59+01:00,404,547,762,1428,1070,2525,1424,3779,1742,2664,906,820,3462,5171,3347,6525,67,155,285,553,430,1141,576,1733,857,1308,585,547,856,1495,1671,3718,28869,15955,1513,22,6194,0,0
2021-03-02T23:59:59+01:00,398,537,746,1398,1020,2480,1349,3693,1625,2569,817,758,3429,5134,3343,6523,66,155,285,548,429,1135,576,1725,857,1306,584,547,856,1495,1671,3718,28231,15931,1450,22,6138,0,0
2021-03-01T23:59:59+01:00,391,522,742,1347,1005,2417,1329,3618,1600,2520,800,749,3421,5128,3343,6523,66,153,284,545,420,1121,576,1710,847,1300,584,545,746,1317,1631,3663,28192,15486,1401,22,5862,0,0
2021-02-28T23:59:59+01:00,386,508,733,1302,993,2339,1313,3536,1581,2441,796,743,3420,5124,3342,6522,66,153,284,545,420,1120,576,1710,846,1300,584,544,639,1168,1596,3607,28182,15136,1398,22,5499,0,0
2021-02-27T23:59:59+01:00,375,484,719,1281,974,2299,1281,3473,1556,2402,782,734,3419,5124,3342,6522,66,153,284,545,420,1120,575,1710,845,1300,584,544,639,1167,1596,3607,28181,15133,1398,22,5188,0,0
2021-02-26T23:59:59+01:00,345,424,672,1219,908,2183,1191,3317,1462,2283,759,718,2877,4367,3029,5904,66,153,281,543,420,1118,573,1707,842,1295,579,541,632,1153,1589,3591,25902,15061,1398,22,4358,0,0
2021-02-25T23:59:59+01:00,342,409,658,1191,888,2139,1171,3244,1446,2248,757,716,2818,4285,3013,5870,64,149,277,536,420,1115,568,1694,839,1287,571,535,551,1034,1550,3548,25685,14718,1398,20,4112,0,0
2021-02-24T23:59:59+01:00,317,392,612,1145,835,2066,1113,3152,1407,2196,739,694,2559,3964,2952,5764,63,145,273,526,414,1100,561,1672,836,1270,564,524,537,1013,1540,3529,24699,14553,1398,14,3810,0,0
2021-02-23T23:59:59+01:00,299,367,584,1088,799,1978,1032,2995,1345,2115,686,643,2447,3822,2935,5684,63,143,271,519,414,1081,551,1642,828,1251,553,516,525,962,1530,3486,23906,14321,1393,14,3520,0,0
2021-02-22T23:59:59+01:00,294,354,570,1027,782,1901,1005,2902,1309,2056,665,623,2419,3785,2928,5629,62,142,266,513,412,1067,542,1619,822,1233,538,502,507,936,1525,3435,23511,14107,1393,14,3345,0,0
2021-02-21T23:59:59+01:00,291,343,563,1005,769,1858,997,2856,1279,2035,665,621,2417,3785,2927,5628,62,142,265,513,412,1067,542,1619,822,1231,538,502,507,936,1525,3434,23505,14103,1393,14,3141,0,0
2021-02-20T23:59:59+01:00,194,308,500,951,704,1787,922,2750,1196,1955,655,608,1953,3120,2479,4989,62,142,265,513,412,1067,542,1618,822,1231,538,502,507,936,1525,3434,21264,14102,1393,14,2414,0,0
2021-02-19T23:59:59+01:00,94,235,385,871,581,1644,787,2606,1069,1809,646,594,1563,2472,2023,4335,62,142,265,513,412,1066,542,1618,822,1231,538,502,499,932,1523,3429,19072,14082,1393,14,1249,0,0
2021-02-18T23:59:59+01:00,90,223,374,827,558,1550,757,2466,1032,1747,635,583,1555,2453,2014,4286,59,133,259,484,397,1004,529,1538,800,1162,527,488,494,914,1521,3411,18834,13706,1367,14,949,0,0
2021-02-17T23:59:59+01:00,89,215,361,797,546,1518,724,2343,1004,1682,627,571,1490,2354,1976,4249,59,129,256,473,389,959,517,1474,783,1087,515,477,492,913,1521,3411,18574,13441,1294,14,678,0,0
2021-02-16T23:59:59+01:00,83,207,343,751,521,1444,691,2231,981,1592,617,562,1217,1972,1885,4108,57,120,256,466,381,926,504,1409,757,1022,495,467,491,913,1518,3410,17663,13190,1055,2,487,0,0
2021-02-15T23:59:59+01:00,77,182,317,644,483,1301,637,2018,933,1449,607,561,1120,1853,1850,4060,56,120,255,460,377,921,502,1404,756,1016,495,467,490,909,1517,3407,17341,13152,717,0,34,0,0
2021-02-14T23:59:59+01:00,76,176,314,619,477,1270,627,1961,919,1432,607,561,1015,1716,1812,4016,56,120,255,460,377,921,502,1402,756,1016,495,467,490,909,1517,3407,17014,13150,564,0,20,0,0
2021-02-13T23:59:59+01:00,76,175,314,618,475,1266,626,1959,919,1428,606,560,1015,1712,1809,4014,56,119,255,460,375,917,501,1397,754,1014,493,466,472,865,1263,2949,16988,12356,564,0,20,0,0
2021-02-12T23:59:59+01:00,76,175,313,617,471,1262,626,1956,916,1427,601,559,974,1652,1793,3982,56,119,255,455,372,910,497,1388,748,1008,486,459,450,818,913,2256,16817,11190,564,0,19,0,0
2021-02-11T23:59:59+01:00,76,169,309,604,460,1235,620,1932,909,1415,600,559,923,1585,1780,3954,56,113,239,425,359,855,481,1317,731,986,486,458,450,818,911,2255,16643,10940,481,0,6,0,0
2021-02-10T23:59:59+01:00,74,169,306,601,457,1231,617,1916,905,1411,600,559,912,1567,1762,3912,55,99,200,345,306,743,429,1158,651,898,458,453,448,818,911,2254,16543,10226,454,0,2,0,0
2021-02-09T23:59:59+01:00,71,167,301,594,454,1222,616,1901,899,1406,599,558,891,1527,1703,3814,47,82,140,265,232,580,347,953,552,768,427,444,444,817,908,2254,16296,9260,426,0,1,0,0
2021-02-08T23:59:59+01:00,70,165,298,588,451,1215,615,1883,892,1401,599,556,774,1350,1663,3758,42,66,98,174,170,425,284,724,495,652,421,439,441,815,908,2254,15875,8408,402,0,1,0,0
2021-02-07T23:59:59+01:00,67,161,288,566,434,1176,598,1774,859,1335,599,555,661,1197,1627,3700,41,65,95,170,166,419,280,713,490,641,419,439,441,815,908,2253,15503,8355,94,0,0,0,0
2021-02-06T23:59:59+01:00,67,161,287,566,434,1175,596,1774,857,1332,595,553,659,1187,1621,3694,38,62,94,168,163,409,274,704,478,634,413,439,402,761,676,1875,15464,7590,94,0,0,0,0
2021-02-05T23:59:59+01:00,67,161,285,563,434,1173,595,1773,855,1330,593,553,650,1179,1615,3683,36,58,90,164,157,399,268,685,461,626,407,439,390,727,289,1258,15415,6454,94,0,0,0,0
2021-02-04T23:59:59+01:00,65,158,280,557,428,1154,579,1747,852,1316,584,544,561,1051,1573,3637,35,54,84,159,149,385,259,668,444,612,400,433,387,720,287,1252,15059,6328,27,0,0,0,0
2021-02-03T23:59:59+01:00,64,152,276,548,427,1138,577,1732,850,1302,578,532,552,1042,1570,3625,26,39,70,125,112,281,189,522,337,477,299,331,308,563,223,1002,14940,4904,25,0,0,0,0
2021-02-02T23:59:59+01:00,64,150,273,541,427,1118,564,1697,842,1283,564,521,543,992,1561,3584,18,27,45,80,82,189,134,354,215,348,211,211,197,358,159,662,14699,3290,25,0,0,0,0
2021-02-01T23:59:59+01:00,63,148,270,533,425,1101,556,1670,836,1268,553,512,528,963,1554,3542,7,14,22,43,44,96,66,173,97,155,102,97,79,158,68,303,14497,1524,25,0,0,0,0
2021-01-31T23:59:59+01:00,63,147,269,533,421,1097,556,1665,834,1264,553,512,528,963,1554,3541,7,13,20,40,39,80,62,148,82,139,98,97,78,157,66,302,14475,1428,25,0,0,0,0
2021-01-30T23:59:59+01:00,63,147,269,533,421,1097,556,1665,834,1264,553,512,528,963,1554,3541,7,13,20,40,39,80,62,148,82,139,98,96,78,157,66,302,14475,1427,25,0,0,0,0
2021-01-29T23:59:59+01:00,63,147,269,533,421,1097,556,1665,834,1264,553,512,528,963,1554,3541,7,13,20,40,39,80,62,148,82,139,98,96,78,157,66,302,14475,1427,25,0,0,0,0
2021-01-28T23:59:59+01:00,61,138,263,498,408,1034,540,1576,810,1190,542,497,522,946,1552,3526,2,2,5,7,9,14,20,35,21,27,16,19,19,35,17,92,14084,340,19,0,0,0,0
2021-01-27T23:59:59+01:00,59,133,262,486,400,987,529,1511,793,1115,530,485,520,945,1552,3526,2,2,5,7,7,14,20,34,21,27,16,19,19,35,17,92,13816,337,17,0,0,0,0
2021-01-26T23:59:59+01:00,58,127,258,481,391,955,518,1444,768,1049,509,475,519,945,1552,3526,1,2,5,7,7,12,18,31,17,22,15,16,17,33,17,85,13559,305,16,0,0,0,0
2021-01-25T23:59:59+01:00,57,127,256,476,387,949,518,1441,767,1044,509,475,519,943,1552,3524,0,0,0,0,0,0,0,0,0,0,2,1,0,1,0,0,13529,4,15,0,0,0,0
2021-01-24T23:59:59+01:00,57,127,256,476,387,949,518,1440,767,1044,509,475,519,943,1552,3524,0,0,0,0,0,0,0,0,0,0,2,1,0,1,0,0,13528,4,15,0,0,0,0
2021-01-23T23:59:59+01:00,57,126,256,476,386,945,518,1433,766,1042,506,474,500,899,1299,3055,0,0,0,0,0,0,0,0,0,0,2,1,0,1,0,0,12723,4,15,0,0,0,0
2021-01-22T23:59:59+01:00,57,126,255,471,381,937,514,1423,761,1035,500,467,478,850,937,2337,0,0,0,0,0,0,0,0,0,0,2,1,0,1,0,0,11514,4,15,0,0,0,0
2021-01-21T23:59:59+01:00,57,120,236,438,355,870,485,1330,735,1010,498,467,478,850,936,2336,0,0,0,0,0,0,0,0,0,0,1,1,0,1,0,0,11186,3,15,0,0,0,0
2021-01-20T23:59:59+01:00,55,105,204,365,314,774,442,1184,660,924,469,461,476,850,935,2335,0,0,0,0,0,0,0,0,0,0,1,1,0,1,0,0,10538,3,15,0,0,0,0
2021-01-19T23:59:59+01:00,49,88,151,282,243,607,365,998,573,805,439,452,472,849,935,2335,0,0,0,0,0,0,0,0,0,0,1,0,0,1,0,0,9636,2,7,0,0,0,0
2021-01-18T23:59:59+01:00,43,67,99,181,175,439,299,740,504,669,433,447,469,845,933,2335,0,0,0,0,0,0,0,0,0,0,0,0,0,0,0,0,8678,0,0,0,0,0,0
2021-01-17T23:59:59+01:00,41,66,97,176,170,432,296,731,499,656,431,447,469,845,933,2334,0,0,0,0,0,0,0,0,0,0,0,0,0,0,0,0,8623,0,0,0,0,0,0
2021-01-16T23:59:59+01:00,38,63,95,175,165,423,289,723,482,649,425,447,427,792,694,1951,0,0,0,0,0,0,0,0,0,0,0,0,0,0,0,0,7838,0,0,0,0,0,0
2021-01-15T23:59:59+01:00,36,59,92,170,162,415,282,706,468,642,419,447,416,758,299,1324,0,0,0,0,0,0,0,0,0,0,0,0,0,0,0,0,6695,0,0,0,0,0,0
2021-01-14T23:59:59+01:00,36,55,88,168,158,409,276,698,457,634,416,445,416,757,299,1324,0,0,0,0,0,0,0,0,0,0,0,0,0,0,0,0,6636,0,0,0,0,0,0
2021-01-13T23:59:59+01:00,26,40,72,134,120,308,208,559,353,504,317,343,338,595,235,1065,0,0,0,0,0,0,0,0,0,0,0,0,0,0,0,0,5217,0,0,0,0,0,0
2021-01-12T23:59:59+01:00,18,30,51,90,89,222,152,405,236,377,225,222,222,392,170,720,0,0,0,0,0,0,0,0,0,0,0,0,0,0,0,0,3621,0,0,0,0,0,0
2021-01-11T23:59:59+01:00,9,19,29,50,60,139,92,226,125,197,115,106,93,178,78,330,0,0,0,0,0,0,0,0,0,0,0,0,0,0,0,0,1846,0,0,0,0,0,0
2021-01-10T23:59:59+01:00,8,18,24,45,54,110,82,185,105,165,110,104,90,176,75,330,0,0,0,0,0,0,0,0,0,0,0,0,0,0,0,0,1681,0,0,0,0,0,0
2021-01-09T23:59:59+01:00,8,18,24,45,54,110,82,185,105,165,110,103,90,176,75,330,0,0,0,0,0,0,0,0,0,0,0,0,0,0,0,0,1680,0,0,0,0,0,0
2021-01-08T23:59:59+01:00,8,17,23,44,51,102,78,175,99,162,106,100,86,166,73,322,0,0,0,0,0,0,0,0,0,0,0,0,0,0,0,0,1612,0,0,0,0,0,0
2021-01-07T23:59:59+01:00,2,3,5,8,9,15,23,36,21,32,16,19,20,36,19,96,0,0,0,0,0,0,0,0,0,0,0,0,0,0,0,0,360,0,0,0,0,0,0
2021-01-06T23:59:59+01:00,2,2,5,7,7,14,22,35,20,29,16,19,20,36,19,95,0,0,0,0,0,0,0,0,0,0,0,0,0,0,0,0,348,0,0,0,0,0,0
2021-01-05T23:59:59+01:00,2,2,5,7,7,14,22,35,20,29,16,19,20,36,19,95,0,0,0,0,0,0,0,0,0,0,0,0,0,0,0,0,348,0,0,0,0,0,0
2021-01-04T23:59:59+01:00,0,0,0,0,0,0,1,0,0,0,1,1,0,1,0,0,0,0,0,0,0,0,0,0,0,0,0,0,0,0,0,0,4,0,0,0,0,0,0
2021-01-03T23:59:59+01:00,0,0,0,0,0,0,1,0,0,0,1,1,0,1,0,0,0,0,0,0,0,0,0,0,0,0,0,0,0,0,0,0,4,0,0,0,0,0,0
2021-01-02T23:59:59+01:00,0,0,0,0,0,0,1,0,0,0,1,1,0,1,0,0,0,0,0,0,0,0,0,0,0,0,0,0,0,0,0,0,4,0,0,0,0,0,0
2021-01-01T23:59:59+01:00,0,0,0,0,0,0,1,0,0,0,1,1,0,1,0,0,0,0,0,0,0,0,0,0,0,0,0,0,0,0,0,0,4,0,0,0,0,0,0
2020-12-31T23:59:59+01:00,0,0,0,0,0,0,1,0,0,0,1,1,0,1,0,0,0,0,0,0,0,0,0,0,0,0,0,0,0,0,0,0,4,0,0,0,0,0,0
2020-12-30T23:59:59+01:00,0,0,0,0,0,0,1,0,0,0,1,1,0,1,0,0,0,0,0,0,0,0,0,0,0,0,0,0,0,0,0,0,4,0,0,0,0,0,0
2020-12-29T23:59:59+01:00,0,0,0,0,0,0,1,0,0,0,1,0,0,1,0,0,0,0,0,0,0,0,0,0,0,0,0,0,0,0,0,0,3,0,0,0,0,0,0
2020-12-28T23:59:59+01:00,0,0,0,0,0,0,0,0,0,0,1,0,0,0,0,0,0,0,0,0,0,0,0,0,0,0,0,0,0,0,0,0,1,0,0,0,0,0,0
2020-12-27T23:59:59+01:00,0,0,0,0,0,0,0,0,0,0,0,0,0,0,0,0,0,0,0,0,0,0,0,0,0,0,0,0,0,0,0,0,0,0,0,0,0,0,0
