Datum,<15_m,<15_w,15-24_1_m,15-24_1_w,25-34_1_m,25-34_1_w,35-44_1_m,35-44_1_w,45-54_1_m,45-54_1_w,55-64_1_m,55-64_1_w,65-74_1_m,65-74_1_w,75-84_1_m,75-84_1_w,>84_1_m,>84_1_w,<24_2_m,<24_2_w,25-34_2_m,25-34_2_w,35-44_2_m,35-44_2_w,45-54_2_m,45-54_2_w,55-64_2_m,55-64_2_w,65-74_2_m,65-74_2_w,75-84_2_m,75-84_2_w,>84_2_m,>84_2_w,bp_1,bp_2,mo_1,mo_2,az_1,az_2,ja,unb_1,unb_2
2021-08-01T23:59:59+02:00,832,744,11510,10966,15301,14317,18688,19171,25316,26660,32037,33194,24730,27654,16977,21711,5022,9523,8043,7539,12603,11908,16725,17055,23243,24456,29945,31063,23608,26393,16365,20853,4857,9069,227023,200718,30617,28963,46320,44258,10188,205,141
2021-07-31T23:59:59+02:00,829,743,11507,10960,15299,14314,18686,19167,25315,26659,32034,33193,24730,27653,16977,21711,5022,9523,7892,7350,11842,11236,16173,16620,23148,24377,29881,30992,23579,26357,16353,20834,4856,9067,226995,197562,30616,28963,46320,44257,10186,205,91
2021-07-30T23:59:59+02:00,828,742,11493,10951,15296,14311,18681,19162,25308,26654,32024,33188,24729,27651,16977,21709,5022,9523,7607,7112,11296,10792,15698,16194,23011,24271,29772,30881,23542,26312,16337,20812,4856,9062,226929,194492,30615,28962,46318,44244,10182,205,91
2021-07-29T23:59:59+02:00,816,734,11456,10910,15262,14292,18645,19139,25273,26622,31974,33161,24714,27633,16966,21693,5022,9521,7238,6808,10636,10280,15187,15788,22837,24128,29629,30775,23489,26262,16309,20787,4853,9059,226646,191074,30614,28954,46318,44160,10050,205,91
2021-07-28T23:59:59+02:00,798,722,11409,10858,15238,14263,18615,19113,25247,26595,31949,33137,24701,27615,16961,21681,5021,9517,7074,6654,10491,10164,15080,15655,22746,24034,29532,30680,23446,26207,16292,20758,4852,9049,226331,189856,30613,28952,46313,44053,9978,205,91
2021-07-27T23:59:59+02:00,789,713,11366,10822,15198,14223,18575,19087,25219,26569,31913,33115,24685,27591,16955,21670,5020,9509,6854,6446,10335,10047,14937,15523,22644,23928,29424,30567,23395,26143,16276,20732,4850,9038,226024,188719,30613,28627,46312,44020,9865,205,91
2021-07-26T23:59:59+02:00,778,701,11318,10778,15177,14204,18561,19062,25194,26540,31881,33089,24670,27570,16943,21659,5019,9506,6739,6370,10244,9973,14872,15447,22567,23869,29359,30493,23362,26100,16264,20715,4846,9032,225738,187938,30611,28626,46311,43979,9785,205,91
2021-07-25T23:59:59+02:00,767,691,11290,10751,15158,14178,18541,19038,25167,26517,31862,33071,24654,27559,16939,21650,5018,9504,6664,6290,10178,9909,14799,15387,22512,23816,29304,30455,23332,26078,16253,20701,4846,9028,225545,187354,30610,28622,46310,43949,9685,205,91
2021-07-24T23:59:59+02:00,743,670,11212,10668,15120,14151,18518,19016,25147,26503,31849,33058,24654,27555,16936,21648,5018,9504,6266,5932,10036,9795,14429,15108,22290,23660,29189,30372,23296,26040,16236,20684,4843,9024,225168,185011,30609,28621,46310,43947,9678,205,91
2021-07-23T23:59:59+02:00,717,648,11145,10587,15093,14118,18489,19001,25125,26484,31833,33041,24643,27550,16934,21648,5018,9501,5898,5622,9916,9689,14082,14846,22096,23489,29069,30255,23244,25972,16225,20663,4839,9017,224788,182752,30608,28621,46310,43936,9664,205,91
2021-07-22T23:59:59+02:00,676,608,10995,10426,14996,14031,18403,18953,25044,26430,31761,32977,24608,27509,16919,21630,5014,9496,5580,5326,9648,9479,13501,14374,21779,23230,28840,30028,23146,25875,16182,20626,4835,9014,223849,179455,30606,28611,46309,43918,9507,205,91
2021-07-21T23:59:59+02:00,656,584,10931,10372,14963,14004,18364,18917,25008,26401,31723,32930,24584,27478,16904,21619,5012,9491,4965,4861,9210,9230,13124,14146,21550,23077,28654,29880,23081,25799,16157,20603,4833,9011,223437,177706,30599,27344,46308,43751,9392,205,91
2021-07-20T23:59:59+02:00,638,567,10873,10318,14937,13970,18329,18890,24978,26370,31688,32898,24564,27457,16899,21605,5009,9484,4821,4750,9058,9098,12963,14014,21437,22956,28525,29757,23002,25696,16135,20564,4826,9005,223067,176371,30599,27332,46306,43604,9297,205,91
2021-07-19T23:59:59+02:00,625,555,10836,10287,14908,13950,18310,18883,24953,26345,31655,32870,24547,27434,16893,21594,5007,9481,4742,4680,8962,9024,12851,13919,21342,22850,28426,29637,22946,25639,16110,20535,4821,8999,222832,175439,30599,27324,46297,43508,9200,205,91
2021-07-18T23:59:59+02:00,611,546,10783,10236,14873,13929,18285,18866,24933,26328,31632,32852,24538,27424,16887,21585,5007,9477,4635,4577,8828,8903,12725,13781,21256,22759,28355,29560,22918,25610,16101,20522,4818,8998,222560,174434,30599,27310,46297,43455,9131,205,91
2021-07-17T23:59:59+02:00,539,476,10499,9941,14763,13831,18197,18789,24828,26254,31527,32803,24506,27390,16875,21565,5005,9476,4591,4536,8776,8832,12492,13591,20839,22423,28227,29430,22881,25558,16092,20507,4817,8995,221033,172676,30599,27310,46297,43453,9130,205,91
2021-07-16T23:59:59+02:00,510,440,10367,9823,14705,13791,18143,18738,24797,26221,31507,32781,24497,27375,16872,21558,5005,9473,4543,4494,8701,8792,12118,13314,20298,22030,28095,29338,22832,25521,16083,20502,4815,8993,220384,170578,30598,27308,46297,43446,9119,205,91
2021-07-15T23:59:59+02:00,480,402,10229,9719,14639,13742,18086,18670,24747,26173,31456,32729,24472,27339,16854,21542,4998,9469,4332,4357,8377,8585,11600,12913,19196,21186,27680,28996,22662,25352,16018,20429,4805,8977,219662,165893,30597,27295,46296,43250,8986,205,91
2021-07-14T23:59:59+02:00,459,389,10201,9694,14605,13722,18057,18634,24711,26132,31406,32676,24443,27311,16843,21525,4997,9467,4210,4209,8123,8418,11371,12769,19018,21076,27536,28871,22597,25274,15984,20391,4802,8968,219299,164342,30597,27277,46296,43078,8875,205,91
2021-07-13T23:59:59+02:00,435,375,10152,9642,14576,13695,18035,18601,24676,26111,31372,32637,24427,27281,16832,21514,4996,9465,4116,4114,7948,8260,11171,12579,18885,20940,27383,28710,22500,25190,15949,20338,4798,8957,218905,162894,30597,27256,46295,42821,8820,205,91
2021-07-12T23:59:59+02:00,422,354,10109,9593,14551,13677,18004,18571,24642,26071,31338,32594,24402,27259,16817,21509,4993,9462,4009,4016,7781,8138,11014,12444,18772,20820,27261,28591,22426,25129,15922,20312,4797,8952,218543,161738,30596,27235,46295,42631,8729,205,91
2021-07-11T23:59:59+02:00,414,336,10080,9565,14534,13657,17987,18561,24622,26063,31317,32576,24390,27249,16815,21507,4993,9460,3940,3943,7662,8039,10867,12316,18649,20720,27160,28479,22384,25081,15901,20287,4795,8949,218353,160776,30596,27230,46294,42432,8678,205,91
2021-07-10T23:59:59+02:00,388,313,9971,9460,14479,13618,17940,18538,24598,26043,31298,32560,24382,27240,16811,21503,4991,9458,3907,3918,7601,7999,10832,12287,18620,20696,27131,28457,22377,25066,15897,20282,4795,8949,217831,160476,30595,27229,46291,42384,8669,205,91
2021-07-09T23:59:59+02:00,328,266,9709,9251,14374,13537,17864,18468,24512,25990,31249,32499,24359,27209,16798,21485,4991,9452,3840,3878,7468,7909,10615,12142,18396,20558,26716,28138,22193,24874,15842,20222,4792,8942,216607,158341,30595,27226,46290,42256,8644,205,91
2021-07-08T23:59:59+02:00,249,199,9517,9110,14273,13461,17770,18398,24452,25940,31167,32443,24332,27178,16785,21467,4987,9447,3685,3753,7160,7720,10262,11914,18052,20276,26411,27881,22021,24716,15774,20149,4785,8926,215517,155970,30592,27181,46277,41687,8584,205,91
2021-07-07T23:59:59+02:00,211,170,9416,9006,14222,13429,17726,18356,24402,25900,31126,32403,24308,27148,16774,21449,4987,9439,3490,3624,6831,7497,9317,11188,17472,19847,26011,27574,21788,24415,15697,20053,4771,8912,214894,153372,30589,25438,46274,41098,8510,205,91
2021-07-06T23:59:59+02:00,189,158,9338,8949,14172,13401,17690,18314,24362,25861,31065,32358,24272,27120,16759,21432,4985,9437,3376,3549,6632,7375,9046,11025,17229,19667,25736,27319,21633,24213,15616,19949,4759,8897,214337,151450,30572,25428,46271,40596,8477,205,91
2021-07-05T23:59:59+02:00,177,143,9251,8868,14133,13359,17657,18264,24326,25831,31020,32307,24248,27098,16751,21418,4984,9435,3325,3514,6504,7296,8897,10904,17088,19529,25566,27164,21490,24046,15567,19897,4748,8887,213796,150392,30572,25419,46268,40111,8429,205,91
2021-07-04T23:59:59+02:00,162,136,9197,8818,14102,13347,17634,18246,24301,25812,30999,32282,24233,27084,16745,21410,4983,9432,3273,3472,6441,7256,8810,10833,17003,19444,25437,27055,21366,23918,15526,19846,4746,8880,213529,149736,30571,25410,46253,39721,8365,205,91
2021-07-03T23:59:59+02:00,159,133,8685,8321,13944,13227,17533,18128,24207,25754,30934,32233,24212,27062,16733,21398,4981,9429,3213,3393,6323,7137,8642,10692,16789,19262,25049,26747,21251,23782,15496,19806,4742,8874,211695,147698,30571,25410,46253,39666,8349,205,91
2021-07-02T23:59:59+02:00,152,129,8116,7849,13800,13118,17441,18051,24138,25683,30874,32171,24174,27020,16727,21378,4979,9424,3102,3286,6053,6982,8385,10451,16420,18935,24578,26324,21023,23510,15426,19724,4736,8871,209853,144636,30571,25408,46249,39341,8346,205,90
2021-07-01T23:59:59+02:00,140,119,7988,7743,13717,13061,17372,18000,24069,25632,30822,32119,24146,26995,16717,21366,4978,9423,2914,3097,5708,6698,7951,10036,15834,18465,23819,25674,20539,23038,15299,19564,4724,8846,209068,140099,30567,25397,46245,38311,8322,205,90
2021-06-30T23:59:59+02:00,123,106,7842,7628,13649,13013,17319,17947,24019,25579,30764,32074,24116,26973,16703,21349,4978,9418,2818,3018,5555,6555,7727,9815,14877,17597,23208,25127,20182,22646,15166,19404,4710,8812,208514,138574,30393,23125,46241,37193,8247,205,90
2021-06-29T23:59:59+02:00,108,93,7775,7537,13606,12974,17280,17903,23967,25518,30715,32015,24095,26947,16693,21333,4975,9414,2759,2974,5427,6457,7573,9681,14709,17426,22967,24895,19924,22321,15067,19304,4698,8792,207897,137459,30391,23113,46238,36104,8217,205,90
2021-06-28T23:59:59+02:00,103,87,7711,7466,13542,12915,17234,17852,23926,25473,30659,31971,24078,26919,16686,21323,4973,9412,2730,2942,5359,6410,7480,9610,14612,17345,22817,24682,19720,22075,15012,19235,4694,8778,207365,136865,30389,23103,46230,35309,8141,205,90
2021-06-27T23:59:59+02:00,89,82,7662,7403,13512,12879,17205,17820,23907,25438,30632,31943,24066,26911,16679,21318,4973,9410,2707,2928,5308,6385,7409,9565,14516,17282,22722,24595,19593,21934,14981,19184,4690,8769,207013,136358,30389,23092,46224,34935,8098,205,90
2021-06-26T23:59:59+02:00,85,79,7160,6851,13120,12581,17093,17719,23844,25379,30596,31908,24058,26894,16675,21307,4972,9409,2606,2819,5122,6197,7210,9376,13972,16827,22064,23963,19446,21793,14936,19131,4688,8761,204858,132769,30389,23092,46224,34915,8098,161,42
2021-06-25T23:59:59+02:00,84,77,6675,6368,12669,12211,16934,17601,23754,25312,30515,31868,24036,26867,16670,21297,4970,9407,2503,2664,4947,6006,6952,9082,13442,16298,21512,23379,19249,21585,14878,19064,4684,8749,202461,129081,30389,23092,46224,34704,8080,161,42
2021-06-24T23:59:59+02:00,74,65,6453,6153,12445,12061,16828,17518,23682,25260,30457,31821,24002,26825,16666,21287,4968,9400,2295,2425,4576,5629,6453,8591,12723,15583,20362,22378,18786,21107,14774,18933,4672,8734,201195,123143,30387,23080,46217,33756,8005,161,42
2021-06-23T23:59:59+02:00,69,63,5879,5654,12283,11949,16709,17404,23609,25213,30394,31771,23968,26802,16659,21273,4964,9396,2258,2373,4513,5508,6362,8441,12491,15294,20119,22120,18487,20779,14677,18819,4661,8717,200686,122126,29049,22932,46208,32569,7955,161,42
2021-06-22T23:59:59+02:00,66,59,5737,5526,12184,11844,16623,17329,23551,25151,30327,31693,23942,26770,16649,21252,4960,9394,2205,2338,4418,5426,6239,8294,11623,14633,19708,21715,18155,20427,14569,18681,4651,8697,199755,121210,29042,21240,46193,31385,7906,161,42
2021-06-21T23:59:59+02:00,63,56,5601,5415,12110,11752,16562,17245,23497,25078,30277,31635,23918,26742,16636,21237,4960,9390,2172,2302,4360,5329,6152,8168,10842,13930,19259,21306,17929,20199,14509,18587,4642,8681,198941,120418,29038,19457,46188,30608,7846,161,42
2021-06-20T23:59:59+02:00,61,54,5484,5289,11947,11569,16497,17122,23446,25012,30235,31579,23902,26721,16630,21222,4955,9385,2154,2274,4319,5289,6082,8120,10738,13850,19146,21179,17772,20008,14443,18504,4638,8674,197932,119883,29034,19454,46182,30014,7801,161,42
2021-06-19T23:59:59+02:00,57,50,5466,5269,11181,10906,16018,16734,23386,24968,30191,31536,23884,26701,16622,21210,4955,9385,2084,2156,4114,5060,5805,7842,10414,13519,18099,20327,17605,19824,14410,18439,4633,8662,195342,115701,29034,19454,46182,30000,7800,161,42
2021-06-18T23:59:59+02:00,54,49,5432,5243,10538,10324,15407,16172,23296,24899,30122,31473,23856,26671,16611,21195,4954,9383,2015,2069,3971,4918,5527,7573,10035,13156,16954,19123,17404,19587,14362,18375,4630,8652,192509,111313,29028,19453,46182,29748,7799,161,42
2021-06-17T23:59:59+02:00,47,40,5313,5140,9857,9816,14918,15784,23197,24811,30041,31379,23816,26625,16597,21174,4953,9380,1885,1962,3715,4672,5139,7210,9493,12667,15770,17932,16945,19098,14221,18201,4617,8628,189974,106194,29026,19445,46179,28832,7656,53,32
2021-06-16T23:59:59+02:00,45,32,5179,5004,9660,9656,14771,15655,23105,24717,29944,31303,23772,26581,16582,21162,4952,9370,1845,1921,3611,4587,5037,7092,8466,11817,15497,17639,16650,18762,14086,18031,4611,8595,188800,105314,29015,17572,46176,27887,7446,53,32
2021-06-15T23:59:59+02:00,40,26,4992,4817,9479,9501,14636,15513,23012,24627,29867,31217,23729,26508,16556,21129,4944,9355,1783,1863,3534,4493,4943,6980,8350,11675,15319,17412,16332,18454,13945,17862,4588,8537,187482,104559,29012,17568,46156,26670,7245,53,32
2021-06-14T23:59:59+02:00,38,23,4916,4753,9386,9394,14558,15424,22943,24553,29797,31157,23697,26469,16541,21111,4941,9349,1760,1840,3497,4469,4902,6948,8251,11612,15181,17278,16152,18250,13855,17765,4583,8530,186741,104334,29008,17565,46150,25848,7098,53,32
2021-06-13T23:59:59+02:00,37,22,4858,4705,9300,9319,14474,15357,22882,24502,29730,31105,23671,26441,16532,21101,4941,9347,1710,1825,3455,4445,4848,6905,8180,11576,15082,17183,15996,18066,13801,17692,4576,8523,186160,104056,29002,17563,46135,25242,6974,53,32
2021-06-12T23:59:59+02:00,35,21,4839,4690,9272,9296,14239,15184,22753,24373,29687,31061,23651,26424,16523,21093,4940,9345,1585,1703,3217,4234,4444,6602,7634,11146,13307,15495,15644,17695,13721,17590,4574,8509,185265,97359,29002,17563,46135,25178,6972,52,32
2021-06-11T23:59:59+02:00,31,20,4785,4636,9191,9243,13920,14963,22557,24225,29591,30970,23613,26379,16505,21081,4939,9342,1482,1570,3033,4026,4145,6238,7126,10602,11676,13619,15169,17121,13607,17443,4559,8495,183903,90473,28999,17562,46135,24947,6902,52,31
2021-06-10T23:59:59+02:00,25,17,4501,4408,8646,8912,12647,13946,21990,23777,29219,30667,23476,26221,16452,21013,4926,9327,1359,1478,2798,3845,3816,5955,6694,10212,10264,12292,14656,16548,13437,17236,4544,8469,178577,85940,28984,17560,46129,23648,6428,52,31
2021-06-09T23:59:59+02:00,22,13,4266,4244,8053,8621,11749,13288,21671,23563,28989,30515,23413,26158,16433,20989,4923,9323,1271,1424,2644,3774,3674,5876,6489,10120,10002,12113,14335,16203,13267,17056,4537,8451,176476,85609,27713,17458,46123,22272,5870,51,31
2021-06-08T23:59:59+02:00,18,10,4136,4144,7651,8395,11263,12998,21445,23384,28789,30362,23354,26084,16401,20947,4917,9314,1193,1397,2508,3717,3516,5809,5594,9376,9533,11754,14004,15801,13043,16821,4523,8429,174725,85257,27341,15310,46099,21028,5396,51,31
2021-06-07T23:59:59+02:00,14,8,4017,4065,7419,8289,10974,12820,21243,23270,28636,30246,23296,26031,16384,20922,4913,9306,1144,1278,2387,3657,3386,5747,5431,9302,9328,11630,13783,15550,12891,16659,4517,8411,173510,85070,27331,15307,46090,19826,4871,51,31
2021-06-06T23:59:59+02:00,12,8,3899,4006,7181,8167,10725,12659,21057,23181,28550,30156,23265,25997,16372,20904,4910,9302,1124,1261,2323,3621,3290,5695,5325,9227,9212,11529,13626,15396,12819,16565,4514,8404,172360,84881,27314,15303,46080,19174,4546,51,31
2021-06-05T23:59:59+02:00,12,8,3871,3969,7143,8128,10548,12502,20433,22675,28389,30011,23215,25952,16358,20885,4910,9298,1092,1160,2159,3168,3058,5158,5155,8896,8433,10582,12978,14558,12706,16418,4503,8394,170329,79508,27314,15303,46078,19043,4536,50,31
2021-06-04T23:59:59+02:00,12,8,3841,3943,7107,8103,10451,12410,20072,22348,28285,29915,23180,25914,16344,20875,4908,9297,1060,1093,2061,2858,2898,4681,4998,8527,7919,9924,11480,12843,12582,16221,4496,8376,169054,73136,27301,15302,46078,19021,4530,50,31
2021-06-03T23:59:59+02:00,7,5,3707,3841,6888,7966,9895,11988,18846,21418,27886,29605,23047,25772,16291,20813,4904,9283,1007,1048,1973,2746,2761,4526,4794,8227,7557,9476,11103,12447,12476,16108,4493,8363,164301,71351,27291,15299,46074,17981,4446,50,31
2021-06-02T23:59:59+02:00,7,5,3700,3833,6876,7949,9885,11977,18658,21238,27815,29556,23024,25751,16285,20804,4901,9281,1003,1041,1961,2716,2740,4507,4583,8044,7021,8988,11066,12406,12461,16093,4489,8357,164236,71243,26746,13807,46074,17959,4439,50,31
2021-06-01T23:59:59+02:00,7,5,3573,3757,6639,7802,9597,11784,18203,20891,27578,29361,22930,25649,16244,20751,4898,9269,966,993,1877,2646,2660,4435,4304,7811,6425,8457,10854,12193,12363,15990,4484,8345,162550,70804,25966,12515,46060,17144,4312,50,31
2021-05-31T23:59:59+02:00,7,5,3526,3712,6550,7734,9461,11685,18077,20800,27488,29285,22863,25588,16227,20723,4893,9262,937,969,1810,2606,2580,4392,4198,7747,6307,8382,10668,12025,12262,15875,4474,8337,161711,70445,25935,12510,46047,16443,4143,50,31
2021-05-30T23:59:59+02:00,7,4,3495,3688,6486,7680,9371,11595,17989,20720,27411,29215,22818,25543,16205,20696,4888,9252,932,962,1799,2596,2567,4379,4169,7722,6255,8341,10607,11946,12228,15833,4469,8328,161013,70402,25930,12507,46030,16156,4040,50,31
2021-05-29T23:59:59+02:00,7,4,3484,3669,6450,7653,9327,11558,17951,20681,27266,29110,22763,25469,16190,20676,4885,9248,896,943,1742,2550,2494,4294,3979,7468,5983,8046,8418,9295,12037,15492,4454,8299,160355,64180,25930,12505,46016,15636,4040,50,31
2021-05-28T23:59:59+02:00,7,4,3421,3614,6319,7576,9187,11427,17794,20550,27085,28989,22697,25393,16169,20659,4884,9247,883,929,1723,2530,2458,4241,3828,7171,5789,7785,5730,6195,11760,15096,4439,8250,159001,57332,25928,12505,46012,14910,4031,50,31
2021-05-27T23:59:59+02:00,7,4,3274,3484,6035,7396,8586,11095,17318,20213,26672,28642,22530,25228,16111,20596,4877,9229,833,871,1641,2435,2341,4107,3405,6205,5366,7192,5570,6022,11682,15023,4433,8233,155529,56850,25870,12459,46005,12178,3843,50,31
2021-05-26T23:59:59+02:00,7,4,3167,3401,5816,7230,8214,10809,16852,19907,26371,28406,22382,25095,16060,20522,4864,9209,816,863,1589,2410,2288,4077,3332,6131,5269,7122,5438,5895,11617,14957,4428,8221,152825,56778,25854,12457,45983,11585,3604,50,31
2021-05-25T23:59:59+02:00,7,4,3076,3338,5674,7117,8017,10647,15851,19128,26018,28052,22224,24942,16008,20442,4857,9199,796,845,1553,2366,2217,4018,3257,6064,5185,7058,5272,5727,11509,14877,4420,8210,151273,56714,23930,12270,45969,10980,3381,48,31
2021-05-24T23:59:59+02:00,7,4,3013,3320,5586,7073,7899,10586,14938,18439,25603,27740,22130,24839,15977,20406,4850,9187,788,843,1531,2349,2173,3983,3212,6017,5108,6978,5173,5620,11430,14801,4419,8204,150548,56682,21862,12194,45960,10545,3179,48,31
2021-05-23T23:59:59+02:00,7,4,3010,3316,5577,7066,7890,10578,14933,18438,25602,27739,22130,24839,15977,20406,4850,9187,786,840,1524,2342,2161,3970,3193,6002,5087,6945,5129,5568,11413,14777,4418,8202,150520,56674,21862,12194,45958,10299,3161,48,31
2021-05-22T23:59:59+02:00,6,4,2974,3274,5504,7020,7790,10491,14735,18277,25323,27497,22031,24753,15944,20363,4847,9183,764,819,1481,2290,2110,3891,3080,5882,4775,6379,4559,4826,10768,13956,4408,8163,148987,53430,21862,12194,45958,9337,3161,48,31
2021-05-21T23:59:59+02:00,4,4,2902,3199,5378,6924,7664,10345,14478,18047,25030,27262,21917,24645,15911,20315,4842,9174,733,766,1413,2162,2008,3625,2898,5549,4298,5480,4148,4290,10027,13016,4343,8037,147054,49700,21861,12194,45953,7739,3131,42,31
2021-05-20T23:59:59+02:00,4,4,2771,3036,5100,6669,7378,9978,14019,17564,24419,26714,21647,24350,15818,20196,4828,9144,719,756,1386,2137,1969,3592,2845,5496,4215,5404,4022,4188,9952,12953,4334,8026,142911,49611,21852,12183,45934,7270,2900,42,31
2021-05-19T23:59:59+02:00,4,4,2719,2984,5003,6530,7235,9796,12873,16529,24156,26427,21550,24220,15773,20135,4820,9137,700,730,1361,2089,1937,3507,2782,5350,4120,5298,3941,4098,9899,12889,4331,8022,141541,49583,19781,12119,45864,6655,2667,42,31
2021-05-18T23:59:59+02:00,4,4,2696,2961,4956,6498,7186,9766,12519,16254,23976,26275,21457,24131,15743,20082,4812,9125,671,673,1306,1960,1865,3306,2685,5142,3991,5101,3716,3821,9817,12809,4321,8012,141266,49563,18928,11121,45821,6094,2388,42,31
2021-05-17T23:59:59+02:00,4,4,2670,2940,4913,6428,7098,9658,12367,16076,23827,26115,21403,24080,15725,20059,4807,9117,663,659,1290,1924,1844,3257,2637,5034,3912,4987,3580,3670,9750,12746,4318,8003,140296,49541,18920,11111,45806,5365,2227,42,31
2021-05-16T23:59:59+02:00,4,4,2658,2926,4890,6361,7060,9575,12307,16002,23775,26055,21379,24063,15715,20045,4804,9114,658,653,1280,1921,1827,3248,2615,5022,3883,4965,3529,3604,9711,12714,4317,8001,139859,49530,18912,11100,45784,5148,2140,42,31
2021-05-15T23:59:59+02:00,4,4,2533,2786,4702,6156,6869,9389,11790,15585,23187,25505,21273,23945,15681,20002,4801,9106,608,591,1197,1834,1689,3094,2327,4715,3435,4455,3197,3177,9548,12509,4293,7972,136472,46572,18911,11100,45778,4824,2115,42,31
2021-05-14T23:59:59+02:00,4,4,2417,2610,4507,5931,6592,9076,11254,15076,22620,24938,21128,23806,15645,19944,4797,9095,545,514,1095,1714,1530,2878,1996,4311,2836,3867,2812,2739,9464,12362,4289,7968,132656,43646,18904,11098,45756,4060,2086,42,31
2021-05-13T23:59:59+02:00,4,4,2234,2323,4185,5548,6165,8602,10696,14390,21588,24026,20845,23532,15585,19845,4790,9080,541,514,1082,1698,1515,2859,1986,4285,2814,3841,2796,2721,9457,12358,4288,7968,126754,43571,18851,11090,45730,3967,2065,42,31
2021-05-12T23:59:59+02:00,4,4,2233,2320,4178,5547,6156,8596,10595,14269,21535,23987,20840,23521,15580,19837,4789,9080,533,492,1046,1643,1466,2780,1903,4199,2755,3782,2715,2626,9406,12285,4288,7968,126712,43568,18525,10263,45730,3964,2062,42,31
2021-05-11T23:59:59+02:00,4,4,2112,2281,4094,5482,6031,8482,10290,14019,21343,23825,20764,23450,15565,19804,4785,9075,508,468,985,1583,1397,2689,1803,4061,2682,3708,2561,2399,9342,12184,4287,7968,125770,43550,18188,9430,45449,3654,1961,42,31
2021-05-10T23:59:59+02:00,4,4,2071,2205,3987,5360,5896,8303,9499,13256,20964,23502,20674,23361,15526,19750,4775,9062,495,440,947,1518,1331,2599,1713,3899,2598,3613,2532,2375,9333,12166,4283,7963,124636,43520,16340,9247,45346,3173,1835,42,31
2021-05-09T23:59:59+02:00,4,4,2039,2190,3953,5320,5844,8255,9433,13187,20894,23429,20641,23320,15511,19723,4772,9048,488,431,926,1475,1305,2551,1679,3837,2560,3570,2523,2363,9323,12149,4283,7955,124193,43461,16336,9244,45251,2938,1745,42,31
2021-05-08T23:59:59+02:00,4,4,1976,2089,3769,5145,5571,8049,9122,12902,19761,22500,20445,23125,15478,19654,4767,9036,415,401,861,1435,1229,2478,1591,3735,2341,3358,1978,1936,9229,12064,4282,7955,120064,42002,16335,9243,45248,2296,1744,6,4
2021-05-07T23:59:59+02:00,4,4,1888,1977,3585,4974,5251,7753,8713,12531,18513,21229,20263,22913,15433,19596,4758,9017,324,342,752,1361,1099,2349,1457,3591,2169,3166,1610,1601,8741,11618,4281,7953,115126,40278,16333,9240,45227,1183,1710,6,4
2021-05-06T23:59:59+02:00,4,4,1704,1868,3299,4722,4801,7349,8071,11967,17273,19986,19929,22535,15326,19433,4748,9006,307,333,731,1332,1059,2303,1408,3507,2102,3098,1574,1546,8724,11587,4275,7950,109272,40258,16326,9234,44993,913,1428,6,4
2021-05-05T23:59:59+02:00,4,3,1634,1838,3219,4635,4724,7245,7940,11816,17117,19840,19809,22416,15250,19337,4726,8910,296,321,689,1280,998,2228,1326,3357,1993,2981,1481,1448,8310,11019,4269,7932,108514,40222,16183,8110,44823,656,937,6,4
2021-05-04T23:59:59+02:00,4,3,1608,1809,3177,4561,4665,7135,7688,11522,16559,19261,19723,22286,15176,19240,4698,8800,280,308,666,1252,977,2174,1267,3238,1880,2824,1409,1342,8241,10916,4265,7914,107829,40197,14837,7834,44720,396,523,6,4
2021-05-03T23:59:59+02:00,4,3,1600,1805,3169,4547,4627,7113,7435,11291,15866,18665,19659,22201,15150,19206,4692,8790,265,287,644,1170,928,2086,1204,3099,1782,2687,1343,1262,8216,10881,4261,7905,107747,40187,13240,7627,44680,53,150,6,4
2021-05-02T23:59:59+02:00,4,3,1599,1802,3164,4545,4622,7110,7422,11281,15847,18653,19643,22193,15150,19204,4691,8790,265,284,641,1169,923,2083,1194,3093,1774,2680,1329,1255,8215,10876,4260,7905,107720,40164,13237,7625,44656,50,104,6,4
2021-05-01T23:59:59+02:00,4,3,1466,1660,2884,4295,4155,6750,6805,10798,13912,16773,19262,21797,15059,19088,4688,8774,263,284,638,1167,922,2080,1192,3092,1772,2676,1324,1251,8213,10874,4260,7905,100178,40134,13237,7625,44652,50,101,5,4
2021-04-30T23:59:59+02:00,3,3,1343,1510,2669,4072,3825,6354,6238,10203,12121,14735,18804,21258,14955,18946,4674,8764,258,283,631,1160,907,2072,1180,3082,1760,2663,1313,1242,8209,10869,4259,7904,92554,40087,13237,7625,44652,47,30,4,4
2021-04-29T23:59:59+02:00,2,3,1227,1445,2503,3946,3585,6150,5881,9900,10781,13458,18545,20981,14912,18876,4670,8758,257,279,626,1153,895,2066,1160,3077,1730,2627,1287,1218,8203,10860,4259,7904,87866,40055,13228,7492,44512,38,13,4,4
2021-04-28T23:59:59+02:00,2,3,1168,1439,2453,3927,3535,6126,5819,9867,10684,13390,18515,20947,14905,18860,4670,8755,257,278,624,1152,892,2064,1156,3073,1722,2626,1281,1200,7761,10340,4259,7904,87597,40034,13178,6507,44274,34,12,4,3
2021-04-27T23:59:59+02:00,2,3,1120,1412,2352,3883,3471,6099,5700,9812,10567,13314,18482,20909,14892,18845,4669,8753,256,278,622,1145,891,2062,1152,3070,1718,2622,1269,1183,7344,9760,4259,7904,87091,40015,13125,5478,44054,29,11,4,3
2021-04-26T23:59:59+02:00,2,3,1078,1383,2262,3791,3344,5999,5533,9692,10264,13055,18420,20855,14884,18827,4667,8753,255,277,621,1143,885,2059,1145,3067,1700,2612,1254,1170,7335,9740,4259,7904,85755,39928,13115,5457,43927,28,11,4,3
2021-04-25T23:59:59+02:00,2,3,1075,1380,2254,3789,3337,5995,5513,9685,10229,13025,18410,20843,14883,18821,4667,8752,254,277,621,1143,885,2059,1143,3067,1700,2612,1254,1170,7335,9738,4259,7904,85732,39926,13106,5455,43811,28,10,4,3
2021-04-24T23:59:59+02:00,2,2,1032,1263,2068,3251,3067,5382,5319,9272,9398,11980,17704,19949,14769,18662,4659,8741,252,276,620,1141,885,2058,1143,3066,1694,2607,1251,1165,7333,9737,4259,7903,79614,39900,13106,5451,43787,28,9,4,3
2021-04-23T23:59:59+02:00,1,2,1000,1180,1955,2904,2885,4831,5124,8843,8845,11259,16075,18093,14624,18456,4651,8718,252,276,619,1141,883,2056,1142,3066,1693,2606,1246,1160,7329,9735,4259,7902,72601,39886,13105,5440,43727,28,9,4,3
2021-04-22T23:59:59+02:00,1,2,995,1169,1935,2888,2865,4812,5067,8797,8734,11156,16005,18016,14598,18426,4649,8713,250,276,615,1140,880,2055,1134,3054,1678,2586,1222,1138,7324,9727,4259,7902,72555,39872,13049,5330,43211,27,9,4,3
2021-04-21T23:59:59+02:00,1,2,986,1161,1923,2875,2838,4786,5021,8742,8627,11033,15919,17932,14569,18392,4649,8708,245,273,605,1131,866,2025,1124,3029,1667,2561,1209,1125,7101,9409,4258,7902,72515,39865,12993,4628,42643,26,9,4,3
2021-04-20T23:59:59+02:00,1,2,959,1112,1871,2760,2765,4625,4928,8563,8453,10826,15688,17651,14511,18333,4642,8702,232,270,587,1110,840,1995,1096,3003,1632,2520,1190,1112,7093,9404,4257,7901,72479,39844,11864,4363,42036,24,9,4,3
2021-04-19T23:59:59+02:00,1,2,950,1103,1839,2740,2715,4600,4804,8502,8253,10715,15596,17553,14489,18314,4642,8696,226,262,569,1087,822,1963,1078,2960,1587,2465,1172,1093,7086,9401,4255,7900,72079,39810,11843,4083,41579,22,9,4,3
2021-04-18T23:59:59+02:00,1,2,947,1102,1834,2734,2707,4588,4786,8490,8213,10673,15547,17495,14479,18297,4641,8694,226,262,569,1086,821,1963,1078,2960,1587,2464,1172,1092,7084,9400,4254,7900,72033,39804,11840,4081,41344,22,9,4,3
2021-04-17T23:59:59+02:00,0,2,914,1088,1785,2696,2639,4509,4632,8350,7951,10445,13182,14595,14282,17945,4624,8658,224,262,569,1083,817,1957,1066,2953,1577,2444,1135,1051,6752,8984,4229,7852,65221,38852,11840,4070,41223,22,9,4,3
2021-04-16T23:59:59+02:00,0,2,908,1082,1773,2685,2597,4471,4540,8266,7771,10254,10355,11344,14008,17528,4605,8602,222,257,568,1080,812,1953,1056,2950,1569,2432,1124,1038,6746,8979,4226,7849,57956,38775,11838,4054,40984,22,9,4,2
2021-04-15T23:59:59+02:00,0,2,895,1077,1751,2671,2555,4438,4427,8205,7540,10053,10106,11125,13946,17462,4599,8588,220,257,568,1078,811,1951,1053,2947,1566,2429,1119,1034,6744,8977,4226,7849,57932,38761,11836,4037,39659,21,9,4,2
2021-04-14T23:59:59+02:00,0,2,876,1049,1693,2588,2466,4315,4237,8023,7267,9770,9733,10644,13797,17284,4593,8579,195,234,527,1027,788,1884,1018,2867,1516,2368,1093,1004,6740,8968,4226,7848,57900,38745,10888,3530,38115,19,9,4,1
2021-04-13T23:59:59+02:00,0,2,851,1027,1655,2536,2398,4232,4136,7887,7057,9555,9328,10127,13653,17117,4588,8567,159,210,492,978,748,1791,984,2757,1464,2298,1074,969,6724,8957,4225,7848,57857,38681,9942,2975,36904,13,9,4,1
2021-04-12T23:59:59+02:00,0,2,847,1025,1636,2533,2368,4219,4083,7836,6917,9384,9063,9812,13589,17058,4577,8551,148,196,464,938,725,1726,963,2685,1420,2248,1052,953,6708,8937,4222,7843,57799,38565,9911,2641,35777,13,9,4,1
2021-04-11T23:59:59+02:00,0,2,846,1024,1625,2533,2355,4217,4060,7824,6852,9323,8929,9647,13562,17010,4572,8542,148,196,464,936,725,1725,961,2685,1419,2248,1052,953,6706,8937,4222,7843,57787,38559,9909,2640,35214,12,9,4,1
2021-04-10T23:59:59+02:00,0,2,830,1019,1597,2504,2318,4188,3989,7768,6720,9206,8373,8912,12898,16158,4561,8500,145,196,462,933,719,1722,961,2678,1410,2241,1039,937,6237,8440,4207,7827,54456,37495,9908,2638,35166,12,9,4,1
2021-04-09T23:59:59+02:00,0,2,808,990,1557,2456,2251,4108,3836,7609,6373,8875,7852,8254,12084,15134,4491,8363,143,195,460,928,713,1715,953,2668,1395,2231,1017,916,5995,8171,4190,7800,50486,36835,9903,2634,34641,12,9,4,1
2021-04-08T23:59:59+02:00,0,2,799,980,1530,2432,2185,4059,3701,7522,6119,8576,7239,7599,11925,14934,4480,8346,143,192,455,926,708,1708,945,2658,1388,2218,1005,914,5992,8169,4189,7800,50453,36815,9879,2574,32083,12,9,4,1
2021-04-07T23:59:59+02:00,0,2,793,971,1504,2414,2127,4021,3615,7452,5888,8310,6686,6968,11321,14185,4468,8319,124,185,425,879,662,1639,889,2588,1338,2149,984,898,5984,8163,4188,7800,50426,36791,8726,2084,29880,12,8,4,1
2021-04-06T23:59:59+02:00,0,2,788,969,1490,2406,2098,3999,3542,7403,5707,8139,6239,6460,11120,13969,4453,8291,100,164,376,818,617,1564,846,2488,1286,2085,960,882,5967,8150,4186,7796,50355,36766,8543,1500,28166,12,7,4,1
2021-04-05T23:59:59+02:00,0,2,783,965,1474,2398,2074,3990,3491,7377,5564,8029,6038,6245,11053,13883,4447,8281,94,162,375,816,610,1555,838,2473,1273,2067,932,852,4876,6751,4108,7690,50157,33963,8539,1490,27387,12,7,4,1
2021-04-04T23:59:59+02:00,0,2,781,959,1472,2396,2070,3988,3474,7370,5554,8022,6027,6225,11039,13865,4445,8278,94,162,373,814,607,1550,831,2466,1258,2047,909,830,3876,5590,4042,7584,50142,31524,8537,1490,27277,12,7,4,1
2021-04-03T23:59:59+02:00,0,2,729,904,1390,2327,1947,3849,3213,7110,5094,7531,5684,5770,10868,13648,4419,8249,92,162,373,813,607,1548,830,2466,1258,2047,909,830,3876,5587,4042,7583,46911,31514,8537,1490,27275,12,7,4,1
2021-04-02T23:59:59+02:00,0,2,686,870,1335,2259,1849,3735,2957,6850,4580,7052,5294,5311,10771,13485,4414,8243,91,162,373,813,607,1548,828,2466,1256,2043,907,826,3873,5584,4041,7583,43990,31494,8536,1489,27157,12,6,4,1
2021-04-01T23:59:59+02:00,0,2,683,868,1324,2254,1829,3727,2928,6836,4506,6979,5185,5203,10732,13436,4413,8239,91,162,371,809,605,1545,828,2463,1252,2039,897,825,3869,5582,4040,7582,43974,31485,8392,1457,26768,12,6,4,1
2021-03-31T23:59:59+02:00,0,2,681,866,1317,2238,1821,3717,2900,6808,4443,6933,5046,5043,10223,12830,4409,8231,91,162,370,809,605,1545,828,2463,1250,2039,896,825,3869,5581,4040,7581,43962,31479,7265,1457,26272,12,6,3,1
2021-03-30T23:59:59+02:00,0,2,672,863,1299,2218,1791,3688,2865,6773,4358,6844,4879,4850,9698,12130,4402,8216,86,159,369,805,600,1542,823,2457,1242,2037,885,815,3861,5578,4039,7580,43937,31458,6080,1404,25522,10,6,3,1
2021-03-29T23:59:59+02:00,0,2,667,855,1286,2183,1774,3657,2834,6731,4288,6759,4680,4653,9613,12036,4399,8202,86,159,369,803,597,1538,821,2451,1238,2030,877,809,3853,5571,4039,7580,43870,31445,5863,1360,24877,10,6,3,1
2021-03-28T23:59:59+02:00,0,2,664,853,1283,2180,1759,3647,2819,6719,4254,6706,4584,4543,9576,11972,4394,8195,86,159,369,802,597,1538,819,2451,1236,2030,876,809,3852,5571,4039,7580,43848,31443,5854,1355,24439,10,6,3,1
2021-03-27T23:59:59+01:00,0,2,660,848,1274,2175,1743,3631,2791,6689,4091,6563,4008,4090,9347,11725,4381,8176,86,159,367,800,595,1536,817,2448,1228,2024,872,805,3675,5282,3938,7411,41906,30672,5850,1355,24429,10,6,3,1
2021-03-26T23:59:59+01:00,0,2,654,840,1266,2165,1723,3614,2765,6667,4016,6485,3603,3726,8751,11168,4368,8162,86,159,366,799,594,1533,813,2445,1219,2020,860,792,2958,4343,3729,7068,39978,28413,5837,1355,24152,10,6,2,1
2021-03-25T23:59:59+01:00,0,2,647,835,1253,2151,1704,3590,2706,6628,3933,6407,3428,3509,8642,11057,4363,8156,86,159,366,799,594,1533,813,2444,1218,2020,860,792,2957,4342,3728,7067,39965,28407,5730,1355,23308,10,6,2,1
2021-03-24T23:59:59+01:00,0,2,641,828,1220,2125,1659,3545,2628,6560,3777,6258,3110,3147,8236,10508,4354,8144,82,157,354,786,578,1515,780,2410,1168,1988,827,755,2948,4336,3728,7064,39942,28107,4974,1354,21818,9,6,2,1
2021-03-23T23:59:59+01:00,0,2,628,820,1195,2093,1617,3498,2548,6479,3628,6104,2731,2763,8020,10289,4347,8127,77,153,342,764,543,1484,719,2347,1066,1907,744,695,2912,4302,3724,7060,39900,27477,4684,1347,20297,9,6,2,1
2021-03-22T23:59:59+01:00,0,2,604,707,1159,2038,1584,3443,2495,6409,3488,5973,2489,2525,7690,9934,4331,8091,77,152,342,764,543,1482,718,2346,1063,1907,743,692,2908,4297,3723,7057,39432,27452,4360,1347,19162,9,6,2,1
2021-03-21T23:59:59+01:00,0,2,603,704,1153,2030,1573,3433,2478,6394,3451,5939,2348,2361,7597,9822,4323,8077,77,152,342,763,543,1482,718,2346,1063,1907,743,692,2908,4296,3723,7057,39428,27450,4346,1347,18506,9,6,2,1
2021-03-20T23:59:59+01:00,0,2,602,704,1151,2024,1566,3426,2472,6387,3434,5917,2316,2323,7107,9304,4307,8061,77,152,342,763,542,1482,716,2345,1063,1906,743,692,2908,4294,3721,7055,38389,27439,4334,1347,18372,9,6,2,1
2021-03-19T23:59:59+01:00,0,2,595,697,1137,2008,1531,3403,2402,6248,3372,5810,2133,2144,6800,8987,4288,8036,77,152,341,757,538,1479,711,2336,1052,1893,734,686,2485,3692,3307,6310,37786,25195,4318,1347,17481,2,6,2,1
2021-03-18T23:59:59+01:00,0,2,580,681,1117,1978,1504,3373,2362,6180,3299,5721,1981,1948,6682,8869,4282,8025,76,152,341,755,537,1479,710,2332,1049,1892,727,683,2435,3620,3280,6268,37766,25003,4307,1325,16503,2,6,2,1
2021-03-17T23:59:59+01:00,0,1,551,655,1072,1923,1467,3289,2284,6063,3147,5566,1725,1682,6516,8716,4272,8010,75,148,329,728,521,1435,688,2275,1011,1851,710,664,2197,3328,3200,6144,37695,24042,3784,1254,15453,2,6,1,1
2021-03-16T23:59:59+01:00,0,1,507,626,1032,1867,1416,3185,2219,5909,3031,5432,1529,1460,6382,8569,4262,7989,69,135,308,672,491,1358,659,2140,982,1723,661,614,2086,3194,3177,6060,37640,23299,3165,1023,14605,2,5,1,1
2021-03-15T23:59:59+01:00,0,1,495,615,1001,1821,1382,3117,2188,5824,2944,5349,1405,1326,5803,7883,4224,7926,66,128,293,614,476,1238,621,2010,942,1610,633,594,2049,3155,3164,6001,36409,22903,2811,689,14083,2,0,1,1
2021-03-14T23:59:59+01:00,0,1,490,609,991,1809,1379,3100,2172,5806,2910,5322,1363,1276,5411,7436,4201,7908,65,123,289,591,470,1211,615,1954,932,1585,633,594,2049,3155,3163,5999,35594,22897,2806,529,13783,2,0,1,1
2021-03-13T23:59:59+01:00,0,1,469,591,954,1762,1326,3036,1916,5218,2670,4910,1258,1163,4761,6589,4152,7833,65,123,288,588,468,1209,613,1952,931,1581,631,589,1690,2675,2640,5245,33925,20757,2802,529,11881,2,0,1,1
2021-03-12T23:59:59+01:00,0,1,453,570,934,1721,1296,2955,1712,4431,2463,4461,1188,1080,4065,5789,4105,7751,65,121,287,584,468,1206,611,1944,926,1575,628,582,1371,2139,2107,4454,32253,18538,2799,529,9922,1,0,1,1
2021-03-11T23:59:59+01:00,0,1,449,563,926,1710,1281,2938,1687,4397,2427,4425,1114,1025,4023,5753,4102,7747,65,113,281,562,454,1154,602,1895,907,1539,616,569,1365,2122,2098,4405,32221,18289,2705,457,9641,1,0,1,1
2021-03-10T23:59:59+01:00,0,1,428,552,881,1652,1227,2861,1614,4300,2361,4332,1081,1002,4007,5738,4101,7745,65,113,279,558,451,1147,597,1873,907,1534,610,561,1304,2036,2055,4349,32206,18006,2140,432,9536,1,0,1,1
2021-03-09T23:59:59+01:00,0,1,406,536,833,1602,1186,2798,1573,4217,2318,4279,1060,991,4001,5731,4100,7744,63,112,278,557,450,1136,595,1861,901,1529,608,555,1100,1727,1940,4177,32160,17183,1691,405,9524,1,0,1,1
2021-03-08T23:59:59+01:00,0,1,399,525,823,1588,1177,2782,1565,4192,2307,4266,1047,981,3965,5684,4098,7739,62,112,274,552,446,1130,594,1857,897,1527,608,555,1031,1637,1895,4134,32034,16929,1595,381,9509,1,0,1,1
2021-03-07T23:59:59+01:00,0,1,398,522,823,1587,1175,2780,1561,4186,2297,4261,1041,973,3959,5678,4097,7738,59,109,265,530,434,1104,579,1757,862,1452,607,555,928,1508,1845,4066,32018,16572,1556,88,9502,0,0,1,1
2021-03-06T23:59:59+01:00,0,1,390,506,804,1554,1152,2722,1520,4119,2104,3765,1012,936,3786,5407,4000,7577,59,109,265,530,434,1103,579,1757,862,1452,607,555,925,1507,1842,4065,31311,16563,1556,88,8487,0,0,1,1
2021-03-05T23:59:59+01:00,0,1,375,466,771,1450,1102,2505,1445,3906,1891,3095,983,891,3041,4448,3796,7238,59,108,264,527,431,1097,578,1752,858,1449,604,553,886,1449,1819,4027,29016,16373,1555,88,6832,0,0,1,1
2021-03-04T23:59:59+01:00,0,1,360,458,764,1430,1089,2482,1426,3877,1868,3076,970,887,3037,4444,3793,7236,59,107,261,524,427,1081,568,1730,857,1441,602,551,849,1395,1796,3992,29003,16215,1517,25,6677,0,0,1,1
2021-03-03T23:59:59+01:00,0,1,349,426,745,1379,1059,2399,1376,3723,1790,2979,937,843,3027,4438,3793,7233,58,107,258,522,426,1077,566,1721,854,1437,602,550,829,1342,1711,3847,28691,15884,1517,23,6288,0,0,1,1
2021-03-02T23:59:59+01:00,0,1,343,417,729,1355,1011,2354,1307,3639,1674,2883,849,777,2985,4401,3787,7228,58,107,257,518,425,1069,566,1715,854,1433,601,550,829,1342,1711,3847,28054,15859,1454,23,6231,0,0,1,1
2021-03-01T23:59:59+01:00,0,1,339,403,722,1308,999,2296,1287,3557,1648,2834,831,768,2977,4392,3787,7228,58,106,256,514,420,1055,562,1702,845,1425,600,548,733,1190,1658,3767,28015,15416,1406,23,5955,0,0,1,1
2021-02-28T23:59:59+01:00,0,1,334,390,714,1269,986,2220,1275,3470,1626,2755,827,758,2975,4388,3786,7226,58,106,256,514,420,1054,562,1702,844,1425,600,547,637,1066,1612,3687,28004,15067,1403,23,5592,0,0,1,1
2021-02-27T23:59:59+01:00,0,1,325,370,700,1244,966,2183,1240,3402,1603,2702,810,743,2972,4388,3785,7226,58,106,256,514,420,1054,561,1702,843,1425,600,547,637,1065,1612,3687,28002,15064,1403,23,5254,0,0,1,1
2021-02-26T23:59:59+01:00,0,1,300,317,652,1179,902,2065,1150,3236,1499,2563,781,721,2543,3783,3368,6460,58,106,253,512,420,1052,559,1700,840,1419,596,544,630,1053,1603,3668,25740,14990,1403,23,4376,0,0,1,1
2021-02-25T23:59:59+01:00,0,1,295,304,639,1147,881,2023,1131,3170,1481,2518,778,718,2497,3710,3338,6417,56,104,249,504,420,1048,554,1690,837,1408,590,539,553,943,1559,3612,25521,14645,1403,21,4123,0,0,1,1
2021-02-24T23:59:59+01:00,0,1,276,294,588,1101,834,1956,1073,3075,1437,2460,761,699,2259,3409,3257,6287,55,100,245,497,414,1031,546,1668,834,1389,583,528,540,923,1548,3590,24542,14476,1403,15,3821,0,0,1,1
2021-02-23T23:59:59+01:00,0,1,263,274,560,1044,797,1879,1005,2926,1365,2358,710,649,2148,3274,3234,6197,55,98,243,491,414,1015,536,1636,827,1367,575,522,525,876,1537,3546,23754,14248,1398,15,3531,0,0,1,1
2021-02-22T23:59:59+01:00,0,1,259,268,548,982,777,1803,980,2832,1329,2298,687,629,2121,3239,3226,6140,55,97,237,485,412,1002,527,1620,823,1342,561,510,508,851,1531,3496,23365,14042,1398,15,3355,0,0,1,1
2021-02-21T23:59:59+01:00,0,1,256,260,539,957,764,1766,972,2784,1299,2272,687,627,2119,3239,3225,6139,55,97,236,485,412,1002,527,1620,823,1341,561,509,508,851,1531,3495,23359,14038,1398,15,3148,0,0,1,1
2021-02-20T23:59:59+01:00,0,1,172,229,468,908,696,1689,902,2695,1214,2173,672,612,1753,2725,2676,5345,55,97,236,485,412,1002,527,1619,823,1341,561,509,508,851,1531,3495,21111,14037,1398,15,2420,0,0,1,1
2021-02-19T23:59:59+01:00,0,1,82,166,357,827,570,1556,769,2546,1079,2021,656,591,1451,2213,2142,4557,55,97,236,485,412,1001,527,1619,823,1340,561,509,500,847,1530,3489,18932,14017,1398,14,1253,0,0,1,1
2021-02-18T23:59:59+01:00,0,1,79,161,345,777,549,1467,736,2406,1046,1954,641,581,1442,2195,2133,4508,52,90,232,463,398,936,512,1539,804,1266,547,495,494,829,1529,3472,18695,13644,1373,14,952,0,0,1,1
2021-02-17T23:59:59+01:00,0,1,78,153,331,754,540,1434,707,2313,1010,1855,635,571,1384,2108,2087,4459,52,87,230,454,390,898,501,1474,785,1184,534,483,492,827,1529,3472,18437,13378,1300,14,682,0,0,1,1
2021-02-16T23:59:59+01:00,0,1,73,147,316,715,512,1361,675,2205,985,1750,625,564,1141,1764,1969,4282,51,78,229,449,384,868,488,1409,759,1117,513,470,490,827,1526,3471,17532,13127,1062,2,490,0,0,1,1
2021-02-15T23:59:59+01:00,0,1,68,131,290,612,477,1220,620,1993,935,1591,616,562,1058,1659,1918,4220,51,78,227,444,380,862,487,1405,756,1110,513,470,489,824,1525,3468,17209,13089,724,0,37,0,0,1,1
2021-02-14T23:59:59+01:00,0,1,67,124,285,587,472,1191,609,1939,921,1569,616,562,961,1536,1873,4164,51,78,227,444,380,862,487,1403,756,1110,513,470,489,824,1525,3468,16885,13087,569,0,22,0,0,1,1
2021-02-13T23:59:59+01:00,0,1,67,123,285,586,471,1187,608,1937,919,1566,615,561,960,1528,1869,4161,51,78,227,443,378,858,486,1398,754,1109,511,468,472,786,1270,3010,16852,12299,569,0,22,0,0,1,1
2021-02-12T23:59:59+01:00,0,1,66,123,284,585,467,1183,608,1934,916,1565,612,560,921,1477,1849,4121,51,78,227,439,375,849,481,1389,748,1103,504,460,454,747,924,2318,16683,11147,569,0,19,0,0,1,1
2021-02-11T23:59:59+01:00,0,1,66,116,281,574,454,1156,602,1908,909,1553,611,559,879,1419,1827,4084,51,75,212,409,361,802,465,1316,733,1071,501,459,454,747,923,2317,16507,10897,486,0,5,0,0,1,0
2021-02-10T23:59:59+01:00,0,1,65,116,277,571,452,1151,598,1892,904,1549,611,559,870,1403,1806,4040,50,65,178,332,307,699,415,1144,654,978,466,447,449,746,923,2316,16405,10170,458,0,1,0,0,1,0
2021-02-09T23:59:59+01:00,0,1,63,115,271,568,449,1138,597,1878,897,1543,610,558,858,1368,1741,3937,42,53,125,255,231,548,334,942,552,824,431,436,445,745,921,2316,16162,9201,429,0,0,0,0,1,0
2021-02-08T23:59:59+01:00,0,1,62,115,268,559,446,1131,596,1863,891,1535,609,556,757,1218,1687,3855,38,43,86,165,168,410,268,704,492,689,423,429,441,742,920,2316,15744,8335,404,0,0,0,0,1,0
2021-02-07T23:59:59+01:00,0,1,59,112,259,536,431,1100,580,1760,856,1456,608,555,655,1091,1640,3772,37,42,82,163,165,403,263,691,487,678,421,428,441,742,920,2315,15375,8279,95,0,0,0,0,1,0
2021-02-06T23:59:59+01:00,0,1,59,112,258,536,431,1100,578,1759,854,1453,605,553,653,1082,1634,3765,34,41,81,160,162,393,259,683,476,670,413,427,405,694,687,1935,15337,7521,95,0,0,0,0,1,0
2021-02-05T23:59:59+01:00,0,1,59,112,256,533,431,1098,577,1758,852,1451,603,553,643,1075,1628,3754,32,39,77,154,157,385,251,664,459,660,407,427,399,669,299,1313,15288,6393,95,0,0,0,0,1,0
2021-02-04T23:59:59+01:00,0,1,57,110,251,526,425,1082,561,1731,848,1437,596,544,560,958,1580,3696,31,36,73,149,151,374,237,643,442,646,402,421,394,662,297,1308,14935,6267,27,0,0,0,0,1,0
2021-02-03T23:59:59+01:00,0,1,56,105,247,519,424,1062,558,1716,846,1422,592,534,550,948,1577,3683,24,28,59,117,118,275,173,503,333,497,300,321,319,521,226,1047,14814,4862,25,0,0,0,0,1,0
2021-02-02T23:59:59+01:00,0,1,56,103,244,513,424,1044,547,1683,838,1398,579,525,539,903,1568,3639,17,21,40,76,82,181,121,339,218,358,211,215,203,327,162,693,14578,3265,25,0,0,0,0,1,0
2021-02-01T23:59:59+01:00,0,1,56,101,240,505,422,1028,539,1662,834,1375,571,519,522,874,1560,3595,7,11,20,40,44,93,64,168,94,161,99,98,85,152,70,307,14378,1513,25,0,0,0,0,1,0
2021-01-31T23:59:59+01:00,0,1,56,101,239,504,420,1024,537,1657,832,1372,571,518,522,874,1560,3594,7,11,18,36,39,79,60,142,81,146,95,98,84,151,68,306,14356,1421,25,0,0,0,0,1,0
2021-01-30T23:59:59+01:00,0,1,56,101,239,504,420,1024,537,1657,832,1372,571,518,522,874,1560,3594,7,11,18,36,39,79,60,142,81,146,95,97,84,151,68,306,14356,1420,25,0,0,0,0,1,0
2021-01-29T23:59:59+01:00,0,1,56,101,239,504,420,1024,537,1657,832,1372,571,518,522,874,1560,3594,7,11,18,36,39,79,60,142,81,146,95,97,84,151,68,306,14356,1420,25,0,0,0,0,1,0
2021-01-28T23:59:59+01:00,0,1,54,93,235,476,408,958,519,1571,810,1290,558,503,516,857,1558,3580,3,2,4,6,10,13,19,34,21,31,16,20,19,33,17,91,13967,339,19,0,0,0,0,1,0
2021-01-27T23:59:59+01:00,0,1,52,89,235,466,400,919,509,1505,790,1207,546,490,514,855,1558,3580,3,2,4,6,8,13,19,33,21,30,16,20,19,33,17,91,13698,335,17,0,0,0,0,1,0
2021-01-26T23:59:59+01:00,0,1,51,83,231,463,393,890,498,1437,765,1140,524,477,512,855,1558,3580,1,2,4,6,8,12,17,29,17,25,14,18,17,31,17,84,13441,302,16,0,0,0,0,1,0
2021-01-25T23:59:59+01:00,0,1,51,83,228,458,389,884,498,1434,763,1135,524,477,512,854,1558,3578,0,0,0,0,0,0,0,0,0,0,1,1,0,2,0,0,13411,4,15,0,0,0,0,1,0
2021-01-24T23:59:59+01:00,0,1,51,83,228,458,389,884,498,1433,763,1135,524,477,512,854,1558,3578,0,0,0,0,0,0,0,0,0,0,1,1,0,2,0,0,13410,4,15,0,0,0,0,1,0
2021-01-23T23:59:59+01:00,0,1,51,83,228,457,388,880,498,1427,762,1133,521,475,495,816,1305,3110,0,0,0,0,0,0,0,0,0,0,1,1,0,2,0,0,12614,4,15,0,0,0,0,1,0
2021-01-22T23:59:59+01:00,0,1,51,83,227,453,384,871,493,1417,757,1125,515,467,478,775,947,2395,0,0,0,0,0,0,0,0,0,0,1,1,0,2,0,0,11424,4,15,0,0,0,0,0,0
2021-01-21T23:59:59+01:00,0,1,51,80,209,420,357,815,466,1318,731,1091,511,467,478,775,946,2394,0,0,0,0,0,0,0,0,0,0,1,1,0,2,0,0,11095,4,15,0,0,0,0,0,0
2021-01-20T23:59:59+01:00,0,1,49,70,181,349,316,730,424,1164,661,1000,475,456,473,775,946,2393,0,0,0,0,0,0,0,0,0,0,1,1,0,2,0,0,10448,4,15,0,0,0,0,0,0
2021-01-19T23:59:59+01:00,0,1,43,57,135,272,243,571,347,982,571,860,440,444,469,773,946,2393,0,0,0,0,0,0,0,0,0,0,1,0,0,2,0,0,9540,3,7,0,0,0,0,0,0
2021-01-18T23:59:59+01:00,0,1,39,44,86,173,174,421,278,719,500,703,431,437,466,768,944,2393,0,0,0,0,0,0,0,0,0,0,0,0,0,1,0,0,8577,1,0,0,0,0,0,0,0
2021-01-17T23:59:59+01:00,0,1,37,43,83,169,170,413,274,708,495,690,429,437,466,768,944,2392,0,0,0,0,0,0,0,0,0,0,0,0,0,0,0,0,8519,0,0,0,0,0,0,0,0
2021-01-16T23:59:59+01:00,0,1,34,42,81,167,166,404,267,701,480,682,421,436,427,721,704,2007,0,0,0,0,0,0,0,0,0,0,0,0,0,0,0,0,7741,0,0,0,0,0,0,0,0
2021-01-15T23:59:59+01:00,0,1,32,40,78,160,163,398,260,684,466,674,415,435,422,697,310,1376,0,0,0,0,0,0,0,0,0,0,0,0,0,0,0,0,6611,0,0,0,0,0,0,0,0
2021-01-14T23:59:59+01:00,0,1,32,38,77,156,158,393,252,675,455,666,412,433,422,696,310,1376,0,0,0,0,0,0,0,0,0,0,0,0,0,0,0,0,6552,0,0,0,0,0,0,0,0
2021-01-13T23:59:59+01:00,0,0,24,31,61,123,123,298,192,541,347,523,315,332,348,551,239,1107,0,0,0,0,0,0,0,0,0,0,0,0,0,0,0,0,5155,0,0,0,0,0,0,0,0
2021-01-12T23:59:59+01:00,0,0,17,24,45,85,88,210,139,391,237,387,225,226,227,355,173,750,0,0,0,0,0,0,0,0,0,0,0,0,0,0,0,0,3579,0,0,0,0,0,0,0,0
2021-01-11T23:59:59+01:00,0,0,9,15,26,44,58,134,88,220,124,205,112,107,99,172,80,333,0,0,0,0,0,0,0,0,0,0,0,0,0,0,0,0,1826,0,0,0,0,0,0,0,0
2021-01-10T23:59:59+01:00,0,0,8,15,22,41,51,106,80,179,105,172,106,104,95,170,77,333,0,0,0,0,0,0,0,0,0,0,0,0,0,0,0,0,1664,0,0,0,0,0,0,0,0
2021-01-09T23:59:59+01:00,0,0,8,15,22,41,51,106,80,179,105,172,106,103,95,170,77,333,0,0,0,0,0,0,0,0,0,0,0,0,0,0,0,0,1663,0,0,0,0,0,0,0,0
2021-01-08T23:59:59+01:00,0,0,8,14,21,40,49,100,75,168,99,169,103,99,90,161,75,325,0,0,0,0,0,0,0,0,0,0,0,0,0,0,0,0,1596,0,0,0,0,0,0,0,0
2021-01-07T23:59:59+01:00,0,0,3,3,4,7,10,14,20,34,23,34,17,20,20,34,19,95,0,0,0,0,0,0,0,0,0,0,0,0,0,0,0,0,357,0,0,0,0,0,0,0,0
2021-01-06T23:59:59+01:00,0,0,3,2,4,6,8,13,20,33,21,31,17,20,20,34,19,94,0,0,0,0,0,0,0,0,0,0,0,0,0,0,0,0,345,0,0,0,0,0,0,0,0
2021-01-05T23:59:59+01:00,0,0,3,2,4,6,8,13,20,33,21,31,17,20,20,34,19,94,0,0,0,0,0,0,0,0,0,0,0,0,0,0,0,0,345,0,0,0,0,0,0,0,0
2021-01-04T23:59:59+01:00,0,0,0,0,0,0,0,0,1,0,0,0,1,1,0,2,0,0,0,0,0,0,0,0,0,0,0,0,0,0,0,0,0,0,5,0,0,0,0,0,0,0,0
2021-01-03T23:59:59+01:00,0,0,0,0,0,0,0,0,1,0,0,0,1,1,0,2,0,0,0,0,0,0,0,0,0,0,0,0,0,0,0,0,0,0,5,0,0,0,0,0,0,0,0
2021-01-02T23:59:59+01:00,0,0,0,0,0,0,0,0,1,0,0,0,1,1,0,2,0,0,0,0,0,0,0,0,0,0,0,0,0,0,0,0,0,0,5,0,0,0,0,0,0,0,0
2021-01-01T23:59:59+01:00,0,0,0,0,0,0,0,0,1,0,0,0,1,1,0,2,0,0,0,0,0,0,0,0,0,0,0,0,0,0,0,0,0,0,5,0,0,0,0,0,0,0,0
2020-12-31T23:59:59+01:00,0,0,0,0,0,0,0,0,1,0,0,0,1,1,0,2,0,0,0,0,0,0,0,0,0,0,0,0,0,0,0,0,0,0,5,0,0,0,0,0,0,0,0
2020-12-30T23:59:59+01:00,0,0,0,0,0,0,0,0,1,0,0,0,1,1,0,2,0,0,0,0,0,0,0,0,0,0,0,0,0,0,0,0,0,0,5,0,0,0,0,0,0,0,0
2020-12-29T23:59:59+01:00,0,0,0,0,0,0,0,0,1,0,0,0,1,0,0,2,0,0,0,0,0,0,0,0,0,0,0,0,0,0,0,0,0,0,4,0,0,0,0,0,0,0,0
2020-12-28T23:59:59+01:00,0,0,0,0,0,0,0,0,0,0,0,0,1,0,0,1,0,0,0,0,0,0,0,0,0,0,0,0,0,0,0,0,0,0,2,0,0,0,0,0,0,0,0
2020-12-27T23:59:59+01:00,0,0,0,0,0,0,0,0,0,0,0,0,0,0,0,0,0,0,0,0,0,0,0,0,0,0,0,0,0,0,0,0,0,0,0,0,0,0,0,0,0,0,0
