Datum,<15_m,<15_w,15-24_1_m,15-24_1_w,25-34_1_m,25-34_1_w,35-44_1_m,35-44_1_w,45-54_1_m,45-54_1_w,55-64_1_m,55-64_1_w,65-74_1_m,65-74_1_w,75-84_1_m,75-84_1_w,>84_1_m,>84_1_w,<24_2_m,<24_2_w,25-34_2_m,25-34_2_w,35-44_2_m,35-44_2_w,45-54_2_m,45-54_2_w,55-64_2_m,55-64_2_w,65-74_2_m,65-74_2_w,75-84_2_m,75-84_2_w,>84_2_m,>84_2_w,bp_1,bp_2,mo_1,mo_2,az_1,az_2,ja,unb_1,unb_2
2021-10-02T23:59:59+02:00,1872,1675,14559,13812,17622,16455,20845,21120,27460,28559,34048,34952,25825,28654,17558,22430,5350,10124,12969,12253,16343,15004,19594,19563,25905,26707,32501,33260,24993,27726,17009,21644,5133,9567,247117,231098,32255,30029,46572,44852,16892,103,43
2021-10-01T23:59:59+02:00,1859,1656,14498,13752,17561,16405,20803,21078,27429,28541,34023,34934,25817,28651,17558,22425,5350,10121,12867,12151,16263,14947,19535,19516,25869,26672,32470,33232,24978,27711,17005,21636,5132,9565,246806,230530,32223,30019,46572,44852,16776,103,43
2021-09-30T23:59:59+02:00,1846,1636,14397,13670,17497,16348,20742,21026,27372,28483,33965,34907,25796,28635,17549,22415,5348,10118,12756,12076,16188,14899,19486,19464,25814,26614,32416,33206,24958,27688,16999,21624,5129,9564,246448,230224,32096,29839,46569,44845,16553,103,43
2021-09-29T23:59:59+02:00,1832,1618,14373,13649,17474,16307,20707,20997,27345,28452,33937,34884,25776,28618,17541,22405,5348,10117,12724,12045,16167,14871,19473,19446,25799,26597,32398,33183,24943,27675,16991,21613,5126,9560,246106,229953,32096,29839,46569,44844,16525,103,43
2021-09-28T23:59:59+02:00,1816,1609,14345,13617,17445,16273,20680,20963,27313,28428,33910,34859,25762,28598,17531,22395,5345,10111,12685,12013,16146,14843,19458,19420,25779,26587,32385,33162,24937,27664,16988,21607,5124,9559,245754,229695,32095,29839,46569,44843,16498,103,43
2021-09-27T23:59:59+02:00,1808,1605,14319,13592,17426,16251,20655,20940,27291,28409,33891,34839,25754,28585,17529,22387,5345,10108,12648,11979,16125,14821,19432,19404,25759,26565,32376,33142,24929,27651,16982,21600,5122,9558,245540,229464,32095,29839,46569,44837,16446,103,43
2021-09-26T23:59:59+02:00,1804,1600,14304,13574,17406,16234,20644,20925,27277,28395,33883,34826,25743,28580,17525,22386,5344,10107,12632,11959,16110,14804,19419,19392,25750,26554,32365,33131,24923,27649,16979,21596,5121,9557,245394,229333,32095,29838,46569,44837,16415,103,43
2021-09-25T23:59:59+02:00,1801,1598,14291,13558,17388,16225,20625,20917,27260,28380,33870,34819,25737,28574,17520,22383,5343,10105,12622,11945,16094,14796,19401,19383,25737,26539,32353,33124,24918,27645,16974,21593,5121,9555,245351,229308,32095,29838,46569,44837,16295,103,43
2021-09-24T23:59:59+02:00,1783,1574,14210,13479,17320,16173,20570,20867,27221,28337,33832,34788,25719,28563,17510,22373,5341,10101,12524,11844,16011,14730,19347,19322,25690,26504,32307,33094,24895,27624,16965,21581,5119,9551,244958,228793,32076,29834,46569,44837,16074,103,43
2021-09-23T23:59:59+02:00,1762,1554,14107,13381,17230,16088,20478,20791,27140,28280,33784,34728,25692,28540,17498,22354,5337,10094,12434,11769,15942,14664,19273,19274,25633,26447,32261,33058,24875,27605,16959,21569,5116,9546,244475,228465,31975,29796,46569,44837,15735,103,43
2021-09-22T23:59:59+02:00,1744,1542,14069,13331,17180,16046,20428,20744,27102,28233,33734,34678,25662,28514,17490,22332,5333,10090,12393,11723,15896,14631,19243,19245,25604,26419,32212,33024,24847,27580,16953,21555,5112,9537,244060,228146,31950,29787,46569,44835,15588,103,43
2021-09-21T23:59:59+02:00,1731,1527,14007,13278,17157,15998,20395,20705,27074,28195,33699,34657,25649,28497,17478,22309,5325,10063,12345,11663,15867,14604,19210,19206,25577,26391,32187,32997,24826,27563,16950,21546,5110,9526,243578,227765,31946,29738,46569,44833,15566,103,43
2021-09-20T23:59:59+02:00,1721,1520,13955,13240,17120,15959,20355,20672,27032,28159,33665,34623,25629,28470,17469,22290,5314,10034,12291,11627,15834,14582,19181,19183,25549,26368,32165,32973,24814,27550,16948,21537,5105,9512,243141,227472,31945,29738,46569,44833,15487,103,43
2021-09-19T23:59:59+02:00,1716,1511,13931,13216,17089,15937,20328,20654,27011,28131,33652,34610,25621,28462,17466,22288,5313,10032,12266,11607,15812,14562,19167,19164,25536,26357,32155,32963,24808,27545,16942,21531,5104,9512,242917,227306,31944,29737,46569,44831,15453,103,43
2021-09-18T23:59:59+02:00,1714,1507,13919,13204,17078,15930,20318,20647,27004,28127,33646,34606,25621,28462,17466,22287,5313,10032,12259,11599,15802,14557,19157,19161,25529,26353,32150,32961,24808,27545,16942,21531,5104,9512,242881,227287,31931,29732,46569,44831,15415,103,43
2021-09-17T23:59:59+02:00,1691,1473,13816,13090,16970,15855,20237,20576,26934,28067,33593,34562,25598,28439,17454,22276,5312,10029,12172,11520,15701,14480,19069,19091,25461,26286,32088,32918,24789,27525,16932,21513,5103,9508,242416,226849,31884,29720,46569,44830,15018,103,43
2021-09-16T23:59:59+02:00,1664,1438,13717,12982,16884,15760,20146,20486,26833,27981,33517,34496,25566,28406,17440,22252,5305,10008,12083,11441,15632,14417,18988,19012,25372,26204,32026,32863,24748,27487,16922,21500,5100,9497,241809,226385,31787,29660,46569,44828,14631,103,43
2021-09-15T23:59:59+02:00,1648,1430,13658,12933,16831,15698,20101,20435,26778,27931,33465,34440,25540,28374,17425,22224,5298,9985,12022,11379,15577,14366,18937,18961,25312,26156,31968,32807,24715,27454,16906,21481,5096,9486,241400,225950,31766,29645,46565,44826,14378,103,43
2021-09-14T23:59:59+02:00,1632,1419,13596,12866,16758,15647,20043,20387,26729,27875,33417,34391,25520,28357,17413,22212,5294,9980,11959,11316,15504,14306,18884,18916,25264,26102,31912,32754,24684,27431,16892,21465,5096,9481,241013,225557,31714,29551,46565,44826,14159,103,43
2021-09-13T23:59:59+02:00,1610,1403,13558,12829,16730,15619,20024,20362,26707,27850,33398,34368,25510,28350,17408,22201,5294,9977,11916,11282,15471,14283,18861,18886,25239,26074,31885,32731,24674,27421,16879,21456,5093,9480,240732,225246,31713,29549,46560,44824,14107,103,43
2021-09-12T23:59:59+02:00,1600,1400,13526,12806,16689,15603,20011,20352,26696,27833,33393,34356,25506,28345,17407,22197,5294,9974,11872,11263,15426,14265,18837,18865,25223,26061,31871,32717,24666,27412,16876,21452,5092,9477,240582,225031,31713,29549,46558,44823,14049,103,43
2021-09-11T23:59:59+02:00,1589,1399,13510,12794,16675,15594,20002,20349,26684,27826,33389,34352,25502,28344,17406,22196,5292,9974,11805,11212,15410,14257,18829,18854,25211,26050,31863,32704,24664,27410,16875,21451,5092,9477,240517,224707,31693,29547,46558,44823,14023,103,43
2021-09-10T23:59:59+02:00,1550,1353,13361,12667,16603,15516,19895,20263,26600,27762,33327,34297,25462,28313,17390,22173,5286,9969,11684,11106,15324,14174,18720,18769,25116,25993,31789,32646,24622,27379,16858,21431,5087,9472,239919,224148,31676,29536,46558,44823,13546,103,43
2021-09-09T23:59:59+02:00,1529,1332,13290,12601,16549,15464,19841,20226,26548,27696,33285,34257,25434,28294,17385,22160,5282,9962,11622,11033,15273,14122,18665,18738,25060,25953,31743,32612,24600,27365,16845,21421,5084,9461,239550,223778,31600,29497,46558,44823,13338,103,43
2021-09-08T23:59:59+02:00,1514,1315,13261,12577,16533,15440,19821,20213,26532,27684,33272,34246,25422,28286,17379,22154,5279,9959,11577,10989,15247,14104,18653,18722,25042,25928,31722,32601,24586,27350,16843,21415,5084,9459,239330,223500,31600,29497,46554,44822,13314,103,43
2021-09-07T23:59:59+02:00,1485,1298,13203,12531,16493,15408,19798,20184,26495,27663,33238,34216,25398,28268,17373,22138,5274,9953,11519,10924,15193,14051,18616,18689,24995,25883,31670,32574,24558,27327,16835,21398,5079,9457,239103,223193,31515,29382,46554,44822,13155,103,43
2021-09-06T23:59:59+02:00,1470,1289,13174,12496,16470,15384,19779,20163,26478,27648,33227,34207,25395,28255,17370,22134,5271,9953,11498,10892,15174,14018,18594,18673,24979,25863,31648,32559,24547,27314,16834,21390,5076,9457,238883,222965,31515,29371,46554,44821,13122,103,43
2021-09-05T23:59:59+02:00,1460,1281,13158,12477,16453,15368,19768,20156,26472,27639,33217,34194,25393,28253,17368,22130,5271,9953,11479,10876,15148,14002,18583,18664,24972,25857,31639,32540,24544,27303,16831,21385,5074,9456,238757,222817,31515,29371,46554,44820,13096,103,43
2021-09-04T23:59:59+02:00,1460,1281,13157,12476,16453,15368,19766,20156,26471,27639,33217,34194,25393,28253,17368,22129,5271,9953,11479,10874,15146,14002,18578,18664,24971,25855,31639,32538,24543,27303,16831,21385,5074,9456,238755,222806,31515,29370,46554,44820,13092,103,43
2021-09-03T23:59:59+02:00,1433,1265,13055,12379,16396,15316,19729,20118,26430,27613,33180,34177,25375,28242,17364,22118,5269,9952,11339,10749,15084,13929,18507,18618,24900,25806,31580,32502,24510,27275,16818,21369,5071,9452,238260,222003,31515,29366,46554,44820,12993,103,43
2021-09-02T23:59:59+02:00,1418,1259,12991,12337,16353,15283,19694,20092,26396,27579,33155,34156,25360,28229,17359,22113,5269,9948,11263,10709,15036,13894,18469,18598,24867,25784,31542,32472,24491,27254,16812,21364,5071,9450,238037,221738,31451,29325,46550,44811,12864,103,43
2021-09-01T23:59:59+02:00,1395,1244,12955,12299,16332,15263,19675,20078,26378,27559,33134,34131,25349,28218,17353,22103,5266,9944,11222,10674,15016,13866,18449,18578,24846,25761,31517,32441,24477,27240,16805,21358,5069,9448,237738,221410,31451,29323,46549,44810,12849,103,43
2021-08-31T23:59:59+02:00,1363,1222,12900,12239,16287,15227,19642,20034,26334,27509,33095,34097,25333,28197,17347,22090,5262,9940,11150,10605,14968,13805,18397,18546,24796,25708,31459,32398,24446,27224,16797,21345,5066,9441,237431,220983,31388,29294,46549,44791,12661,103,43
2021-08-30T23:59:59+02:00,1339,1207,12859,12201,16262,15205,19622,20017,26311,27492,33073,34080,25322,28187,17347,22086,5260,9938,11072,10573,14941,13784,18375,18523,24769,25692,31432,32371,24434,27209,16791,21338,5063,9438,237180,220690,31388,29293,46549,44780,12601,103,43
2021-08-29T23:59:59+02:00,1334,1201,12846,12185,16251,15196,19613,20008,26308,27483,33066,34066,25317,28181,17345,22085,5260,9938,11054,10536,14931,13767,18359,18509,24757,25683,31424,32359,24425,27197,16789,21333,5063,9438,237079,220516,31388,29293,46549,44776,12577,103,43
2021-08-28T23:59:59+02:00,1327,1189,12814,12163,16237,15184,19602,19994,26301,27473,33057,34060,25315,28176,17344,22082,5260,9937,10978,10464,14897,13734,18312,18482,24721,25650,31381,32328,24408,27184,16780,21317,5063,9435,236919,219990,31388,29293,46549,44776,12569,103,43
2021-08-27T23:59:59+02:00,1308,1174,12751,12107,16191,15136,19543,19944,26246,27424,33014,34030,25297,28165,17340,22068,5260,9934,10941,10430,14857,13708,18296,18466,24686,25626,31353,32307,24395,27173,16777,21313,5063,9434,236494,219833,31388,29292,46549,44775,12411,103,43
2021-08-26T23:59:59+02:00,1288,1158,12682,12050,16145,15093,19498,19904,26192,27366,32963,33985,25267,28136,17333,22058,5257,9931,10871,10380,14810,13667,18250,18437,24642,25588,31307,32268,24373,27157,16769,21304,5063,9430,236126,219520,31329,29278,46549,44768,12211,103,43
2021-08-25T23:59:59+02:00,1271,1143,12659,12008,16125,15067,19477,19889,26165,27350,32928,33957,25249,28117,17326,22051,5256,9928,10822,10337,14779,13638,18217,18406,24620,25569,31274,32230,24360,27140,16762,21294,5061,9427,235818,219144,31329,29278,46542,44764,12184,103,43
2021-08-24T23:59:59+02:00,1244,1125,12599,11937,16068,15023,19432,19848,26118,27305,32883,33924,25229,28093,17314,22039,5255,9923,10743,10263,14735,13597,18171,18370,24569,25518,31232,32193,24336,27113,16747,21278,5060,9426,235507,218729,31204,29238,46542,44764,12012,103,43
2021-08-23T23:59:59+02:00,1231,1112,12560,11901,16043,15004,19411,19813,26097,27270,32854,33901,25215,28080,17310,22030,5255,9920,10688,10209,14705,13559,18133,18336,24542,25488,31197,32160,24323,27093,16740,21275,5058,9425,235206,218324,31203,29238,46542,44761,11961,103,43
2021-08-22T23:59:59+02:00,1223,1105,12545,11879,16028,14988,19404,19794,26085,27259,32843,33886,25204,28074,17308,22027,5252,9920,10659,10180,14684,13544,18113,18325,24529,25471,31182,32146,24315,27082,16738,21270,5057,9424,235041,218107,31203,29238,46542,44760,11943,103,43
2021-08-21T23:59:59+02:00,1135,1033,12470,11821,16016,14976,19394,19782,26075,27248,32833,33870,25199,28070,17305,22024,5252,9920,10635,10150,14667,13540,18105,18313,24520,25465,31175,32140,24312,27082,16737,21270,5057,9424,234667,217984,31197,29238,46542,44760,11922,103,43
2021-08-20T23:59:59+02:00,1115,1017,12409,11752,15957,14922,19332,19744,26021,27215,32783,33843,25184,28059,17296,22019,5251,9918,10580,10112,14625,13504,18065,18287,24485,25446,31145,32123,24303,27075,16731,21267,5057,9423,234169,217698,31197,29238,46542,44760,11834,103,43
2021-08-19T23:59:59+02:00,1089,993,12341,11696,15898,14890,19282,19693,25959,27165,32740,33808,25152,28036,17284,22008,5248,9916,10486,10036,14557,13466,18009,18249,24416,25403,31078,32078,24261,27056,16722,21250,5056,9420,233876,217262,31104,29229,46542,44752,11581,103,43
2021-08-18T23:59:59+02:00,1077,977,12301,11660,15870,14859,19254,19663,25930,27134,32705,33783,25133,28024,17279,21999,5246,9915,10431,9968,14510,13440,17960,18220,24371,25365,31019,32040,24239,27039,16716,21237,5052,9414,233562,216806,31104,29222,46541,44742,11507,103,43
2021-08-17T23:59:59+02:00,1050,952,12250,11618,15841,14817,19223,19632,25902,27111,32669,33745,25114,28004,17269,21982,5245,9910,10337,9886,14457,13392,17907,18166,24321,25325,30959,31996,24212,27015,16705,21217,5050,9406,233261,216206,30977,29163,46541,44739,11460,103,43
2021-08-16T23:59:59+02:00,1038,945,12218,11592,15824,14799,19205,19613,25879,27087,32650,33723,25094,27989,17261,21967,5242,9908,10282,9818,14432,13348,17883,18130,24277,25290,30922,31965,24185,26981,16690,21203,5050,9403,233033,215764,30977,29163,46541,44733,11388,103,43
2021-08-15T23:59:59+02:00,1030,945,12193,11578,15810,14782,19191,19598,25869,27078,32629,33709,25088,27980,17257,21956,5241,9908,10237,9783,14395,13326,17862,18109,24254,25276,30901,31939,24168,26973,16685,21195,5049,9401,232877,215483,30976,29163,46540,44728,11354,103,43
2021-08-14T23:59:59+02:00,1029,945,12192,11574,15810,14781,19188,19596,25868,27078,32629,33708,25088,27980,17257,21956,5241,9908,10071,9563,14289,13235,17787,18062,24205,25244,30861,31906,24153,26960,16682,21192,5047,9400,232868,214477,30976,29162,46540,44727,11349,103,43
2021-08-13T23:59:59+02:00,984,905,12039,11446,15756,14721,19122,19539,25797,27026,32577,33672,25062,27951,17246,21946,5240,9904,10018,9511,14249,13206,17748,18037,24173,25224,30837,31885,24143,26947,16676,21183,5047,9396,232029,214143,30975,29162,46540,44724,11296,101,43
2021-08-12T23:59:59+02:00,970,883,11982,11385,15707,14681,19086,19513,25752,27003,32531,33643,25037,27935,17237,21940,5239,9901,9927,9445,14175,13165,17687,17987,24107,25189,30783,31836,24115,26922,16660,21165,5045,9396,231797,213723,30951,29156,46540,44709,11043,101,43
2021-08-11T23:59:59+02:00,956,872,11948,11352,15688,14658,19053,19495,25730,26984,32506,33614,25019,27913,17233,21932,5238,9899,9854,9383,14123,13125,17640,17943,24066,25167,30743,31788,24085,26890,16644,21152,5044,9390,231506,213154,30950,29152,46539,44681,11001,101,43
2021-08-10T23:59:59+02:00,937,862,11860,11300,15635,14627,19009,19458,25674,26950,32449,33560,25002,27897,17226,21919,5237,9896,9759,9297,14071,13090,17608,17909,24019,25128,30690,31741,24052,26857,16637,21132,5040,9385,231122,212635,30818,29117,46537,44667,10927,101,43
2021-08-09T23:59:59+02:00,935,845,11832,11265,15619,14611,18987,19445,25642,26927,32420,33529,24994,27888,17220,21911,5237,9893,9705,9237,14030,13040,17571,17868,23988,25083,30655,31700,24038,26840,16632,21119,5038,9379,230884,212183,30818,29114,46536,44660,10868,101,43
2021-08-08T23:59:59+02:00,925,838,11796,11242,15598,14597,18967,19424,25617,26907,32398,33512,24986,27872,17213,21907,5236,9893,9630,9181,13981,13012,17544,17838,23955,25048,30623,31669,24025,26821,16624,21105,5037,9376,230693,211782,30818,29113,46536,44659,10786,101,43
2021-08-07T23:59:59+02:00,905,811,11698,11164,15555,14555,18925,19390,25578,26877,32352,33480,24969,27860,17204,21889,5235,9890,9008,8586,13537,12657,17332,17653,23804,24937,30471,31592,23966,26770,16603,21078,5032,9373,230103,208573,30818,29112,46536,44659,10785,101,43
2021-08-06T23:59:59+02:00,896,808,11668,11139,15539,14542,18915,19384,25563,26861,32343,33473,24965,27856,17199,21887,5235,9889,8426,7960,13022,12261,17104,17447,23659,24825,30377,31513,23935,26723,16591,21064,5029,9366,230053,205401,30696,29099,46536,44659,10782,101,43
2021-08-05T23:59:59+02:00,893,801,11628,11108,15497,14513,18874,19352,25518,26826,32295,33426,24925,27834,17197,21876,5235,9883,8371,7896,12973,12209,17054,17405,23595,24785,30301,31458,23888,26681,16577,21046,5027,9357,229827,204977,30695,29094,46535,44650,10527,101,43
2021-08-04T23:59:59+02:00,876,785,11598,11078,15478,14481,18842,19326,25491,26797,32250,33387,24910,27821,17192,21870,5233,9875,8281,7809,12916,12161,17002,17361,23538,24741,30241,31386,23851,26642,16567,21033,5025,9351,229563,204386,30693,29093,46533,44615,10404,101,43
2021-08-03T23:59:59+02:00,860,768,11551,11038,15455,14459,18811,19306,25465,26768,32216,33352,24890,27802,17183,21865,5229,9874,8198,7721,12846,12111,16934,17308,23478,24704,30199,31336,23815,26608,16552,21022,5022,9347,229228,203725,30692,29083,46532,44607,10343,101,43
2021-08-02T23:59:59+02:00,851,765,11516,11008,15433,14427,18784,19286,25436,26743,32184,33325,24876,27782,17175,21856,5228,9872,8102,7628,12766,12051,16874,17244,23421,24632,30149,31278,23797,26585,16531,21012,5020,9342,228950,203016,30692,29082,46532,44599,10275,101,43
2021-08-01T23:59:59+02:00,843,758,11489,10979,15422,14414,18769,19275,25417,26731,32167,33310,24872,27773,17174,21853,5226,9871,8034,7561,12705,12004,16830,17197,23385,24600,30122,31253,23781,26566,16527,21006,5018,9341,228806,202559,30687,29081,46532,44580,10220,101,43
2021-07-31T23:59:59+02:00,840,757,11486,10973,15420,14411,18765,19271,25416,26730,32164,33309,24872,27772,17174,21853,5226,9871,7881,7374,11934,11334,16274,16757,23290,24521,30057,31182,23752,26530,16515,20987,5017,9339,228776,199336,30686,29081,46532,44578,10218,101,43
2021-07-30T23:59:59+02:00,839,756,11473,10964,15417,14408,18759,19266,25409,26725,32154,33304,24871,27770,17174,21850,5226,9871,7600,7131,11392,10886,15795,16329,23153,24414,29949,31069,23715,26485,16498,20965,5017,9334,228708,196254,30685,29080,46530,44565,10215,101,43
2021-07-29T23:59:59+02:00,827,747,11433,10917,15379,14387,18719,19240,25371,26689,32101,33275,24853,27750,17163,21832,5226,9868,7226,6822,10727,10370,15278,15914,22977,24268,29801,30958,23660,26433,16469,20940,5013,9331,228385,192786,30684,29070,46530,44479,10080,101,43
2021-07-28T23:59:59+02:00,808,734,11386,10863,15355,14358,18688,19212,25345,26661,32074,33250,24839,27732,17158,21820,5225,9864,7059,6666,10582,10248,15166,15779,22884,24172,29699,30860,23617,26375,16451,20911,5012,9321,228058,191537,30684,29068,46525,44370,10007,101,43
2021-07-27T23:59:59+02:00,799,725,11341,10823,15312,14318,18648,19186,25316,26635,32038,33228,24823,27707,17151,21809,5224,9856,6838,6451,10421,10133,15021,15647,22780,24063,29591,30747,23565,26311,16435,20884,5010,9309,227739,190385,30684,28740,46524,44334,9894,101,43
2021-07-26T23:59:59+02:00,789,712,11291,10774,15286,14297,18631,19159,25288,26605,32006,33202,24808,27685,17139,21797,5223,9853,6721,6375,10324,10059,14955,15567,22698,24003,29526,30673,23532,26268,16423,20867,5006,9303,227442,189602,30682,28737,46523,44292,9799,101,43
2021-07-25T23:59:59+02:00,778,702,11263,10746,15264,14272,18611,19135,25261,26580,31985,33184,24791,27674,17135,21788,5222,9851,6645,6294,10255,9996,14882,15507,22644,23949,29470,30635,23501,26247,16411,20853,5006,9299,227244,189014,30682,28733,46522,44262,9695,101,43
2021-07-24T23:59:59+02:00,754,680,11186,10663,15225,14244,18587,19114,25241,26564,31973,33171,24791,27670,17132,21786,5222,9851,6247,5940,10107,9881,14506,15225,22421,23791,29352,30551,23465,26209,16394,20836,5003,9295,226864,186655,30682,28730,46522,44260,9687,101,43
2021-07-23T23:59:59+02:00,728,658,11118,10577,15195,14210,18559,19099,25220,26543,31958,33154,24780,27665,17130,21786,5222,9848,5877,5630,9985,9774,14159,14960,22225,23615,29232,30433,23413,26141,16383,20815,4999,9288,226475,184381,30682,28730,46522,44248,9672,101,43
2021-07-22T23:59:59+02:00,687,618,10963,10414,15098,14121,18471,19050,25140,26489,31885,33090,24744,27624,17115,21768,5218,9843,5559,5332,9716,9558,13577,14483,21905,23356,29000,30205,23312,26043,16340,20777,4995,9285,225521,181059,30681,28718,46521,44229,9516,101,43
2021-07-21T23:59:59+02:00,667,593,10898,10359,15061,14093,18431,19012,25100,26459,31846,33040,24719,27590,17099,21756,5215,9838,4943,4865,9274,9304,13194,14253,21673,23201,28814,30056,23247,25967,16315,20754,4993,9282,225090,179287,30670,27450,46518,44062,9399,101,43
2021-07-20T23:59:59+02:00,649,576,10841,10304,15035,14057,18396,18985,25069,26427,31810,33006,24699,27569,17094,21741,5212,9831,4803,4751,9124,9173,13027,14118,21560,23080,28683,29931,23167,25864,16293,20714,4986,9276,224712,177943,30670,27438,46516,43913,9304,101,43
2021-07-19T23:59:59+02:00,636,563,10803,10273,15004,14033,18373,18977,25041,26401,31777,32977,24682,27546,17088,21730,5210,9828,4723,4682,9026,9095,12909,14021,21462,22972,28584,29811,23111,25807,16268,20685,4981,9270,224467,177003,30670,27429,46507,43815,9199,101,43
2021-07-18T23:59:59+02:00,621,554,10750,10222,14969,14013,18348,18959,25021,26385,31754,32958,24672,27535,17082,21721,5209,9823,4615,4580,8892,8974,12782,13881,21376,22881,28511,29732,23082,25777,16259,20672,4978,9269,224192,175992,30670,27415,46507,43761,9128,101,43
2021-07-17T23:59:59+02:00,546,483,10459,9925,14857,13911,18257,18881,24915,26310,31646,32907,24638,27501,17069,21701,5207,9822,4566,4538,8837,8902,12547,13684,20951,22537,28381,29600,23044,25724,16250,20657,4977,9266,222634,174193,30670,27415,46505,43759,9127,101,43
2021-07-16T23:59:59+02:00,517,446,10324,9804,14797,13870,18204,18829,24879,26277,31626,32882,24629,27486,17066,21694,5207,9819,4519,4496,8761,8861,12175,13406,20406,22138,28248,29505,22995,25687,16241,20652,4975,9264,221966,172081,30670,27412,46504,43752,9117,101,43
2021-07-15T23:59:59+02:00,485,409,10186,9698,14729,13822,18148,18760,24825,26229,31576,32829,24604,27449,17048,21679,5200,9815,4307,4357,8433,8654,11660,13004,19298,21291,27831,29160,22825,25517,16176,20579,4965,9248,221236,167380,30668,27398,46503,43552,8985,101,43
2021-07-14T23:59:59+02:00,464,395,10157,9672,14692,13801,18118,18726,24788,26188,31525,32776,24574,27421,17037,21662,5199,9813,4183,4205,8176,8481,11430,12859,19119,21180,27684,29033,22760,25439,16142,20541,4960,9239,220867,165810,30668,27379,46502,43375,8872,101,43
2021-07-13T23:59:59+02:00,440,381,10107,9620,14662,13772,18091,18693,24752,26167,31491,32734,24558,27390,17026,21651,5198,9810,4086,4109,8001,8323,11229,12668,18983,21041,27530,28871,22663,25354,16107,20488,4956,9228,220459,164349,30668,27358,46501,43117,8816,101,43
2021-07-12T23:59:59+02:00,428,359,10061,9569,14635,13754,18061,18664,24715,26125,31457,32690,24534,27367,17011,21646,5195,9807,3980,4008,7830,8201,11070,12531,18867,20920,27407,28751,22589,25292,16080,20462,4955,9223,220087,163179,30667,27337,46500,42925,8724,101,43
2021-07-11T23:59:59+02:00,420,341,10030,9539,14613,13734,18044,18654,24693,26116,31436,32672,24522,27357,17009,21644,5195,9805,3910,3937,7712,8104,10922,12403,18743,20818,27306,28637,22545,25244,16059,20437,4953,9220,219890,162218,30664,27332,46499,42723,8671,101,43
2021-07-10T23:59:59+02:00,394,318,9917,9435,14559,13695,17994,18631,24669,26096,31417,32656,24514,27348,17005,21640,5193,9803,3875,3912,7654,8063,10887,12374,18714,20793,27277,28615,22537,25229,16055,20432,4953,9220,219363,161915,30663,27331,46496,42675,8662,101,43
2021-07-09T23:59:59+02:00,334,271,9658,9225,14458,13615,17916,18560,24583,26043,31368,32595,24491,27317,16991,21622,5193,9797,3808,3872,7517,7972,10669,12225,18489,20654,26861,28295,22352,25035,16000,20371,4950,9213,218142,159764,30663,27327,46495,42546,8637,101,43
2021-07-08T23:59:59+02:00,255,204,9464,9080,14355,13538,17821,18486,24524,25992,31285,32536,24462,27286,16978,21604,5189,9792,3652,3747,7206,7784,10316,11996,18142,20372,26557,28037,22178,24877,15932,20295,4943,9197,217031,157387,30660,27279,46482,41973,8578,101,43
2021-07-07T23:59:59+02:00,216,176,9375,8974,14314,13506,17784,18445,24471,25954,31243,32495,24437,27256,16966,21586,5189,9784,3470,3619,6885,7561,9375,11264,17556,19945,26155,27725,21941,24570,15855,20198,4929,9183,216392,154770,30657,25527,46480,41372,8542,101,43
2021-07-06T23:59:59+02:00,194,164,9295,8917,14263,13476,17748,18403,24430,25915,31182,32448,24401,27228,16951,21569,5187,9782,3353,3547,6680,7437,9105,11100,17310,19763,25878,27469,21784,24367,15774,20094,4916,9168,215827,152833,30642,25516,46477,40868,8507,101,43
2021-07-05T23:59:59+02:00,182,149,9209,8836,14222,13432,17714,18353,24394,25885,31137,32398,24377,27206,16942,21555,5186,9780,3302,3514,6552,7359,8956,10979,17164,19624,25707,27314,21641,24199,15724,20041,4905,9158,215280,151771,30642,25507,46475,40379,8460,101,43
2021-07-04T23:59:59+02:00,167,142,9158,8786,14189,13419,17688,18335,24368,25864,31116,32372,24362,27192,16936,21547,5185,9777,3252,3470,6487,7319,8868,10907,17077,19538,25578,27203,21516,24070,15682,19989,4903,9151,215005,151108,30641,25498,46460,39982,8397,101,43
2021-07-03T23:59:59+02:00,164,139,8650,8294,14029,13298,17587,18216,24273,25806,31051,32323,24341,27170,16924,21535,5183,9774,3192,3390,6367,7199,8696,10764,16860,19353,25190,26892,21401,23933,15652,19949,4899,9145,213178,149053,30640,25498,46460,39926,8379,101,43
2021-07-02T23:59:59+02:00,157,135,8082,7829,13883,13190,17495,18139,24203,25737,30991,32261,24303,27128,16918,21515,5181,9769,3081,3283,6096,7045,8439,10524,16490,19024,24713,26467,21174,23660,15583,19867,4893,9142,211343,145980,30640,25496,46457,39602,8376,101,43
2021-07-01T23:59:59+02:00,144,125,7954,7723,13801,13132,17425,18087,24135,25685,30938,32208,24275,27103,16908,21503,5180,9768,2892,3097,5749,6761,8001,10104,15899,18549,23946,25805,20683,23187,15456,19706,4881,9117,210556,141398,30635,25483,46451,38571,8352,101,43
2021-06-30T23:59:59+02:00,127,112,7808,7604,13736,13082,17373,18034,24083,25631,30878,32162,24243,27081,16894,21485,5180,9763,2795,3021,5593,6619,7773,9882,14940,17678,23331,25254,20325,22793,15323,19545,4867,9083,209988,139858,30461,23208,46447,37446,8280,101,43
2021-06-29T23:59:59+02:00,112,99,7741,7508,13689,13043,17335,17989,24030,25570,30828,32102,24222,27055,16884,21469,5177,9759,2736,2977,5462,6521,7619,9748,14771,17506,23089,25018,20065,22467,15224,19444,4855,9063,209359,138733,30459,23196,46444,36352,8250,101,43
2021-06-28T23:59:59+02:00,107,93,7676,7437,13622,12982,17285,17938,23988,25525,30771,32058,24205,27027,16877,21459,5175,9757,2705,2944,5395,6469,7525,9677,14674,17424,22938,24804,19862,22222,15169,19375,4851,9049,208816,138129,30457,23186,46436,35559,8173,101,43
2021-06-27T23:59:59+02:00,93,88,7628,7374,13590,12945,17256,17905,23969,25490,30744,32030,24193,27019,16870,21453,5175,9755,2683,2930,5345,6444,7452,9631,14578,17360,22842,24717,19735,22080,15138,19324,4847,9040,208460,137617,30457,23174,46430,35187,8130,101,43
2021-06-26T23:59:59+02:00,89,85,7123,6826,13198,12645,17142,17801,23903,25432,30708,31995,24184,27002,16866,21442,5174,9754,2582,2820,5156,6254,7251,9440,14031,16905,22179,24083,19587,21938,15093,19271,4845,9032,206277,133978,30455,23174,46430,35167,8130,78,23
2021-06-25T23:59:59+02:00,88,82,6644,6340,12741,12272,16982,17682,23812,25367,30628,31954,24161,26975,16861,21432,5172,9751,2479,2667,4981,6061,6992,9142,13498,16371,21626,23497,19391,21728,15035,19204,4841,9020,203869,130275,30455,23174,46430,34953,8113,78,23
2021-06-24T23:59:59+02:00,78,70,6423,6127,12516,12120,16876,17600,23738,25314,30570,31906,24127,26933,16855,21422,5170,9744,2272,2431,4612,5683,6492,8654,12774,15657,20473,22493,18927,21246,14930,19073,4829,9005,202597,124330,30453,23164,46423,34000,8039,78,23
2021-06-23T23:59:59+02:00,73,68,5849,5627,12352,12009,16756,17488,23663,25267,30506,31856,24093,26910,16848,21408,5166,9740,2233,2378,4549,5562,6399,8503,12540,15368,20229,22232,18628,20916,14833,18959,4818,8988,202082,123303,29118,23015,46413,32810,7989,78,23
2021-06-22T23:59:59+02:00,69,63,5708,5497,12252,11903,16668,17415,23604,25205,30437,31777,24066,26877,16838,21387,5162,9738,2181,2341,4454,5480,6274,8355,11670,14708,19815,21823,18293,20561,14725,18820,4808,8967,201146,122377,29111,21321,46393,31619,7939,78,23
2021-06-21T23:59:59+02:00,66,60,5572,5383,12175,11810,16604,17328,23548,25131,30387,31719,24041,26849,16825,21372,5162,9734,2148,2305,4394,5383,6187,8227,10889,14002,19361,21413,18067,20331,14664,18725,4799,8950,200319,121576,29105,19535,46388,30838,7877,78,23
2021-06-20T23:59:59+02:00,64,58,5455,5259,12009,11630,16538,17204,23499,25066,30345,31663,24025,26827,16819,21357,5157,9729,2130,2275,4353,5344,6116,8176,10785,13923,19249,21287,17909,20141,14598,18642,4795,8943,199313,121042,29101,19532,46382,30242,7831,78,23
2021-06-19T23:59:59+02:00,60,54,5437,5239,11239,10964,16058,16810,23438,25021,30301,31621,24006,26807,16811,21345,5157,9729,2057,2154,4148,5112,5832,7894,10457,13587,18193,20431,17739,19952,14565,18577,4790,8931,196708,116811,29101,19532,46381,30227,7830,78,23
2021-06-18T23:59:59+02:00,57,53,5402,5211,10594,10380,15445,16245,23346,24951,30232,31558,23979,26777,16800,21330,5156,9727,1988,2064,4007,4969,5554,7624,10074,13223,17042,19220,17536,19714,14516,18512,4787,8921,193863,112397,29093,19531,46381,29975,7829,78,23
2021-06-17T23:59:59+02:00,50,44,5288,5108,9916,9875,14957,15856,23246,24863,30150,31464,23939,26731,16786,21309,5155,9724,1859,1958,3749,4722,5166,7259,9535,12736,15853,18029,17075,19224,14375,18338,4774,8897,191284,107270,29090,19522,46378,29055,7690,20,16
2021-06-16T23:59:59+02:00,48,36,5156,4976,9721,9712,14812,15726,23153,24770,30050,31388,23895,26685,16771,21297,5154,9714,1817,1916,3642,4633,5063,7139,8502,11884,15581,17732,16779,18888,14240,18167,4768,8864,190110,106375,29079,17641,46375,28106,7481,20,16
2021-06-15T23:59:59+02:00,42,30,4974,4794,9537,9557,14676,15584,23061,24679,29973,31303,23852,26612,16745,21264,5146,9699,1757,1861,3561,4536,4969,7022,8386,11741,15401,17503,16459,18578,14097,17998,4746,8806,188795,105603,29076,17637,46356,26887,7282,20,16
2021-06-14T23:59:59+02:00,40,27,4897,4730,9446,9448,14599,15494,22989,24607,29902,31242,23820,26573,16730,21246,5143,9693,1735,1838,3525,4512,4929,6989,8285,11677,15264,17369,16279,18374,14005,17901,4741,8799,188051,105374,29070,17635,46350,26065,7136,20,16
2021-06-13T23:59:59+02:00,39,26,4839,4681,9361,9374,14514,15427,22927,24556,29835,31189,23794,26545,16721,21236,5143,9691,1686,1824,3482,4487,4873,6946,8212,11639,15164,17274,16122,18190,13951,17827,4734,8792,187469,105090,29064,17633,46334,25456,7012,20,16
2021-06-12T23:59:59+02:00,37,24,4820,4666,9334,9351,14275,15250,22797,24426,29789,31144,23774,26528,16712,21228,5142,9689,1563,1701,3245,4277,4466,6645,7664,11208,13387,15586,15768,17818,13871,17725,4732,8777,186560,98387,29064,17633,46334,25391,7010,19,16
2021-06-11T23:59:59+02:00,33,23,4767,4614,9253,9299,13953,15028,22601,24277,29693,31052,23737,26483,16694,21216,5141,9686,1462,1566,3054,4062,4168,6279,7151,10663,11744,13690,15287,17239,13757,17577,4717,8763,185200,91443,29059,17632,46332,25151,6941,19,16
2021-06-10T23:59:59+02:00,27,20,4482,4388,8705,8970,12679,14004,22034,23826,29318,30746,23600,26324,16642,21148,5128,9671,1340,1478,2818,3880,3840,5996,6713,10272,10326,12359,14774,16662,13585,17369,4702,8736,179861,86899,29041,17629,46326,23844,6466,19,16
2021-06-09T23:59:59+02:00,24,16,4249,4225,8113,8676,11777,13343,21714,23613,29088,30594,23537,26261,16623,21123,5125,9667,1253,1424,2664,3808,3698,5915,6506,10177,10061,12179,14449,16311,13414,17189,4695,8715,177747,86560,27772,17525,46320,22450,5911,19,16
2021-06-08T23:59:59+02:00,20,13,4119,4122,7712,8448,11289,13053,21488,23433,28888,30440,23478,26187,16590,21081,5119,9658,1176,1398,2528,3750,3537,5846,5609,9426,9588,11815,14112,15902,13189,16950,4681,8693,175991,86201,27400,15369,46293,21182,5436,19,16
2021-06-07T23:59:59+02:00,15,11,3998,4046,7472,8342,11000,12874,21285,23319,28733,30322,23419,26134,16572,21056,5115,9650,1128,1281,2406,3686,3407,5783,5443,9350,9377,11688,13882,15644,13033,16781,4674,8675,174761,86011,27390,15364,46284,19941,4910,19,16
2021-06-06T23:59:59+02:00,13,11,3881,3988,7235,8223,10750,12712,21098,23231,28647,30231,23388,26100,16560,21038,5112,9645,1108,1264,2342,3651,3310,5730,5336,9275,9258,11587,13726,15490,12960,16687,4671,8668,173611,85816,27372,15358,46274,19289,4588,19,16
2021-06-05T23:59:59+02:00,13,11,3852,3951,7196,8182,10573,12559,20470,22720,28485,30086,23338,26055,16546,21019,5112,9641,1076,1165,2175,3197,3077,5190,5167,8942,8478,10632,13073,14648,12848,16540,4660,8658,171569,80423,27372,15358,46273,19154,4578,18,16
2021-06-04T23:59:59+02:00,13,11,3822,3924,7157,8156,10475,12467,20105,22390,28381,29989,23303,26016,16532,21009,5110,9640,1044,1098,2077,2885,2918,4712,5010,8571,7962,9974,11572,12930,12722,16343,4653,8640,170280,74039,27359,15357,46272,19130,4572,18,16
2021-06-03T23:59:59+02:00,8,7,3686,3822,6938,8017,9920,12043,18881,21460,27983,29679,23169,25874,16479,20947,5106,9626,993,1053,1989,2774,2781,4553,4805,8265,7597,9523,11192,12530,12613,16229,4650,8627,165523,72247,27349,15354,46268,18072,4488,18,16
2021-06-02T23:59:59+02:00,8,7,3678,3814,6925,8000,9909,12032,18692,21279,27912,29630,23146,25853,16473,20938,5103,9624,988,1046,1977,2745,2758,4534,4594,8081,7062,9034,11155,12489,12598,16215,4646,8621,165454,72140,26804,13862,46268,18048,4480,18,16
2021-06-01T23:59:59+02:00,7,6,3550,3739,6683,7852,9625,11838,18237,20934,27674,29432,23052,25751,16432,20885,5100,9612,951,999,1891,2675,2677,4460,4315,7847,6462,8501,10940,12275,12500,16114,4641,8609,163759,71694,26024,12569,46254,17226,4355,18,16
2021-05-31T23:59:59+02:00,7,6,3504,3694,6592,7784,9489,11736,18111,20843,27582,29355,22985,25689,16415,20857,5095,9605,921,973,1822,2632,2598,4417,4207,7782,6341,8426,10754,12105,12399,15998,4631,8601,162912,71327,25994,12562,46241,16520,4185,18,16
2021-05-30T23:59:59+02:00,7,5,3473,3669,6528,7728,9398,11643,18022,20763,27506,29284,22940,25644,16393,20830,5089,9595,914,964,1811,2622,2585,4405,4178,7756,6289,8384,10692,12025,12365,15955,4626,8592,162207,71284,25988,12559,46224,16226,4081,18,16
2021-05-29T23:59:59+02:00,7,5,3462,3650,6493,7701,9354,11604,17984,20723,27358,29178,22885,25570,16378,20810,5086,9591,878,945,1754,2576,2512,4321,3988,7501,6015,8085,8486,9363,12172,15613,4611,8563,161543,65028,25988,12557,46210,15703,4081,18,16
2021-05-28T23:59:59+02:00,7,5,3399,3595,6362,7624,9214,11472,17826,20591,27175,29056,22822,25493,16358,20792,5085,9590,865,932,1735,2553,2476,4266,3836,7205,5821,7821,5780,6247,11897,15214,4595,8514,160186,58142,25986,12557,46205,14972,4072,18,16
2021-05-27T23:59:59+02:00,7,5,3254,3471,6076,7444,8612,11139,17350,20253,26762,28709,22655,25328,16300,20729,5078,9572,817,874,1650,2456,2358,4132,3414,6233,5399,7222,5618,6072,11817,15141,4589,8497,156717,57660,25927,12510,46199,12221,3884,18,16
2021-05-26T23:59:59+02:00,7,5,3147,3386,5856,7277,8243,10854,16886,19947,26462,28471,22505,25195,16249,20655,5065,9552,800,864,1597,2431,2305,4101,3341,6158,5300,7150,5482,5945,11751,15074,4584,8485,154017,57579,25909,12508,46177,11625,3642,18,16
2021-05-25T23:59:59+02:00,7,5,3056,3324,5714,7162,8047,10690,15886,19172,26108,28117,22346,25038,16197,20575,5058,9542,781,847,1560,2383,2234,4041,3266,6088,5214,7087,5315,5775,11643,14993,4576,8473,152460,57509,23990,12318,46160,11016,3419,16,16
2021-05-24T23:59:59+02:00,7,5,2993,3308,5627,7117,7930,10628,14972,18483,25693,27806,22251,24934,16166,20539,5051,9530,772,845,1539,2366,2191,4004,3221,6040,5137,7007,5214,5667,11563,14917,4575,8467,151738,57471,21919,12242,46151,10581,3217,16,16
2021-05-23T23:59:59+02:00,7,4,2990,3303,5618,7109,7921,10620,14967,18482,25692,27805,22251,24934,16166,20539,5051,9530,770,842,1531,2359,2178,3991,3202,6025,5116,6974,5169,5615,11547,14893,4574,8465,151707,57463,21919,12242,46149,10333,3199,16,16
2021-05-22T23:59:59+02:00,6,4,2953,3259,5538,7056,7819,10531,14765,18316,25409,27558,22150,24847,16133,20495,5048,9525,748,822,1481,2303,2124,3907,3088,5901,4799,6399,4597,4868,10899,14070,4564,8426,150167,54218,21919,12242,46149,9360,3162,16,16
2021-05-21T23:59:59+02:00,4,4,2881,3186,5412,6957,7692,10384,14506,18087,25114,27322,22035,24739,16100,20447,5043,9516,719,769,1412,2174,2022,3638,2904,5568,4318,5501,4180,4329,10153,13128,4499,8301,148223,50467,21918,12242,46143,7761,3131,15,16
2021-05-20T23:59:59+02:00,4,4,2749,3026,5130,6701,7406,10014,14044,17603,24502,26770,21762,24443,16006,20327,5029,9486,705,758,1385,2150,1983,3604,2850,5512,4235,5421,4052,4226,10076,13065,4490,8289,144066,50371,21908,12230,46118,7285,2900,15,16
2021-05-19T23:59:59+02:00,4,4,2695,2974,5032,6559,7263,9832,12898,16566,24237,26478,21665,24313,15961,20266,5020,9479,688,732,1359,2102,1951,3518,2787,5365,4140,5313,3970,4134,10022,13000,4487,8285,142684,50340,19836,12165,46046,6667,2666,15,16
2021-05-18T23:59:59+02:00,4,4,2668,2950,4983,6526,7211,9801,12543,16291,24057,26325,21572,24224,15931,20213,5012,9467,659,674,1302,1974,1878,3317,2688,5157,4010,5115,3746,3856,9939,12920,4477,8275,142399,50316,18983,11163,46001,6108,2385,15,16
2021-05-17T23:59:59+02:00,4,4,2642,2931,4938,6456,7123,9693,12390,16112,23907,26162,21518,24173,15912,20190,5007,9459,651,660,1286,1938,1857,3270,2640,5049,3931,5001,3607,3703,9871,12857,4474,8267,141424,50293,18975,11153,45984,5377,2224,15,16
2021-05-16T23:59:59+02:00,4,4,2630,2918,4915,6389,7085,9610,12330,16038,23855,26101,21494,24156,15902,20176,5004,9456,646,655,1276,1935,1840,3261,2619,5037,3902,4978,3553,3636,9832,12825,4473,8265,140987,50280,18966,11142,45962,5159,2137,15,16
2021-05-15T23:59:59+02:00,4,4,2506,2781,4726,6183,6893,9422,11811,15620,23264,25552,21387,24038,15868,20133,5001,9448,596,592,1194,1846,1704,3108,2332,4729,3453,4467,3221,3207,9668,12620,4449,8236,137592,47319,18965,11142,45957,4834,2112,15,16
2021-05-14T23:59:59+02:00,4,4,2389,2605,4531,5961,6616,9109,11273,15108,22697,24984,21241,23898,15832,20075,4997,9437,534,514,1092,1725,1543,2892,2002,4327,2851,3877,2835,2770,9583,12471,4445,8232,133772,44387,18958,11140,45933,4068,2083,15,16
2021-05-13T23:59:59+02:00,4,4,2209,2321,4210,5579,6190,8638,10712,14420,21661,24070,20959,23624,15772,19976,4990,9422,530,514,1078,1710,1528,2874,1993,4302,2830,3853,2818,2754,9576,12467,4444,8232,127871,44323,18906,11131,45908,3973,2061,15,16
2021-05-12T23:59:59+02:00,4,4,2208,2319,4202,5578,6181,8632,10611,14298,21607,24030,20954,23613,15767,19968,4989,9422,523,492,1042,1655,1479,2795,1910,4215,2771,3794,2737,2659,9525,12394,4444,8232,127824,44320,18582,10304,45908,3970,2058,15,16
2021-05-11T23:59:59+02:00,4,4,2086,2280,4118,5515,6054,8517,10302,14047,21414,23868,20877,23541,15752,19935,4985,9417,498,468,981,1595,1409,2704,1811,4075,2698,3719,2583,2431,9460,12293,4443,8232,126876,44302,18245,9466,45624,3661,1956,15,16
2021-05-10T23:59:59+02:00,4,4,2045,2202,4011,5392,5918,8338,9511,13283,21033,23546,20786,23451,15713,19881,4975,9404,486,440,945,1530,1344,2614,1722,3913,2614,3624,2556,2409,9450,12275,4439,8227,125735,44282,16397,9285,45519,3175,1831,15,16
2021-05-09T23:59:59+02:00,4,4,2013,2189,3976,5353,5865,8290,9442,13214,20963,23473,20750,23410,15698,19854,4972,9390,479,432,922,1486,1318,2565,1688,3851,2576,3581,2547,2397,9439,12258,4439,8219,125287,44222,16393,9282,45423,2936,1742,15,16
2021-05-08T23:59:59+02:00,4,4,1950,2086,3794,5178,5591,8084,9132,12929,19828,22543,20555,23216,15665,19785,4967,9378,407,403,858,1446,1241,2492,1600,3749,2357,3368,2000,1969,9345,12172,4438,8219,121130,42743,16392,9281,45420,2297,1741,6,3
2021-05-07T23:59:59+02:00,4,4,1863,1972,3612,5009,5271,7789,8720,12556,18577,21268,20372,23004,15619,19728,4958,9359,321,345,749,1371,1109,2362,1466,3606,2182,3175,1630,1628,8856,11723,4437,8217,116187,41003,16388,9276,45396,1188,1708,6,3
2021-05-06T23:59:59+02:00,4,4,1679,1863,3327,4754,4821,7383,8080,11994,17332,20027,20038,22627,15512,19564,4948,9348,304,336,728,1341,1069,2315,1417,3522,2115,3107,1594,1573,8839,11692,4431,8214,110332,40983,16380,9270,45163,918,1424,6,3
2021-05-05T23:59:59+02:00,4,3,1609,1834,3243,4668,4742,7277,7951,11842,17178,19881,19918,22507,15435,19468,4926,9251,294,325,686,1290,1008,2240,1334,3372,2007,2990,1501,1474,8421,11124,4425,8196,109565,40946,16238,8141,44992,662,936,6,3
2021-05-04T23:59:59+02:00,4,3,1582,1805,3197,4590,4683,7166,7701,11546,16616,19302,19831,22376,15359,19370,4896,9137,278,312,663,1260,987,2186,1276,3252,1894,2833,1429,1368,8350,11020,4420,8178,108857,40919,14891,7865,44888,398,522,6,3
2021-05-03T23:59:59+02:00,4,3,1574,1802,3187,4575,4645,7141,7447,11312,15921,18706,19767,22291,15332,19336,4890,9127,263,292,641,1177,938,2098,1213,3113,1796,2696,1363,1288,8324,10985,4416,8169,108765,40909,13292,7658,44848,54,149,6,3
2021-05-02T23:59:59+02:00,4,3,1573,1800,3180,4573,4640,7138,7433,11302,15902,18695,19750,22283,15332,19334,4889,9127,263,289,638,1176,933,2095,1203,3107,1788,2690,1349,1281,8323,10980,4415,8169,108737,40886,13289,7656,44822,51,104,6,3
2021-05-01T23:59:59+02:00,4,3,1441,1657,2902,4324,4173,6780,6814,10820,13965,16815,19368,21885,15241,19218,4886,9111,261,289,635,1174,932,2092,1201,3105,1786,2686,1344,1277,8321,10978,4415,8169,101195,40855,13289,7656,44817,51,101,5,3
2021-04-30T23:59:59+02:00,3,3,1320,1511,2684,4101,3843,6384,6246,10225,12172,14771,18909,21343,15137,19075,4872,9100,256,288,628,1167,917,2084,1189,3095,1775,2673,1334,1268,8317,10973,4414,8168,93559,40810,13289,7656,44817,48,30,4,3
2021-04-29T23:59:59+02:00,2,3,1203,1449,2518,3977,3602,6181,5889,9924,10829,13495,18649,21065,15094,19005,4868,9094,255,284,623,1159,905,2078,1169,3090,1745,2636,1308,1244,8311,10964,4414,8168,88873,40777,13280,7523,44677,38,13,4,3
2021-04-28T23:59:59+02:00,2,3,1147,1443,2467,3957,3551,6157,5826,9891,10732,13427,18617,21031,15087,18989,4868,9091,255,283,621,1158,902,2076,1164,3086,1737,2635,1301,1225,7865,10441,4414,8168,88603,40754,13230,6530,44437,34,12,4,2
2021-04-27T23:59:59+02:00,2,3,1102,1416,2362,3913,3486,6129,5707,9835,10615,13350,18583,20991,15074,18974,4866,9089,254,283,619,1150,901,2074,1159,3083,1733,2631,1289,1208,7447,9859,4414,8168,88091,40734,13177,5497,44214,29,11,4,2
2021-04-26T23:59:59+02:00,2,3,1060,1386,2272,3821,3359,6029,5539,9714,10310,13091,18521,20936,15065,18956,4864,9089,253,282,618,1148,895,2070,1152,3080,1715,2622,1274,1195,7438,9839,4414,8168,86750,40647,13166,5476,44086,28,11,4,2
2021-04-25T23:59:59+02:00,2,3,1057,1384,2264,3819,3352,6024,5519,9706,10276,13060,18510,20924,15064,18950,4864,9088,252,282,618,1148,895,2070,1150,3080,1715,2622,1274,1195,7438,9837,4414,8168,86727,40645,13157,5474,43968,28,10,4,2
2021-04-24T23:59:59+02:00,2,2,1014,1271,2075,3281,3081,5408,5327,9294,9443,12013,17802,20026,14951,18790,4856,9077,251,281,617,1147,895,2069,1150,3079,1709,2617,1271,1190,7436,9835,4414,8167,80600,40620,13157,5470,43943,28,9,4,2
2021-04-23T23:59:59+02:00,1,2,981,1187,1963,2933,2899,4856,5131,8866,8889,11291,16170,18163,14803,18584,4848,9054,251,281,616,1147,893,2067,1149,3079,1708,2616,1266,1185,7432,9833,4414,8166,73569,40606,13156,5459,43883,28,9,4,2
2021-04-22T23:59:59+02:00,1,2,976,1175,1943,2917,2879,4836,5073,8820,8777,11187,16097,18086,14776,18554,4846,9049,249,281,612,1146,890,2066,1141,3067,1692,2596,1242,1163,7427,9825,4414,8166,73518,40592,13098,5348,43365,27,9,4,2
2021-04-21T23:59:59+02:00,1,2,966,1167,1929,2904,2852,4810,5027,8765,8669,11064,16010,18002,14747,18520,4846,9044,244,278,602,1137,876,2036,1131,3042,1682,2571,1229,1149,7202,9507,4413,8166,73474,40585,13041,4644,42797,26,9,4,2
2021-04-20T23:59:59+02:00,1,2,939,1119,1877,2790,2779,4647,4933,8586,8494,10855,15777,17720,14688,18461,4839,9038,231,275,584,1116,850,2005,1102,3016,1647,2530,1209,1136,7193,9502,4412,8165,73435,40564,11912,4378,42185,22,9,4,1
2021-04-19T23:59:59+02:00,1,2,930,1111,1845,2770,2729,4622,4809,8525,8294,10743,15685,17622,14666,18442,4839,9032,225,267,566,1095,832,1972,1084,2973,1601,2475,1191,1117,7186,9499,4410,8164,73036,40529,11891,4099,41727,20,9,4,1
2021-04-18T23:59:59+02:00,1,2,927,1110,1840,2764,2721,4610,4791,8514,8254,10700,15636,17563,14656,18425,4838,9030,225,267,566,1094,831,1972,1083,2973,1601,2474,1191,1116,7184,9498,4409,8164,72990,40522,11887,4097,41492,20,9,4,1
2021-04-17T23:59:59+02:00,0,2,895,1095,1791,2726,2653,4531,4637,8373,7991,10471,13262,14658,14457,18071,4821,8994,223,267,566,1091,827,1965,1071,2966,1591,2454,1153,1074,6851,9084,4384,8116,66158,39568,11887,4086,41370,20,9,4,1
2021-04-16T23:59:59+02:00,0,2,889,1089,1779,2715,2611,4491,4545,8289,7811,10277,10422,11404,14185,17653,4802,8939,222,263,565,1087,822,1961,1062,2963,1583,2441,1142,1060,6845,9079,4382,8113,58874,39491,11885,4070,41131,20,9,4,1
2021-04-15T23:59:59+02:00,0,2,877,1084,1757,2701,2568,4458,4427,8228,7581,10076,10171,11186,14123,17587,4795,8925,220,262,565,1085,821,1959,1059,2960,1580,2438,1137,1055,6843,9077,4382,8113,58850,39476,11883,4052,39800,19,9,4,1
2021-04-14T23:59:59+02:00,0,2,859,1057,1698,2618,2479,4334,4236,8044,7306,9794,9797,10701,13974,17406,4789,8913,196,237,524,1034,798,1892,1024,2880,1530,2376,1111,1025,6838,9068,4382,8112,58815,39460,10934,3541,38245,17,9,4,1
2021-04-13T23:59:59+02:00,0,2,835,1035,1661,2566,2412,4251,4135,7906,7094,9574,9390,10182,13828,17239,4784,8901,160,213,489,986,758,1799,989,2770,1477,2306,1092,990,6822,9057,4381,8112,58768,39396,9984,2985,37030,11,9,4,1
2021-04-12T23:59:59+02:00,0,2,830,1033,1642,2562,2383,4238,4083,7855,6953,9402,9124,9867,13764,17179,4773,8884,149,199,461,946,735,1734,969,2698,1433,2256,1070,973,6806,9037,4378,8107,58710,39280,9953,2651,35898,11,9,4,1
2021-04-11T23:59:59+02:00,0,2,829,1032,1631,2562,2369,4236,4060,7843,6888,9340,8991,9702,13737,17131,4768,8875,149,199,461,944,734,1732,967,2698,1432,2256,1070,973,6804,9037,4378,8107,58697,39272,9951,2650,35335,10,9,4,1
2021-04-10T23:59:59+02:00,0,2,813,1028,1602,2533,2332,4207,3990,7785,6756,9223,8433,8967,13070,16279,4757,8833,146,199,459,941,728,1729,967,2691,1423,2249,1057,957,6334,8538,4362,8091,55360,38204,9950,2648,35287,10,9,4,1
2021-04-09T23:59:59+02:00,0,2,791,1000,1561,2484,2266,4127,3837,7625,6409,8891,7906,8308,12247,15252,4686,8695,144,197,457,935,721,1721,958,2681,1408,2238,1035,935,6092,8266,4342,8064,51369,37531,9943,2644,34762,10,9,4,1
2021-04-08T23:59:59+02:00,0,2,781,990,1534,2460,2200,4078,3703,7537,6155,8590,7291,7653,12085,15052,4675,8679,144,195,452,931,716,1714,950,2670,1399,2225,1023,932,6089,8264,4341,8064,51335,37508,9918,2582,32199,10,9,4,1
2021-04-07T23:59:59+02:00,0,2,774,981,1508,2442,2141,4040,3616,7467,5924,8325,6735,7019,11474,14302,4662,8651,125,188,421,884,670,1645,893,2600,1349,2156,1003,916,6081,8258,4340,8064,51305,37484,8758,2091,29988,10,8,4,1
2021-04-06T23:59:59+02:00,0,2,769,979,1494,2434,2112,4017,3543,7418,5743,8153,6289,6511,11272,14086,4647,8620,102,167,373,825,625,1570,849,2500,1296,2092,978,900,6062,8243,4338,8060,51236,37456,8574,1507,28268,10,7,4,1
2021-04-05T23:59:59+02:00,0,2,764,975,1478,2426,2087,4007,3492,7392,5599,8043,6085,6297,11205,14000,4641,8610,96,165,372,823,618,1561,841,2485,1283,2073,950,869,4957,6840,4260,7954,51036,34633,8570,1497,27486,10,7,4,1
2021-04-04T23:59:59+02:00,0,2,762,969,1476,2424,2083,4005,3475,7385,5589,8036,6074,6277,11191,13982,4639,8607,96,165,370,821,615,1556,834,2478,1268,2054,927,847,3947,5679,4194,7848,51021,32185,8568,1497,27376,10,7,4,1
2021-04-03T23:59:59+02:00,0,2,710,913,1395,2353,1960,3866,3214,7125,5128,7543,5729,5820,11019,13763,4611,8578,94,165,370,820,615,1554,833,2478,1268,2054,927,847,3947,5676,4194,7847,47776,32175,8568,1497,27374,10,7,4,1
2021-04-02T23:59:59+02:00,0,2,668,879,1340,2285,1862,3752,2961,6866,4610,7063,5337,5360,10918,13597,4606,8572,93,165,370,820,615,1554,831,2478,1266,2053,924,843,3944,5673,4193,7847,44845,32157,8567,1496,27256,10,6,4,1
2021-04-01T23:59:59+02:00,0,2,665,876,1330,2280,1842,3744,2932,6852,4536,6990,5228,5250,10879,13548,4605,8567,93,165,368,816,613,1551,831,2475,1262,2049,914,842,3939,5670,4192,7846,44828,32146,8423,1464,26865,10,6,4,1
2021-03-31T23:59:59+02:00,0,2,663,874,1323,2263,1834,3734,2904,6824,4473,6944,5088,5088,10365,12939,4601,8559,93,165,367,816,613,1551,831,2475,1260,2049,913,842,3939,5669,4192,7845,44817,32140,7290,1464,26362,10,6,3,1
2021-03-30T23:59:59+02:00,0,2,654,871,1305,2243,1805,3705,2867,6789,4387,6855,4920,4894,9838,12238,4594,8544,88,162,366,812,608,1549,826,2469,1252,2046,902,832,3931,5666,4191,7844,44792,32119,6101,1410,25609,9,6,3,1
2021-03-29T23:59:59+02:00,0,2,649,863,1292,2209,1789,3674,2836,6747,4315,6770,4720,4696,9752,12144,4591,8530,88,162,366,810,603,1545,824,2463,1247,2038,894,826,3923,5658,4191,7844,44723,32105,5884,1363,24963,8,6,3,1
2021-03-28T23:59:59+02:00,0,2,646,861,1289,2206,1775,3664,2820,6735,4280,6718,4625,4586,9716,12080,4586,8523,88,162,366,809,603,1545,822,2463,1245,2038,893,826,3922,5658,4191,7844,44701,32103,5875,1358,24527,8,6,3,1
2021-03-27T23:59:59+01:00,0,2,642,856,1279,2202,1758,3647,2792,6705,4117,6575,4047,4131,9487,11834,4573,8504,88,162,364,807,601,1543,820,2460,1237,2032,889,822,3743,5367,4084,7671,42755,31318,5871,1358,24516,8,6,3,1
2021-03-26T23:59:59+01:00,0,2,637,848,1271,2191,1736,3630,2767,6683,4041,6497,3639,3764,8884,11274,4560,8490,88,162,364,806,600,1540,816,2457,1227,2028,876,809,3020,4424,3875,7323,40811,29043,5858,1358,24236,8,6,3,1
2021-03-25T23:59:59+01:00,0,2,630,842,1258,2177,1717,3606,2708,6643,3957,6419,3464,3544,8773,11164,4554,8484,88,162,364,806,600,1539,816,2456,1225,2028,876,809,3019,4423,3874,7322,40797,29035,5750,1358,23386,8,6,3,1
2021-03-24T23:59:59+01:00,0,2,624,835,1225,2151,1672,3561,2630,6574,3800,6269,3144,3180,8362,10613,4545,8471,84,160,352,793,584,1521,783,2422,1175,1996,843,770,3010,4417,3874,7319,40774,28733,4991,1357,21884,7,6,3,1
2021-03-23T23:59:59+01:00,0,2,612,827,1200,2120,1630,3514,2548,6494,3651,6115,2763,2795,8145,10394,4537,8452,79,156,340,772,549,1490,722,2359,1074,1914,760,710,2973,4382,3870,7315,40729,28102,4701,1350,20361,7,6,2,1
2021-03-22T23:59:59+01:00,0,2,589,717,1163,2067,1597,3458,2495,6424,3510,5985,2522,2556,7815,10038,4521,8416,79,155,340,772,549,1488,720,2357,1071,1914,758,706,2969,4377,3869,7312,40261,28073,4379,1350,19227,7,6,2,1
2021-03-21T23:59:59+01:00,0,2,588,714,1157,2058,1586,3448,2478,6409,3472,5951,2380,2392,7722,9926,4512,8401,79,155,340,771,549,1488,720,2357,1071,1914,758,706,2969,4376,3869,7311,40257,28070,4365,1350,18566,7,6,2,1
2021-03-20T23:59:59+01:00,0,2,587,714,1155,2051,1579,3441,2472,6402,3455,5929,2348,2354,7231,9408,4495,8384,79,155,340,771,548,1488,718,2356,1071,1912,758,706,2969,4374,3867,7309,39215,28058,4353,1350,18431,7,6,2,1
2021-03-19T23:59:59+01:00,0,2,580,706,1137,2032,1544,3417,2402,6262,3391,5821,2166,2170,6923,9087,4473,8359,79,155,339,765,544,1485,713,2348,1062,1899,749,699,2542,3770,3443,6556,38604,25790,4337,1350,17523,2,6,2,1
2021-03-18T23:59:59+01:00,0,2,565,689,1117,2001,1517,3387,2362,6194,3316,5732,2013,1973,6802,8967,4467,8348,78,155,339,764,543,1485,712,2344,1058,1898,742,696,2492,3698,3416,6515,38583,25600,4326,1328,16536,2,5,2,1
2021-03-17T23:59:59+01:00,0,1,536,660,1072,1946,1480,3302,2285,6076,3164,5576,1758,1706,6636,8814,4457,8333,77,151,327,737,527,1441,690,2286,1020,1857,725,677,2250,3402,3328,6385,38511,24617,3799,1256,15485,2,5,2,1
2021-03-16T23:59:59+01:00,0,1,492,631,1032,1891,1429,3198,2220,5922,3048,5442,1560,1482,6501,8666,4447,8310,71,136,306,681,497,1365,661,2151,990,1729,675,627,2136,3264,3302,6298,38455,23859,3181,1024,14630,2,4,2,1
2021-03-15T23:59:59+01:00,0,1,480,620,1000,1842,1395,3130,2191,5837,2961,5358,1434,1347,5917,7978,4407,8246,68,129,293,623,482,1245,623,2021,950,1616,646,606,2098,3224,3287,6235,37216,23453,2827,691,14099,2,0,2,1
2021-03-14T23:59:59+01:00,0,1,475,613,991,1830,1391,3112,2175,5819,2927,5331,1391,1297,5520,7531,4384,8228,67,124,289,600,476,1218,617,1965,940,1591,646,606,2098,3224,3286,6233,36394,23447,2822,531,13798,2,0,2,1
2021-03-13T23:59:59+01:00,0,1,457,595,954,1782,1338,3048,1919,5232,2687,4916,1285,1184,4858,6680,4334,8153,67,124,288,597,474,1216,615,1963,939,1587,644,602,1735,2741,2760,5472,34707,21291,2818,531,11896,2,0,2,1
2021-03-12T23:59:59+01:00,0,1,441,574,933,1739,1307,2965,1716,4445,2481,4467,1213,1101,4157,5882,4287,8071,67,122,287,593,474,1213,613,1955,934,1581,641,595,1409,2198,2214,4676,33026,19040,2815,531,9937,1,0,2,1
2021-03-11T23:59:59+01:00,0,1,437,567,924,1724,1292,2947,1691,4409,2444,4430,1139,1045,4113,5845,4284,8067,67,114,281,571,460,1161,604,1906,915,1545,629,582,1403,2180,2205,4625,32988,18788,2719,459,9650,1,0,2,1
2021-03-10T23:59:59+01:00,0,1,417,555,878,1665,1236,2870,1617,4312,2377,4337,1105,1022,4097,5828,4283,8065,67,114,279,567,457,1154,599,1883,915,1540,624,574,1342,2093,2160,4568,32973,18501,2148,434,9542,1,0,2,1
2021-03-09T23:59:59+01:00,0,1,396,539,833,1616,1193,2806,1575,4229,2334,4284,1085,1011,4091,5821,4282,8063,65,113,278,566,456,1143,597,1871,909,1535,621,568,1136,1782,2042,4390,32926,17664,1703,407,9528,1,0,2,1
2021-03-08T23:59:59+01:00,0,1,389,528,823,1601,1185,2789,1567,4203,2322,4271,1072,1000,4054,5773,4280,8058,64,113,274,561,452,1137,596,1867,905,1533,621,568,1067,1691,1997,4346,32797,17408,1606,383,9511,1,0,2,1
2021-03-07T23:59:59+01:00,0,1,388,524,823,1600,1183,2787,1564,4196,2312,4266,1065,992,4048,5767,4279,8057,62,110,265,539,440,1111,580,1767,870,1458,620,568,963,1561,1945,4277,32781,17045,1566,91,9503,0,0,2,1
2021-03-06T23:59:59+01:00,0,1,380,508,804,1567,1159,2728,1523,4129,2118,3768,1035,955,3875,5494,4177,7892,62,110,265,539,440,1110,580,1767,870,1458,620,568,960,1560,1942,4276,32063,17036,1566,91,8482,0,0,2,1
2021-03-05T23:59:59+01:00,0,1,366,469,772,1462,1109,2512,1448,3917,1904,3102,1005,910,3120,4529,3972,7548,62,109,264,536,437,1104,579,1762,866,1455,617,566,921,1502,1919,4237,29745,16845,1565,91,6834,0,0,2,1
2021-03-04T23:59:59+01:00,0,1,353,460,764,1442,1096,2489,1429,3888,1881,3083,991,906,3116,4525,3969,7546,61,108,261,533,433,1088,569,1740,865,1447,615,564,884,1448,1896,4200,29732,16684,1526,28,6679,0,0,2,1
2021-03-03T23:59:59+01:00,0,1,344,427,745,1391,1066,2406,1379,3733,1802,2986,958,860,3106,4519,3969,7543,60,107,258,530,432,1084,567,1731,862,1443,615,563,864,1395,1807,4053,29417,16345,1526,26,6290,0,0,2,1
2021-03-02T23:59:59+01:00,0,1,338,418,729,1367,1018,2361,1311,3649,1686,2887,870,794,3063,4480,3963,7537,60,107,257,526,431,1076,567,1725,862,1439,614,563,864,1395,1807,4053,28776,16320,1461,26,6233,0,0,2,1
2021-03-01T23:59:59+01:00,0,1,334,404,722,1320,1005,2303,1291,3567,1659,2838,851,785,3055,4470,3963,7537,60,106,256,522,426,1062,563,1712,853,1431,613,561,768,1240,1750,3973,28736,15870,1409,26,5958,0,0,2,1
2021-02-28T23:59:59+01:00,0,1,329,391,714,1281,991,2226,1279,3480,1636,2759,847,775,3053,4466,3962,7534,60,106,256,522,426,1061,563,1712,851,1431,613,560,671,1114,1703,3892,28722,15516,1406,25,5594,0,0,2,1
2021-02-27T23:59:59+01:00,0,1,320,371,700,1254,972,2190,1244,3411,1613,2706,830,760,3050,4466,3961,7534,60,106,256,522,426,1061,562,1712,849,1431,613,560,671,1113,1703,3892,28720,15512,1406,25,5255,0,0,2,1
2021-02-26T23:59:59+01:00,0,1,294,318,653,1189,908,2072,1154,3245,1508,2567,801,737,2615,3859,3533,6754,60,106,253,519,426,1059,560,1710,846,1425,609,558,664,1101,1694,3873,26424,15438,1406,25,4376,0,0,2,1
2021-02-25T23:59:59+01:00,0,1,289,305,639,1159,887,2030,1135,3179,1490,2522,798,734,2568,3786,3503,6711,58,104,249,511,426,1055,555,1700,843,1414,603,554,587,992,1647,3815,26205,15090,1406,23,4123,0,0,2,1
2021-02-24T23:59:59+01:00,0,1,270,295,588,1113,840,1962,1077,3084,1449,2465,782,716,2330,3486,3413,6574,57,100,244,504,420,1036,546,1678,840,1394,596,542,573,972,1636,3792,25217,14915,1406,15,3820,0,0,2,1
2021-02-23T23:59:59+01:00,0,1,257,274,559,1057,803,1887,1009,2934,1375,2363,730,666,2215,3347,3387,6481,57,98,242,498,420,1020,536,1646,832,1372,587,535,557,921,1624,3741,24412,14671,1401,15,3530,0,0,2,1
2021-02-22T23:59:59+01:00,0,1,253,268,546,994,783,1811,983,2839,1339,2303,705,644,2185,3311,3378,6418,57,97,236,492,418,1007,527,1629,828,1347,573,522,535,895,1618,3686,24006,14452,1401,15,3352,0,0,2,1
2021-02-21T23:59:59+01:00,0,1,250,260,537,969,770,1774,975,2791,1309,2277,705,642,2183,3311,3377,6417,57,97,235,492,418,1007,527,1629,828,1346,573,521,535,895,1618,3685,24000,14448,1401,15,3145,0,0,2,1
2021-02-20T23:59:59+01:00,0,1,169,230,467,920,701,1697,905,2702,1224,2177,690,627,1809,2793,2822,5614,57,97,235,492,418,1007,527,1628,828,1346,573,521,535,895,1617,3685,21724,14446,1401,15,2421,0,0,2,1
2021-02-19T23:59:59+01:00,0,1,84,167,357,839,575,1565,772,2553,1089,2026,674,606,1502,2278,2271,4820,57,97,235,492,418,1006,527,1628,828,1346,573,521,529,893,1615,3679,19514,14429,1401,15,1262,0,0,2,1
2021-02-18T23:59:59+01:00,0,1,81,162,345,789,554,1476,739,2413,1056,1958,658,595,1493,2259,2262,4768,54,90,229,470,404,939,512,1548,808,1272,559,507,523,875,1612,3657,19270,14044,1376,15,961,0,0,2,1
2021-02-17T23:59:59+01:00,0,1,80,154,331,766,545,1443,710,2320,1019,1858,653,585,1435,2171,2214,4718,54,87,227,461,396,901,501,1483,789,1190,546,496,521,873,1612,3657,19009,13779,1303,15,689,0,0,2,1
2021-02-16T23:59:59+01:00,0,1,75,148,316,726,517,1370,678,2212,994,1753,642,578,1190,1825,2090,4535,53,78,226,455,390,871,488,1418,763,1123,525,483,519,873,1609,3656,18088,13528,1064,2,496,0,0,2,1
2021-02-15T23:59:59+01:00,0,1,70,132,290,622,482,1228,622,1999,944,1594,633,576,1107,1718,2039,4470,53,78,224,450,386,865,487,1414,761,1116,525,483,518,868,1608,3653,17759,13489,726,0,40,0,0,2,1
2021-02-14T23:59:59+01:00,0,1,69,125,285,596,477,1199,611,1945,930,1572,633,576,1009,1594,1992,4413,53,78,224,450,386,865,487,1412,761,1116,525,483,518,868,1608,3653,17430,13487,571,0,24,0,0,2,1
2021-02-13T23:59:59+01:00,0,1,69,124,285,595,476,1195,610,1943,928,1569,632,575,1008,1585,1988,4410,53,78,224,449,384,860,486,1407,759,1115,523,481,501,830,1348,3186,17396,12684,571,0,24,0,0,2,1
2021-02-12T23:59:59+01:00,0,1,68,124,284,594,472,1191,610,1940,925,1568,629,574,969,1533,1968,4369,53,78,224,445,381,851,481,1398,753,1108,516,473,483,790,985,2477,17225,11496,571,0,21,0,0,2,1
2021-02-11T23:59:59+01:00,0,1,67,117,281,581,459,1164,604,1914,918,1556,628,573,926,1475,1946,4330,53,75,209,414,367,804,465,1324,738,1076,513,472,483,790,984,2476,17045,11244,488,0,5,0,0,2,0
2021-02-10T23:59:59+01:00,0,1,66,117,277,578,457,1159,600,1898,913,1552,628,573,917,1459,1925,4287,52,65,175,336,313,702,415,1152,659,982,478,460,478,789,984,2475,16944,10516,460,0,1,0,0,2,0
2021-02-09T23:59:59+01:00,0,1,64,115,271,574,454,1146,599,1884,906,1546,627,572,905,1423,1855,4181,43,53,124,257,236,551,333,950,558,829,443,449,474,788,981,2475,16690,9545,431,0,0,0,0,2,0
2021-02-08T23:59:59+01:00,0,1,63,115,268,565,451,1138,598,1869,899,1538,625,569,803,1270,1798,4099,38,43,86,168,173,415,268,712,499,694,435,443,470,785,980,2475,16261,8685,406,0,0,0,0,2,0
2021-02-07T23:59:59+01:00,0,1,61,112,259,542,436,1107,582,1766,864,1459,624,568,700,1142,1750,4015,37,42,82,165,170,408,263,699,494,683,433,442,470,785,980,2474,15888,8628,98,0,0,0,0,2,0
2021-02-06T23:59:59+01:00,0,1,61,112,258,542,436,1107,580,1765,861,1456,621,566,698,1133,1744,4008,34,41,81,162,167,398,259,691,483,674,425,441,434,737,740,2081,15849,7849,98,0,0,0,0,2,0
2021-02-05T23:59:59+01:00,0,1,61,112,256,538,436,1105,579,1764,859,1454,619,566,688,1126,1738,3995,32,39,77,158,162,390,251,672,466,664,419,441,428,712,336,1449,15797,6697,98,0,0,0,0,2,0
2021-02-04T23:59:59+01:00,0,1,59,110,251,532,430,1089,563,1737,855,1440,612,556,603,1009,1687,3934,31,36,73,152,156,379,237,650,449,650,414,433,423,705,334,1442,15436,6565,30,0,0,0,0,2,0
2021-02-03T23:59:59+01:00,0,1,58,105,247,525,429,1069,560,1721,853,1425,608,546,592,999,1684,3920,24,28,59,121,123,280,174,508,339,500,308,331,338,548,256,1159,15312,5097,28,0,0,0,0,2,0
2021-02-02T23:59:59+01:00,0,1,58,103,244,520,429,1051,548,1688,844,1401,595,536,581,950,1674,3871,17,21,40,78,87,186,122,343,222,361,217,221,218,344,182,765,15065,3425,28,0,0,0,0,1,0
2021-02-01T23:59:59+01:00,0,1,58,101,240,512,427,1035,540,1667,840,1378,588,530,559,921,1666,3824,7,11,20,42,48,97,65,168,97,165,103,104,91,160,76,336,14858,1590,28,0,0,0,0,1,0
2021-01-31T23:59:59+01:00,0,1,58,101,239,511,425,1031,538,1662,838,1375,588,529,559,921,1666,3823,7,11,18,38,43,83,61,142,83,149,98,102,90,159,74,334,14836,1492,28,0,0,0,0,1,0
2021-01-30T23:59:59+01:00,0,1,58,101,239,511,425,1031,538,1662,838,1375,588,529,559,921,1666,3823,7,11,18,38,43,83,61,142,83,149,98,101,90,159,74,334,14836,1491,28,0,0,0,0,1,0
2021-01-29T23:59:59+01:00,0,1,58,101,239,511,425,1031,538,1662,838,1375,588,529,559,921,1666,3823,7,11,18,38,43,83,61,142,83,149,98,101,90,159,74,334,14836,1491,28,0,0,0,0,1,0
2021-01-28T23:59:59+01:00,0,1,56,93,235,482,413,964,520,1576,815,1293,575,514,553,904,1663,3804,3,2,4,6,11,15,19,34,22,32,16,22,21,34,19,99,14438,359,22,0,0,0,0,1,0
2021-01-27T23:59:59+01:00,0,1,54,89,235,472,405,925,510,1510,795,1210,563,502,551,902,1663,3804,3,2,4,6,9,15,19,33,21,30,16,21,21,34,19,99,14170,352,20,0,0,0,0,1,0
2021-01-26T23:59:59+01:00,0,1,53,83,230,469,398,896,499,1443,770,1143,541,489,549,902,1663,3804,1,2,4,6,9,14,17,29,17,25,14,18,19,32,19,91,13914,317,18,0,0,0,0,1,0
2021-01-25T23:59:59+01:00,0,1,53,83,227,464,395,890,499,1440,769,1138,541,489,549,899,1663,3802,0,0,0,0,0,1,0,0,0,0,1,1,0,2,0,0,13885,5,16,0,0,0,0,1,0
2021-01-24T23:59:59+01:00,0,1,53,83,227,464,395,890,499,1439,769,1138,541,489,549,899,1663,3802,0,0,0,0,0,1,0,0,0,0,1,1,0,2,0,0,13884,5,16,0,0,0,0,1,0
2021-01-23T23:59:59+01:00,0,1,53,83,227,463,394,886,499,1433,768,1136,538,487,532,861,1402,3324,0,0,0,0,0,1,0,0,0,0,1,1,0,2,0,0,13070,5,16,0,0,0,0,1,0
2021-01-22T23:59:59+01:00,0,1,53,83,226,459,390,876,494,1423,763,1128,532,479,515,819,1023,2585,0,0,0,0,0,1,0,0,0,0,1,1,0,2,0,0,11833,5,16,0,0,0,0,0,0
2021-01-21T23:59:59+01:00,0,1,53,80,207,425,363,820,467,1323,737,1094,528,479,515,819,1022,2584,0,0,0,0,0,1,0,0,0,0,1,1,0,2,0,0,11501,5,16,0,0,0,0,0,0
2021-01-20T23:59:59+01:00,0,1,51,70,179,353,322,735,424,1169,667,1003,492,468,510,819,1022,2583,0,0,0,0,0,1,0,0,0,0,1,1,0,2,0,0,10852,5,16,0,0,0,0,0,0
2021-01-19T23:59:59+01:00,0,1,44,57,135,275,248,576,347,987,577,863,457,456,506,817,1022,2583,0,0,0,0,0,0,0,0,0,0,1,0,0,2,0,0,9943,3,8,0,0,0,0,0,0
2021-01-18T23:59:59+01:00,0,1,40,44,86,175,179,425,279,724,506,706,448,449,503,812,1020,2583,0,0,0,0,0,0,0,0,0,0,0,0,0,1,0,0,8980,1,0,0,0,0,0,0,0
2021-01-17T23:59:59+01:00,0,1,37,43,83,171,175,417,275,713,501,693,446,449,503,812,1020,2582,0,0,0,0,0,0,0,0,0,0,0,0,0,0,0,0,8921,0,0,0,0,0,0,0,0
2021-01-16T23:59:59+01:00,0,1,34,42,81,169,171,408,268,706,486,684,438,447,464,765,773,2186,0,0,0,0,0,0,0,0,0,0,0,0,0,0,0,0,8123,0,0,0,0,0,0,0,0
2021-01-15T23:59:59+01:00,0,1,32,40,78,164,168,402,261,689,472,676,432,446,459,741,360,1543,0,0,0,0,0,0,0,0,0,0,0,0,0,0,0,0,6964,0,0,0,0,0,0,0,0
2021-01-14T23:59:59+01:00,0,1,32,38,77,158,163,397,253,678,461,668,429,443,459,740,360,1543,0,0,0,0,0,0,0,0,0,0,0,0,0,0,0,0,6900,0,0,0,0,0,0,0,0
2021-01-13T23:59:59+01:00,0,0,24,31,61,126,128,302,193,544,352,525,326,341,374,578,281,1248,0,0,0,0,0,0,0,0,0,0,0,0,0,0,0,0,5434,0,0,0,0,0,0,0,0
2021-01-12T23:59:59+01:00,0,0,17,24,45,87,93,214,139,393,239,389,234,234,247,372,203,848,0,0,0,0,0,0,0,0,0,0,0,0,0,0,0,0,3778,0,0,0,0,0,0,0,0
2021-01-11T23:59:59+01:00,0,0,9,15,26,47,62,137,88,220,126,208,116,112,106,180,92,375,0,0,0,0,0,0,0,0,0,0,0,0,0,0,0,0,1919,0,0,0,0,0,0,0,0
2021-01-10T23:59:59+01:00,0,0,8,15,22,44,55,109,80,179,106,175,110,108,102,178,89,375,0,0,0,0,0,0,0,0,0,0,0,0,0,0,0,0,1755,0,0,0,0,0,0,0,0
2021-01-09T23:59:59+01:00,0,0,8,15,22,44,55,109,80,179,106,175,110,107,102,178,89,375,0,0,0,0,0,0,0,0,0,0,0,0,0,0,0,0,1754,0,0,0,0,0,0,0,0
2021-01-08T23:59:59+01:00,0,0,8,14,21,43,52,102,75,168,100,172,107,103,97,169,87,365,0,0,0,0,0,0,0,0,0,0,0,0,0,0,0,0,1683,0,0,0,0,0,0,0,0
2021-01-07T23:59:59+01:00,0,0,3,3,4,7,11,16,20,34,24,36,17,22,23,35,23,107,0,0,0,0,0,0,0,0,0,0,0,0,0,0,0,0,385,0,0,0,0,0,0,0,0
2021-01-06T23:59:59+01:00,0,0,3,2,4,6,9,15,20,33,21,32,17,21,23,35,23,106,0,0,0,0,0,0,0,0,0,0,0,0,0,0,0,0,370,0,0,0,0,0,0,0,0
2021-01-05T23:59:59+01:00,0,0,3,2,4,6,9,15,20,33,21,32,17,21,23,35,23,106,0,0,0,0,0,0,0,0,0,0,0,0,0,0,0,0,370,0,0,0,0,0,0,0,0
2021-01-04T23:59:59+01:00,0,0,0,0,0,0,0,1,1,0,0,0,1,1,0,2,0,0,0,0,0,0,0,0,0,0,0,0,0,0,0,0,0,0,6,0,0,0,0,0,0,0,0
2021-01-03T23:59:59+01:00,0,0,0,0,0,0,0,1,1,0,0,0,1,1,0,2,0,0,0,0,0,0,0,0,0,0,0,0,0,0,0,0,0,0,6,0,0,0,0,0,0,0,0
2021-01-02T23:59:59+01:00,0,0,0,0,0,0,0,1,1,0,0,0,1,1,0,2,0,0,0,0,0,0,0,0,0,0,0,0,0,0,0,0,0,0,6,0,0,0,0,0,0,0,0
2021-01-01T23:59:59+01:00,0,0,0,0,0,0,0,1,1,0,0,0,1,1,0,2,0,0,0,0,0,0,0,0,0,0,0,0,0,0,0,0,0,0,6,0,0,0,0,0,0,0,0
2020-12-31T23:59:59+01:00,0,0,0,0,0,0,0,1,1,0,0,0,1,1,0,2,0,0,0,0,0,0,0,0,0,0,0,0,0,0,0,0,0,0,6,0,0,0,0,0,0,0,0
2020-12-30T23:59:59+01:00,0,0,0,0,0,0,0,1,1,0,0,0,1,1,0,2,0,0,0,0,0,0,0,0,0,0,0,0,0,0,0,0,0,0,6,0,0,0,0,0,0,0,0
2020-12-29T23:59:59+01:00,0,0,0,0,0,0,0,1,1,0,0,0,1,0,0,2,0,0,0,0,0,0,0,0,0,0,0,0,0,0,0,0,0,0,5,0,0,0,0,0,0,0,0
2020-12-28T23:59:59+01:00,0,0,0,0,0,0,0,1,0,0,0,0,1,0,0,1,0,0,0,0,0,0,0,0,0,0,0,0,0,0,0,0,0,0,3,0,0,0,0,0,0,0,0
2020-12-27T23:59:59+01:00,0,0,0,0,0,0,0,0,0,0,0,0,0,0,0,0,0,0,0,0,0,0,0,0,0,0,0,0,0,0,0,0,0,0,0,0,0,0,0,0,0,0,0
