Datum,<15_m,<15_w,15-24_1_m,15-24_1_w,25-34_1_m,25-34_1_w,35-44_1_m,35-44_1_w,45-54_1_m,45-54_1_w,55-64_1_m,55-64_1_w,65-74_1_m,65-74_1_w,75-84_1_m,75-84_1_w,>84_1_m,>84_1_w,<24_2_m,<24_2_w,25-34_2_m,25-34_2_w,35-44_2_m,35-44_2_w,45-54_2_m,45-54_2_w,55-64_2_m,55-64_2_w,65-74_2_m,65-74_2_w,75-84_2_m,75-84_2_w,>84_2_m,>84_2_w,bp_1,bp_2,mo_1,mo_2,az_1,az_2,ja,unb_1,unb_2
2021-08-21T23:59:59+02:00,1120,1026,12509,11845,15910,14885,19337,19707,26012,27194,32726,33800,25076,27977,17128,21895,5051,9574,10667,10168,14561,13468,18040,18216,24426,25372,31053,32028,24199,26973,16615,21151,4904,9156,233182,216580,31145,29172,46381,44615,11905,159,71
2021-08-20T23:59:59+02:00,1100,1010,12450,11776,15853,14835,19276,19669,25959,27161,32676,33773,25061,27966,17119,21890,5050,9572,10614,10130,14523,13433,17999,18189,24393,25354,31024,32012,24191,26966,16609,21148,4904,9155,232690,216302,31145,29171,46381,44615,11821,159,71
2021-08-19T23:59:59+02:00,1075,986,12385,11719,15796,14803,19228,19622,25898,27113,32634,33739,25029,27943,17108,21879,5047,9570,10524,10055,14459,13392,17946,18153,24328,25311,30958,31968,24151,26948,16600,21131,4903,9152,232407,215882,31054,29161,46381,44607,11573,159,71
2021-08-18T23:59:59+02:00,1063,969,12344,11684,15768,14773,19199,19592,25869,27083,32599,33714,25011,27931,17103,21870,5045,9569,10471,9991,14411,13367,17898,18125,24283,25275,30899,31930,24130,26931,16594,21118,4899,9147,232094,215437,31054,29156,46380,44597,11499,159,71
2021-08-17T23:59:59+02:00,1038,944,12294,11643,15739,14734,19166,19563,25842,27061,32565,33676,24993,27912,17093,21853,5044,9564,10378,9911,14361,13321,17844,18070,24234,25235,30839,31887,24106,26908,16583,21098,4897,9140,231803,214852,30931,29094,46380,44596,11451,159,71
2021-08-16T23:59:59+02:00,1027,937,12262,11619,15723,14716,19149,19546,25819,27037,32546,33654,24973,27897,17085,21838,5041,9562,10321,9845,14339,13278,17821,18034,24190,25200,30803,31856,24082,26877,16568,21085,4897,9137,231579,214419,30931,29093,46380,44592,11382,159,71
2021-08-15T23:59:59+02:00,1019,937,12237,11605,15710,14699,19134,19531,25809,27028,32525,33640,24967,27888,17081,21827,5040,9562,10276,9811,14308,13256,17803,18013,24168,25187,30783,31830,24065,26869,16563,21077,4896,9135,231421,214149,30930,29093,46379,44587,11350,159,71
2021-08-14T23:59:59+02:00,1018,937,12236,11601,15710,14697,19131,19529,25809,27028,32525,33639,24967,27888,17081,21827,5040,9562,10109,9592,14202,13166,17729,17966,24121,25156,30743,31797,24050,26856,16560,21074,4894,9134,231412,213148,30930,29092,46379,44586,11345,159,71
2021-08-13T23:59:59+02:00,974,897,12086,11473,15656,14643,19067,19472,25738,26976,32472,33603,24942,27859,17070,21817,5039,9558,10058,9540,14161,13138,17690,17941,24089,25137,30719,31776,24040,26843,16554,21065,4894,9130,230587,212815,30929,29092,46379,44585,11292,155,71
2021-08-12T23:59:59+02:00,961,876,12030,11412,15612,14605,19031,19445,25694,26955,32427,33574,24917,27844,17062,21812,5039,9555,9967,9473,14087,13096,17631,17893,24024,25104,30667,31729,24012,26819,16538,21047,4892,9130,230371,212405,30907,29086,46379,44570,11039,155,71
2021-08-11T23:59:59+02:00,947,865,11997,11379,15592,14582,19002,19425,25673,26936,32404,33546,24900,27823,17058,21805,5038,9553,9894,9411,14033,13057,17585,17849,23984,25083,30627,31681,23983,26787,16522,21034,4891,9125,230088,211838,30907,29082,46378,44544,10997,155,71
2021-08-10T23:59:59+02:00,929,855,11910,11328,15540,14553,18961,19388,25620,26902,32349,33493,24883,27809,17051,21792,5037,9550,9799,9330,13984,13022,17554,17817,23937,25044,30574,31635,23950,26755,16516,21016,4887,9120,229719,211333,30776,29047,46376,44531,10924,155,71
2021-08-09T23:59:59+02:00,927,839,11884,11294,15525,14538,18939,19376,25588,26881,32321,33462,24876,27801,17047,21784,5037,9547,9745,9269,13949,12972,17516,17776,23908,25001,30539,31595,23936,26738,16511,21003,4885,9115,229493,210890,30776,29044,46375,44524,10867,155,71
2021-08-08T23:59:59+02:00,917,832,11849,11271,15503,14525,18919,19355,25563,26861,32299,33446,24868,27786,17040,21780,5036,9547,9669,9215,13905,12946,17489,17746,23875,24967,30507,31564,23923,26719,16503,20989,4884,9112,229306,210497,30776,29043,46375,44523,10785,155,71
2021-08-07T23:59:59+02:00,898,805,11753,11194,15460,14484,18879,19322,25524,26831,32253,33414,24851,27774,17031,21762,5035,9544,9052,8615,13468,12596,17278,17562,23724,24856,30358,31489,23866,26668,16482,20962,4879,9109,228725,207311,30776,29043,46375,44523,10783,155,71
2021-08-06T23:59:59+02:00,888,802,11723,11167,15443,14471,18869,19316,25510,26815,32244,33408,24847,27770,17026,21760,5035,9543,8472,7987,12954,12202,17051,17359,23584,24745,30263,31410,23835,26621,16470,20948,4876,9103,228676,204156,30654,29030,46375,44523,10777,155,71
2021-08-05T23:59:59+02:00,885,795,11684,11136,15406,14444,18828,19286,25464,26779,32200,33361,24807,27748,17024,21749,5035,9538,8416,7922,12910,12152,17001,17317,23521,24705,30190,31356,23788,26580,16457,20930,4874,9094,228459,203738,30653,29025,46375,44515,10527,155,71
2021-08-04T23:59:59+02:00,868,779,11654,11106,15388,14412,18798,19263,25437,26750,32154,33322,24792,27735,17019,21744,5033,9530,8327,7833,12851,12105,16949,17276,23465,24661,30131,31285,23751,26541,16447,20917,4872,9088,228200,203151,30651,29024,46374,44480,10404,155,71
2021-08-03T23:59:59+02:00,853,760,11607,11068,15369,14392,18768,19243,25411,26722,32122,33289,24772,27716,17010,21739,5029,9529,8244,7744,12784,12055,16882,17226,23406,24624,30092,31237,23715,26507,16432,20906,4869,9084,227876,202499,30649,29014,46374,44473,10345,155,71
2021-08-02T23:59:59+02:00,844,757,11572,11037,15349,14362,18742,19224,25383,26697,32091,33262,24758,27697,17002,21730,5028,9527,8149,7651,12704,11995,16825,17163,23350,24553,30045,31180,23697,26484,16411,20896,4867,9079,227605,201798,30648,29013,46374,44465,10280,155,71
2021-08-01T23:59:59+02:00,837,750,11547,11008,15338,14349,18727,19213,25364,26685,32074,33247,24754,27689,17001,21727,5026,9526,8078,7584,12643,11948,16784,17117,23314,24522,30018,31155,23682,26465,16407,20890,4865,9078,227464,201343,30644,29012,46374,44447,10225,155,71
2021-07-31T23:59:59+02:00,834,749,11544,11002,15336,14346,18725,19209,25363,26684,32071,33246,24754,27688,17001,21727,5026,9526,7925,7395,11879,11276,16232,16681,23219,24443,29954,31084,23653,26429,16395,20871,4864,9076,227436,198131,30643,29012,46374,44446,10223,155,71
2021-07-30T23:59:59+02:00,833,748,11530,10993,15333,14343,18720,19204,25356,26679,32061,33241,24753,27686,17001,21725,5026,9526,7640,7155,11333,10832,15755,16254,23082,24336,29845,30972,23616,26384,16379,20849,4864,9071,227370,195053,30642,29011,46372,44433,10219,155,71
2021-07-29T23:59:59+02:00,821,739,11490,10946,15295,14322,18680,19179,25320,26644,32009,33212,24735,27666,16990,21708,5026,9524,7266,6844,10668,10319,15240,15842,22906,24191,29699,30862,23562,26332,16350,20824,4860,9068,227053,191592,30641,29003,46372,44348,10085,155,71
2021-07-28T23:59:59+02:00,803,727,11443,10894,15271,14292,18649,19152,25294,26617,31984,33188,24721,27648,16985,21696,5025,9520,7100,6687,10523,10200,15128,15707,22815,24096,29600,30766,23519,26276,16332,20795,4859,9058,226734,190355,30640,29001,46367,44239,10013,155,71
2021-07-27T23:59:59+02:00,794,718,11399,10857,15231,14252,18609,19126,25266,26591,31947,33166,24705,27623,16979,21685,5024,9512,6879,6474,10365,10083,14984,15573,22712,23990,29492,30653,23468,26212,16316,20768,4857,9047,226423,189207,30640,28674,46366,44206,9900,155,71
2021-07-26T23:59:59+02:00,784,706,11350,10813,15207,14231,18594,19099,25238,26562,31915,33140,24690,27602,16967,21674,5023,9509,6763,6397,10271,10006,14918,15495,22630,23930,29427,30579,23435,26169,16304,20751,4853,9041,226138,188423,30638,28671,46365,44164,9808,155,71
2021-07-25T23:59:59+02:00,773,696,11322,10785,15187,14205,18574,19075,25211,26538,31896,33122,24674,27591,16963,21665,5022,9507,6687,6315,10203,9942,14845,15435,22575,23876,29372,30541,23405,26147,16292,20737,4853,9037,225944,187834,30637,28667,46364,44134,9706,155,71
2021-07-24T23:59:59+02:00,749,675,11242,10702,15148,14178,18551,19053,25191,26524,31883,33109,24674,27587,16960,21663,5022,9507,6289,5956,10059,9828,14472,15154,22351,23719,29255,30457,23369,26109,16275,20720,4850,9033,225565,185478,30636,28666,46364,44132,9698,155,71
2021-07-23T23:59:59+02:00,723,653,11175,10620,15120,14145,18522,19038,25169,26505,31867,33092,24663,27582,16958,21663,5022,9504,5920,5646,9939,9722,14125,14890,22155,23547,29135,30340,23317,26041,16264,20699,4846,9026,225183,183213,30635,28666,46364,44121,9684,155,71
2021-07-22T23:59:59+02:00,682,613,11022,10457,15022,14057,18435,18990,25088,26451,31795,33028,24627,27541,16943,21645,5018,9499,5601,5348,9671,9508,13543,14415,21838,23287,28904,30113,23217,25944,16220,20662,4842,9023,224235,179901,30633,28655,46363,44102,9527,155,71
2021-07-21T23:59:59+02:00,662,588,10958,10403,14987,14030,18396,18954,25050,26422,31757,32978,24603,27508,16927,21633,5016,9494,4984,4882,9232,9257,13166,14186,21606,23133,28717,29964,23152,25868,16195,20639,4840,9020,223812,178140,30626,27387,46361,43935,9412,155,71
2021-07-20T23:59:59+02:00,644,571,10900,10349,14961,13994,18360,18927,25020,26390,31721,32945,24583,27487,16922,21619,5013,9487,4839,4770,9079,9125,13002,14053,21493,23012,28587,29841,23073,25765,16173,20599,4833,9014,223436,176798,30626,27375,46359,43786,9317,155,71
2021-07-19T23:59:59+02:00,631,559,10863,10318,14932,13974,18338,18919,24993,26365,31688,32916,24566,27464,16916,21608,5011,9484,4759,4700,8983,9049,12887,13956,21395,22906,28488,29721,23017,25708,16148,20570,4828,9008,223200,175861,30626,27367,46350,43690,9214,155,71
2021-07-18T23:59:59+02:00,616,550,10809,10267,14897,13953,18313,18902,24973,26348,31665,32897,24557,27454,16910,21599,5010,9479,4651,4597,8848,8928,12760,13817,21309,22815,28416,29642,22989,25679,16139,20557,4825,9007,222924,174850,30626,27353,46350,43637,9144,155,71
2021-07-17T23:59:59+02:00,544,480,10524,9970,14786,13855,18224,18825,24868,26274,31558,32848,24524,27420,16897,21579,5008,9478,4605,4555,8796,8856,12526,13625,20887,22475,28287,29511,22952,25627,16130,20542,4824,9004,221389,173074,30626,27353,46349,43635,9143,155,71
2021-07-16T23:59:59+02:00,515,443,10391,9850,14727,13815,18170,18774,24836,26241,31538,32824,24515,27405,16894,21572,5008,9475,4557,4513,8720,8816,12152,13346,20346,22079,28154,29417,22903,25590,16121,20537,4822,9002,220732,170967,30625,27351,46349,43628,9132,155,71
2021-07-15T23:59:59+02:00,485,406,10252,9745,14661,13766,18113,18707,24783,26193,31488,32771,24491,27369,16876,21556,5001,9471,4345,4374,8395,8609,11634,12945,19242,21236,27738,29074,22734,25421,16056,20464,4812,8986,220007,166275,30624,27338,46348,43432,9000,155,71
2021-07-14T23:59:59+02:00,464,393,10223,9720,14627,13746,18084,18672,24747,26152,31437,32718,24461,27341,16865,21539,5000,9469,4221,4223,8140,8437,11405,12800,19064,21125,27593,28948,22669,25343,16022,20426,4809,8977,219642,164710,30624,27320,46348,43258,8889,155,71
2021-07-13T23:59:59+02:00,440,378,10173,9667,14598,13718,18059,18639,24712,26131,31403,32678,24445,27311,16854,21528,4999,9467,4125,4128,7965,8278,11205,12609,18931,20987,27440,28787,22572,25258,15987,20373,4805,8966,219240,163256,30624,27299,46347,43000,8834,155,71
2021-07-12T23:59:59+02:00,427,357,10127,9617,14572,13699,18028,18609,24677,26090,31369,32633,24420,27288,16839,21523,4996,9464,4018,4029,7798,8157,11046,12474,18817,20866,27318,28666,22498,25197,15960,20347,4804,8961,218868,162096,30623,27277,46347,42810,8742,155,71
2021-07-11T23:59:59+02:00,419,339,10097,9588,14555,13679,18011,18599,24657,26082,31348,32615,24408,27278,16837,21521,4996,9462,3949,3956,7679,8057,10899,12346,18693,20766,27217,28552,22455,25149,15939,20322,4802,8958,218676,161129,30623,27272,46346,42611,8691,155,71
2021-07-10T23:59:59+02:00,393,316,9987,9482,14500,13640,17963,18576,24633,26062,31329,32599,24400,27269,16833,21517,4994,9460,3916,3931,7618,8015,10864,12317,18664,20742,27188,28530,22448,25134,15935,20317,4802,8958,218151,160827,30622,27271,46343,42563,8682,155,71
2021-07-09T23:59:59+02:00,333,269,9725,9273,14395,13558,17887,18506,24547,26009,31280,32538,24377,27238,16820,21499,4994,9454,3849,3891,7485,7924,10647,12172,18440,20604,26773,28209,22264,24940,15880,20257,4799,8951,216926,158688,30622,27268,46342,42434,8657,155,71
2021-07-08T23:59:59+02:00,254,202,9531,9130,14294,13482,17793,18434,24487,25959,31197,32480,24350,27207,16807,21481,4990,9449,3693,3765,7176,7735,10293,11943,18095,20322,26468,27952,22091,24782,15812,20184,4792,8935,215827,156312,30619,27222,46329,41864,8597,155,71
2021-07-07T23:59:59+02:00,215,173,9429,9025,14243,13449,17750,18391,24436,25919,31155,32440,24326,27177,16795,21463,4990,9441,3497,3636,6847,7510,9340,11213,17511,19892,26066,27642,21857,24480,15735,20088,4778,8921,215197,153698,30616,25472,46326,41271,8523,155,71
2021-07-06T23:59:59+02:00,193,161,9351,8966,14193,13421,17714,18349,24394,25880,31094,32393,24290,27149,16780,21446,4988,9439,3383,3561,6648,7388,9069,11050,17267,19712,25789,27385,21700,24278,15654,19984,4765,8906,214634,151769,30599,25462,46323,40768,8490,155,71
2021-07-05T23:59:59+02:00,181,146,9264,8885,14153,13379,17681,18299,24358,25850,31049,32342,24266,27127,16772,21432,4987,9437,3331,3526,6519,7309,8920,10929,17125,19573,25618,27231,21557,24111,15604,19931,4754,8896,214092,150706,30599,25453,46320,40282,8442,155,71
2021-07-04T23:59:59+02:00,166,139,9210,8835,14122,13366,17656,18281,24333,25831,31028,32316,24251,27113,16766,21424,4986,9434,3279,3484,6456,7269,8832,10857,17038,19488,25489,27121,21432,23982,15562,19880,4752,8889,213821,150048,30598,25444,46305,39886,8378,155,71
2021-07-03T23:59:59+02:00,163,136,8698,8337,13964,13246,17555,18163,24239,25773,30963,32267,24230,27091,16754,21412,4984,9431,3219,3405,6337,7150,8662,10715,16823,19307,25101,26812,21317,23846,15532,19840,4748,8883,211986,148005,30598,25444,46305,39831,8362,155,71
2021-07-02T23:59:59+02:00,156,132,8129,7865,13820,13137,17463,18086,24169,25703,30903,32205,24192,27049,16748,21392,4982,9426,3108,3297,6067,6994,8405,10473,16453,18979,24629,26388,21089,23573,15462,19758,4742,8880,210144,144934,30598,25442,46301,39506,8359,155,71
2021-07-01T23:59:59+02:00,143,122,8000,7758,13737,13079,17394,18034,24100,25652,30851,32152,24164,27024,16738,21380,4981,9425,2920,3108,5720,6710,7968,10057,15866,18508,23865,25734,20602,23099,15335,19597,4730,8855,209354,140376,30593,25430,46297,38475,8335,155,71
2021-06-30T23:59:59+02:00,126,109,7854,7642,13668,13030,17341,17981,24049,25599,30792,32106,24133,27002,16724,21362,4981,9420,2824,3029,5566,6567,7743,9836,14909,17639,23252,25184,20244,22705,15202,19436,4716,8821,208792,138845,30419,23157,46293,37352,8260,155,71
2021-06-29T23:59:59+02:00,111,96,7787,7549,13625,12991,17302,17936,23996,25538,30742,32047,24112,26976,16714,21346,4978,9416,2765,2985,5437,6469,7589,9702,14741,17467,23011,24950,19985,22380,15103,19336,4704,8801,208170,137726,30417,23145,46290,36262,8230,155,71
2021-06-28T23:59:59+02:00,106,90,7723,7478,13561,12932,17256,17885,23954,25493,30686,32003,24095,26948,16707,21336,4976,9414,2736,2953,5369,6422,7496,9631,14644,17386,22861,24736,19781,22134,15048,19267,4700,8787,207637,137131,30415,23135,46282,35467,8154,155,71
2021-06-27T23:59:59+02:00,92,85,7674,7415,13531,12896,17227,17852,23935,25458,30659,31975,24083,26940,16700,21330,4976,9412,2713,2938,5318,6397,7425,9586,14548,17323,22766,24649,19654,21993,15017,19216,4696,8778,207283,136623,30415,23124,46276,35093,8111,155,71
2021-06-26T23:59:59+02:00,88,82,7170,6859,13137,12596,17114,17749,23871,25399,30623,31940,24075,26923,16696,21319,4975,9411,2612,2829,5132,6209,7225,9396,14003,16868,22106,24016,19506,21850,14972,19163,4694,8770,205105,133015,30415,23124,46276,35073,8111,120,33
2021-06-25T23:59:59+02:00,87,79,6685,6375,12683,12223,16955,17631,23780,25333,30542,31899,24052,26896,16691,21309,4973,9409,2508,2673,4957,6017,6967,9099,13473,16337,21554,23432,19308,21641,14914,19096,4690,8758,202698,129318,30415,23124,46276,34861,8093,120,33
2021-06-24T23:59:59+02:00,77,67,6461,6158,12458,12072,16849,17548,23708,25280,30484,31851,24018,26854,16685,21299,4971,9402,2299,2434,4586,5639,6467,8608,12751,15622,20402,22431,18843,21160,14809,18965,4678,8743,201422,123369,30413,23112,46269,33910,8018,120,33
2021-06-23T23:59:59+02:00,72,65,5886,5658,12296,11960,16730,17434,23634,25233,30421,31801,23984,26831,16678,21285,4967,9398,2262,2382,4523,5517,6375,8457,12518,15333,20159,22172,18544,20831,14712,18851,4667,8726,200912,122348,29074,22963,46259,32722,7968,120,33
2021-06-22T23:59:59+02:00,68,60,5744,5528,12196,11855,16644,17359,23577,25171,30354,31723,23957,26799,16668,21264,4963,9396,2209,2347,4428,5435,6251,8310,11649,14671,19746,21765,18210,20478,14604,18713,4657,8706,199978,121425,29067,21269,46242,31537,7919,120,33
2021-06-21T23:59:59+02:00,65,57,5608,5415,12122,11762,16583,17273,23523,25097,30304,31665,23932,26771,16655,21249,4963,9392,2176,2311,4370,5338,6164,8183,10868,13967,19295,21356,17984,20251,14544,18618,4648,8690,199157,120632,29063,19484,46237,30759,7859,120,33
2021-06-20T23:59:59+02:00,63,55,5490,5289,11959,11579,16518,17149,23472,25032,30262,31609,23916,26750,16649,21234,4958,9387,2158,2282,4329,5298,6094,8134,10764,13887,19183,21229,17827,20060,14478,18535,4644,8683,198147,120096,29059,19481,46231,30165,7814,120,33
2021-06-19T23:59:59+02:00,59,51,5472,5269,11193,10915,16039,16758,23411,24988,30218,31566,23898,26730,16641,21222,4958,9387,2087,2164,4122,5069,5815,7853,10440,13553,18133,20377,17660,19875,14445,18470,4639,8671,195552,115899,29059,19481,46231,30151,7813,120,33
2021-06-18T23:59:59+02:00,56,50,5438,5243,10549,10333,15425,16195,23320,24919,30149,31503,23871,26700,16630,21207,4957,9385,2018,2076,3979,4926,5537,7583,10058,13189,16984,19168,17457,19638,14396,18406,4636,8661,192714,111492,29053,19480,46231,29899,7812,120,33
2021-06-17T23:59:59+02:00,49,41,5318,5140,9867,9825,14937,15804,23221,24831,30068,31409,23831,26654,16615,21186,4956,9382,1888,1969,3722,4680,5149,7219,9518,12699,15799,17977,16997,19148,14255,18232,4623,8637,190149,106368,29051,19472,46228,28983,7669,37,24
2021-06-16T23:59:59+02:00,47,33,5184,5004,9670,9664,14790,15674,23128,24737,29970,31333,23787,26609,16600,21174,4955,9372,1848,1928,3618,4595,5047,7101,8489,11848,15526,17683,16701,18812,14120,18061,4617,8604,188970,105486,29040,17596,46225,28037,7459,37,24
2021-06-15T23:59:59+02:00,41,27,4996,4817,9488,9509,14655,15532,23036,24647,29893,31247,23744,26536,16574,21141,4947,9357,1785,1870,3540,4500,4953,6989,8373,11706,15348,17456,16383,18502,13978,17892,4594,8546,187650,104728,29037,17592,46206,26818,7257,37,24
2021-06-14T23:59:59+02:00,39,24,4919,4753,9394,9400,14577,15443,22965,24573,29823,31186,23712,26497,16559,21123,4944,9351,1762,1847,3503,4476,4912,6957,8273,11643,15210,17322,16203,18298,13887,17795,4589,8539,186905,104502,29031,17589,46200,25996,7109,37,24
2021-06-13T23:59:59+02:00,38,23,4861,4705,9308,9325,14494,15376,22904,24522,29756,31133,23686,26469,16550,21113,4944,9349,1712,1832,3461,4452,4856,6914,8202,11606,15111,17227,16047,18114,13833,17722,4582,8532,186324,104221,29025,17587,46185,25390,6985,37,24
2021-06-12T23:59:59+02:00,36,22,4842,4690,9280,9302,14257,15199,22774,24393,29711,31088,23666,26452,16541,21105,4943,9347,1587,1710,3223,4241,4452,6611,7655,11174,13336,15538,15695,17743,13753,17620,4580,8518,185419,97520,29025,17587,46185,25326,6983,36,24
2021-06-11T23:59:59+02:00,32,21,4788,4636,9199,9249,13938,14976,22578,24245,29615,30997,23629,26407,16523,21093,4942,9344,1484,1575,3039,4030,4153,6247,7144,10629,11700,13654,15219,17168,13639,17473,4565,8504,184056,90610,29022,17586,46185,25095,6913,36,23
2021-06-10T23:59:59+02:00,26,18,4504,4408,8655,8918,12663,13957,22011,23795,29241,30693,23492,26249,16470,21025,4929,9329,1361,1482,2804,3849,3824,5963,6709,10237,10287,12325,14706,16593,13468,17265,4550,8478,178725,86072,29006,17583,46179,23790,6437,36,23
2021-06-09T23:59:59+02:00,23,14,4269,4244,8062,8626,11761,13297,21691,23580,29011,30539,23429,26186,16451,21001,4926,9325,1273,1428,2649,3778,3682,5883,6503,10145,10025,12146,14383,16243,13298,17085,4543,8457,176618,85740,27729,17481,46173,22402,5879,36,23
2021-06-08T23:59:59+02:00,19,11,4139,4144,7660,8400,11275,13007,21465,23401,28811,30386,23370,26112,16419,20959,4920,9316,1195,1401,2513,3720,3523,5816,5607,9397,9551,11783,14047,15834,13072,16846,4529,8435,174867,85385,27357,15327,46149,21133,5405,36,23
2021-06-07T23:59:59+02:00,15,9,4018,4065,7425,8294,10986,12829,21262,23287,28657,30268,23311,26059,16401,20934,4916,9308,1146,1281,2392,3660,3393,5753,5442,9322,9341,11656,13818,15576,12916,16677,4522,8417,173641,85196,27347,15322,46140,19895,4880,36,23
2021-06-06T23:59:59+02:00,13,9,3900,4006,7187,8172,10736,12668,21076,23198,28571,30178,23281,26025,16389,20916,4913,9304,1126,1264,2327,3624,3297,5701,5336,9247,9225,11555,13661,15422,12844,16583,4519,8410,172491,85006,27330,15318,46130,19243,4555,36,23
2021-06-05T23:59:59+02:00,13,9,3871,3969,7149,8132,10559,12512,20448,22689,28409,30031,23231,25980,16375,20897,4913,9300,1094,1163,2161,3171,3065,5162,5166,8915,8445,10605,13012,14582,12731,16436,4508,8400,170449,79623,27330,15318,46128,19110,4545,35,23
2021-06-04T23:59:59+02:00,13,9,3841,3943,7113,8107,10462,12420,20086,22362,28305,29935,23196,25942,16361,20887,4911,9299,1062,1096,2063,2861,2905,4685,5009,8545,7931,9947,11514,12866,12606,16239,4501,8382,169173,73248,27317,15317,46128,19088,4539,35,23
2021-06-03T23:59:59+02:00,8,6,3707,3841,6892,7970,9906,11998,18860,21432,27905,29625,23063,25800,16308,20825,4907,9285,1009,1052,1974,2749,2768,4529,4805,8245,7568,9498,11136,12468,12499,16126,4498,8369,164418,71466,27307,15314,46124,18039,4454,35,23
2021-06-02T23:59:59+02:00,8,6,3700,3833,6880,7953,9896,11987,18672,21252,27834,29576,23040,25778,16302,20816,4904,9283,1005,1045,1962,2719,2747,4510,4594,8061,7032,9010,11099,12427,12484,16111,4494,8363,164353,71358,26762,13821,46123,18017,4447,35,23
2021-06-01T23:59:59+02:00,7,5,3573,3757,6643,7805,9608,11794,18217,20905,27597,29381,22946,25676,16261,20763,4901,9271,968,997,1878,2649,2667,4438,4315,7827,6436,8478,10886,12214,12386,16008,4489,8351,162664,70919,25982,12528,46109,17200,4320,35,23
2021-05-31T23:59:59+02:00,7,5,3526,3712,6554,7737,9472,11695,18091,20814,27507,29305,22879,25615,16244,20735,4896,9264,939,973,1811,2609,2587,4395,4208,7763,6318,8403,10700,12046,12285,15892,4479,8343,161825,70559,25951,12523,46096,16498,4151,35,23
2021-05-30T23:59:59+02:00,7,4,3495,3688,6490,7682,9382,11605,18003,20734,27430,29234,22834,25570,16222,20708,4891,9254,934,966,1800,2599,2574,4382,4179,7738,6265,8361,10639,11967,12251,15849,4474,8334,161126,70516,25946,12520,46079,16209,4047,35,23
2021-05-29T23:59:59+02:00,7,4,3484,3669,6454,7655,9338,11568,17965,20694,27285,29128,22780,25496,16207,20688,4888,9250,898,947,1743,2553,2501,4297,3989,7483,5993,8064,8442,9311,12058,15507,4459,8305,160467,64278,25946,12518,46065,15686,4047,35,23
2021-05-28T23:59:59+02:00,7,4,3421,3614,6323,7578,9198,11437,17808,20563,27102,29005,22715,25419,16186,20671,4887,9249,885,933,1724,2533,2465,4243,3838,7186,5799,7802,5748,6206,11781,15111,4444,8256,159109,57417,25944,12518,46061,14960,4038,35,23
2021-05-27T23:59:59+02:00,7,4,3274,3484,6038,7398,8596,11104,17332,20226,26689,28657,22548,25254,16128,20608,4880,9231,835,875,1642,2438,2348,4109,3415,6216,5376,7205,5587,6033,11703,15037,4438,8239,155634,56935,25885,12471,46054,12219,3850,35,23
2021-05-26T23:59:59+02:00,7,4,3167,3401,5819,7232,8224,10818,16866,19920,26388,28421,22400,25121,16077,20534,4867,9211,818,867,1590,2413,2295,4079,3342,6142,5279,7133,5453,5906,11638,14971,4433,8227,152930,56861,25869,12469,46032,11624,3611,35,23
2021-05-25T23:59:59+02:00,7,4,3076,3338,5677,7118,8027,10656,15864,19142,26034,28067,22242,24967,16025,20454,4860,9201,798,849,1554,2369,2224,4020,3267,6073,5194,7069,5286,5736,11530,14891,4425,8216,151375,56794,23945,12281,46018,11017,3388,33,23
2021-05-24T23:59:59+02:00,7,4,3013,3320,5589,7074,7909,10594,14949,18453,25619,27755,22147,24863,15994,20418,4853,9189,789,847,1532,2352,2180,3984,3221,6025,5117,6989,5185,5629,11451,14815,4424,8210,150650,56760,21876,12205,46008,10581,3183,33,23
2021-05-23T23:59:59+02:00,7,4,3010,3316,5580,7067,7900,10586,14944,18452,25618,27754,22147,24863,15994,20418,4853,9189,787,844,1524,2345,2168,3971,3202,6010,5096,6956,5141,5577,11434,14791,4423,8208,150622,56752,21876,12205,46006,10334,3165,33,23
2021-05-22T23:59:59+02:00,6,4,2974,3274,5507,7021,7800,10499,14746,18291,25338,27511,22047,24777,15961,20375,4850,9185,765,824,1480,2294,2117,3892,3089,5889,4782,6388,4571,4835,10789,13969,4413,8169,149086,53508,21876,12205,46006,9367,3165,33,23
2021-05-21T23:59:59+02:00,4,4,2902,3199,5381,6925,7673,10353,14488,18061,25044,27276,21934,24669,15928,20327,4845,9176,734,771,1412,2166,2015,3626,2906,5556,4302,5489,4158,4296,10047,13028,4348,8043,147147,49767,21875,12205,46001,7769,3135,31,23
2021-05-20T23:59:59+02:00,4,4,2771,3036,5103,6670,7387,9985,14028,17578,24433,26726,21662,24372,15834,20207,4831,9146,720,761,1385,2141,1976,3593,2851,5501,4218,5411,4030,4193,9970,12965,4339,8031,143001,49674,21866,12194,45976,7292,2903,31,23
2021-05-19T23:59:59+02:00,4,4,2719,2984,5006,6531,7244,9803,12882,16542,24170,26439,21565,24242,15789,20146,4823,9139,701,735,1360,2093,1944,3508,2788,5354,4123,5304,3948,4103,9917,12900,4336,8027,141631,49646,19795,12130,45905,6673,2670,31,23
2021-05-18T23:59:59+02:00,4,4,2696,2961,4959,6499,7193,9772,12528,16267,23990,26286,21472,24153,15759,20093,4815,9127,672,677,1305,1964,1871,3306,2690,5146,3994,5107,3723,3826,9835,12820,4326,8017,141356,49626,18941,11131,45861,6111,2389,31,23
2021-05-17T23:59:59+02:00,4,4,2670,2940,4916,6429,7105,9664,12375,16089,23841,26126,21418,24102,15741,20070,4810,9119,664,663,1289,1928,1850,3257,2642,5038,3915,4993,3585,3674,9767,12757,4323,8008,140386,49603,18933,11121,45845,5379,2228,31,23
2021-05-16T23:59:59+02:00,4,4,2658,2926,4893,6362,7067,9581,12315,16015,23789,26066,21394,24085,15731,20056,4807,9116,659,657,1279,1925,1833,3248,2620,5026,3886,4971,3532,3608,9728,12725,4322,8006,139949,49591,18925,11110,45823,5161,2141,31,23
2021-05-15T23:59:59+02:00,4,4,2533,2788,4705,6157,6876,9395,11797,15597,23200,25516,21287,23967,15697,20013,4804,9108,609,594,1196,1838,1694,3094,2332,4718,3438,4460,3200,3180,9565,12520,4298,7977,136559,46629,18924,11110,45818,4836,2116,31,23
2021-05-14T23:59:59+02:00,4,4,2417,2612,4510,5932,6599,9082,11261,15087,22633,24949,21141,23827,15661,19955,4800,9097,546,516,1094,1718,1534,2879,2001,4316,2839,3871,2815,2742,9481,12373,4294,7973,132740,43704,18917,11108,45796,4071,2087,31,23
2021-05-13T23:59:59+02:00,4,4,2235,2325,4188,5549,6172,8608,10701,14399,21601,24038,20858,23553,15601,19856,4793,9082,542,516,1081,1702,1519,2860,1991,4290,2818,3845,2799,2725,9474,12369,4293,7973,126837,43631,18863,11100,45770,3978,2066,31,23
2021-05-12T23:59:59+02:00,4,4,2234,2322,4181,5548,6163,8602,10599,14278,21548,23999,20853,23542,15596,19848,4792,9082,534,494,1045,1647,1470,2781,1908,4203,2759,3786,2718,2630,9423,12296,4293,7973,126794,43628,18537,10272,45770,3975,2063,31,23
2021-05-11T23:59:59+02:00,4,4,2113,2283,4097,5483,6038,8488,10293,14027,21356,23837,20777,23470,15581,19815,4788,9077,509,470,984,1587,1401,2690,1808,4065,2686,3712,2564,2403,9359,12195,4292,7973,125851,43610,18200,9439,45487,3665,1962,31,23
2021-05-10T23:59:59+02:00,4,4,2072,2206,3990,5362,5903,8309,9502,13264,20977,23514,20687,23381,15542,19761,4778,9064,496,441,947,1523,1336,2601,1717,3903,2602,3617,2535,2379,9350,12177,4288,7968,124719,43583,16350,9258,45384,3181,1836,31,23
2021-05-09T23:59:59+02:00,4,4,2040,2191,3956,5322,5850,8261,9436,13195,20907,23441,20654,23340,15528,19734,4775,9050,489,432,926,1480,1310,2553,1683,3841,2564,3574,2526,2367,9340,12160,4288,7960,124276,43524,16346,9255,45289,2946,1746,31,23
2021-05-08T23:59:59+02:00,4,4,1977,2090,3772,5147,5576,8055,9125,12910,19771,22512,20458,23144,15495,19665,4770,9038,416,402,861,1440,1234,2480,1595,3739,2345,3361,1981,1940,9246,12075,4287,7960,120131,42056,16345,9254,45286,2304,1745,6,4
2021-05-07T23:59:59+02:00,4,4,1890,1978,3588,4976,5255,7759,8716,12539,18522,21239,20275,22932,15449,19608,4761,9019,324,343,752,1365,1103,2351,1461,3596,2170,3169,1613,1605,8758,11628,4286,7958,115188,40328,16343,9251,45266,1189,1711,6,4
2021-05-06T23:59:59+02:00,4,4,1706,1869,3302,4724,4804,7354,8074,11975,17281,19995,19941,22554,15342,19445,4751,9008,307,334,731,1336,1063,2305,1412,3512,2103,3101,1577,1550,8741,11597,4280,7955,109330,40308,16336,9245,45032,919,1429,6,4
2021-05-05T23:59:59+02:00,4,3,1636,1839,3221,4637,4727,7250,7943,11824,17125,19849,19821,22435,15266,19349,4729,8912,296,322,689,1284,1002,2230,1329,3362,1994,2984,1484,1451,8324,11029,4274,7937,108571,40271,16193,8117,44862,662,938,6,4
2021-05-04T23:59:59+02:00,4,3,1610,1810,3179,4563,4668,7140,7691,11530,16566,19270,19734,22305,15191,19252,4701,8802,280,309,666,1255,981,2176,1270,3242,1881,2827,1412,1345,8254,10926,4270,7919,107885,40246,14846,7842,44759,399,523,6,4
2021-05-03T23:59:59+02:00,4,3,1602,1806,3171,4549,4630,7118,7438,11298,15873,18675,19670,22220,15165,19218,4695,8792,265,288,644,1173,932,2088,1207,3103,1783,2690,1346,1265,8229,10891,4266,7910,107804,40236,13248,7635,44719,56,150,6,4
2021-05-02T23:59:59+02:00,4,3,1601,1804,3166,4547,4625,7115,7425,11288,15854,18663,19654,22212,15165,19216,4694,8792,265,285,641,1172,927,2085,1197,3097,1775,2683,1332,1258,8228,10886,4265,7910,107778,40213,13245,7633,44695,53,104,6,4
2021-05-01T23:59:59+02:00,4,3,1468,1662,2886,4297,4158,6755,6808,10805,13919,16783,19273,21816,15074,19100,4691,8776,263,285,638,1170,926,2082,1195,3095,1773,2679,1327,1254,8226,10884,4265,7910,100236,40182,13245,7633,44691,53,101,5,4
2021-04-30T23:59:59+02:00,3,3,1345,1512,2670,4074,3828,6359,6240,10210,12128,14744,18815,21276,14970,18958,4677,8766,258,284,631,1163,911,2074,1183,3085,1762,2666,1316,1245,8222,10879,4264,7909,92608,40136,13245,7633,44691,50,30,4,4
2021-04-29T23:59:59+02:00,2,3,1229,1447,2504,3948,3588,6155,5883,9907,10788,13467,18556,20999,14927,18888,4673,8760,257,280,626,1156,899,2068,1163,3080,1732,2630,1290,1221,8216,10870,4264,7909,87920,40104,13236,7500,44551,41,13,4,4
2021-04-28T23:59:59+02:00,2,3,1170,1441,2454,3929,3537,6131,5821,9874,10691,13399,18526,20965,14920,18872,4673,8757,257,279,624,1155,896,2066,1158,3076,1724,2629,1284,1203,7774,10350,4264,7909,87650,40083,13186,6514,44313,37,12,4,3
2021-04-27T23:59:59+02:00,2,3,1122,1414,2353,3885,3473,6104,5702,9819,10574,13323,18493,20926,14907,18857,4672,8755,256,279,622,1148,895,2064,1154,3073,1720,2625,1272,1186,7357,9768,4264,7909,87143,40064,13133,5483,44093,32,11,4,3
2021-04-26T23:59:59+02:00,2,3,1080,1385,2263,3793,3346,6004,5535,9699,10271,13064,18431,20872,14899,18839,4670,8755,255,278,621,1146,889,2061,1147,3070,1702,2615,1257,1173,7348,9748,4264,7909,85807,39977,13123,5462,43966,31,11,4,3
2021-04-25T23:59:59+02:00,2,3,1077,1383,2255,3791,3339,6000,5515,9692,10236,13034,18421,20860,14898,18833,4670,8754,254,278,621,1146,889,2061,1145,3070,1702,2615,1257,1173,7348,9746,4264,7909,85785,39975,13114,5460,43850,31,10,4,3
2021-04-24T23:59:59+02:00,2,2,1034,1266,2068,3253,3069,5385,5322,9280,9404,11989,17716,19964,14784,18674,4662,8743,252,277,620,1144,889,2060,1145,3069,1696,2610,1254,1168,7346,9745,4264,7908,79665,39949,13114,5456,43825,31,9,4,3
2021-04-23T23:59:59+02:00,1,2,1002,1182,1955,2906,2887,4834,5127,8851,8850,11267,16087,18107,14638,18468,4654,8720,252,277,619,1144,887,2058,1144,3069,1695,2609,1249,1163,7342,9743,4264,7907,72647,39935,13113,5445,43765,31,9,4,3
2021-04-22T23:59:59+02:00,1,2,997,1171,1935,2890,2867,4815,5070,8805,8738,11164,16017,18030,14612,18438,4652,8715,250,277,615,1143,884,2057,1136,3057,1680,2589,1225,1141,7337,9735,4264,7907,72600,39921,13057,5335,43249,30,9,4,3
2021-04-21T23:59:59+02:00,1,2,988,1163,1923,2877,2840,4789,5024,8750,8631,11041,15931,17946,14583,18404,4652,8710,245,274,605,1134,870,2027,1126,3032,1669,2564,1212,1128,7113,9417,4263,7907,72560,39914,13001,4632,42681,29,9,4,3
2021-04-20T23:59:59+02:00,1,2,961,1114,1871,2762,2767,4628,4931,8571,8457,10834,15700,17664,14524,18345,4645,8704,232,271,587,1113,844,1997,1098,3006,1634,2522,1192,1115,7105,9412,4262,7906,72524,39893,11872,4367,42072,25,9,4,3
2021-04-19T23:59:59+02:00,1,2,952,1105,1839,2742,2717,4603,4807,8510,8257,10723,15608,17566,14502,18326,4645,8698,226,263,569,1090,826,1965,1080,2963,1589,2467,1174,1096,7098,9409,4260,7905,72124,39859,11851,4087,41615,23,9,4,3
2021-04-18T23:59:59+02:00,1,2,949,1104,1834,2736,2709,4591,4789,8498,8217,10681,15559,17508,14492,18309,4644,8696,226,263,569,1089,825,1965,1080,2963,1589,2466,1174,1095,7096,9408,4259,7905,72078,39853,11848,4085,41380,23,9,4,3
2021-04-17T23:59:59+02:00,0,2,916,1090,1785,2698,2641,4512,4635,8358,7955,10452,13191,14608,14295,17957,4627,8660,224,263,569,1086,821,1959,1068,2956,1579,2446,1137,1053,6764,8992,4234,7857,65262,38900,11848,4074,41259,23,9,4,3
2021-04-16T23:59:59+02:00,0,2,910,1084,1773,2687,2599,4473,4543,8274,7775,10261,10362,11355,14021,17540,4608,8604,222,258,568,1083,816,1955,1058,2953,1571,2434,1126,1039,6758,8987,4231,7854,57992,38822,11846,4058,41020,23,9,4,2
2021-04-15T23:59:59+02:00,0,2,897,1079,1751,2673,2557,4440,4430,8213,7544,10060,10113,11136,13959,17474,4602,8590,220,258,568,1081,815,1953,1055,2950,1568,2431,1121,1035,6756,8985,4231,7854,57968,38808,11844,4041,39695,22,9,4,2
2021-04-14T23:59:59+02:00,0,2,878,1051,1693,2590,2468,4317,4239,8030,7270,9777,9739,10654,13810,17295,4596,8581,195,235,527,1030,792,1886,1019,2870,1518,2370,1095,1005,6752,8976,4231,7853,57935,38792,10895,3534,38147,19,9,4,1
2021-04-13T23:59:59+02:00,0,2,853,1029,1655,2538,2400,4234,4138,7893,7060,9562,9334,10136,13666,17128,4591,8569,159,211,492,981,752,1793,985,2760,1466,2300,1076,970,6736,8965,4230,7853,57891,38728,9949,2979,36935,13,9,4,1
2021-04-12T23:59:59+02:00,0,2,849,1027,1636,2535,2370,4221,4085,7842,6919,9391,9069,9822,13602,17069,4580,8553,148,197,464,941,729,1728,964,2688,1422,2250,1054,953,6720,8945,4227,7848,57833,38612,9919,2644,35807,13,9,4,1
2021-04-11T23:59:59+02:00,0,2,848,1026,1625,2535,2357,4219,4062,7830,6854,9330,8935,9657,13575,17021,4575,8544,148,197,464,939,729,1727,962,2688,1421,2250,1054,953,6718,8945,4227,7848,57821,38606,9917,2643,35244,12,9,4,1
2021-04-10T23:59:59+02:00,0,2,832,1021,1597,2506,2320,4190,3991,7772,6722,9213,8379,8922,12911,16168,4564,8502,145,197,462,936,723,1724,962,2681,1412,2243,1041,937,6249,8447,4212,7832,54487,37541,9916,2641,35196,12,9,4,1
2021-04-09T23:59:59+02:00,0,2,810,992,1557,2458,2253,4110,3838,7613,6375,8882,7857,8264,12097,15143,4494,8365,143,196,460,931,717,1717,954,2671,1397,2233,1019,916,6007,8177,4195,7805,50515,36880,9911,2637,34671,12,9,4,1
2021-04-08T23:59:59+02:00,0,2,801,982,1530,2434,2187,4061,3703,7526,6121,8582,7243,7609,11938,14943,4483,8348,143,193,455,929,712,1710,946,2661,1390,2220,1007,914,6004,8175,4194,7805,50482,36860,9887,2577,32111,12,9,4,1
2021-04-07T23:59:59+02:00,0,2,795,973,1504,2416,2129,4023,3616,7456,5890,8316,6690,6977,11331,14194,4471,8321,124,186,425,882,666,1641,890,2591,1340,2151,986,898,5996,8169,4193,7805,50455,36836,8729,2087,29908,12,8,4,1
2021-04-06T23:59:59+02:00,0,2,790,971,1490,2408,2100,4001,3543,7407,5709,8145,6243,6469,11130,13978,4456,8293,100,165,376,820,621,1566,847,2491,1288,2087,962,882,5978,8156,4191,7801,50384,36809,8546,1503,28194,12,7,4,1
2021-04-05T23:59:59+02:00,0,2,785,967,1474,2400,2076,3992,3492,7381,5566,8035,6041,6254,11063,13892,4450,8283,94,163,375,818,614,1557,839,2476,1275,2068,934,852,4886,6756,4112,7695,50186,34002,8542,1493,27414,12,7,4,1
2021-04-04T23:59:59+02:00,0,2,783,961,1472,2398,2072,3990,3475,7374,5556,8028,6030,6234,11049,13874,4448,8280,94,163,373,816,611,1552,832,2469,1260,2048,911,830,3884,5595,4046,7589,50171,31561,8540,1493,27304,12,7,4,1
2021-04-03T23:59:59+02:00,0,2,731,906,1390,2329,1949,3851,3214,7114,5096,7535,5687,5779,10878,13657,4422,8251,92,163,373,815,611,1550,831,2469,1260,2048,911,830,3884,5592,4046,7588,46938,31551,8540,1493,27302,12,7,4,1
2021-04-02T23:59:59+02:00,0,2,688,871,1335,2261,1851,3737,2958,6854,4582,7056,5297,5320,10781,13494,4417,8245,91,163,373,815,611,1550,829,2469,1258,2045,909,826,3881,5589,4045,7588,44016,31532,8539,1492,27184,12,6,4,1
2021-04-01T23:59:59+02:00,0,2,685,869,1324,2255,1831,3729,2929,6840,4508,6983,5188,5212,10742,13445,4416,8241,91,163,371,811,609,1547,829,2466,1254,2041,899,825,3877,5587,4044,7587,44000,31523,8395,1460,26794,12,6,4,1
2021-03-31T23:59:59+02:00,0,2,683,867,1317,2239,1823,3719,2901,6812,4445,6937,5049,5052,10233,12838,4412,8233,91,163,370,811,609,1547,829,2466,1252,2041,898,825,3877,5586,4044,7586,43988,31517,7268,1460,26297,12,6,3,1
2021-03-30T23:59:59+02:00,0,2,674,864,1299,2219,1793,3690,2866,6777,4360,6847,4882,4858,9708,12138,4405,8218,86,160,369,807,604,1544,824,2460,1244,2039,887,815,3869,5583,4043,7585,43963,31496,6083,1407,25545,10,6,3,1
2021-03-29T23:59:59+02:00,0,2,669,856,1286,2184,1776,3659,2835,6735,4290,6762,4683,4661,9623,12044,4402,8204,86,160,369,805,599,1540,822,2454,1240,2032,879,809,3861,5576,4043,7585,43896,31483,5866,1362,24900,9,6,3,1
2021-03-28T23:59:59+02:00,0,2,666,854,1283,2181,1761,3649,2820,6723,4256,6709,4587,4551,9586,11980,4397,8197,86,160,369,804,599,1540,820,2454,1238,2032,878,809,3860,5576,4043,7585,43874,31481,5857,1357,24462,9,6,3,1
2021-03-27T23:59:59+01:00,0,2,662,849,1274,2176,1745,3633,2792,6693,4093,6566,4011,4098,9357,11733,4384,8178,86,160,367,802,597,1538,818,2451,1230,2026,874,805,3682,5286,3942,7416,41932,30708,5853,1357,24452,9,6,3,1
2021-03-26T23:59:59+01:00,0,2,656,841,1266,2166,1725,3616,2766,6671,4017,6488,3606,3734,8760,11175,4371,8164,86,160,366,801,596,1535,814,2448,1221,2022,861,792,2965,4347,3733,7073,40001,28448,5840,1357,24175,9,6,2,1
2021-03-25T23:59:59+01:00,0,2,649,836,1253,2152,1706,3592,2707,6632,3934,6410,3431,3516,8650,11064,4366,8158,86,160,366,801,596,1535,814,2447,1220,2022,861,792,2964,4346,3732,7072,39988,28442,5733,1357,23329,9,6,2,1
2021-03-24T23:59:59+01:00,0,2,643,829,1220,2126,1661,3547,2629,6564,3778,6260,3113,3154,8243,10514,4357,8146,82,158,354,788,579,1517,781,2413,1170,1990,828,755,2955,4340,3732,7069,39966,28141,4976,1356,21836,8,6,2,1
2021-03-23T23:59:59+01:00,0,2,630,821,1195,2094,1619,3500,2549,6483,3629,6106,2734,2769,8027,10295,4350,8129,77,154,342,766,544,1486,720,2350,1068,1909,745,695,2919,4306,3728,7065,39924,27511,4686,1349,20314,8,6,2,1
2021-03-22T23:59:59+01:00,0,2,606,708,1159,2039,1586,3445,2496,6413,3489,5975,2492,2531,7697,9940,4334,8093,77,153,342,766,544,1484,719,2349,1065,1909,744,692,2915,4301,3727,7062,39456,27486,4362,1349,19179,8,6,2,1
2021-03-21T23:59:59+01:00,0,2,605,705,1153,2031,1575,3435,2479,6398,3452,5941,2350,2367,7604,9828,4326,8079,77,153,342,765,544,1484,719,2349,1065,1909,744,692,2915,4300,3727,7062,39452,27484,4348,1349,18522,8,6,2,1
2021-03-20T23:59:59+01:00,0,2,604,705,1151,2025,1568,3428,2473,6391,3435,5919,2318,2329,7114,9310,4310,8063,77,153,342,765,543,1484,717,2348,1065,1908,744,692,2915,4298,3725,7060,38413,27473,4336,1349,18388,8,6,2,1
2021-03-19T23:59:59+01:00,0,2,597,698,1137,2009,1533,3404,2403,6252,3372,5811,2135,2147,6806,8992,4291,8038,77,153,341,759,539,1481,712,2340,1054,1895,735,685,2492,3696,3311,6314,37809,25227,4320,1349,17490,2,6,2,1
2021-03-18T23:59:59+01:00,0,2,582,682,1117,1979,1506,3374,2363,6184,3299,5722,1983,1951,6688,8873,4285,8027,76,153,341,757,538,1481,711,2336,1051,1894,728,682,2442,3624,3284,6272,37789,25035,4309,1327,16511,2,6,2,1
2021-03-17T23:59:59+01:00,0,1,552,656,1072,1923,1469,3290,2285,6067,3147,5567,1727,1685,6522,8720,4275,8012,75,149,329,730,522,1437,689,2278,1013,1853,711,663,2203,3331,3203,6148,37717,24071,3786,1255,15460,2,6,1,1
2021-03-16T23:59:59+01:00,0,1,508,627,1032,1867,1418,3186,2220,5913,3031,5433,1531,1463,6388,8573,4265,7991,69,136,308,674,492,1360,660,2143,984,1725,662,613,2092,3197,3180,6064,37662,23328,3167,1024,14612,2,5,1,1
2021-03-15T23:59:59+01:00,0,1,496,616,1001,1821,1384,3118,2189,5828,2944,5349,1407,1328,5809,7887,4226,7928,66,129,293,616,477,1240,622,2013,944,1612,634,593,2055,3158,3167,6005,36429,22932,2812,690,14090,2,0,1,1
2021-03-14T23:59:59+01:00,0,1,491,610,991,1809,1381,3101,2173,5810,2910,5322,1364,1278,5417,7440,4203,7910,65,124,289,593,471,1213,616,1957,934,1587,634,593,2055,3158,3166,6003,35614,22926,2807,530,13789,2,0,1,1
2021-03-13T23:59:59+01:00,0,1,470,592,954,1762,1328,3037,1917,5221,2670,4910,1259,1165,4768,6593,4154,7835,65,124,288,590,469,1211,614,1955,933,1583,632,588,1694,2678,2643,5249,33946,20784,2803,530,11886,2,0,1,1
2021-03-12T23:59:59+01:00,0,1,454,571,934,1721,1298,2956,1713,4433,2463,4461,1189,1082,4072,5793,4107,7753,65,122,287,586,469,1208,612,1947,928,1577,629,581,1374,2140,2109,4455,32274,18558,2800,530,9926,1,0,1,1
2021-03-11T23:59:59+01:00,0,1,450,564,926,1710,1283,2939,1688,4399,2427,4425,1115,1027,4030,5757,4104,7749,65,114,281,564,455,1156,603,1898,909,1541,617,568,1368,2123,2100,4406,32242,18309,2706,458,9645,1,0,1,1
2021-03-10T23:59:59+01:00,0,1,429,553,881,1652,1229,2862,1615,4302,2361,4332,1082,1004,4014,5742,4103,7747,65,114,279,560,452,1149,598,1875,909,1536,611,560,1307,2037,2057,4350,32227,18025,2141,433,9540,1,0,1,1
2021-03-09T23:59:59+01:00,0,1,407,537,833,1602,1188,2799,1574,4219,2318,4279,1061,993,4008,5735,4102,7746,63,113,278,559,451,1138,596,1863,903,1531,609,554,1102,1728,1942,4178,32181,17201,1692,406,9528,1,0,1,1
2021-03-08T23:59:59+01:00,0,1,400,526,823,1588,1179,2783,1566,4194,2307,4266,1048,983,3971,5688,4100,7741,62,113,274,554,447,1132,595,1859,899,1529,609,554,1033,1637,1897,4135,32054,16946,1596,382,9513,1,0,1,1
2021-03-07T23:59:59+01:00,0,1,399,523,823,1587,1177,2781,1562,4188,2297,4261,1042,975,3965,5682,4099,7740,59,110,265,532,435,1106,580,1759,864,1454,608,554,929,1508,1847,4067,32038,16588,1557,89,9506,0,0,1,1
2021-03-06T23:59:59+01:00,0,1,391,507,804,1554,1154,2723,1521,4121,2104,3765,1013,938,3792,5411,4002,7579,59,110,265,532,435,1105,580,1759,864,1454,608,554,926,1507,1844,4066,31332,16579,1557,89,8490,0,0,1,1
2021-03-05T23:59:59+01:00,0,1,376,467,771,1450,1104,2506,1446,3908,1891,3095,983,893,3047,4452,3798,7240,59,109,264,529,432,1099,579,1754,860,1451,605,552,887,1448,1821,4028,29036,16388,1556,89,6835,0,0,1,1
2021-03-04T23:59:59+01:00,0,1,361,459,764,1430,1091,2483,1427,3879,1868,3076,970,889,3043,4448,3795,7238,59,108,261,526,428,1083,569,1732,859,1443,603,550,850,1394,1798,3993,29023,16230,1518,26,6680,0,0,1,1
2021-03-03T23:59:59+01:00,0,1,350,427,745,1379,1060,2400,1377,3725,1790,2979,937,845,3033,4442,3795,7235,58,107,258,524,427,1079,567,1723,856,1439,603,549,830,1341,1713,3848,28710,15898,1518,24,6291,0,0,1,1
2021-03-02T23:59:59+01:00,0,1,344,418,729,1355,1012,2355,1308,3641,1674,2883,849,779,2991,4405,3789,7230,58,107,257,520,426,1071,567,1717,856,1435,602,549,830,1341,1713,3848,28073,15873,1455,24,6234,0,0,1,1
2021-03-01T23:59:59+01:00,0,1,340,404,722,1308,999,2297,1288,3559,1648,2834,831,770,2983,4395,3789,7230,58,106,256,516,421,1057,563,1704,847,1427,601,547,734,1189,1659,3768,28033,15429,1406,24,5958,0,0,1,1
2021-02-28T23:59:59+01:00,0,1,335,391,714,1269,986,2221,1276,3472,1626,2755,827,760,2981,4391,3788,7228,58,106,256,516,421,1056,563,1704,845,1427,601,546,637,1065,1613,3688,28022,15079,1403,23,5595,0,0,1,1
2021-02-27T23:59:59+01:00,0,1,326,371,700,1244,966,2184,1241,3403,1603,2702,810,745,2978,4391,3787,7228,58,106,256,516,421,1056,562,1704,844,1427,601,546,637,1064,1613,3688,28020,15076,1403,23,5256,0,0,1,1
2021-02-26T23:59:59+01:00,0,1,301,318,652,1179,902,2066,1151,3237,1499,2563,781,722,2549,3786,3370,6462,58,106,253,514,421,1054,560,1702,841,1421,597,544,630,1052,1604,3669,25757,15003,1403,23,4378,0,0,1,1
2021-02-25T23:59:59+01:00,0,1,296,305,639,1147,881,2024,1132,3171,1481,2518,778,719,2503,3713,3340,6418,56,104,249,506,421,1050,555,1692,838,1410,591,539,553,942,1560,3613,25537,14658,1403,21,4125,0,0,1,1
2021-02-24T23:59:59+01:00,0,1,277,295,588,1101,834,1957,1074,3076,1437,2460,761,700,2264,3411,3258,6288,55,100,245,499,415,1032,546,1670,835,1391,584,528,540,922,1549,3591,24555,14487,1403,15,3823,0,0,1,1
2021-02-23T23:59:59+01:00,0,1,264,275,560,1044,797,1880,1006,2927,1365,2358,710,650,2153,3276,3235,6198,55,98,243,493,415,1016,536,1638,828,1369,575,522,525,875,1538,3547,23767,14258,1398,15,3533,0,0,1,1
2021-02-22T23:59:59+01:00,0,1,260,269,548,982,777,1804,981,2833,1329,2298,687,630,2126,3241,3227,6141,55,97,237,487,413,1003,527,1622,824,1344,561,510,507,850,1532,3497,23378,14051,1398,15,3357,0,0,1,1
2021-02-21T23:59:59+01:00,0,1,257,261,539,957,764,1767,973,2785,1299,2272,687,628,2124,3241,3226,6140,55,97,236,487,413,1003,527,1622,824,1343,561,509,507,850,1532,3496,23372,14047,1398,15,3150,0,0,1,1
2021-02-20T23:59:59+01:00,0,1,173,230,468,908,696,1690,903,2696,1214,2173,672,613,1756,2727,2677,5346,55,97,236,487,413,1003,527,1621,824,1343,561,509,507,850,1532,3496,21122,14046,1398,15,2422,0,0,1,1
2021-02-19T23:59:59+01:00,0,1,82,167,357,827,570,1557,770,2547,1078,2021,656,592,1454,2215,2142,4557,55,97,236,487,413,1002,527,1621,824,1342,561,509,500,847,1531,3490,18941,14028,1398,14,1253,0,0,1,1
2021-02-18T23:59:59+01:00,0,1,79,162,345,777,549,1468,737,2407,1045,1954,641,582,1445,2197,2133,4508,52,90,231,465,399,937,512,1541,805,1268,547,495,494,829,1530,3473,18704,13654,1373,14,952,0,0,1,1
2021-02-17T23:59:59+01:00,0,1,78,154,331,754,540,1435,708,2314,1009,1855,635,572,1387,2110,2087,4459,52,87,229,456,391,899,501,1476,786,1186,534,483,492,827,1530,3473,18446,13388,1300,14,682,0,0,1,1
2021-02-16T23:59:59+01:00,0,1,73,148,316,715,512,1362,676,2206,984,1750,625,565,1143,1766,1969,4282,51,78,228,451,385,869,488,1411,760,1119,513,470,490,827,1527,3472,17540,13137,1062,2,490,0,0,1,1
2021-02-15T23:59:59+01:00,0,1,68,132,290,612,477,1221,621,1993,934,1591,616,563,1060,1660,1918,4220,51,78,226,446,381,863,487,1407,757,1112,513,470,489,824,1526,3469,17215,13099,724,0,37,0,0,1,1
2021-02-14T23:59:59+01:00,0,1,67,125,285,587,472,1192,610,1939,920,1569,616,563,963,1537,1873,4164,51,78,226,446,381,863,487,1405,757,1112,513,470,489,824,1526,3469,16891,13097,569,0,22,0,0,1,1
2021-02-13T23:59:59+01:00,0,1,67,124,285,586,471,1188,609,1937,918,1566,615,562,962,1528,1869,4161,51,78,226,445,379,858,486,1400,755,1111,511,468,472,786,1271,3011,16857,12308,569,0,22,0,0,1,1
2021-02-12T23:59:59+01:00,0,1,66,124,284,585,467,1184,609,1934,915,1565,612,561,923,1477,1849,4121,51,78,226,441,376,849,481,1391,749,1105,504,460,454,747,925,2319,16688,11156,569,0,19,0,0,1,1
2021-02-11T23:59:59+01:00,0,1,66,117,281,574,454,1157,603,1908,908,1553,611,560,881,1419,1827,4084,51,75,211,411,362,802,465,1318,734,1073,501,459,454,747,924,2318,16512,10906,486,0,5,0,0,1,0
2021-02-10T23:59:59+01:00,0,1,65,117,277,571,452,1152,599,1892,903,1549,611,560,872,1403,1806,4040,50,65,177,334,308,699,415,1146,655,979,466,447,449,746,924,2317,16410,10178,458,0,1,0,0,1,0
2021-02-09T23:59:59+01:00,0,1,63,115,271,568,449,1139,598,1878,897,1543,610,559,860,1368,1741,3937,42,53,124,256,232,548,334,944,553,825,431,436,445,745,922,2317,16166,9208,430,0,0,0,0,1,0
2021-02-08T23:59:59+01:00,0,1,62,115,268,559,446,1132,597,1863,891,1535,609,557,759,1218,1687,3855,38,43,86,166,169,410,268,706,492,690,423,429,441,742,921,2317,15748,8342,405,0,0,0,0,1,0
2021-02-07T23:59:59+01:00,0,1,59,112,259,536,431,1101,581,1760,856,1456,608,556,656,1091,1640,3772,37,42,82,164,166,403,263,693,487,679,421,428,441,742,921,2316,15378,8286,96,0,0,0,0,1,0
2021-02-06T23:59:59+01:00,0,1,59,112,258,536,431,1101,579,1759,854,1453,605,554,654,1082,1634,3765,34,41,81,161,163,393,259,685,476,671,413,427,405,694,687,1935,15340,7526,96,0,0,0,0,1,0
2021-02-05T23:59:59+01:00,0,1,59,112,256,533,431,1099,578,1758,852,1451,603,554,644,1075,1628,3754,32,39,77,155,158,385,251,666,459,661,407,427,399,669,299,1313,15291,6398,96,0,0,0,0,1,0
2021-02-04T23:59:59+01:00,0,1,57,110,251,526,425,1083,562,1731,848,1437,596,545,560,958,1580,3696,31,36,73,150,152,374,237,645,442,647,402,421,394,662,297,1308,14937,6272,28,0,0,0,0,1,0
2021-02-03T23:59:59+01:00,0,1,56,105,247,519,424,1063,559,1716,846,1422,592,535,550,948,1577,3683,24,28,59,118,119,275,173,505,333,497,300,321,319,521,226,1047,14816,4866,26,0,0,0,0,1,0
2021-02-02T23:59:59+01:00,0,1,56,103,244,513,424,1045,547,1683,838,1398,579,526,539,903,1568,3639,17,21,40,77,83,181,121,341,218,358,211,215,203,327,162,693,14579,3269,26,0,0,0,0,1,0
2021-02-01T23:59:59+01:00,0,1,56,101,240,505,422,1029,539,1662,834,1375,571,520,522,874,1560,3595,7,11,20,40,45,93,64,168,94,161,99,98,85,152,70,307,14379,1514,26,0,0,0,0,1,0
2021-01-31T23:59:59+01:00,0,1,56,101,239,504,420,1025,537,1657,831,1372,571,519,522,874,1560,3594,7,11,18,36,40,79,60,142,81,146,95,98,84,151,68,306,14357,1422,25,0,0,0,0,1,0
2021-01-30T23:59:59+01:00,0,1,56,101,239,504,420,1025,537,1657,831,1372,571,519,522,874,1560,3594,7,11,18,36,40,79,60,142,81,146,95,97,84,151,68,306,14357,1421,25,0,0,0,0,1,0
2021-01-29T23:59:59+01:00,0,1,56,101,239,504,420,1025,537,1657,831,1372,571,519,522,874,1560,3594,7,11,18,36,40,79,60,142,81,146,95,97,84,151,68,306,14357,1421,25,0,0,0,0,1,0
2021-01-28T23:59:59+01:00,0,1,54,93,235,476,408,959,519,1571,809,1290,558,504,516,857,1558,3580,3,2,4,6,11,13,19,34,21,31,16,20,19,33,17,91,13968,340,19,0,0,0,0,1,0
2021-01-27T23:59:59+01:00,0,1,52,89,235,466,400,920,509,1505,789,1207,546,491,514,855,1558,3580,3,2,4,6,9,13,19,33,21,30,16,20,19,33,17,91,13699,336,17,0,0,0,0,1,0
2021-01-26T23:59:59+01:00,0,1,51,83,231,463,393,891,498,1437,764,1140,524,478,512,855,1558,3580,1,2,4,6,9,12,17,29,17,25,14,18,17,31,17,84,13442,303,16,0,0,0,0,1,0
2021-01-25T23:59:59+01:00,0,1,51,83,228,458,390,885,498,1434,762,1135,524,478,512,854,1558,3578,0,0,0,0,0,0,0,0,0,0,1,1,0,2,0,0,13413,4,15,0,0,0,0,1,0
2021-01-24T23:59:59+01:00,0,1,51,83,228,458,390,885,498,1433,762,1135,524,478,512,854,1558,3578,0,0,0,0,0,0,0,0,0,0,1,1,0,2,0,0,13412,4,15,0,0,0,0,1,0
2021-01-23T23:59:59+01:00,0,1,51,83,228,457,389,881,498,1427,761,1133,521,476,495,816,1305,3110,0,0,0,0,0,0,0,0,0,0,1,1,0,2,0,0,12616,4,15,0,0,0,0,1,0
2021-01-22T23:59:59+01:00,0,1,51,83,227,453,385,871,493,1417,756,1125,515,468,478,775,947,2395,0,0,0,0,0,0,0,0,0,0,1,1,0,2,0,0,11425,4,15,0,0,0,0,0,0
2021-01-21T23:59:59+01:00,0,1,51,80,209,420,358,815,466,1318,730,1091,511,468,478,775,946,2394,0,0,0,0,0,0,0,0,0,0,1,1,0,2,0,0,11096,4,15,0,0,0,0,0,0
2021-01-20T23:59:59+01:00,0,1,49,70,181,349,317,730,424,1164,660,1000,475,457,473,775,946,2393,0,0,0,0,0,0,0,0,0,0,1,1,0,2,0,0,10449,4,15,0,0,0,0,0,0
2021-01-19T23:59:59+01:00,0,1,43,57,135,272,244,571,347,982,570,860,440,445,469,773,946,2393,0,0,0,0,0,0,0,0,0,0,1,0,0,2,0,0,9541,3,7,0,0,0,0,0,0
2021-01-18T23:59:59+01:00,0,1,39,44,86,173,175,421,278,719,499,703,431,438,466,768,944,2393,0,0,0,0,0,0,0,0,0,0,0,0,0,1,0,0,8578,1,0,0,0,0,0,0,0
2021-01-17T23:59:59+01:00,0,1,37,43,83,169,171,413,274,708,494,690,429,438,466,768,944,2392,0,0,0,0,0,0,0,0,0,0,0,0,0,0,0,0,8520,0,0,0,0,0,0,0,0
2021-01-16T23:59:59+01:00,0,1,34,42,81,167,167,404,267,701,479,682,421,437,427,721,704,2007,0,0,0,0,0,0,0,0,0,0,0,0,0,0,0,0,7742,0,0,0,0,0,0,0,0
2021-01-15T23:59:59+01:00,0,1,32,40,78,160,164,398,260,684,465,674,415,436,422,697,310,1376,0,0,0,0,0,0,0,0,0,0,0,0,0,0,0,0,6612,0,0,0,0,0,0,0,0
2021-01-14T23:59:59+01:00,0,1,32,38,77,156,159,393,252,675,454,666,412,434,422,696,310,1376,0,0,0,0,0,0,0,0,0,0,0,0,0,0,0,0,6553,0,0,0,0,0,0,0,0
2021-01-13T23:59:59+01:00,0,0,24,31,61,123,124,298,192,541,346,523,315,333,348,551,239,1107,0,0,0,0,0,0,0,0,0,0,0,0,0,0,0,0,5156,0,0,0,0,0,0,0,0
2021-01-12T23:59:59+01:00,0,0,17,24,45,85,89,210,139,391,236,387,225,227,227,355,173,750,0,0,0,0,0,0,0,0,0,0,0,0,0,0,0,0,3580,0,0,0,0,0,0,0,0
2021-01-11T23:59:59+01:00,0,0,9,15,26,44,59,134,88,220,124,205,112,107,99,172,80,333,0,0,0,0,0,0,0,0,0,0,0,0,0,0,0,0,1827,0,0,0,0,0,0,0,0
2021-01-10T23:59:59+01:00,0,0,8,15,22,41,52,106,80,179,105,172,106,104,95,170,77,333,0,0,0,0,0,0,0,0,0,0,0,0,0,0,0,0,1665,0,0,0,0,0,0,0,0
2021-01-09T23:59:59+01:00,0,0,8,15,22,41,52,106,80,179,105,172,106,103,95,170,77,333,0,0,0,0,0,0,0,0,0,0,0,0,0,0,0,0,1664,0,0,0,0,0,0,0,0
2021-01-08T23:59:59+01:00,0,0,8,14,21,40,50,100,75,168,99,169,103,99,90,161,75,325,0,0,0,0,0,0,0,0,0,0,0,0,0,0,0,0,1597,0,0,0,0,0,0,0,0
2021-01-07T23:59:59+01:00,0,0,3,3,4,7,11,14,20,34,23,34,17,20,20,34,19,95,0,0,0,0,0,0,0,0,0,0,0,0,0,0,0,0,358,0,0,0,0,0,0,0,0
2021-01-06T23:59:59+01:00,0,0,3,2,4,6,9,13,20,33,21,31,17,20,20,34,19,94,0,0,0,0,0,0,0,0,0,0,0,0,0,0,0,0,346,0,0,0,0,0,0,0,0
2021-01-05T23:59:59+01:00,0,0,3,2,4,6,9,13,20,33,21,31,17,20,20,34,19,94,0,0,0,0,0,0,0,0,0,0,0,0,0,0,0,0,346,0,0,0,0,0,0,0,0
2021-01-04T23:59:59+01:00,0,0,0,0,0,0,0,0,1,0,0,0,1,1,0,2,0,0,0,0,0,0,0,0,0,0,0,0,0,0,0,0,0,0,5,0,0,0,0,0,0,0,0
2021-01-03T23:59:59+01:00,0,0,0,0,0,0,0,0,1,0,0,0,1,1,0,2,0,0,0,0,0,0,0,0,0,0,0,0,0,0,0,0,0,0,5,0,0,0,0,0,0,0,0
2021-01-02T23:59:59+01:00,0,0,0,0,0,0,0,0,1,0,0,0,1,1,0,2,0,0,0,0,0,0,0,0,0,0,0,0,0,0,0,0,0,0,5,0,0,0,0,0,0,0,0
2021-01-01T23:59:59+01:00,0,0,0,0,0,0,0,0,1,0,0,0,1,1,0,2,0,0,0,0,0,0,0,0,0,0,0,0,0,0,0,0,0,0,5,0,0,0,0,0,0,0,0
2020-12-31T23:59:59+01:00,0,0,0,0,0,0,0,0,1,0,0,0,1,1,0,2,0,0,0,0,0,0,0,0,0,0,0,0,0,0,0,0,0,0,5,0,0,0,0,0,0,0,0
2020-12-30T23:59:59+01:00,0,0,0,0,0,0,0,0,1,0,0,0,1,1,0,2,0,0,0,0,0,0,0,0,0,0,0,0,0,0,0,0,0,0,5,0,0,0,0,0,0,0,0
2020-12-29T23:59:59+01:00,0,0,0,0,0,0,0,0,1,0,0,0,1,0,0,2,0,0,0,0,0,0,0,0,0,0,0,0,0,0,0,0,0,0,4,0,0,0,0,0,0,0,0
2020-12-28T23:59:59+01:00,0,0,0,0,0,0,0,0,0,0,0,0,1,0,0,1,0,0,0,0,0,0,0,0,0,0,0,0,0,0,0,0,0,0,2,0,0,0,0,0,0,0,0
2020-12-27T23:59:59+01:00,0,0,0,0,0,0,0,0,0,0,0,0,0,0,0,0,0,0,0,0,0,0,0,0,0,0,0,0,0,0,0,0,0,0,0,0,0,0,0,0,0,0,0
