Datum,<15_m,<15_w,15-24_1_m,15-24_1_w,25-34_1_m,25-34_1_w,35-44_1_m,35-44_1_w,45-54_1_m,45-54_1_w,55-64_1_m,55-64_1_w,65-74_1_m,65-74_1_w,75-84_1_m,75-84_1_w,>84_1_m,>84_1_w,<24_2_m,<24_2_w,25-34_2_m,25-34_2_w,35-44_2_m,35-44_2_w,45-54_2_m,45-54_2_w,55-64_2_m,55-64_2_w,65-74_2_m,65-74_2_w,75-84_2_m,75-84_2_w,>84_2_m,>84_2_w,bp_1,bp_2,mo_1,mo_2,az_1,az_2,ja,unb_1,unb_2
2021-07-30T23:59:59+02:00,827,742,11492,10951,15287,14300,18672,19155,25308,26654,32023,33188,24729,27650,16977,21708,5022,9521,7604,7112,11294,10788,15695,16193,23010,24268,29769,30881,23539,26311,16337,20810,4856,9059,226857,194464,30614,28962,46318,44243,10182,235,91
2021-07-29T23:59:59+02:00,815,734,11456,10910,15253,14281,18636,19132,25273,26622,31973,33161,24714,27632,16966,21692,5022,9519,7236,6808,10635,10277,15184,15787,22836,24125,29626,30775,23487,26261,16309,20785,4853,9056,226575,191050,30613,28954,46318,44159,10050,235,91
2021-07-28T23:59:59+02:00,797,722,11409,10858,15229,14252,18606,19106,25247,26595,31948,33137,24701,27614,16961,21680,5021,9515,7072,6654,10490,10161,15077,15654,22745,24031,29529,30680,23444,26206,16292,20756,4852,9046,226260,189832,30612,28952,46313,44052,9978,235,91
2021-07-27T23:59:59+02:00,788,713,11366,10822,15189,14212,18566,19080,25219,26569,31912,33115,24685,27590,16955,21669,5020,9507,6852,6446,10334,10044,14934,15522,22643,23925,29421,30567,23393,26142,16276,20730,4850,9035,225953,188695,30612,28627,46312,44019,9865,235,91
2021-07-26T23:59:59+02:00,777,701,11318,10778,15168,14193,18552,19055,25194,26540,31880,33089,24670,27569,16943,21658,5019,9504,6737,6370,10243,9970,14869,15446,22566,23866,29356,30493,23360,26099,16264,20713,4846,9029,225667,187914,30610,28626,46311,43978,9785,235,91
2021-07-25T23:59:59+02:00,766,691,11290,10751,15149,14167,18532,19031,25167,26517,31861,33071,24654,27558,16939,21649,5018,9502,6662,6290,10177,9906,14796,15386,22511,23813,29301,30455,23330,26077,16253,20699,4846,9025,225474,187330,30609,28622,46310,43948,9685,235,91
2021-07-24T23:59:59+02:00,742,670,11212,10668,15111,14140,18509,19009,25147,26503,31848,33058,24654,27554,16936,21647,5018,9502,6265,5932,10035,9792,14427,15107,22289,23657,29186,30372,23294,26039,16236,20682,4843,9021,225097,184989,30608,28621,46310,43946,9678,235,91
2021-07-23T23:59:59+02:00,716,648,11145,10587,15084,14107,18480,18994,25125,26484,31832,33041,24643,27549,16934,21647,5018,9499,5897,5622,9915,9686,14080,14845,22095,23486,29066,30255,23242,25971,16225,20661,4839,9014,224717,182730,30607,28621,46310,43935,9664,235,91
2021-07-22T23:59:59+02:00,675,608,10995,10426,14987,14020,18394,18946,25044,26430,31760,32977,24608,27508,16919,21629,5014,9494,5579,5326,9647,9476,13499,14373,21778,23227,28837,30028,23144,25874,16182,20624,4835,9011,223778,179433,30605,28611,46309,43917,9507,235,91
2021-07-21T23:59:59+02:00,655,584,10931,10372,14954,13993,18355,18910,25008,26401,31722,32930,24584,27477,16904,21618,5012,9489,4964,4861,9209,9227,13122,14145,21549,23074,28651,29880,23079,25798,16157,20601,4833,9008,223366,177684,30598,27344,46308,43750,9392,235,91
2021-07-20T23:59:59+02:00,637,567,10873,10318,14928,13959,18320,18883,24978,26370,31687,32898,24564,27456,16899,21604,5009,9482,4820,4750,9057,9095,12961,14013,21436,22953,28522,29757,23000,25695,16135,20562,4826,9002,222996,176349,30598,27332,46306,43603,9297,235,91
2021-07-19T23:59:59+02:00,624,555,10836,10287,14899,13939,18301,18876,24953,26345,31654,32870,24547,27433,16893,21593,5007,9479,4741,4680,8961,9021,12849,13918,21341,22847,28423,29637,22944,25638,16110,20533,4821,8996,222761,175417,30598,27324,46297,43507,9200,235,91
2021-07-18T23:59:59+02:00,610,546,10783,10236,14864,13918,18276,18859,24933,26328,31631,32852,24538,27423,16887,21584,5007,9475,4634,4577,8827,8900,12723,13780,21255,22756,28352,29560,22916,25609,16101,20520,4818,8995,222489,174412,30598,27310,46297,43454,9131,235,91
2021-07-17T23:59:59+02:00,538,476,10499,9941,14754,13820,18188,18782,24828,26254,31526,32803,24506,27389,16875,21564,5005,9474,4590,4536,8775,8829,12490,13590,20838,22421,28224,29430,22879,25557,16092,20505,4817,8992,220962,172655,30598,27310,46297,43452,9130,235,91
2021-07-16T23:59:59+02:00,509,440,10367,9823,14696,13780,18134,18731,24797,26221,31506,32781,24497,27374,16872,21557,5005,9471,4542,4494,8700,8789,12116,13313,20297,22028,28092,29338,22830,25520,16083,20500,4815,8990,220313,170557,30597,27308,46297,43445,9119,235,91
2021-07-15T23:59:59+02:00,479,402,10229,9719,14630,13730,18077,18663,24747,26173,31455,32729,24472,27338,16854,21541,4998,9467,4331,4357,8376,8583,11598,12912,19195,21185,27677,28996,22660,25351,16018,20427,4805,8974,219590,165874,30596,27295,46296,43249,8986,235,91
2021-07-14T23:59:59+02:00,458,389,10201,9694,14596,13710,18048,18627,24711,26132,31405,32676,24443,27310,16843,21524,4997,9465,4209,4209,8122,8416,11369,12768,19017,21075,27533,28871,22595,25273,15984,20389,4802,8965,219227,164323,30596,27277,46296,43077,8875,235,91
2021-07-13T23:59:59+02:00,434,375,10152,9642,14567,13683,18026,18594,24676,26111,31371,32637,24427,27280,16832,21513,4996,9463,4115,4114,7947,8258,11169,12578,18884,20939,27380,28710,22498,25189,15949,20336,4798,8954,218833,162875,30596,27256,46295,42820,8820,235,91
2021-07-12T23:59:59+02:00,421,354,10109,9593,14542,13665,17995,18564,24642,26071,31337,32594,24402,27258,16817,21508,4993,9460,4008,4016,7780,8136,11012,12443,18771,20819,27258,28591,22424,25128,15922,20310,4797,8949,218471,161719,30595,27235,46295,42630,8729,235,91
2021-07-11T23:59:59+02:00,413,336,10080,9565,14525,13645,17978,18554,24622,26063,31316,32576,24390,27248,16815,21506,4993,9458,3939,3943,7661,8037,10865,12315,18648,20719,27157,28479,22382,25080,15901,20285,4795,8946,218281,160757,30595,27230,46294,42431,8678,235,91
2021-07-10T23:59:59+02:00,387,313,9971,9460,14470,13606,17932,18531,24598,26043,31297,32560,24382,27239,16811,21502,4991,9456,3906,3918,7600,7997,10830,12286,18619,20695,27128,28457,22375,25065,15897,20280,4795,8946,217760,160457,30594,27229,46291,42383,8669,235,91
2021-07-09T23:59:59+02:00,328,266,9709,9251,14366,13526,17856,18461,24512,25990,31248,32499,24359,27209,16798,21484,4991,9450,3839,3878,7467,7907,10613,12141,18395,20557,26714,28138,22191,24873,15842,20220,4792,8939,216540,158323,30594,27226,46290,42255,8644,235,91
2021-07-08T23:59:59+02:00,249,199,9517,9110,14265,13450,17762,18391,24452,25940,31166,32443,24332,27178,16785,21466,4987,9445,3684,3753,7159,7718,10260,11913,18051,20275,26409,27881,22019,24715,15774,20147,4785,8923,215450,155952,30591,27181,46277,41686,8584,235,91
2021-07-07T23:59:59+02:00,211,170,9416,9006,14214,13418,17718,18349,24402,25900,31125,32403,24308,27148,16774,21448,4987,9437,3489,3624,6830,7495,9315,11187,17471,19846,26009,27574,21786,24414,15697,20051,4771,8909,214827,153354,30588,25438,46274,41097,8510,235,91
2021-07-06T23:59:59+02:00,189,158,9338,8949,14164,13390,17682,18307,24362,25861,31064,32358,24272,27120,16759,21431,4985,9435,3375,3549,6631,7373,9044,11024,17228,19666,25734,27319,21631,24212,15616,19947,4759,8894,214270,151432,30571,25428,46271,40595,8477,235,91
2021-07-05T23:59:59+02:00,177,143,9251,8868,14125,13348,17649,18257,24326,25831,31019,32307,24248,27098,16751,21417,4984,9433,3324,3514,6503,7294,8895,10903,17087,19528,25564,27164,21488,24045,15567,19895,4748,8884,213729,150374,30571,25419,46268,40110,8429,235,91
2021-07-04T23:59:59+02:00,162,136,9197,8818,14094,13336,17626,18239,24301,25812,30998,32282,24233,27084,16745,21409,4983,9430,3272,3472,6440,7254,8808,10832,17002,19443,25435,27055,21364,23917,15526,19844,4746,8877,213462,149718,30570,25410,46253,39720,8365,235,91
2021-07-03T23:59:59+02:00,159,133,8686,8321,13936,13216,17525,18122,24207,25754,30933,32233,24212,27062,16733,21397,4981,9427,3212,3393,6322,7135,8640,10691,16788,19261,25047,26747,21249,23781,15496,19804,4742,8871,211630,147680,30570,25410,46253,39665,8349,235,91
2021-07-02T23:59:59+02:00,152,129,8117,7849,13792,13107,17433,18045,24138,25683,30873,32171,24174,27020,16727,21377,4979,9422,3101,3286,6052,6980,8383,10450,16419,18934,24576,26324,21021,23509,15426,19722,4736,8868,209788,144618,30570,25408,46249,39340,8346,235,90
2021-07-01T23:59:59+02:00,140,119,7989,7743,13709,13050,17364,17994,24069,25632,30821,32119,24146,26995,16717,21365,4978,9421,2913,3097,5707,6696,7949,10035,15833,18464,23817,25674,20537,23037,15299,19562,4724,8843,209003,140081,30566,25397,46245,38310,8322,235,90
2021-06-30T23:59:59+02:00,123,106,7843,7628,13641,13002,17311,17941,24019,25579,30763,32074,24116,26973,16703,21348,4978,9416,2817,3018,5554,6553,7725,9814,14876,17596,23206,25127,20180,22645,15166,19402,4710,8809,208449,138556,30392,23125,46241,37192,8247,235,90
2021-06-29T23:59:59+02:00,108,93,7776,7537,13598,12963,17272,17897,23967,25518,30714,32015,24095,26947,16693,21332,4975,9412,2758,2974,5426,6455,7571,9680,14708,17425,22965,24895,19922,22320,15067,19302,4698,8789,207832,137441,30390,23113,46238,36103,8217,235,90
2021-06-28T23:59:59+02:00,103,87,7712,7466,13534,12904,17226,17846,23926,25473,30658,31971,24078,26919,16686,21322,4973,9410,2729,2942,5358,6408,7478,9609,14611,17344,22815,24682,19718,22074,15012,19233,4694,8775,207300,136847,30388,23103,46230,35308,8141,235,90
2021-06-27T23:59:59+02:00,89,82,7663,7403,13504,12868,17197,17814,23907,25438,30631,31943,24066,26911,16679,21317,4973,9408,2706,2928,5307,6383,7407,9564,14515,17281,22720,24595,19591,21933,14981,19182,4690,8766,206948,136340,30388,23092,46224,34934,8098,235,90
2021-06-26T23:59:59+02:00,85,79,7161,6851,13112,12570,17085,17714,23844,25379,30595,31908,24058,26894,16675,21306,4972,9407,2605,2819,5121,6195,7208,9375,13971,16826,22062,23963,19444,21792,14936,19129,4688,8758,204794,132751,30388,23092,46224,34914,8098,191,42
2021-06-25T23:59:59+02:00,84,77,6676,6368,12661,12200,16926,17596,23754,25312,30514,31868,24036,26867,16670,21296,4970,9405,2502,2664,4947,6004,6950,9081,13441,16297,21510,23379,19247,21584,14878,19062,4684,8746,202397,129064,30388,23092,46224,34703,8080,191,42
2021-06-24T23:59:59+02:00,74,65,6454,6153,12438,12050,16820,17513,23682,25260,30456,31821,24002,26825,16666,21286,4968,9398,2294,2425,4576,5627,6451,8590,12722,15582,20360,22378,18784,21106,14774,18931,4672,8731,201132,123126,30386,23080,46217,33755,8005,191,42
2021-06-23T23:59:59+02:00,69,63,5880,5654,12275,11938,16701,17399,23609,25213,30393,31771,23968,26802,16659,21272,4964,9394,2257,2373,4513,5506,6360,8440,12490,15293,20117,22120,18485,20778,14677,18817,4661,8714,200622,122109,29048,22932,46208,32568,7955,191,42
2021-06-22T23:59:59+02:00,66,59,5738,5526,12176,11833,16615,17324,23551,25151,30326,31693,23942,26770,16649,21251,4960,9392,2204,2338,4418,5424,6237,8293,11622,14632,19706,21715,18153,20426,14569,18679,4651,8694,199691,121193,29041,21240,46193,31384,7906,191,42
2021-06-21T23:59:59+02:00,63,56,5602,5415,12102,11741,16554,17240,23497,25078,30276,31635,23918,26742,16636,21236,4960,9388,2171,2302,4360,5327,6150,8167,10841,13929,19257,21306,17927,20198,14509,18585,4642,8678,198877,120401,29037,19457,46188,30607,7846,191,42
2021-06-20T23:59:59+02:00,61,54,5485,5289,11939,11558,16489,17117,23446,25012,30234,31579,23902,26721,16630,21221,4955,9383,2153,2274,4319,5287,6080,8119,10737,13849,19144,21179,17770,20007,14443,18502,4638,8671,197868,119866,29033,19454,46182,30013,7801,191,42
2021-06-19T23:59:59+02:00,57,50,5467,5269,11176,10900,16014,16730,23386,24968,30190,31536,23884,26701,16622,21209,4955,9383,2083,2157,4114,5058,5803,7841,10413,13519,18097,20327,17603,19823,14410,18437,4633,8659,195291,115686,29033,19454,46182,29999,7800,191,42
2021-06-18T23:59:59+02:00,54,49,5433,5243,10536,10323,15406,16172,23296,24899,30121,31473,23856,26671,16611,21194,4954,9381,2014,2070,3971,4916,5525,7572,10034,13156,16952,19123,17402,19586,14362,18373,4630,8649,192473,111298,29027,19453,46182,29747,7799,191,42
2021-06-17T23:59:59+02:00,47,40,5314,5140,9856,9816,14917,15784,23197,24811,30040,31379,23816,26625,16597,21173,4953,9378,1885,1963,3715,4670,5137,7209,9492,12667,15768,17932,16943,19097,14221,18199,4617,8625,189970,106180,29025,19445,46179,28831,7656,53,32
2021-06-16T23:59:59+02:00,45,32,5180,5004,9659,9656,14770,15655,23105,24717,29943,31303,23772,26581,16582,21161,4952,9368,1845,1922,3611,4585,5035,7091,8465,11817,15495,17639,16648,18761,14086,18029,4611,8592,188796,105300,29014,17572,46176,27886,7446,53,32
2021-06-15T23:59:59+02:00,40,26,4993,4817,9478,9501,14635,15513,23012,24627,29866,31217,23729,26508,16556,21128,4944,9353,1783,1864,3534,4491,4942,6979,8349,11675,15317,17412,16330,18453,13945,17860,4588,8534,187478,104546,29011,17568,46156,26669,7245,53,32
2021-06-14T23:59:59+02:00,38,23,4917,4753,9385,9394,14557,15424,22943,24553,29796,31157,23697,26469,16541,21110,4941,9347,1760,1841,3497,4467,4901,6947,8250,11612,15179,17278,16150,18249,13855,17763,4583,8527,186737,104321,29007,17565,46150,25847,7098,53,32
2021-06-13T23:59:59+02:00,37,22,4859,4705,9299,9319,14473,15357,22882,24502,29729,31105,23671,26441,16532,21100,4941,9345,1710,1826,3455,4443,4847,6904,8179,11576,15080,17183,15994,18065,13801,17690,4576,8520,186156,104043,29001,17563,46135,25241,6974,53,32
2021-06-12T23:59:59+02:00,35,21,4840,4690,9271,9296,14238,15184,22753,24373,29686,31061,23651,26424,16523,21092,4940,9343,1585,1704,3217,4232,4443,6601,7633,11146,13305,15495,15642,17694,13721,17588,4574,8506,185261,97346,29001,17563,46135,25177,6972,52,32
2021-06-11T23:59:59+02:00,31,20,4786,4636,9190,9243,13920,14963,22557,24225,29590,30970,23613,26379,16505,21080,4939,9340,1482,1571,3033,4024,4144,6237,7125,10602,11674,13620,15167,17120,13607,17441,4559,8492,183900,90461,28998,17562,46135,24946,6902,52,31
2021-06-10T23:59:59+02:00,25,17,4502,4408,8645,8912,12647,13946,21990,23777,29218,30667,23476,26221,16452,21012,4926,9325,1359,1479,2798,3843,3815,5954,6693,10212,10263,12293,14654,16547,13437,17234,4544,8466,178574,85929,28983,17560,46129,23647,6428,52,31
2021-06-09T23:59:59+02:00,22,13,4267,4244,8052,8621,11749,13288,21671,23563,28988,30515,23413,26158,16433,20988,4923,9321,1271,1425,2644,3772,3673,5875,6488,10120,10001,12114,14333,16202,13267,17054,4537,8448,176473,85598,27712,17458,46123,22271,5870,51,31
2021-06-08T23:59:59+02:00,18,10,4137,4144,7650,8395,11263,12998,21445,23384,28788,30362,23354,26084,16401,20946,4917,9312,1193,1398,2508,3715,3515,5808,5593,9376,9532,11755,14002,15800,13043,16819,4523,8426,174721,85246,27341,15310,46099,21027,5396,51,31
2021-06-07T23:59:59+02:00,14,8,4018,4065,7418,8289,10974,12820,21243,23270,28635,30246,23296,26031,16384,20921,4913,9304,1144,1279,2387,3655,3385,5746,5430,9302,9327,11631,13781,15549,12891,16657,4517,8408,173506,85059,27331,15307,46090,19825,4871,51,31
2021-06-06T23:59:59+02:00,12,8,3900,4006,7180,8167,10725,12659,21057,23181,28549,30156,23265,25997,16372,20903,4910,9300,1124,1262,2323,3619,3289,5694,5324,9227,9211,11530,13624,15395,12819,16563,4514,8401,172356,84870,27314,15303,46080,19173,4546,51,31
2021-06-05T23:59:59+02:00,12,8,3872,3969,7142,8128,10548,12502,20433,22675,28388,30011,23215,25952,16358,20884,4910,9296,1092,1161,2159,3166,3057,5157,5154,8896,8432,10583,12976,14557,12706,16416,4503,8391,170325,79497,27314,15303,46078,19042,4536,50,31
2021-06-04T23:59:59+02:00,12,8,3842,3943,7106,8103,10451,12410,20072,22348,28284,29915,23180,25914,16344,20874,4908,9295,1060,1094,2061,2857,2897,4680,4997,8527,7918,9925,11478,12842,12582,16219,4496,8373,169050,73126,27301,15302,46078,19020,4530,50,31
2021-06-03T23:59:59+02:00,7,5,3708,3841,6887,7966,9895,11988,18846,21418,27885,29605,23046,25772,16291,20812,4904,9281,1007,1049,1973,2746,2761,4525,4793,8227,7557,9477,11101,12446,12476,16106,4493,8360,164296,71344,27291,15299,46074,17980,4446,50,31
2021-06-02T23:59:59+02:00,7,5,3701,3833,6875,7949,9885,11977,18658,21238,27814,29556,23023,25751,16285,20803,4901,9279,1003,1042,1961,2716,2740,4506,4582,8044,7021,8989,11064,12405,12461,16091,4489,8354,164231,71236,26746,13807,46074,17958,4439,50,31
2021-06-01T23:59:59+02:00,7,5,3574,3757,6638,7802,9597,11784,18203,20891,27577,29361,22929,25649,16244,20750,4898,9267,966,994,1877,2646,2660,4434,4303,7811,6425,8458,10852,12192,12363,15988,4484,8342,162545,70797,25966,12515,46060,17143,4312,50,31
2021-05-31T23:59:59+02:00,7,5,3527,3712,6549,7734,9461,11685,18077,20800,27487,29285,22862,25588,16227,20722,4893,9260,937,970,1810,2606,2580,4391,4197,7747,6307,8383,10666,12024,12262,15873,4474,8334,161706,70438,25935,12510,46047,16442,4143,50,31
2021-05-30T23:59:59+02:00,7,4,3496,3688,6485,7680,9371,11595,17989,20720,27410,29215,22817,25543,16205,20695,4888,9250,932,963,1799,2596,2567,4378,4168,7722,6255,8342,10605,11945,12228,15831,4469,8325,161008,70395,25930,12507,46030,16155,4040,50,31
2021-05-29T23:59:59+02:00,7,4,3485,3669,6449,7653,9327,11558,17951,20681,27265,29110,22762,25469,16190,20675,4885,9246,896,944,1742,2550,2494,4293,3979,7468,5983,8047,8416,9294,12037,15490,4454,8296,160350,64174,25930,12505,46016,15635,4040,50,31
2021-05-28T23:59:59+02:00,7,4,3422,3614,6318,7576,9187,11427,17794,20550,27084,28989,22696,25393,16169,20658,4884,9245,883,930,1723,2530,2458,4240,3828,7171,5789,7786,5730,6194,11760,15094,4439,8247,158996,57328,25928,12505,46012,14909,4031,50,31
2021-05-27T23:59:59+02:00,7,4,3275,3484,6035,7396,8586,11095,17318,20213,26671,28642,22529,25228,16111,20595,4877,9227,833,872,1641,2435,2341,4106,3405,6205,5366,7193,5570,6021,11682,15021,4433,8230,155525,56846,25870,12459,46005,12177,3843,50,31
2021-05-26T23:59:59+02:00,7,4,3168,3401,5816,7230,8214,10809,16852,19907,26370,28406,22381,25095,16060,20521,4864,9207,816,864,1589,2410,2288,4076,3332,6131,5269,7123,5438,5894,11617,14955,4428,8218,152821,56774,25854,12457,45983,11584,3604,50,31
2021-05-25T23:59:59+02:00,7,4,3077,3338,5674,7117,8017,10647,15851,19128,26017,28052,22223,24942,16008,20441,4857,9197,796,846,1553,2366,2217,4017,3257,6064,5185,7059,5272,5726,11509,14875,4420,8207,151269,56710,23930,12270,45969,10979,3381,48,31
2021-05-24T23:59:59+02:00,7,4,3014,3320,5586,7073,7899,10586,14938,18439,25602,27740,22129,24839,15977,20405,4850,9185,788,844,1531,2349,2173,3982,3212,6017,5108,6979,5173,5619,11430,14799,4419,8201,150544,56678,21862,12194,45960,10544,3179,48,31
2021-05-23T23:59:59+02:00,7,4,3011,3316,5577,7066,7890,10578,14933,18438,25601,27739,22129,24839,15977,20405,4850,9185,786,841,1524,2342,2161,3969,3193,6002,5087,6946,5129,5567,11413,14775,4418,8199,150516,56670,21862,12194,45958,10298,3161,48,31
2021-05-22T23:59:59+02:00,6,4,2975,3274,5504,7020,7790,10491,14735,18277,25322,27497,22030,24753,15944,20362,4847,9181,764,820,1481,2290,2110,3890,3080,5882,4775,6380,4559,4825,10768,13954,4408,8160,148983,53426,21862,12194,45958,9336,3161,48,31
2021-05-21T23:59:59+02:00,4,4,2903,3199,5378,6924,7664,10345,14478,18047,25029,27262,21916,24645,15911,20313,4842,9172,733,767,1413,2162,2008,3624,2898,5549,4298,5481,4148,4289,10027,13015,4343,8034,147049,49697,21861,12194,45953,7738,3131,42,31
2021-05-20T23:59:59+02:00,4,4,2772,3036,5100,6669,7378,9978,14019,17564,24418,26714,21646,24350,15818,20194,4828,9142,719,757,1386,2137,1969,3591,2845,5496,4215,5405,4022,4187,9952,12952,4334,8023,142906,49608,21852,12183,45934,7269,2900,42,31
2021-05-19T23:59:59+02:00,4,4,2720,2984,5003,6530,7235,9796,12873,16529,24155,26427,21549,24220,15773,20133,4820,9135,700,731,1361,2089,1937,3506,2782,5350,4120,5299,3941,4097,9899,12888,4331,8019,141536,49580,19781,12119,45864,6654,2667,42,31
2021-05-18T23:59:59+02:00,4,4,2697,2961,4956,6498,7186,9766,12519,16254,23975,26275,21456,24131,15743,20080,4812,9123,671,674,1306,1960,1865,3305,2685,5142,3991,5102,3716,3820,9817,12808,4321,8009,141261,49560,18928,11121,45821,6093,2388,42,31
2021-05-17T23:59:59+02:00,4,4,2671,2940,4913,6428,7098,9658,12367,16076,23826,26115,21402,24080,15725,20057,4807,9115,663,660,1290,1924,1844,3256,2637,5034,3912,4988,3580,3669,9750,12745,4318,8000,140291,49538,18920,11111,45806,5364,2227,42,31
2021-05-16T23:59:59+02:00,4,4,2659,2926,4890,6361,7060,9575,12307,16002,23774,26055,21378,24063,15715,20043,4804,9112,658,654,1280,1921,1827,3247,2615,5022,3883,4966,3529,3603,9711,12713,4317,7998,139854,49527,18912,11100,45784,5147,2140,42,31
2021-05-15T23:59:59+02:00,4,4,2533,2786,4702,6156,6869,9389,11790,15585,23186,25505,21272,23945,15681,20000,4801,9104,608,592,1197,1834,1689,3093,2327,4715,3435,4456,3197,3176,9548,12508,4293,7969,136466,46569,18911,11100,45778,4823,2115,42,31
2021-05-14T23:59:59+02:00,4,4,2417,2610,4507,5931,6592,9076,11254,15076,22619,24938,21127,23806,15645,19942,4797,9093,545,515,1095,1714,1530,2877,1996,4311,2836,3868,2812,2739,9464,12361,4289,7965,132650,43644,18904,11098,45756,4059,2086,42,31
2021-05-13T23:59:59+02:00,4,4,2234,2323,4185,5548,6165,8602,10696,14390,21587,24026,20844,23532,15585,19843,4790,9078,541,515,1082,1698,1515,2858,1986,4285,2814,3842,2796,2721,9457,12357,4288,7965,126748,43569,18851,11090,45730,3966,2065,42,31
2021-05-12T23:59:59+02:00,4,4,2233,2320,4178,5547,6156,8596,10595,14269,21534,23987,20839,23521,15580,19835,4789,9078,533,493,1046,1643,1466,2779,1903,4199,2755,3783,2715,2626,9406,12284,4288,7965,126706,43566,18525,10263,45730,3963,2062,42,31
2021-05-11T23:59:59+02:00,4,4,2112,2281,4094,5482,6031,8482,10290,14019,21342,23825,20763,23450,15565,19802,4785,9073,508,469,985,1583,1397,2688,1803,4061,2682,3709,2561,2399,9342,12183,4287,7965,125764,43548,18188,9430,45449,3653,1961,42,31
2021-05-10T23:59:59+02:00,4,4,2071,2205,3987,5360,5896,8303,9499,13256,20963,23502,20673,23361,15526,19748,4775,9060,495,440,947,1518,1331,2598,1713,3899,2598,3614,2532,2375,9333,12165,4283,7960,124630,43517,16340,9247,45346,3172,1835,42,31
2021-05-09T23:59:59+02:00,4,4,2039,2190,3953,5320,5844,8255,9433,13187,20893,23429,20640,23320,15511,19721,4772,9046,488,431,926,1475,1305,2550,1679,3837,2560,3571,2523,2363,9323,12148,4283,7952,124187,43458,16336,9244,45251,2937,1745,42,31
2021-05-08T23:59:59+02:00,4,4,1976,2089,3769,5145,5571,8049,9122,12902,19760,22500,20444,23125,15478,19652,4767,9034,415,401,861,1435,1229,2478,1591,3735,2341,3359,1978,1936,9229,12063,4282,7952,120058,41999,16335,9243,45248,2296,1744,6,4
2021-05-07T23:59:59+02:00,4,4,1888,1977,3585,4974,5251,7753,8713,12531,18512,21229,20262,22913,15433,19594,4758,9015,324,342,752,1361,1099,2349,1457,3591,2169,3167,1610,1601,8741,11617,4281,7950,115120,40275,16333,9240,45227,1183,1710,6,4
2021-05-06T23:59:59+02:00,4,4,1704,1868,3299,4722,4801,7349,8071,11967,17272,19986,19928,22535,15326,19431,4748,9004,307,333,731,1332,1059,2303,1408,3507,2102,3099,1574,1546,8724,11586,4275,7947,109266,40255,16326,9234,44993,913,1428,6,4
2021-05-05T23:59:59+02:00,4,3,1634,1838,3219,4635,4724,7245,7940,11816,17116,19840,19808,22416,15250,19335,4726,8908,296,321,689,1280,998,2228,1326,3357,1993,2982,1481,1448,8310,11018,4269,7929,108508,40219,16183,8110,44823,656,937,6,4
2021-05-04T23:59:59+02:00,4,3,1608,1809,3177,4561,4665,7135,7688,11522,16558,19261,19722,22286,15176,19238,4698,8798,280,308,666,1252,977,2174,1267,3238,1880,2825,1409,1342,8241,10915,4265,7911,107823,40194,14837,7834,44720,396,523,6,4
2021-05-03T23:59:59+02:00,4,3,1600,1805,3169,4547,4627,7113,7435,11291,15865,18665,19658,22201,15150,19204,4692,8788,265,287,644,1170,928,2086,1204,3099,1782,2688,1343,1262,8216,10880,4261,7902,107741,40184,13240,7627,44680,53,150,6,4
2021-05-02T23:59:59+02:00,4,3,1599,1802,3164,4545,4622,7110,7422,11281,15846,18653,19642,22193,15150,19202,4691,8788,265,284,641,1169,923,2083,1194,3093,1774,2681,1329,1255,8215,10875,4260,7902,107714,40161,13237,7625,44656,50,104,6,4
2021-05-01T23:59:59+02:00,4,3,1466,1660,2884,4295,4155,6750,6805,10798,13912,16773,19261,21797,15059,19086,4688,8772,263,284,638,1167,922,2080,1192,3092,1772,2677,1324,1251,8213,10873,4260,7902,100173,40131,13237,7625,44652,50,101,5,4
2021-04-30T23:59:59+02:00,3,3,1343,1510,2669,4072,3825,6354,6238,10203,12121,14735,18803,21258,14955,18944,4674,8762,258,283,631,1160,907,2072,1180,3082,1760,2663,1313,1242,8209,10868,4259,7902,92549,40084,13237,7625,44652,47,30,4,4
2021-04-29T23:59:59+02:00,2,3,1227,1445,2503,3946,3585,6150,5881,9900,10781,13458,18544,20981,14912,18874,4670,8756,257,279,626,1153,895,2066,1160,3077,1730,2627,1287,1218,8203,10859,4259,7902,87861,40052,13228,7492,44512,38,13,4,4
2021-04-28T23:59:59+02:00,2,3,1168,1439,2453,3927,3535,6126,5819,9867,10684,13390,18514,20947,14905,18858,4670,8753,257,278,624,1152,892,2064,1156,3073,1722,2626,1281,1200,7761,10339,4259,7902,87592,40031,13178,6507,44274,34,12,4,3
2021-04-27T23:59:59+02:00,2,3,1120,1412,2352,3883,3471,6099,5700,9812,10567,13314,18481,20909,14892,18843,4669,8751,256,278,622,1145,891,2062,1152,3070,1718,2622,1269,1183,7344,9759,4259,7902,87086,40012,13125,5478,44054,29,11,4,3
2021-04-26T23:59:59+02:00,2,3,1078,1383,2262,3791,3344,5999,5533,9692,10264,13055,18419,20855,14884,18825,4667,8751,255,277,621,1143,885,2059,1145,3067,1700,2612,1254,1170,7335,9739,4259,7902,85750,39925,13115,5457,43927,28,11,4,3
2021-04-25T23:59:59+02:00,2,3,1075,1380,2254,3789,3337,5995,5513,9685,10229,13025,18409,20843,14883,18819,4667,8750,254,277,621,1143,885,2059,1143,3067,1700,2612,1254,1170,7335,9737,4259,7902,85727,39923,13106,5455,43811,28,10,4,3
2021-04-24T23:59:59+02:00,2,2,1032,1263,2068,3251,3067,5382,5319,9272,9398,11980,17703,19949,14769,18660,4659,8739,252,276,620,1141,885,2058,1143,3066,1694,2607,1251,1165,7333,9736,4259,7901,79609,39897,13106,5451,43787,28,9,4,3
2021-04-23T23:59:59+02:00,1,2,1000,1180,1955,2904,2885,4831,5124,8843,8845,11259,16074,18093,14624,18454,4651,8716,252,276,619,1141,883,2056,1142,3066,1693,2606,1246,1160,7329,9734,4259,7900,72596,39883,13105,5440,43727,28,9,4,3
2021-04-22T23:59:59+02:00,1,2,995,1169,1935,2888,2865,4812,5067,8797,8734,11156,16004,18016,14598,18424,4649,8711,250,276,615,1140,880,2055,1134,3054,1678,2586,1222,1138,7324,9726,4259,7900,72550,39869,13049,5330,43211,27,9,4,3
2021-04-21T23:59:59+02:00,1,2,986,1161,1923,2875,2838,4786,5021,8742,8627,11033,15918,17932,14569,18390,4649,8706,245,273,605,1131,866,2025,1124,3029,1667,2561,1209,1125,7101,9408,4258,7900,72510,39862,12993,4628,42643,26,9,4,3
2021-04-20T23:59:59+02:00,1,2,959,1112,1871,2760,2765,4625,4928,8563,8453,10826,15687,17651,14511,18331,4642,8700,232,270,587,1110,840,1995,1096,3003,1632,2520,1190,1112,7093,9403,4257,7899,72474,39841,11864,4363,42036,24,9,4,3
2021-04-19T23:59:59+02:00,1,2,950,1103,1839,2740,2715,4600,4804,8502,8253,10715,15595,17553,14489,18312,4642,8694,226,262,569,1087,822,1963,1078,2960,1587,2465,1172,1093,7086,9400,4255,7898,72074,39807,11843,4083,41579,22,9,4,3
2021-04-18T23:59:59+02:00,1,2,947,1102,1834,2734,2707,4588,4786,8490,8213,10673,15546,17495,14479,18295,4641,8692,226,262,569,1086,821,1963,1078,2960,1587,2464,1172,1092,7084,9399,4254,7898,72028,39801,11840,4081,41344,22,9,4,3
2021-04-17T23:59:59+02:00,0,2,914,1088,1785,2696,2639,4509,4632,8350,7951,10445,13182,14595,14282,17943,4624,8656,224,262,569,1083,817,1957,1066,2953,1577,2444,1135,1051,6752,8983,4229,7850,65217,38849,11840,4070,41223,22,9,4,3
2021-04-16T23:59:59+02:00,0,2,908,1082,1773,2685,2597,4471,4540,8266,7771,10254,10355,11344,14008,17526,4605,8600,222,257,568,1080,812,1953,1056,2950,1569,2432,1124,1038,6746,8978,4226,7847,57952,38772,11838,4054,40984,22,9,4,2
2021-04-15T23:59:59+02:00,0,2,895,1077,1751,2671,2555,4438,4427,8205,7540,10053,10106,11125,13946,17460,4599,8586,220,257,568,1078,811,1951,1053,2947,1566,2429,1119,1034,6744,8976,4226,7847,57928,38758,11836,4037,39659,21,9,4,2
2021-04-14T23:59:59+02:00,0,2,876,1049,1693,2588,2466,4315,4237,8023,7267,9770,9733,10644,13797,17282,4593,8577,195,234,527,1027,788,1884,1018,2867,1516,2368,1093,1004,6740,8967,4226,7846,57896,38742,10888,3530,38115,19,9,4,1
2021-04-13T23:59:59+02:00,0,2,851,1027,1655,2536,2398,4232,4136,7887,7057,9555,9328,10127,13653,17115,4588,8565,159,210,492,978,748,1791,984,2757,1464,2298,1074,969,6724,8956,4225,7846,57853,38678,9942,2975,36904,13,9,4,1
2021-04-12T23:59:59+02:00,0,2,847,1025,1636,2533,2368,4219,4083,7836,6917,9384,9063,9812,13589,17056,4577,8549,148,196,464,938,725,1726,963,2685,1420,2248,1052,953,6708,8936,4222,7841,57795,38562,9911,2641,35777,13,9,4,1
2021-04-11T23:59:59+02:00,0,2,846,1024,1625,2533,2355,4217,4060,7824,6852,9323,8929,9647,13562,17008,4572,8540,148,196,464,936,725,1725,961,2685,1419,2248,1052,953,6706,8936,4222,7841,57783,38556,9909,2640,35214,12,9,4,1
2021-04-10T23:59:59+02:00,0,2,830,1019,1597,2504,2318,4188,3989,7768,6720,9206,8373,8912,12898,16156,4561,8498,145,196,462,933,719,1722,961,2678,1410,2241,1039,937,6237,8439,4207,7825,54452,37492,9908,2638,35166,12,9,4,1
2021-04-09T23:59:59+02:00,0,2,808,990,1557,2456,2251,4108,3836,7609,6373,8875,7852,8254,12084,15133,4491,8361,143,195,460,928,713,1715,953,2668,1395,2231,1017,916,5995,8170,4190,7798,50483,36832,9903,2634,34641,12,9,4,1
2021-04-08T23:59:59+02:00,0,2,799,980,1530,2432,2185,4059,3701,7522,6119,8576,7239,7599,11925,14933,4480,8344,143,192,455,926,708,1708,945,2658,1388,2218,1005,914,5992,8168,4189,7798,50450,36812,9879,2574,32083,12,9,4,1
2021-04-07T23:59:59+02:00,0,2,793,971,1504,2414,2127,4021,3615,7452,5888,8310,6686,6968,11321,14184,4468,8317,124,185,425,879,662,1639,889,2588,1338,2149,984,898,5984,8162,4188,7798,50423,36788,8726,2084,29880,12,8,4,1
2021-04-06T23:59:59+02:00,0,2,788,969,1490,2406,2098,3999,3542,7403,5707,8139,6239,6460,11120,13968,4453,8289,100,164,376,818,617,1564,846,2488,1286,2085,960,882,5967,8149,4186,7794,50352,36763,8543,1500,28166,12,7,4,1
2021-04-05T23:59:59+02:00,0,2,783,965,1474,2398,2074,3990,3491,7377,5564,8029,6038,6245,11053,13882,4447,8279,94,162,375,816,610,1555,838,2473,1273,2067,932,852,4876,6750,4108,7688,50154,33960,8539,1490,27387,12,7,4,1
2021-04-04T23:59:59+02:00,0,2,781,959,1472,2396,2070,3988,3474,7370,5554,8022,6027,6225,11039,13864,4445,8276,94,162,373,814,607,1550,831,2466,1258,2047,909,830,3876,5589,4042,7582,50139,31521,8537,1490,27277,12,7,4,1
2021-04-03T23:59:59+02:00,0,2,729,904,1390,2327,1947,3849,3213,7110,5094,7531,5684,5770,10868,13647,4419,8247,92,162,373,813,607,1548,830,2466,1258,2047,909,830,3876,5586,4042,7581,46908,31511,8537,1490,27275,12,7,4,1
2021-04-02T23:59:59+02:00,0,2,686,870,1335,2259,1849,3735,2957,6850,4580,7052,5294,5311,10771,13484,4414,8241,91,162,373,813,607,1548,828,2466,1256,2043,907,826,3873,5583,4041,7581,43987,31491,8536,1489,27157,12,6,4,1
2021-04-01T23:59:59+02:00,0,2,683,868,1324,2254,1829,3727,2928,6836,4506,6979,5185,5203,10732,13435,4413,8237,91,162,371,809,605,1545,828,2463,1252,2039,897,825,3869,5581,4040,7580,43971,31482,8392,1457,26768,12,6,4,1
2021-03-31T23:59:59+02:00,0,2,681,866,1317,2238,1821,3717,2900,6808,4443,6933,5046,5043,10223,12829,4409,8229,91,162,370,809,605,1545,828,2463,1250,2039,896,825,3869,5580,4040,7579,43959,31476,7265,1457,26272,12,6,3,1
2021-03-30T23:59:59+02:00,0,2,672,863,1299,2218,1791,3688,2865,6773,4358,6844,4879,4850,9698,12129,4402,8214,86,159,369,805,600,1542,823,2457,1242,2037,885,815,3861,5577,4039,7578,43934,31455,6080,1404,25522,10,6,3,1
2021-03-29T23:59:59+02:00,0,2,667,855,1286,2183,1774,3657,2834,6731,4288,6759,4680,4653,9613,12035,4399,8200,86,159,369,803,597,1538,821,2451,1238,2030,877,809,3853,5570,4039,7578,43867,31442,5863,1360,24877,10,6,3,1
2021-03-28T23:59:59+02:00,0,2,664,853,1283,2180,1759,3647,2819,6719,4254,6706,4584,4543,9576,11971,4394,8193,86,159,369,802,597,1538,819,2451,1236,2030,876,809,3852,5570,4039,7578,43845,31440,5854,1355,24439,10,6,3,1
2021-03-27T23:59:59+01:00,0,2,660,848,1274,2175,1743,3631,2791,6689,4091,6563,4008,4090,9347,11724,4381,8174,86,159,367,800,595,1536,817,2448,1228,2024,872,805,3675,5281,3938,7409,41903,30669,5850,1355,24429,10,6,3,1
2021-03-26T23:59:59+01:00,0,2,654,840,1266,2165,1723,3614,2765,6667,4016,6485,3603,3726,8751,11167,4368,8160,86,159,366,799,594,1533,813,2445,1219,2020,860,792,2958,4342,3729,7066,39975,28410,5837,1355,24152,10,6,2,1
2021-03-25T23:59:59+01:00,0,2,647,835,1253,2151,1704,3590,2706,6628,3933,6407,3428,3509,8642,11056,4363,8154,86,159,366,799,594,1533,813,2444,1218,2020,860,792,2957,4341,3728,7065,39962,28404,5730,1355,23308,10,6,2,1
2021-03-24T23:59:59+01:00,0,2,641,828,1220,2125,1659,3545,2628,6560,3777,6258,3110,3147,8236,10507,4354,8142,82,157,354,786,578,1515,780,2410,1168,1988,827,755,2948,4335,3728,7062,39939,28104,4974,1354,21818,9,6,2,1
2021-03-23T23:59:59+01:00,0,2,628,820,1195,2093,1617,3498,2548,6479,3628,6104,2731,2763,8020,10288,4347,8126,77,153,342,764,543,1484,719,2347,1066,1907,744,695,2912,4301,3724,7058,39898,27474,4684,1347,20297,9,6,2,1
2021-03-22T23:59:59+01:00,0,2,604,707,1159,2038,1584,3443,2495,6409,3488,5973,2489,2525,7690,9933,4331,8090,77,152,342,764,543,1482,718,2346,1063,1907,743,692,2908,4296,3723,7055,39430,27449,4360,1347,19162,9,6,2,1
2021-03-21T23:59:59+01:00,0,2,603,704,1153,2030,1573,3433,2478,6394,3451,5939,2348,2361,7597,9821,4323,8076,77,152,342,763,543,1482,718,2346,1063,1907,743,692,2908,4295,3723,7055,39426,27447,4346,1347,18506,9,6,2,1
2021-03-20T23:59:59+01:00,0,2,602,704,1151,2024,1566,3426,2472,6387,3434,5917,2316,2323,7107,9303,4307,8060,77,152,342,763,542,1482,716,2345,1063,1906,743,692,2908,4293,3721,7053,38387,27436,4334,1347,18372,9,6,2,1
2021-03-19T23:59:59+01:00,0,2,595,697,1137,2008,1531,3403,2402,6248,3372,5810,2133,2144,6800,8986,4288,8035,77,152,341,757,538,1479,711,2336,1052,1893,734,686,2485,3691,3307,6308,37784,25192,4318,1347,17481,2,6,2,1
2021-03-18T23:59:59+01:00,0,2,580,681,1117,1978,1504,3373,2362,6180,3299,5721,1981,1948,6682,8868,4282,8024,76,152,341,755,537,1479,710,2332,1049,1892,727,683,2435,3619,3280,6266,37764,25000,4307,1325,16503,2,6,2,1
2021-03-17T23:59:59+01:00,0,1,551,655,1072,1923,1467,3289,2284,6063,3147,5566,1725,1682,6516,8715,4272,8009,75,148,329,728,521,1435,688,2275,1011,1851,710,664,2197,3327,3200,6142,37693,24039,3784,1254,15453,2,6,1,1
2021-03-16T23:59:59+01:00,0,1,507,626,1032,1867,1416,3185,2219,5909,3031,5432,1529,1460,6382,8568,4262,7988,69,135,308,672,491,1358,659,2140,982,1723,661,614,2086,3193,3177,6058,37638,23296,3165,1023,14605,2,5,1,1
2021-03-15T23:59:59+01:00,0,1,495,615,1001,1821,1382,3117,2188,5824,2944,5349,1405,1326,5803,7882,4224,7925,66,128,293,614,476,1238,621,2010,942,1610,633,594,2049,3154,3164,5999,36407,22900,2811,689,14083,2,0,1,1
2021-03-14T23:59:59+01:00,0,1,490,609,991,1809,1379,3100,2172,5806,2910,5322,1363,1276,5411,7435,4201,7907,65,123,289,591,470,1211,615,1954,932,1585,633,594,2049,3154,3163,5997,35592,22894,2806,529,13783,2,0,1,1
2021-03-13T23:59:59+01:00,0,1,469,591,954,1762,1326,3036,1916,5218,2670,4910,1258,1163,4761,6588,4152,7832,65,123,288,588,468,1209,613,1952,931,1581,631,589,1690,2674,2640,5244,33923,20755,2802,529,11881,2,0,1,1
2021-03-12T23:59:59+01:00,0,1,453,570,934,1721,1296,2955,1712,4431,2463,4461,1188,1080,4065,5788,4105,7750,65,121,287,584,468,1206,611,1944,926,1575,628,582,1371,2138,2107,4453,32251,18536,2799,529,9922,1,0,1,1
2021-03-11T23:59:59+01:00,0,1,449,563,926,1710,1281,2938,1687,4397,2427,4425,1114,1025,4023,5752,4102,7746,65,113,281,562,454,1154,602,1895,907,1539,616,569,1365,2121,2098,4404,32219,18287,2705,457,9641,1,0,1,1
2021-03-10T23:59:59+01:00,0,1,428,552,881,1652,1227,2861,1614,4300,2361,4332,1081,1002,4007,5737,4101,7744,65,113,279,558,451,1147,597,1873,907,1534,610,561,1304,2035,2055,4348,32204,18004,2140,432,9536,1,0,1,1
2021-03-09T23:59:59+01:00,0,1,406,536,833,1602,1186,2798,1573,4217,2318,4279,1060,991,4001,5730,4100,7743,63,112,278,557,450,1136,595,1861,901,1529,608,555,1100,1726,1940,4176,32158,17181,1691,405,9524,1,0,1,1
2021-03-08T23:59:59+01:00,0,1,399,525,823,1588,1177,2782,1565,4192,2307,4266,1047,981,3965,5683,4098,7738,62,112,274,552,446,1130,594,1857,897,1527,608,555,1031,1636,1895,4133,32032,16927,1595,381,9509,1,0,1,1
2021-03-07T23:59:59+01:00,0,1,398,522,823,1587,1175,2780,1561,4186,2297,4261,1041,973,3959,5677,4097,7737,59,109,265,530,434,1104,579,1757,862,1452,607,555,928,1507,1845,4065,32016,16570,1556,88,9502,0,0,1,1
2021-03-06T23:59:59+01:00,0,1,390,506,804,1554,1152,2722,1520,4119,2104,3765,1012,936,3786,5406,4000,7576,59,109,265,530,434,1103,579,1757,862,1452,607,555,925,1506,1842,4064,31309,16561,1556,88,8487,0,0,1,1
2021-03-05T23:59:59+01:00,0,1,375,466,771,1450,1102,2505,1445,3906,1891,3095,983,891,3041,4447,3796,7237,59,108,264,527,431,1097,578,1752,858,1449,604,553,886,1448,1819,4026,29014,16371,1555,88,6832,0,0,1,1
2021-03-04T23:59:59+01:00,0,1,360,458,764,1430,1089,2482,1426,3877,1868,3076,970,887,3037,4443,3793,7235,59,107,261,524,427,1081,568,1730,857,1441,602,551,849,1394,1796,3991,29001,16213,1517,25,6677,0,0,1,1
2021-03-03T23:59:59+01:00,0,1,349,426,745,1379,1059,2399,1376,3723,1790,2979,937,843,3027,4437,3793,7232,58,107,258,522,426,1077,566,1721,854,1437,602,550,829,1341,1711,3846,28689,15882,1517,23,6288,0,0,1,1
2021-03-02T23:59:59+01:00,0,1,343,417,729,1355,1011,2354,1307,3639,1674,2883,849,777,2985,4400,3787,7227,58,107,257,518,425,1069,566,1715,854,1433,601,550,829,1341,1711,3846,28052,15857,1454,23,6231,0,0,1,1
2021-03-01T23:59:59+01:00,0,1,339,403,722,1308,999,2296,1287,3557,1648,2834,831,768,2977,4391,3787,7227,58,106,256,514,420,1055,562,1702,845,1425,600,548,733,1189,1658,3766,28013,15414,1406,23,5955,0,0,1,1
2021-02-28T23:59:59+01:00,0,1,334,390,714,1269,986,2220,1275,3470,1626,2755,827,758,2975,4387,3786,7225,58,106,256,514,420,1054,562,1702,844,1425,600,547,637,1065,1612,3686,28002,15065,1403,23,5592,0,0,1,1
2021-02-27T23:59:59+01:00,0,1,325,370,700,1244,966,2183,1240,3402,1603,2702,810,743,2972,4387,3785,7225,58,106,256,514,420,1054,561,1702,843,1425,600,547,637,1064,1612,3686,28000,15062,1403,23,5254,0,0,1,1
2021-02-26T23:59:59+01:00,0,1,300,317,652,1179,902,2065,1150,3236,1499,2563,781,721,2543,3782,3368,6459,58,106,253,512,420,1052,559,1700,840,1419,596,544,630,1052,1603,3667,25738,14988,1403,23,4376,0,0,1,1
2021-02-25T23:59:59+01:00,0,1,295,304,639,1147,881,2023,1131,3170,1481,2518,778,718,2497,3709,3338,6416,56,104,249,504,420,1048,554,1690,837,1408,590,539,553,942,1559,3611,25519,14643,1403,21,4123,0,0,1,1
2021-02-24T23:59:59+01:00,0,1,276,294,588,1101,834,1956,1073,3075,1437,2460,761,699,2259,3408,3257,6286,55,100,245,497,414,1031,546,1668,834,1389,583,528,540,922,1548,3589,24540,14474,1403,15,3821,0,0,1,1
2021-02-23T23:59:59+01:00,0,1,263,274,560,1044,797,1879,1005,2926,1365,2358,710,649,2148,3273,3234,6196,55,98,243,491,414,1015,536,1636,827,1367,575,522,525,875,1537,3545,23752,14246,1398,15,3531,0,0,1,1
2021-02-22T23:59:59+01:00,0,1,259,268,548,982,777,1803,980,2832,1329,2298,687,629,2121,3238,3226,6139,55,97,237,485,412,1002,527,1620,823,1342,561,510,508,850,1531,3495,23363,14040,1398,15,3355,0,0,1,1
2021-02-21T23:59:59+01:00,0,1,256,260,539,957,764,1766,972,2784,1299,2272,687,627,2119,3238,3225,6138,55,97,236,485,412,1002,527,1620,823,1341,561,509,508,850,1531,3494,23357,14036,1398,15,3148,0,0,1,1
2021-02-20T23:59:59+01:00,0,1,172,229,468,908,696,1689,902,2695,1214,2173,672,612,1753,2724,2676,5344,55,97,236,485,412,1002,527,1619,823,1341,561,509,508,850,1531,3494,21109,14035,1398,15,2420,0,0,1,1
2021-02-19T23:59:59+01:00,0,1,82,166,357,827,570,1556,769,2546,1079,2021,656,591,1451,2212,2142,4556,55,97,236,485,412,1001,527,1619,823,1340,561,509,500,846,1530,3488,18930,14015,1398,14,1253,0,0,1,1
2021-02-18T23:59:59+01:00,0,1,79,161,345,777,549,1467,736,2406,1046,1954,641,581,1442,2194,2133,4507,52,90,232,463,398,936,512,1539,804,1266,547,495,494,828,1529,3471,18693,13642,1373,14,952,0,0,1,1
2021-02-17T23:59:59+01:00,0,1,78,153,331,754,540,1434,707,2313,1010,1855,635,571,1384,2107,2087,4458,52,87,230,454,390,898,501,1474,785,1184,534,483,492,826,1529,3471,18435,13376,1300,14,682,0,0,1,1
2021-02-16T23:59:59+01:00,0,1,73,147,316,715,512,1361,675,2205,985,1750,625,564,1141,1763,1969,4281,51,78,229,449,384,868,488,1409,759,1117,513,470,490,826,1526,3470,17530,13125,1062,2,490,0,0,1,1
2021-02-15T23:59:59+01:00,0,1,68,131,290,612,477,1220,620,1993,935,1591,616,562,1058,1658,1918,4219,51,78,227,444,380,862,487,1405,756,1110,513,470,489,823,1525,3467,17207,13087,724,0,37,0,0,1,1
2021-02-14T23:59:59+01:00,0,1,67,124,285,587,472,1191,609,1939,921,1569,616,562,961,1535,1873,4163,51,78,227,444,380,862,487,1403,756,1110,513,470,489,823,1525,3467,16883,13085,569,0,22,0,0,1,1
2021-02-13T23:59:59+01:00,0,1,67,123,285,586,471,1187,608,1937,919,1566,615,561,960,1527,1869,4160,51,78,227,443,378,858,486,1398,754,1109,511,468,472,785,1270,3009,16850,12297,569,0,22,0,0,1,1
2021-02-12T23:59:59+01:00,0,1,66,123,284,585,467,1183,608,1934,916,1565,612,560,921,1476,1849,4120,51,78,227,439,375,849,481,1389,748,1103,504,460,454,746,924,2317,16681,11145,569,0,19,0,0,1,1
2021-02-11T23:59:59+01:00,0,1,66,116,281,574,454,1156,602,1908,909,1553,611,559,879,1418,1827,4083,51,75,212,409,361,802,465,1316,733,1071,501,459,454,746,923,2316,16505,10895,486,0,5,0,0,1,0
2021-02-10T23:59:59+01:00,0,1,65,116,277,571,452,1151,598,1892,904,1549,611,559,870,1402,1806,4039,50,65,178,332,307,699,415,1144,654,978,466,447,449,745,923,2315,16403,10168,458,0,1,0,0,1,0
2021-02-09T23:59:59+01:00,0,1,63,115,271,568,449,1138,597,1878,897,1543,610,558,858,1367,1741,3936,42,53,125,255,231,548,334,942,552,824,431,436,445,744,921,2315,16160,9199,429,0,0,0,0,1,0
2021-02-08T23:59:59+01:00,0,1,62,115,268,559,446,1131,596,1863,891,1535,609,556,757,1217,1687,3854,38,43,86,165,168,410,268,704,492,689,423,429,441,741,920,2315,15742,8333,404,0,0,0,0,1,0
2021-02-07T23:59:59+01:00,0,1,59,112,259,536,431,1100,580,1760,856,1456,608,555,655,1090,1640,3771,37,42,82,163,165,403,263,691,487,678,421,428,441,741,920,2314,15373,8277,95,0,0,0,0,1,0
2021-02-06T23:59:59+01:00,0,1,59,112,258,536,431,1100,578,1759,854,1453,605,553,653,1081,1634,3764,34,41,81,160,162,393,259,683,476,670,413,427,405,693,687,1934,15335,7519,95,0,0,0,0,1,0
2021-02-05T23:59:59+01:00,0,1,59,112,256,533,431,1098,577,1758,852,1451,603,553,643,1074,1628,3753,32,39,77,154,157,385,251,664,459,660,407,427,399,668,299,1312,15286,6391,95,0,0,0,0,1,0
2021-02-04T23:59:59+01:00,0,1,57,110,251,526,425,1082,561,1731,848,1437,596,544,560,957,1580,3695,31,36,73,149,151,374,237,643,442,646,402,421,394,661,297,1307,14933,6265,27,0,0,0,0,1,0
2021-02-03T23:59:59+01:00,0,1,56,105,247,519,424,1062,558,1716,846,1422,592,534,550,947,1577,3682,24,28,59,117,118,275,173,503,333,497,300,321,319,520,226,1046,14812,4860,25,0,0,0,0,1,0
2021-02-02T23:59:59+01:00,0,1,56,103,244,513,424,1044,547,1683,838,1398,579,525,539,902,1568,3638,17,21,40,76,82,181,121,339,218,358,211,215,203,326,162,692,14576,3263,25,0,0,0,0,1,0
2021-02-01T23:59:59+01:00,0,1,56,101,240,505,422,1028,539,1662,834,1375,571,519,522,873,1560,3594,7,11,20,40,44,93,64,168,94,161,99,98,85,152,70,307,14376,1513,25,0,0,0,0,1,0
2021-01-31T23:59:59+01:00,0,1,56,101,239,504,420,1024,537,1657,832,1372,571,518,522,873,1560,3593,7,11,18,36,39,79,60,142,81,146,95,98,84,151,68,306,14354,1421,25,0,0,0,0,1,0
2021-01-30T23:59:59+01:00,0,1,56,101,239,504,420,1024,537,1657,832,1372,571,518,522,873,1560,3593,7,11,18,36,39,79,60,142,81,146,95,97,84,151,68,306,14354,1420,25,0,0,0,0,1,0
2021-01-29T23:59:59+01:00,0,1,56,101,239,504,420,1024,537,1657,832,1372,571,518,522,873,1560,3593,7,11,18,36,39,79,60,142,81,146,95,97,84,151,68,306,14354,1420,25,0,0,0,0,1,0
2021-01-28T23:59:59+01:00,0,1,54,93,235,476,408,958,519,1571,810,1290,558,503,516,856,1558,3579,3,2,4,6,10,13,19,34,21,31,16,20,19,33,17,91,13965,339,19,0,0,0,0,1,0
2021-01-27T23:59:59+01:00,0,1,52,89,235,466,400,919,509,1505,790,1207,546,490,514,854,1558,3579,3,2,4,6,8,13,19,33,21,30,16,20,19,33,17,91,13696,335,17,0,0,0,0,1,0
2021-01-26T23:59:59+01:00,0,1,51,83,231,463,393,890,498,1437,765,1140,524,477,512,854,1558,3579,1,2,4,6,8,12,17,29,17,25,14,18,17,31,17,84,13439,302,16,0,0,0,0,1,0
2021-01-25T23:59:59+01:00,0,1,51,83,228,458,389,884,498,1434,763,1135,524,477,512,853,1558,3577,0,0,0,0,0,0,0,0,0,0,1,1,0,2,0,0,13409,4,15,0,0,0,0,1,0
2021-01-24T23:59:59+01:00,0,1,51,83,228,458,389,884,498,1433,763,1135,524,477,512,853,1558,3577,0,0,0,0,0,0,0,0,0,0,1,1,0,2,0,0,13408,4,15,0,0,0,0,1,0
2021-01-23T23:59:59+01:00,0,1,51,83,228,457,388,880,498,1427,762,1133,521,475,495,815,1305,3109,0,0,0,0,0,0,0,0,0,0,1,1,0,2,0,0,12612,4,15,0,0,0,0,1,0
2021-01-22T23:59:59+01:00,0,1,51,83,227,453,384,871,493,1417,757,1125,515,467,478,774,947,2394,0,0,0,0,0,0,0,0,0,0,1,1,0,2,0,0,11422,4,15,0,0,0,0,0,0
2021-01-21T23:59:59+01:00,0,1,51,80,209,420,357,815,466,1318,731,1091,511,467,478,774,946,2393,0,0,0,0,0,0,0,0,0,0,1,1,0,2,0,0,11093,4,15,0,0,0,0,0,0
2021-01-20T23:59:59+01:00,0,1,49,70,181,349,316,730,424,1164,661,1000,475,456,473,774,946,2392,0,0,0,0,0,0,0,0,0,0,1,1,0,2,0,0,10446,4,15,0,0,0,0,0,0
2021-01-19T23:59:59+01:00,0,1,43,57,135,272,243,571,347,982,571,860,440,444,469,772,946,2392,0,0,0,0,0,0,0,0,0,0,1,0,0,2,0,0,9538,3,7,0,0,0,0,0,0
2021-01-18T23:59:59+01:00,0,1,39,44,86,173,174,421,278,719,500,703,431,437,466,767,944,2392,0,0,0,0,0,0,0,0,0,0,0,0,0,1,0,0,8575,1,0,0,0,0,0,0,0
2021-01-17T23:59:59+01:00,0,1,37,43,83,169,170,413,274,708,495,690,429,437,466,767,944,2391,0,0,0,0,0,0,0,0,0,0,0,0,0,0,0,0,8517,0,0,0,0,0,0,0,0
2021-01-16T23:59:59+01:00,0,1,34,42,81,167,166,404,267,701,480,682,421,436,427,720,704,2006,0,0,0,0,0,0,0,0,0,0,0,0,0,0,0,0,7739,0,0,0,0,0,0,0,0
2021-01-15T23:59:59+01:00,0,1,32,40,78,160,163,398,260,684,466,674,415,435,422,696,310,1375,0,0,0,0,0,0,0,0,0,0,0,0,0,0,0,0,6609,0,0,0,0,0,0,0,0
2021-01-14T23:59:59+01:00,0,1,32,38,77,156,158,393,252,675,455,666,412,433,422,695,310,1375,0,0,0,0,0,0,0,0,0,0,0,0,0,0,0,0,6550,0,0,0,0,0,0,0,0
2021-01-13T23:59:59+01:00,0,0,24,31,61,123,123,298,192,541,347,523,315,332,348,550,239,1106,0,0,0,0,0,0,0,0,0,0,0,0,0,0,0,0,5153,0,0,0,0,0,0,0,0
2021-01-12T23:59:59+01:00,0,0,17,24,45,85,88,210,139,391,237,387,225,226,227,354,173,749,0,0,0,0,0,0,0,0,0,0,0,0,0,0,0,0,3577,0,0,0,0,0,0,0,0
2021-01-11T23:59:59+01:00,0,0,9,15,26,44,58,134,88,220,124,205,112,107,99,172,80,333,0,0,0,0,0,0,0,0,0,0,0,0,0,0,0,0,1826,0,0,0,0,0,0,0,0
2021-01-10T23:59:59+01:00,0,0,8,15,22,41,51,106,80,179,105,172,106,104,95,170,77,333,0,0,0,0,0,0,0,0,0,0,0,0,0,0,0,0,1664,0,0,0,0,0,0,0,0
2021-01-09T23:59:59+01:00,0,0,8,15,22,41,51,106,80,179,105,172,106,103,95,170,77,333,0,0,0,0,0,0,0,0,0,0,0,0,0,0,0,0,1663,0,0,0,0,0,0,0,0
2021-01-08T23:59:59+01:00,0,0,8,14,21,40,49,100,75,168,99,169,103,99,90,161,75,325,0,0,0,0,0,0,0,0,0,0,0,0,0,0,0,0,1596,0,0,0,0,0,0,0,0
2021-01-07T23:59:59+01:00,0,0,3,3,4,7,10,14,20,34,23,34,17,20,20,34,19,95,0,0,0,0,0,0,0,0,0,0,0,0,0,0,0,0,357,0,0,0,0,0,0,0,0
2021-01-06T23:59:59+01:00,0,0,3,2,4,6,8,13,20,33,21,31,17,20,20,34,19,94,0,0,0,0,0,0,0,0,0,0,0,0,0,0,0,0,345,0,0,0,0,0,0,0,0
2021-01-05T23:59:59+01:00,0,0,3,2,4,6,8,13,20,33,21,31,17,20,20,34,19,94,0,0,0,0,0,0,0,0,0,0,0,0,0,0,0,0,345,0,0,0,0,0,0,0,0
2021-01-04T23:59:59+01:00,0,0,0,0,0,0,0,0,1,0,0,0,1,1,0,2,0,0,0,0,0,0,0,0,0,0,0,0,0,0,0,0,0,0,5,0,0,0,0,0,0,0,0
2021-01-03T23:59:59+01:00,0,0,0,0,0,0,0,0,1,0,0,0,1,1,0,2,0,0,0,0,0,0,0,0,0,0,0,0,0,0,0,0,0,0,5,0,0,0,0,0,0,0,0
2021-01-02T23:59:59+01:00,0,0,0,0,0,0,0,0,1,0,0,0,1,1,0,2,0,0,0,0,0,0,0,0,0,0,0,0,0,0,0,0,0,0,5,0,0,0,0,0,0,0,0
2021-01-01T23:59:59+01:00,0,0,0,0,0,0,0,0,1,0,0,0,1,1,0,2,0,0,0,0,0,0,0,0,0,0,0,0,0,0,0,0,0,0,5,0,0,0,0,0,0,0,0
2020-12-31T23:59:59+01:00,0,0,0,0,0,0,0,0,1,0,0,0,1,1,0,2,0,0,0,0,0,0,0,0,0,0,0,0,0,0,0,0,0,0,5,0,0,0,0,0,0,0,0
2020-12-30T23:59:59+01:00,0,0,0,0,0,0,0,0,1,0,0,0,1,1,0,2,0,0,0,0,0,0,0,0,0,0,0,0,0,0,0,0,0,0,5,0,0,0,0,0,0,0,0
2020-12-29T23:59:59+01:00,0,0,0,0,0,0,0,0,1,0,0,0,1,0,0,2,0,0,0,0,0,0,0,0,0,0,0,0,0,0,0,0,0,0,4,0,0,0,0,0,0,0,0
2020-12-28T23:59:59+01:00,0,0,0,0,0,0,0,0,0,0,0,0,1,0,0,1,0,0,0,0,0,0,0,0,0,0,0,0,0,0,0,0,0,0,2,0,0,0,0,0,0,0,0
2020-12-27T23:59:59+01:00,0,0,0,0,0,0,0,0,0,0,0,0,0,0,0,0,0,0,0,0,0,0,0,0,0,0,0,0,0,0,0,0,0,0,0,0,0,0,0,0,0,0,0
