Datum,<24_1_m,<24_1_w,25-34_1_m,25-34_1_w,35-44_1_m,35-44_1_w,45-54_1_m,45-54_1_w,55-64_1_m,55-64_1_w,65-74_1_m,65-74_1_w,75-84_1_m,75-84_1_w,>84_1_m,>84_1_w,<24_2_m,<24_2_w,25-34_2_m,25-34_2_w,35-44_2_m,35-44_2_w,45-54_2_m,45-54_2_w,55-64_2_m,55-64_2_w,65-74_2_m,65-74_2_w,75-84_2_m,75-84_2_w,>84_2_m,>84_2_w,bp_1,bp_2,mo_1,mo_2,az_1,az_2,ja
2021-05-30T23:59:59+02:00,3919,4197,6564,7906,9533,11961,19191,21945,27214,29112,22058,24707,15053,19726,4120,8038,1053,1165,1819,2676,2579,4544,4384,7991,6408,8156,10863,12370,11776,15521,3740,7226,159935,70152,25850,12455,45488,15693,3971
2021-05-29T23:59:59+02:00,3906,4181,6535,7882,9504,11927,19148,21897,27070,29007,22018,24643,15039,19712,4117,8034,1015,1144,1761,2622,2497,4459,4196,7717,5996,7721,8797,9839,11622,15250,3729,7201,159320,63962,25850,12455,45479,15178,3971
2021-05-28T23:59:59+02:00,3833,4122,6412,7811,9389,11809,19003,21774,26915,28890,21964,24579,15020,19697,4116,8033,999,1127,1746,2603,2457,4397,4031,7396,5808,7465,6070,6680,11434,14978,3718,7160,158082,57198,25848,12455,45475,14454,3962
2021-05-27T23:59:59+02:00,3677,3978,6124,7640,8800,11489,18531,21428,26531,28575,21832,24433,14972,19643,4109,8018,946,1062,1662,2505,2343,4256,3564,6349,5415,6964,5921,6529,11370,14914,3714,7145,154735,56725,25797,12412,45467,11741,3781
2021-05-26T23:59:59+02:00,3551,3886,5902,7466,8416,11205,18090,21120,26238,28363,21702,24306,14928,19577,4100,8003,926,1052,1606,2481,2295,4220,3486,6275,5316,6888,5800,6410,11315,14863,3710,7135,152082,56653,25782,12410,45446,11172,3543
2021-05-25T23:59:59+02:00,3451,3818,5764,7353,8218,11038,17080,20335,25911,28037,21559,24157,14885,19510,4094,7994,903,1032,1576,2436,2229,4164,3413,6212,5235,6819,5628,6242,11230,14794,3704,7125,150572,56599,23860,12227,45432,10576,3340
2021-05-24T23:59:59+02:00,3387,3802,5674,7308,8089,10968,16160,19641,25537,27744,21479,24057,14858,19484,4087,7984,894,1030,1551,2418,2190,4129,3361,6158,5158,6740,5543,6150,11168,14731,3704,7119,149900,56570,21795,12151,45423,10182,3141
2021-05-23T23:59:59+02:00,3384,3798,5666,7300,8081,10962,16156,19640,25536,27744,21479,24057,14858,19484,4087,7984,893,1029,1545,2413,2186,4123,3357,6156,5155,6737,5537,6143,11167,14729,3704,7119,149875,56563,21795,12151,45423,10156,3123
2021-05-22T23:59:59+02:00,3342,3749,5597,7256,7978,10881,15927,19444,25285,27531,21390,23978,14832,19448,4084,7981,867,1004,1501,2363,2135,4047,3243,6019,4840,6172,4609,4974,10906,14366,3696,7084,148363,53354,21795,12151,45422,9198,3123
2021-05-21T23:59:59+02:00,3284,3673,5494,7173,7890,10762,15677,19206,25057,27334,21292,23881,14806,19407,4079,7973,833,942,1434,2236,2024,3776,3031,5654,4380,5300,3991,4163,10394,13734,3644,6979,146682,49643,21795,12151,45418,7628,3093
2021-05-20T23:59:59+02:00,3129,3494,5224,6910,7602,10399,15163,18678,24497,26808,21042,23624,14728,19300,4066,7947,818,927,1410,2216,1985,3743,2977,5590,4298,5225,3862,4061,10333,13684,3636,6970,142567,49562,21786,12141,45397,7171,2861
2021-05-19T23:59:59+02:00,3065,3437,5128,6762,7359,10133,14104,17706,24255,26539,20951,23507,14693,19246,4059,7941,798,899,1386,2163,1948,3656,2916,5443,4204,5121,3786,3981,10289,13633,3633,6966,141203,49535,19726,12080,45327,6578,2629
2021-05-18T23:59:59+02:00,3039,3414,5080,6726,7280,10072,13775,17458,24079,26392,20869,23417,14666,19202,4052,7930,760,831,1334,2023,1878,3460,2809,5236,3989,4841,3652,3799,10218,13564,3624,6957,140939,49517,18876,11087,45283,6018,2353
2021-05-17T23:59:59+02:00,3009,3388,5030,6650,7191,9965,13609,17262,23952,26254,20819,23370,14650,19181,4049,7923,751,812,1319,1985,1854,3412,2757,5128,3910,4722,3515,3648,10163,13513,3623,6949,139972,49497,18868,11078,45268,5292,2194
2021-05-16T23:59:59+02:00,2998,3367,5005,6586,7153,9883,13547,17186,23902,26195,20797,23355,14640,19169,4046,7921,746,805,1310,1983,1838,3399,2734,5118,3883,4695,3459,3578,10132,13493,3622,6947,139538,49490,18860,11067,45246,5079,2106
2021-05-15T23:59:59+02:00,2875,3248,4813,6386,6971,9691,12894,16635,23464,25798,20704,23244,14608,19130,4044,7915,685,739,1226,1893,1705,3231,2424,4794,3446,4206,3128,3162,10000,13316,3603,6925,136238,46578,18860,11067,45240,4756,2082
2021-05-14T23:59:59+02:00,2740,3053,4604,6158,6697,9377,12243,16018,23011,25352,20587,23112,14580,19080,4040,7908,613,649,1121,1773,1538,3006,2060,4382,2867,3627,2770,2744,9936,13207,3601,6921,132436,43674,18855,11065,45218,4025,2051
2021-05-13T23:59:59+02:00,2535,2740,4279,5766,6263,8885,11596,15265,22070,24522,20349,22876,14528,19001,4034,7894,609,646,1110,1757,1521,2989,2052,4358,2850,3606,2754,2729,9931,13206,3600,6921,126578,43620,18803,11057,45192,3932,2030
2021-05-12T23:59:59+02:00,2533,2737,4273,5765,6254,8878,11481,15137,22033,24494,20342,22864,14526,18995,4033,7894,599,621,1075,1698,1470,2911,1971,4272,2793,3554,2674,2635,9881,13133,3600,6921,126540,43617,18479,10233,45192,3930,2028
2021-05-11T23:59:59+02:00,2405,2700,4192,5691,6117,8756,11161,14888,21866,24348,20277,22797,14511,18968,4030,7891,566,593,1021,1634,1390,2818,1878,4133,2722,3490,2522,2411,9816,13034,3600,6921,125614,43601,18143,9401,44913,3619,1928
2021-05-10T23:59:59+02:00,2354,2615,4093,5566,5992,8594,10307,14091,21550,24069,20205,22715,14477,18918,4022,7881,550,557,986,1576,1321,2726,1784,3967,2648,3413,2500,2394,9809,13015,3597,6918,124535,43593,16302,9225,44810,3141,1802
2021-05-09T23:59:59+02:00,2320,2598,4056,5527,5940,8542,10237,14017,21489,24004,20171,22676,14462,18894,4020,7869,542,546,965,1530,1296,2678,1751,3911,2612,3369,2490,2382,9799,12997,3597,6912,124095,43533,16297,9222,44717,2909,1713
2021-05-08T23:59:59+02:00,2243,2483,3854,5355,5692,8334,9818,13661,20469,23161,20000,22502,14437,18836,4015,7860,460,513,905,1484,1219,2613,1660,3798,2337,3134,2013,1995,9724,12931,3596,6912,119999,42090,16296,9220,44712,2271,1713
2021-05-07T23:59:59+02:00,2149,2350,3654,5178,5363,8045,9394,13253,19269,21933,19835,22299,14400,18788,4007,7844,357,446,792,1407,1095,2480,1525,3654,2154,2927,1564,1614,9350,12572,3595,6911,115094,40385,16294,9218,44691,1158,1682
2021-05-06T23:59:59+02:00,1944,2227,3377,4905,4915,7645,8726,12661,18085,20724,19519,21945,14314,18651,3998,7834,339,435,768,1379,1057,2421,1474,3575,2090,2862,1529,1557,9334,12549,3590,6908,109288,40366,16288,9212,44493,888,1401
2021-05-05T23:59:59+02:00,1867,2187,3304,4819,4837,7530,8592,12506,17928,20579,19401,21831,14242,18549,3978,7748,326,419,729,1329,991,2339,1388,3416,1986,2758,1439,1460,8927,11987,3585,6892,108535,40333,16145,8094,44306,632,912
2021-05-04T23:59:59+02:00,1838,2156,3263,4736,4780,7423,8243,12111,17467,20090,19317,21710,14170,18456,3953,7645,308,406,707,1296,971,2290,1312,3272,1882,2617,1374,1359,8863,11893,3581,6877,107846,40309,14805,7819,44203,376,504
2021-05-03T23:59:59+02:00,1829,2151,3255,4723,4740,7399,7863,11766,16897,19601,19261,21633,14146,18428,3948,7635,293,380,684,1215,922,2199,1245,3129,1784,2482,1311,1285,8841,11865,3578,6868,107764,40302,13217,7612,44163,36,131
2021-05-02T23:59:59+02:00,1827,2149,3251,4721,4734,7395,7852,11754,16879,19590,19245,21627,14146,18426,3947,7635,292,379,682,1214,916,2196,1236,3122,1776,2476,1297,1278,8840,11859,3577,6868,107738,40280,13215,7610,44140,33,85
2021-05-01T23:59:59+02:00,1677,1998,2953,4457,4253,7029,7220,11242,14942,17701,18931,21293,14069,18324,3944,7622,290,379,680,1212,915,2193,1234,3120,1773,2471,1293,1275,8838,11858,3577,6868,100222,40250,13214,7610,44136,33,83
2021-04-30T23:59:59+02:00,1531,1832,2751,4214,3906,6635,6622,10619,13117,15593,18581,20891,13984,18193,3931,7615,284,378,676,1207,904,2185,1224,3112,1765,2460,1283,1265,8834,11855,3576,6868,92637,40206,13214,7610,44136,32,28
2021-04-29T23:59:59+02:00,1400,1751,2575,4086,3666,6426,6240,10299,11754,14277,18390,20683,13956,18140,3928,7609,282,374,671,1202,895,2179,1200,3106,1734,2423,1260,1240,8830,11850,3576,6868,87962,40175,13206,7479,44001,25,11
2021-04-28T23:59:59+02:00,1328,1744,2530,4066,3617,6404,6168,10262,11671,14211,18362,20652,13950,18127,3928,7606,282,373,668,1201,893,2177,1197,3102,1726,2420,1253,1220,8389,11335,3576,6868,87696,40154,13156,6494,43764,22,10
2021-04-27T23:59:59+02:00,1274,1715,2425,4021,3556,6378,6044,10201,11570,14147,18332,20620,13940,18114,3926,7605,281,372,666,1195,892,2175,1193,3099,1722,2413,1237,1202,7979,10760,3576,6868,87194,40136,13103,5467,43562,18,9
2021-04-26T23:59:59+02:00,1223,1679,2334,3925,3432,6282,5868,10074,11262,13872,18295,20601,13932,18096,3924,7605,280,371,664,1195,888,2172,1185,3095,1704,2406,1222,1187,7973,10742,3576,6868,85866,40055,13093,5447,43436,17,9
2021-04-25T23:59:59+02:00,1220,1676,2325,3923,3426,6277,5849,10066,11227,13842,18288,20592,13931,18090,3924,7605,280,371,664,1195,887,2172,1185,3095,1704,2406,1222,1187,7973,10740,3576,6868,85846,40054,13086,5445,43320,17,9
2021-04-24T23:59:59+02:00,1169,1526,2129,3375,3154,5649,5667,9687,10172,12560,17804,19965,13839,17952,3918,7597,279,370,663,1194,887,2171,1185,3094,1698,2399,1218,1184,7972,10739,3576,6867,79773,40030,13086,5441,43296,17,8
2021-04-23T23:59:59+02:00,1132,1421,2007,3007,2970,5074,5454,9294,9342,11499,16469,18479,13714,17769,3913,7579,279,370,661,1194,886,2169,1184,3094,1697,2398,1213,1179,7969,10737,3576,6866,72794,40017,13085,5430,43236,17,8
2021-04-22T23:59:59+02:00,1126,1411,1990,2990,2950,5057,5388,9243,9231,11392,16409,18413,13693,17744,3911,7575,277,369,659,1194,883,2168,1176,3081,1676,2377,1191,1158,7967,10732,3576,6866,72751,40005,13034,5321,42730,16,8
2021-04-21T23:59:59+02:00,1116,1402,1974,2973,2927,5035,5337,9178,9112,11266,16329,18338,13677,17716,3911,7572,271,365,648,1184,870,2137,1164,3054,1667,2359,1180,1144,7745,10417,3575,6866,72711,40000,12976,4623,42168,15,8
2021-04-20T23:59:59+02:00,1083,1339,1927,2855,2853,4878,5232,8995,8838,10955,16203,18172,13628,17665,3904,7567,258,361,627,1160,843,2109,1138,3024,1631,2324,1163,1130,7737,10414,3575,6866,72642,39981,11849,4358,41595,13,8
2021-04-19T23:59:59+02:00,1072,1328,1889,2835,2811,4847,5088,8937,8648,10825,16119,18095,13611,17648,3904,7562,249,350,606,1139,827,2074,1116,2979,1589,2271,1146,1114,7732,10410,3573,6866,72244,39947,11827,4075,41140,11,8
2021-04-18T23:59:59+02:00,1070,1327,1885,2829,2802,4836,5072,8920,8601,10781,16075,18039,13605,17637,3903,7560,249,350,606,1139,826,2074,1116,2979,1589,2270,1146,1113,7730,10409,3572,6866,72201,39942,11825,4073,40908,11,8
2021-04-17T23:59:59+02:00,1033,1314,1834,2782,2726,4758,4921,8764,8188,10370,13836,15276,13442,17355,3890,7529,247,350,606,1135,822,2068,1105,2971,1577,2249,1107,1068,7394,9991,3556,6828,65398,38993,11825,4062,40787,11,8
2021-04-16T23:59:59+02:00,1025,1307,1823,2772,2682,4717,4817,8677,8002,10162,10962,11938,13255,17062,3875,7484,246,345,605,1132,817,2064,1096,2966,1568,2238,1096,1056,7388,9986,3554,6825,58179,38917,11823,4046,40550,11,8
2021-04-15T23:59:59+02:00,1013,1301,1796,2756,2635,4682,4703,8609,7758,9933,10733,11754,13212,17008,3869,7472,244,345,605,1130,816,2063,1093,2963,1565,2235,1091,1053,7386,9984,3554,6825,58157,38904,11821,4029,39248,11,8
2021-04-14T23:59:59+02:00,990,1268,1739,2668,2540,4554,4509,8419,7469,9631,10372,11300,13087,16854,3865,7462,214,318,566,1078,794,1995,1055,2881,1522,2177,1067,1026,7382,9976,3554,6825,58125,38889,10877,3523,37717,10,8
2021-04-13T23:59:59+02:00,963,1243,1702,2611,2466,4468,4404,8275,7253,9406,9973,10805,12962,16696,3860,7451,174,292,532,1026,754,1894,1019,2778,1473,2110,1048,992,7368,9968,3554,6825,58047,38826,9932,2969,36551,4,8
2021-04-12T23:59:59+02:00,959,1240,1685,2608,2435,4452,4351,8221,7096,9221,9724,10514,12920,16649,3849,7438,159,273,505,987,730,1823,995,2708,1431,2067,1028,974,7352,9952,3551,6820,57991,38711,9901,2632,35462,4,8
2021-04-11T23:59:59+02:00,957,1239,1675,2608,2423,4450,4329,8206,7026,9151,9600,10363,12894,16607,3845,7434,159,272,505,986,729,1822,994,2708,1430,2067,1028,974,7350,9952,3551,6820,57979,38705,9899,2631,34921,3,8
2021-04-10T23:59:59+02:00,939,1228,1647,2582,2385,4421,4257,8141,6884,9029,8661,9161,12625,16237,3836,7396,156,270,504,984,724,1820,993,2702,1421,2059,1014,959,6881,9452,3539,6806,54650,37643,9898,2630,34873,3,8
2021-04-09T23:59:59+02:00,915,1196,1607,2533,2312,4340,4077,7960,6545,8696,7913,8193,12055,15539,3777,7283,153,269,502,978,719,1811,985,2694,1404,2047,995,938,6633,9176,3526,6785,50681,36978,9895,2626,34357,3,8
2021-04-08T23:59:59+02:00,904,1185,1576,2510,2246,4289,3936,7862,6252,8354,7329,7557,11925,15391,3768,7265,153,266,495,975,715,1803,977,2683,1396,2037,983,936,6630,9174,3526,6785,50650,36957,9871,2566,31820,3,8
2021-04-07T23:59:59+02:00,897,1174,1549,2491,2190,4247,3843,7785,5996,8057,6771,6946,11370,14678,3757,7241,134,254,460,924,670,1737,919,2609,1350,1975,966,922,6624,9169,3525,6785,50625,36934,8721,2079,29639,3,7
2021-04-06T23:59:59+02:00,893,1171,1530,2484,2161,4222,3765,7728,5783,7867,6329,6447,11209,14489,3746,7215,111,233,407,859,629,1654,870,2514,1299,1916,943,905,6609,9157,3523,6781,50555,36907,8538,1493,27939,3,7
2021-04-05T23:59:59+02:00,885,1167,1515,2477,2138,4212,3710,7700,5625,7741,6138,6239,11156,14415,3742,7208,105,230,406,858,622,1645,863,2497,1282,1898,915,866,5472,7709,3493,6734,50360,34102,8534,1483,27167,3,7
2021-04-04T23:59:59+02:00,884,1163,1513,2475,2132,4210,3694,7693,5613,7732,6126,6217,11145,14401,3741,7205,105,230,404,856,617,1640,858,2490,1267,1877,892,833,4427,6511,3469,6680,50347,31663,8533,1483,27057,3,7
2021-04-03T23:59:59+02:00,821,1104,1430,2399,2011,4067,3402,7400,5164,7250,5781,5772,11001,14209,3719,7182,103,230,404,855,617,1638,857,2490,1267,1877,892,833,4427,6507,3469,6680,47116,31653,8533,1483,27056,3,7
2021-04-02T23:59:59+02:00,777,1063,1369,2333,1904,3940,3113,7124,4663,6750,5399,5327,10931,14087,3716,7176,103,230,404,855,617,1638,856,2490,1265,1875,891,830,4425,6505,3469,6680,44192,31642,8532,1482,26942,3,6
2021-04-01T23:59:59+02:00,772,1061,1359,2330,1885,3932,3081,7108,4586,6671,5290,5220,10902,14045,3715,7174,102,230,402,851,616,1635,855,2487,1262,1871,881,829,4421,6502,3468,6680,44180,31633,8390,1450,26555,3,6
2021-03-31T23:59:59+02:00,770,1057,1351,2317,1873,3920,3054,7078,4520,6615,5147,5059,10403,13452,3712,7169,102,230,401,851,616,1635,855,2487,1260,1871,880,829,4420,6501,3468,6679,44170,31626,7263,1450,26058,3,6
2021-03-30T23:59:59+02:00,761,1052,1332,2297,1840,3889,3012,7042,4432,6520,4970,4853,9904,12775,3705,7156,98,226,401,847,611,1632,849,2482,1253,1867,870,820,4413,6497,3467,6679,44148,31608,6078,1397,25308,1,6
2021-03-29T23:59:59+02:00,756,1044,1319,2260,1819,3858,2981,7001,4360,6422,4769,4663,9839,12700,3703,7145,98,226,401,844,607,1629,848,2475,1249,1861,861,812,4406,6493,3467,6679,44081,31596,5863,1353,24689,1,6
2021-03-28T23:59:59+02:00,753,1042,1315,2257,1805,3848,2963,6986,4321,6361,4673,4551,9808,12645,3697,7138,98,226,401,843,607,1629,846,2475,1247,1861,860,812,4405,6493,3467,6679,44059,31594,5854,1348,24244,1,6
2021-03-27T23:59:59+01:00,749,1037,1307,2249,1785,3833,2937,6958,4093,6175,4159,4123,9597,12420,3689,7123,98,226,398,841,606,1627,843,2472,1240,1855,856,807,4175,6112,3414,6600,42144,30815,5850,1348,24234,1,6
2021-03-26T23:59:59+01:00,742,1029,1299,2239,1766,3815,2908,6933,4005,6075,3633,3685,9129,11962,3680,7110,98,226,397,840,605,1624,839,2469,1230,1849,845,791,3376,5065,3286,6366,40208,28551,5837,1348,23959,1,6
2021-03-25T23:59:59+01:00,735,1023,1286,2226,1744,3787,2847,6893,3913,5988,3452,3468,9045,11870,3675,7108,98,226,397,840,605,1624,838,2468,1230,1849,845,791,3374,5064,3286,6365,40196,28545,5730,1348,23128,1,6
2021-03-24T23:59:59+01:00,725,1014,1254,2201,1697,3737,2766,6816,3747,5826,3113,3109,8685,11358,3666,7096,94,224,385,825,586,1604,805,2436,1175,1818,818,754,3366,5059,3286,6363,40174,28244,4976,1347,21654,1,6
2021-03-23T23:59:59+01:00,712,1004,1225,2166,1651,3689,2680,6729,3585,5654,2732,2717,8501,11182,3659,7080,89,220,372,799,548,1572,739,2372,1071,1736,735,697,3340,5027,3283,6361,40133,27613,4686,1341,20141,1,6
2021-03-22T23:59:59+01:00,683,883,1186,2119,1621,3633,2622,6652,3438,5515,2479,2479,8203,10842,3646,7050,89,219,372,799,548,1570,738,2371,1068,1735,733,694,3337,5022,3282,6359,39665,27588,4359,1341,19021,1,6
2021-03-21T23:59:59+01:00,682,878,1181,2112,1610,3625,2604,6636,3392,5470,2330,2312,8132,10751,3639,7037,89,219,372,798,548,1570,738,2371,1068,1735,733,694,3337,5021,3282,6359,39661,27586,4345,1341,18379,1,6
2021-03-20T23:59:59+01:00,680,878,1179,2104,1605,3620,2598,6629,3371,5447,2300,2273,7641,10236,3626,7022,89,219,372,798,547,1570,737,2370,1068,1734,733,694,3337,5020,3280,6357,38623,27577,4333,1341,18247,1,6
2021-03-19T23:59:59+01:00,672,871,1165,2089,1572,3596,2529,6476,3306,5356,2117,2093,7346,9928,3612,7001,89,219,372,792,543,1568,732,2361,1058,1724,724,687,2803,4270,2969,5757,38017,25320,4317,1341,17389,1,6
2021-03-18T23:59:59+01:00,656,854,1146,2058,1541,3563,2491,6402,3231,5266,1946,1890,7247,9828,3610,6991,88,219,372,791,543,1568,731,2357,1054,1723,716,684,2743,4189,2954,5724,37997,25130,4306,1319,16411,1,6
2021-03-17T23:59:59+01:00,622,823,1103,2000,1504,3476,2404,6279,3076,5104,1681,1623,7113,9700,3601,6978,86,213,360,765,527,1517,709,2303,1015,1685,698,662,2483,3877,2895,5624,37926,24164,3783,1248,15372,1,6
2021-03-16T23:59:59+01:00,575,791,1062,1943,1454,3359,2330,6133,2961,4959,1473,1400,7009,9573,3592,6961,79,194,337,707,499,1434,676,2160,986,1577,645,612,2374,3737,2877,5549,37872,23420,3165,1017,14533,1,5
2021-03-15T23:59:59+01:00,559,774,1032,1899,1416,3285,2295,6049,2872,4876,1347,1264,6425,8883,3570,6917,76,182,322,647,481,1316,640,2033,942,1464,618,593,2336,3695,2866,5493,36638,23019,2808,684,14017,1,0
2021-03-14T23:59:59+01:00,554,769,1022,1885,1413,3269,2279,6031,2836,4847,1305,1208,6024,8441,3559,6906,75,177,318,624,475,1288,634,1972,932,1445,618,593,2336,3694,2865,5492,35824,23013,2803,524,13721,1,0
2021-03-13T23:59:59+01:00,532,746,983,1838,1356,3202,2008,5387,2609,4487,1202,1097,5346,7558,3542,6877,75,177,317,621,473,1286,632,1970,932,1441,615,588,1881,3059,2442,4890,34148,20874,2799,524,11823,1,0
2021-03-12T23:59:59+01:00,514,721,964,1794,1319,3103,1788,4525,2416,4121,1133,1024,4626,6720,3528,6841,75,175,316,617,473,1282,628,1964,929,1435,612,582,1479,2391,1989,4230,32473,18652,2796,524,9868,1,0
2021-03-11T23:59:59+01:00,509,714,954,1782,1305,3082,1762,4492,2378,4083,1058,971,4588,6687,3526,6839,75,166,309,596,460,1228,618,1915,907,1402,603,569,1474,2373,1980,4181,32440,18403,2703,452,9587,1,0
2021-03-10T23:59:59+01:00,487,698,905,1718,1250,3010,1686,4390,2317,3998,1026,949,4575,6674,3525,6837,74,166,307,591,458,1222,614,1893,907,1397,595,559,1407,2276,1945,4137,32425,18119,2137,428,9483,1,0
2021-03-09T23:59:59+01:00,466,680,854,1668,1212,2938,1639,4311,2275,3951,1011,940,4569,6667,3524,6836,72,164,306,589,457,1213,612,1881,901,1391,593,551,1174,1930,1856,4000,32381,17288,1689,401,9471,1,0
2021-03-08T23:59:59+01:00,459,669,844,1652,1202,2923,1633,4285,2263,3939,999,929,4535,6622,3522,6832,71,162,303,587,453,1207,610,1877,898,1389,593,551,1092,1830,1824,3967,32258,17035,1593,378,9457,1,0
2021-03-07T23:59:59+01:00,458,666,844,1651,1199,2921,1630,4278,2253,3933,992,921,4529,6618,3521,6831,68,158,293,566,441,1173,592,1773,866,1327,592,551,980,1683,1783,3915,32241,16675,1554,86,9450,0,0
2021-03-06T23:59:59+01:00,449,646,825,1617,1174,2865,1585,4196,2060,3444,968,893,4304,6257,3474,6759,68,158,293,566,441,1172,592,1773,866,1327,592,551,977,1682,1780,3914,31525,16666,1554,86,8437,0,0
2021-03-05T23:59:59+01:00,433,598,792,1512,1120,2641,1499,3969,1850,2783,950,867,3478,5187,3350,6530,68,157,292,563,437,1166,591,1768,864,1323,587,549,937,1620,1762,3884,29222,16482,1553,86,6784,0,0
2021-03-04T23:59:59+01:00,418,588,783,1493,1108,2617,1477,3939,1830,2765,937,864,3472,5183,3349,6529,68,156,289,559,433,1148,582,1748,863,1315,585,548,891,1557,1748,3858,29209,16324,1513,24,6630,0,0
2021-03-03T23:59:59+01:00,406,549,764,1434,1074,2532,1428,3788,1748,2676,910,821,3463,5179,3349,6527,67,156,286,555,432,1145,580,1739,860,1312,585,547,859,1497,1672,3720,28896,15990,1513,22,6239,0,0
2021-03-02T23:59:59+01:00,400,539,748,1404,1024,2487,1353,3702,1631,2581,821,759,3430,5142,3345,6525,66,156,286,550,431,1139,580,1731,860,1310,584,547,859,1497,1672,3720,28258,15966,1450,22,6183,0,0
2021-03-01T23:59:59+01:00,393,524,744,1353,1009,2424,1333,3627,1606,2532,804,750,3422,5136,3345,6525,66,154,285,547,422,1125,580,1716,850,1304,584,545,749,1319,1632,3665,28219,15521,1401,22,5907,0,0
2021-02-28T23:59:59+01:00,388,510,735,1308,997,2346,1317,3545,1587,2453,800,744,3421,5132,3344,6523,66,154,285,547,422,1124,580,1716,849,1304,584,544,642,1170,1597,3609,28208,15171,1398,22,5544,0,0
2021-02-27T23:59:59+01:00,377,486,721,1284,977,2304,1284,3475,1562,2406,783,734,3420,5132,3344,6523,66,154,285,547,422,1124,579,1716,848,1304,584,544,642,1169,1597,3609,28207,15168,1398,22,5207,0,0
2021-02-26T23:59:59+01:00,347,426,674,1219,911,2187,1194,3318,1467,2285,759,718,2878,4375,3031,5905,66,154,282,545,422,1122,577,1713,845,1299,579,541,635,1155,1590,3593,25928,15096,1398,22,4368,0,0
2021-02-25T23:59:59+01:00,342,410,659,1191,890,2142,1174,3245,1451,2250,757,716,2819,4293,3014,5871,64,150,278,538,422,1119,572,1700,842,1290,571,535,553,1035,1551,3550,25710,14750,1398,20,4116,0,0
2021-02-24T23:59:59+01:00,317,393,613,1145,837,2069,1116,3154,1412,2198,739,694,2560,3972,2953,5765,63,146,274,528,416,1104,565,1677,839,1273,564,524,539,1014,1541,3530,24725,14583,1398,14,3814,0,0
2021-02-23T23:59:59+01:00,299,368,585,1088,801,1981,1035,2997,1350,2117,686,643,2448,3830,2936,5685,63,144,272,521,416,1085,555,1647,831,1254,553,516,527,963,1531,3487,23932,14351,1393,14,3524,0,0
2021-02-22T23:59:59+01:00,294,355,571,1027,784,1904,1008,2904,1313,2058,665,623,2420,3793,2929,5630,62,143,267,515,414,1071,546,1624,825,1236,538,502,510,937,1526,3436,23537,14138,1393,14,3348,0,0
2021-02-21T23:59:59+01:00,291,344,564,1005,771,1861,1000,2858,1283,2037,665,621,2418,3793,2928,5629,62,143,266,515,414,1071,546,1624,825,1234,538,502,510,937,1526,3435,23531,14134,1393,14,3144,0,0
2021-02-20T23:59:59+01:00,194,309,501,951,706,1790,925,2752,1200,1957,655,608,1953,3122,2480,4990,62,143,266,515,414,1071,546,1623,825,1234,538,502,510,937,1526,3435,21283,14133,1393,14,2417,0,0
2021-02-19T23:59:59+01:00,94,236,386,871,583,1647,789,2608,1073,1811,646,594,1563,2474,2024,4336,62,143,266,515,414,1070,546,1623,825,1234,538,502,502,933,1524,3430,19091,14113,1393,14,1251,0,0
2021-02-18T23:59:59+01:00,90,224,375,827,560,1553,759,2468,1036,1750,635,583,1555,2455,2015,4287,59,134,260,486,399,1008,533,1543,803,1165,527,488,496,915,1522,3412,18854,13736,1367,14,951,0,0
2021-02-17T23:59:59+01:00,89,216,362,797,548,1521,726,2345,1008,1685,627,571,1490,2356,1977,4250,59,130,257,475,391,963,521,1479,785,1090,515,477,494,914,1522,3412,18594,13470,1294,14,680,0,0
2021-02-16T23:59:59+01:00,83,208,344,751,523,1447,693,2233,985,1594,617,562,1217,1973,1885,4109,57,121,257,468,383,930,508,1414,759,1025,495,467,493,914,1519,3411,17681,13219,1055,2,488,0,0
2021-02-15T23:59:59+01:00,77,183,318,644,485,1304,639,2020,937,1451,607,561,1120,1854,1850,4061,56,121,256,462,379,925,506,1409,758,1019,495,467,492,910,1518,3408,17359,13181,717,0,35,0,0
2021-02-14T23:59:59+01:00,76,177,315,619,479,1273,629,1963,923,1434,607,561,1015,1717,1812,4017,56,121,256,462,379,925,506,1407,758,1019,495,467,492,910,1518,3408,17032,13179,564,0,21,0,0
2021-02-13T23:59:59+01:00,76,176,315,618,477,1269,628,1961,923,1430,606,560,1015,1713,1809,4015,56,120,256,462,377,921,505,1402,756,1017,493,466,473,866,1264,2950,17006,12384,564,0,21,0,0
2021-02-12T23:59:59+01:00,76,176,314,617,473,1265,628,1957,920,1429,601,559,974,1653,1793,3983,56,120,256,457,373,913,501,1393,750,1011,486,459,451,819,914,2256,16835,11215,564,0,19,0,0
2021-02-11T23:59:59+01:00,76,170,310,604,461,1238,622,1933,913,1417,600,559,923,1586,1780,3955,56,114,240,427,360,858,485,1322,732,989,486,458,451,819,912,2255,16660,10964,481,0,6,0,0
2021-02-10T23:59:59+01:00,74,170,307,601,458,1234,619,1917,908,1413,600,559,912,1568,1762,3913,55,100,201,346,307,746,433,1162,652,900,458,453,449,819,912,2254,16559,10247,454,0,2,0,0
2021-02-09T23:59:59+01:00,71,168,302,595,455,1225,618,1902,902,1408,599,558,891,1528,1703,3815,47,82,141,265,232,582,351,956,553,770,427,444,445,818,909,2254,16313,9276,426,0,1,0,0
2021-02-08T23:59:59+01:00,70,166,299,589,452,1218,617,1884,895,1403,599,556,774,1351,1663,3759,42,66,99,174,170,427,288,725,496,654,421,439,442,816,908,2254,15892,8421,402,0,1,0,0
2021-02-07T23:59:59+01:00,67,162,289,567,435,1179,600,1776,862,1337,599,555,661,1198,1627,3701,41,65,95,170,166,421,284,713,491,643,419,439,442,816,908,2253,15521,8366,94,0,0,0,0
2021-02-06T23:59:59+01:00,67,162,288,567,435,1178,598,1776,860,1334,595,553,659,1188,1621,3695,38,62,94,168,163,411,278,704,479,636,413,439,403,762,676,1875,15482,7601,94,0,0,0,0
2021-02-05T23:59:59+01:00,67,162,286,564,435,1176,597,1775,858,1332,593,553,650,1180,1615,3684,36,58,90,164,157,401,271,685,462,628,407,439,391,728,289,1258,15433,6464,94,0,0,0,0
2021-02-04T23:59:59+01:00,65,159,281,558,429,1157,581,1749,855,1318,584,544,561,1052,1573,3638,35,54,84,159,149,387,260,668,445,614,400,433,388,721,287,1252,15077,6336,27,0,0,0,0
2021-02-03T23:59:59+01:00,64,153,277,549,428,1141,579,1734,853,1304,578,532,552,1043,1570,3626,26,39,70,125,112,281,190,522,338,477,299,331,309,564,223,1002,14958,4908,25,0,0,0,0
2021-02-02T23:59:59+01:00,64,151,274,542,428,1121,566,1700,845,1285,564,521,543,993,1561,3585,18,27,45,80,82,189,135,354,215,348,211,211,198,359,159,662,14718,3293,25,0,0,0,0
2021-02-01T23:59:59+01:00,63,149,271,534,426,1104,558,1672,839,1270,553,512,529,964,1554,3542,7,14,22,43,44,96,67,173,97,155,102,97,79,158,68,303,14515,1525,25,0,0,0,0
2021-01-31T23:59:59+01:00,63,148,270,534,422,1100,558,1667,837,1266,553,512,529,964,1554,3541,7,13,20,40,39,80,63,148,82,139,98,97,78,157,66,302,14493,1429,25,0,0,0,0
2021-01-30T23:59:59+01:00,63,148,270,534,422,1100,558,1667,837,1266,553,512,529,964,1554,3541,7,13,20,40,39,80,63,148,82,139,98,96,78,157,66,302,14493,1428,25,0,0,0,0
2021-01-29T23:59:59+01:00,63,148,270,534,422,1100,558,1667,837,1266,553,512,529,964,1554,3541,7,13,20,40,39,80,63,148,82,139,98,96,78,157,66,302,14493,1428,25,0,0,0,0
2021-01-28T23:59:59+01:00,61,138,264,499,409,1037,542,1578,813,1192,542,497,523,947,1552,3526,2,2,5,7,9,14,21,35,21,27,15,19,19,35,17,92,14101,340,19,0,0,0,0
2021-01-27T23:59:59+01:00,59,133,263,487,401,990,531,1513,795,1117,530,485,521,946,1552,3526,2,2,5,7,7,14,21,34,21,27,15,19,19,35,17,92,13832,337,17,0,0,0,0
2021-01-26T23:59:59+01:00,58,127,259,482,392,958,520,1446,770,1051,509,475,520,946,1552,3526,1,2,5,7,7,12,19,31,17,22,14,16,17,33,17,85,13575,305,16,0,0,0,0
2021-01-25T23:59:59+01:00,57,127,257,477,388,952,520,1443,769,1046,509,475,520,944,1552,3524,0,0,0,0,0,0,0,0,0,0,1,1,0,1,0,0,13545,3,15,0,0,0,0
2021-01-24T23:59:59+01:00,57,127,257,477,388,952,520,1442,769,1046,509,475,520,944,1552,3524,0,0,0,0,0,0,0,0,0,0,1,1,0,1,0,0,13544,3,15,0,0,0,0
2021-01-23T23:59:59+01:00,57,126,257,477,387,948,520,1435,768,1044,506,474,501,900,1299,3055,0,0,0,0,0,0,0,0,0,0,1,1,0,1,0,0,12739,3,15,0,0,0,0
2021-01-22T23:59:59+01:00,57,126,256,472,382,940,516,1425,763,1037,500,467,479,851,937,2337,0,0,0,0,0,0,0,0,0,0,1,1,0,1,0,0,11530,3,15,0,0,0,0
2021-01-21T23:59:59+01:00,57,120,237,439,356,873,487,1332,737,1012,498,467,479,851,936,2336,0,0,0,0,0,0,0,0,0,0,1,1,0,1,0,0,11202,3,15,0,0,0,0
2021-01-20T23:59:59+01:00,55,105,205,366,315,777,444,1186,662,926,469,461,477,851,935,2335,0,0,0,0,0,0,0,0,0,0,1,1,0,1,0,0,10554,3,15,0,0,0,0
2021-01-19T23:59:59+01:00,49,88,152,283,243,610,367,1000,575,807,439,452,473,850,935,2335,0,0,0,0,0,0,0,0,0,0,1,0,0,1,0,0,9651,2,7,0,0,0,0
2021-01-18T23:59:59+01:00,43,67,100,182,175,442,301,741,505,671,433,447,470,846,933,2335,0,0,0,0,0,0,0,0,0,0,0,0,0,0,0,0,8691,0,0,0,0,0,0
2021-01-17T23:59:59+01:00,41,66,97,176,170,435,298,731,500,658,431,447,470,846,933,2334,0,0,0,0,0,0,0,0,0,0,0,0,0,0,0,0,8633,0,0,0,0,0,0
2021-01-16T23:59:59+01:00,38,63,95,175,165,426,291,723,483,651,425,447,428,793,694,1951,0,0,0,0,0,0,0,0,0,0,0,0,0,0,0,0,7848,0,0,0,0,0,0
2021-01-15T23:59:59+01:00,36,59,92,170,162,418,284,706,469,644,419,447,417,759,299,1324,0,0,0,0,0,0,0,0,0,0,0,0,0,0,0,0,6705,0,0,0,0,0,0
2021-01-14T23:59:59+01:00,36,55,88,168,158,412,277,698,458,636,416,445,417,758,299,1324,0,0,0,0,0,0,0,0,0,0,0,0,0,0,0,0,6645,0,0,0,0,0,0
2021-01-13T23:59:59+01:00,26,40,72,134,120,309,209,559,354,504,317,343,339,596,235,1065,0,0,0,0,0,0,0,0,0,0,0,0,0,0,0,0,5222,0,0,0,0,0,0
2021-01-12T23:59:59+01:00,18,30,51,90,89,222,153,405,237,377,225,222,223,393,170,720,0,0,0,0,0,0,0,0,0,0,0,0,0,0,0,0,3625,0,0,0,0,0,0
2021-01-11T23:59:59+01:00,9,19,29,50,60,139,93,226,125,197,115,106,93,178,78,330,0,0,0,0,0,0,0,0,0,0,0,0,0,0,0,0,1847,0,0,0,0,0,0
2021-01-10T23:59:59+01:00,8,18,24,45,54,110,83,185,105,165,110,104,90,176,75,330,0,0,0,0,0,0,0,0,0,0,0,0,0,0,0,0,1682,0,0,0,0,0,0
2021-01-09T23:59:59+01:00,8,18,24,45,54,110,83,185,105,165,110,103,90,176,75,330,0,0,0,0,0,0,0,0,0,0,0,0,0,0,0,0,1681,0,0,0,0,0,0
2021-01-08T23:59:59+01:00,8,17,23,44,51,102,79,175,99,162,106,100,86,166,73,322,0,0,0,0,0,0,0,0,0,0,0,0,0,0,0,0,1613,0,0,0,0,0,0
2021-01-07T23:59:59+01:00,2,3,5,8,9,15,24,36,21,32,16,19,20,36,19,96,0,0,0,0,0,0,0,0,0,0,0,0,0,0,0,0,361,0,0,0,0,0,0
2021-01-06T23:59:59+01:00,2,2,5,7,7,14,23,35,20,29,16,19,20,36,19,95,0,0,0,0,0,0,0,0,0,0,0,0,0,0,0,0,349,0,0,0,0,0,0
2021-01-05T23:59:59+01:00,2,2,5,7,7,14,23,35,20,29,16,19,20,36,19,95,0,0,0,0,0,0,0,0,0,0,0,0,0,0,0,0,349,0,0,0,0,0,0
2021-01-04T23:59:59+01:00,0,0,0,0,0,0,1,0,0,0,1,1,0,1,0,0,0,0,0,0,0,0,0,0,0,0,0,0,0,0,0,0,4,0,0,0,0,0,0
2021-01-03T23:59:59+01:00,0,0,0,0,0,0,1,0,0,0,1,1,0,1,0,0,0,0,0,0,0,0,0,0,0,0,0,0,0,0,0,0,4,0,0,0,0,0,0
2021-01-02T23:59:59+01:00,0,0,0,0,0,0,1,0,0,0,1,1,0,1,0,0,0,0,0,0,0,0,0,0,0,0,0,0,0,0,0,0,4,0,0,0,0,0,0
2021-01-01T23:59:59+01:00,0,0,0,0,0,0,1,0,0,0,1,1,0,1,0,0,0,0,0,0,0,0,0,0,0,0,0,0,0,0,0,0,4,0,0,0,0,0,0
2020-12-31T23:59:59+01:00,0,0,0,0,0,0,1,0,0,0,1,1,0,1,0,0,0,0,0,0,0,0,0,0,0,0,0,0,0,0,0,0,4,0,0,0,0,0,0
2020-12-30T23:59:59+01:00,0,0,0,0,0,0,1,0,0,0,1,1,0,1,0,0,0,0,0,0,0,0,0,0,0,0,0,0,0,0,0,0,4,0,0,0,0,0,0
2020-12-29T23:59:59+01:00,0,0,0,0,0,0,1,0,0,0,1,0,0,1,0,0,0,0,0,0,0,0,0,0,0,0,0,0,0,0,0,0,3,0,0,0,0,0,0
2020-12-28T23:59:59+01:00,0,0,0,0,0,0,0,0,0,0,1,0,0,0,0,0,0,0,0,0,0,0,0,0,0,0,0,0,0,0,0,0,1,0,0,0,0,0,0
2020-12-27T23:59:59+01:00,0,0,0,0,0,0,0,0,0,0,0,0,0,0,0,0,0,0,0,0,0,0,0,0,0,0,0,0,0,0,0,0,0,0,0,0,0,0,0
