Datum,<15_m,<15_w,15-24_1_m,15-24_1_w,25-34_1_m,25-34_1_w,35-44_1_m,35-44_1_w,45-54_1_m,45-54_1_w,55-64_1_m,55-64_1_w,65-74_1_m,65-74_1_w,75-84_1_m,75-84_1_w,>84_1_m,>84_1_w,<24_2_m,<24_2_w,25-34_2_m,25-34_2_w,35-44_2_m,35-44_2_w,45-54_2_m,45-54_2_w,55-64_2_m,55-64_2_w,65-74_2_m,65-74_2_w,75-84_2_m,75-84_2_w,>84_2_m,>84_2_w,bp_1,bp_2,mo_1,mo_2,az_1,az_2,ja,unb_1,unb_2
2021-09-30T23:59:59+02:00,1846,1632,14396,13668,17494,16340,20736,21023,27370,28482,33965,34907,25791,28635,17547,22414,5348,10118,12754,12076,16186,14896,19480,19462,25811,26612,32414,33205,24953,27688,16995,21622,5129,9564,246412,230193,32096,29837,46567,44843,16550,105,44
2021-09-29T23:59:59+02:00,1832,1614,14372,13648,17471,16299,20703,20995,27343,28451,33937,34884,25771,28618,17539,22404,5348,10117,12722,12045,16165,14868,19468,19444,25796,26595,32396,33182,24938,27675,16987,21611,5126,9560,246073,229922,32096,29837,46567,44842,16523,105,44
2021-09-28T23:59:59+02:00,1816,1605,14344,13616,17442,16265,20676,20961,27311,28427,33910,34859,25757,28598,17529,22394,5345,10111,12683,12013,16144,14840,19453,19418,25776,26585,32383,33161,24932,27664,16984,21605,5124,9559,245721,229664,32095,29837,46567,44841,16496,105,44
2021-09-27T23:59:59+02:00,1808,1601,14318,13591,17423,16243,20651,20938,27289,28408,33891,34839,25749,28585,17527,22386,5345,10108,12646,11979,16123,14818,19427,19402,25756,26563,32374,33141,24924,27651,16978,21598,5122,9558,245507,229433,32095,29837,46567,44835,16444,105,44
2021-09-26T23:59:59+02:00,1804,1596,14303,13573,17403,16226,20640,20923,27275,28394,33883,34826,25738,28580,17523,22385,5344,10107,12630,11959,16108,14801,19414,19390,25747,26552,32363,33130,24918,27649,16975,21594,5121,9557,245361,229302,32095,29836,46567,44835,16413,105,44
2021-09-25T23:59:59+02:00,1801,1594,14290,13557,17385,16217,20621,20915,27258,28379,33870,34820,25732,28574,17518,22382,5343,10105,12620,11945,16092,14793,19396,19381,25734,26537,32351,33124,24913,27645,16970,21591,5121,9555,245318,229277,32095,29836,46567,44835,16294,105,44
2021-09-24T23:59:59+02:00,1783,1570,14209,13478,17317,16165,20566,20865,27219,28336,33832,34789,25714,28563,17508,22372,5341,10101,12522,11844,16009,14727,19342,19320,25688,26502,32305,33094,24890,27624,16961,21579,5119,9551,244925,228763,32076,29832,46567,44835,16073,105,44
2021-09-23T23:59:59+02:00,1762,1550,14106,13380,17227,16080,20474,20789,27138,28279,33784,34729,25687,28540,17496,22353,5337,10094,12432,11769,15940,14661,19268,19272,25631,26445,32259,33058,24870,27605,16955,21567,5116,9546,244442,228436,31975,29794,46567,44835,15734,105,44
2021-09-22T23:59:59+02:00,1744,1538,14068,13330,17177,16038,20424,20742,27100,28232,33734,34679,25657,28514,17488,22331,5333,10090,12391,11723,15894,14628,19238,19243,25602,26417,32210,33024,24842,27580,16949,21553,5112,9537,244027,228117,31950,29785,46567,44833,15587,105,44
2021-09-21T23:59:59+02:00,1731,1523,14006,13277,17154,15990,20391,20703,27072,28194,33699,34657,25644,28497,17476,22308,5325,10063,12343,11663,15865,14601,19205,19204,25575,26389,32185,32997,24821,27563,16946,21544,5110,9526,243544,227736,31946,29736,46567,44831,15565,105,44
2021-09-20T23:59:59+02:00,1721,1516,13954,13239,17117,15951,20351,20670,27030,28158,33665,34623,25624,28469,17467,22286,5313,10032,12289,11627,15832,14579,19176,19181,25547,26366,32163,32973,24809,27550,16944,21535,5105,9512,243100,227443,31945,29736,46567,44831,15486,105,44
2021-09-19T23:59:59+02:00,1716,1507,13930,13215,17086,15929,20324,20652,27009,28130,33652,34610,25616,28461,17464,22284,5312,10030,12264,11607,15810,14559,19162,19162,25534,26355,32153,32963,24803,27545,16938,21529,5104,9512,242876,227277,31944,29735,46567,44829,15452,105,44
2021-09-18T23:59:59+02:00,1714,1503,13918,13203,17075,15922,20314,20645,27002,28126,33646,34606,25616,28461,17464,22283,5312,10030,12257,11599,15800,14554,19152,19159,25527,26351,32148,32961,24803,27545,16938,21529,5104,9512,242840,227258,31931,29730,46567,44829,15414,105,44
2021-09-17T23:59:59+02:00,1691,1469,13815,13089,16967,15847,20233,20574,26932,28066,33593,34562,25593,28438,17452,22272,5311,10027,12170,11520,15699,14477,19065,19089,25459,26284,32086,32918,24784,27525,16928,21511,5103,9508,242375,226821,31884,29718,46567,44828,15017,105,44
2021-09-16T23:59:59+02:00,1664,1434,13716,12981,16881,15752,20142,20484,26831,27980,33517,34496,25561,28405,17438,22248,5304,10006,12081,11441,15630,14414,18984,19010,25370,26202,32024,32863,24743,27487,16918,21498,5100,9497,241768,226357,31787,29658,46567,44826,14630,105,44
2021-09-15T23:59:59+02:00,1648,1426,13657,12932,16828,15690,20097,20433,26776,27930,33465,34440,25535,28373,17423,22220,5297,9983,12020,11379,15575,14363,18933,18959,25310,26154,31966,32807,24710,27454,16902,21479,5096,9486,241359,225922,31766,29643,46563,44824,14377,105,44
2021-09-14T23:59:59+02:00,1632,1415,13595,12865,16755,15639,20039,20385,26727,27874,33417,34391,25515,28356,17411,22208,5293,9978,11957,11316,15502,14303,18880,18914,25262,26100,31910,32754,24679,27431,16888,21463,5096,9481,240972,225529,31714,29549,46563,44824,14158,105,44
2021-09-13T23:59:59+02:00,1610,1399,13557,12828,16727,15611,20020,20360,26705,27849,33398,34368,25505,28349,17406,22197,5293,9975,11914,11282,15469,14280,18857,18884,25237,26072,31883,32731,24669,27421,16875,21454,5093,9480,240691,225218,31713,29547,46558,44822,14106,105,44
2021-09-12T23:59:59+02:00,1600,1396,13525,12805,16686,15595,20007,20350,26694,27832,33393,34356,25501,28344,17405,22193,5293,9972,11870,11263,15424,14262,18833,18863,25221,26059,31869,32717,24661,27412,16872,21450,5092,9477,240541,225003,31713,29547,46556,44821,14048,105,44
2021-09-11T23:59:59+02:00,1589,1395,13509,12793,16672,15586,19998,20347,26682,27825,33389,34352,25497,28343,17404,22192,5291,9972,11803,11212,15408,14254,18826,18852,25209,26048,31861,32704,24659,27410,16871,21449,5092,9477,240476,224680,31693,29545,46556,44821,14022,105,44
2021-09-10T23:59:59+02:00,1550,1349,13360,12666,16600,15511,19891,20261,26598,27761,33327,34297,25457,28312,17388,22169,5285,9967,11682,11106,15322,14171,18717,18767,25114,25991,31787,32646,24617,27379,16854,21429,5087,9472,239881,224121,31676,29534,46556,44821,13545,105,44
2021-09-09T23:59:59+02:00,1529,1328,13289,12600,16546,15459,19837,20224,26546,27695,33285,34257,25429,28293,17383,22156,5280,9958,11620,11033,15271,14119,18662,18736,25058,25951,31741,32612,24595,27365,16841,21419,5084,9461,239509,223751,31600,29495,46556,44821,13337,105,44
2021-09-08T23:59:59+02:00,1514,1311,13260,12576,16531,15435,19818,20211,26530,27683,33272,34246,25417,28285,17377,22150,5277,9955,11575,10989,15245,14101,18651,18720,25040,25926,31720,32601,24581,27350,16839,21413,5084,9459,239290,223473,31600,29495,46552,44820,13314,105,44
2021-09-07T23:59:59+02:00,1485,1294,13202,12530,16491,15403,19795,20182,26493,27662,33238,34216,25393,28267,17371,22134,5272,9949,11517,10924,15191,14048,18614,18687,24993,25881,31668,32574,24553,27327,16831,21396,5079,9457,239063,223166,31515,29380,46552,44820,13155,105,44
2021-09-06T23:59:59+02:00,1470,1286,13173,12495,16468,15379,19776,20161,26476,27647,33227,34207,25390,28254,17368,22130,5269,9949,11496,10892,15172,14015,18592,18671,24977,25861,31646,32559,24542,27314,16830,21388,5076,9457,238844,222938,31515,29369,46552,44819,13122,105,44
2021-09-05T23:59:59+02:00,1460,1278,13157,12476,16451,15363,19765,20154,26470,27638,33217,34194,25388,28252,17366,22126,5269,9949,11477,10876,15146,13999,18581,18662,24970,25855,31637,32540,24539,27303,16827,21383,5074,9456,238718,222791,31515,29369,46552,44818,13096,105,44
2021-09-04T23:59:59+02:00,1460,1278,13156,12475,16451,15363,19763,20154,26469,27638,33217,34194,25388,28252,17366,22125,5269,9949,11477,10874,15144,13999,18576,18662,24969,25853,31637,32538,24538,27303,16827,21383,5074,9456,238716,222780,31515,29368,46552,44818,13092,105,44
2021-09-03T23:59:59+02:00,1433,1262,13054,12378,16394,15312,19726,20115,26429,27612,33180,34177,25370,28241,17362,22114,5267,9948,11337,10749,15082,13926,18505,18616,24898,25804,31578,32502,24505,27275,16814,21367,5071,9452,238222,221977,31515,29364,46552,44818,12993,105,44
2021-09-02T23:59:59+02:00,1418,1256,12990,12336,16351,15279,19691,20089,26395,27578,33155,34156,25355,28228,17357,22109,5267,9944,11261,10709,15034,13891,18467,18596,24865,25782,31540,32472,24486,27254,16808,21362,5071,9450,237999,221712,31451,29323,46548,44809,12864,105,44
2021-09-01T23:59:59+02:00,1395,1241,12954,12298,16330,15259,19672,20075,26377,27558,33134,34131,25344,28217,17351,22099,5264,9940,11220,10674,15014,13863,18447,18576,24844,25759,31515,32441,24472,27240,16801,21356,5069,9448,237700,221384,31451,29321,46547,44808,12849,105,44
2021-08-31T23:59:59+02:00,1363,1219,12899,12238,16285,15223,19639,20032,26333,27508,33095,34097,25328,28196,17345,22086,5260,9936,11148,10605,14966,13802,18395,18544,24794,25706,31457,32398,24441,27224,16793,21343,5066,9441,237394,220957,31388,29292,46547,44789,12661,105,44
2021-08-30T23:59:59+02:00,1339,1204,12858,12200,16260,15201,19619,20015,26310,27491,33073,34080,25317,28186,17345,22082,5258,9934,11070,10573,14939,13781,18373,18521,24767,25690,31430,32371,24429,27209,16787,21336,5063,9438,237143,220664,31388,29291,46547,44778,12601,105,44
2021-08-29T23:59:59+02:00,1334,1198,12845,12184,16249,15192,19610,20006,26307,27482,33066,34066,25312,28180,17343,22081,5258,9934,11052,10536,14929,13764,18357,18507,24755,25681,31422,32359,24420,27197,16785,21331,5063,9438,237042,220490,31388,29291,46547,44774,12577,105,44
2021-08-28T23:59:59+02:00,1327,1186,12813,12162,16235,15180,19599,19992,26300,27472,33057,34060,25310,28175,17342,22078,5258,9933,10976,10464,14895,13731,18310,18480,24719,25648,31379,32328,24403,27184,16776,21315,5063,9435,236882,219964,31388,29291,46547,44774,12569,105,44
2021-08-27T23:59:59+02:00,1308,1171,12750,12106,16189,15132,19540,19942,26245,27423,33014,34030,25292,28164,17338,22064,5258,9930,10939,10430,14855,13705,18294,18464,24684,25624,31351,32307,24390,27173,16773,21311,5063,9434,236457,219807,31388,29290,46547,44773,12411,105,44
2021-08-26T23:59:59+02:00,1288,1155,12681,12049,16143,15089,19495,19902,26191,27365,32963,33985,25262,28135,17331,22054,5255,9927,10869,10380,14808,13664,18248,18435,24640,25586,31305,32268,24368,27157,16765,21302,5063,9430,236089,219494,31329,29276,46547,44766,12211,105,44
2021-08-25T23:59:59+02:00,1271,1140,12658,12007,16123,15063,19475,19887,26164,27349,32928,33957,25244,28116,17324,22047,5254,9924,10820,10337,14777,13635,18215,18404,24618,25567,31272,32230,24355,27140,16758,21292,5061,9427,235782,219118,31329,29276,46540,44762,12184,105,44
2021-08-24T23:59:59+02:00,1244,1122,12598,11936,16066,15019,19430,19846,26117,27304,32883,33924,25224,28092,17312,22035,5253,9919,10741,10263,14733,13594,18169,18368,24567,25516,31230,32193,24331,27113,16743,21276,5060,9426,235471,218703,31204,29236,46540,44762,12012,105,44
2021-08-23T23:59:59+02:00,1231,1109,12559,11899,16041,15000,19410,19811,26096,27269,32854,33901,25210,28079,17308,22026,5253,9916,10686,10209,14703,13556,18131,18334,24540,25486,31195,32160,24318,27093,16736,21273,5058,9425,235171,218298,31203,29236,46540,44759,11961,105,44
2021-08-22T23:59:59+02:00,1223,1102,12544,11877,16026,14984,19403,19792,26084,27258,32843,33886,25199,28073,17306,22023,5250,9916,10657,10180,14682,13541,18111,18323,24527,25469,31180,32146,24310,27082,16734,21268,5057,9424,235006,218081,31203,29236,46540,44758,11943,105,44
2021-08-21T23:59:59+02:00,1135,1030,12469,11819,16014,14972,19393,19780,26074,27247,32833,33870,25194,28069,17303,22020,5250,9916,10633,10150,14665,13537,18103,18311,24518,25463,31173,32140,24307,27082,16733,21268,5057,9424,234632,217958,31197,29236,46540,44758,11922,105,44
2021-08-20T23:59:59+02:00,1115,1014,12408,11750,15955,14919,19331,19742,26020,27214,32783,33843,25179,28058,17294,22015,5249,9914,10578,10112,14623,13501,18063,18285,24483,25444,31143,32123,24298,27075,16727,21265,5057,9423,234135,217672,31197,29236,46540,44758,11834,105,44
2021-08-19T23:59:59+02:00,1089,990,12340,11694,15896,14887,19281,19691,25958,27164,32740,33808,25147,28035,17282,22004,5246,9912,10484,10036,14555,13463,18007,18247,24414,25401,31076,32078,24256,27056,16718,21248,5056,9420,233842,217236,31104,29227,46540,44750,11581,105,44
2021-08-18T23:59:59+02:00,1077,974,12300,11658,15868,14856,19253,19661,25929,27133,32705,33783,25128,28023,17277,21995,5244,9911,10429,9968,14508,13437,17958,18219,24369,25363,31017,32040,24234,27039,16712,21235,5052,9414,233528,216781,31104,29220,46539,44740,11507,105,44
2021-08-17T23:59:59+02:00,1050,949,12249,11616,15839,14814,19222,19630,25901,27110,32669,33745,25109,28003,17267,21978,5243,9906,10335,9886,14455,13389,17905,18165,24319,25323,30957,31996,24207,27015,16701,21215,5050,9406,233227,216181,30977,29161,46539,44737,11460,105,44
2021-08-16T23:59:59+02:00,1038,942,12217,11590,15822,14796,19204,19611,25878,27086,32650,33723,25089,27988,17259,21963,5240,9904,10280,9818,14430,13345,17881,18129,24275,25288,30920,31965,24180,26981,16686,21201,5050,9403,232999,215739,30977,29161,46539,44731,11388,105,44
2021-08-15T23:59:59+02:00,1030,942,12192,11576,15808,14779,19190,19596,25868,27077,32629,33709,25083,27979,17255,21952,5239,9904,10235,9783,14393,13323,17860,18108,24252,25274,30899,31939,24163,26973,16681,21193,5049,9401,232843,215458,30976,29161,46538,44726,11354,105,44
2021-08-14T23:59:59+02:00,1029,942,12191,11572,15808,14778,19187,19594,25867,27077,32629,33708,25083,27979,17255,21952,5239,9904,10069,9563,14287,13232,17785,18061,24203,25242,30859,31906,24148,26960,16678,21190,5047,9400,232834,214452,30976,29160,46538,44725,11349,105,44
2021-08-13T23:59:59+02:00,984,902,12038,11444,15754,14719,19121,19537,25796,27025,32577,33672,25057,27950,17244,21942,5238,9900,10016,9511,14247,13203,17746,18036,24171,25222,30835,31885,24138,26947,16672,21181,5047,9396,231996,214118,30975,29160,46538,44722,11296,103,44
2021-08-12T23:59:59+02:00,970,880,11981,11383,15705,14679,19085,19511,25751,27002,32531,33643,25032,27934,17235,21936,5237,9897,9925,9445,14173,13162,17685,17986,24105,25187,30781,31836,24110,26922,16656,21163,5045,9396,231764,213698,30951,29154,46538,44707,11043,103,44
2021-08-11T23:59:59+02:00,956,869,11947,11350,15686,14656,19052,19493,25729,26983,32506,33614,25014,27912,17231,21928,5236,9895,9852,9383,14121,13122,17638,17942,24064,25165,30741,31788,24080,26890,16640,21150,5044,9390,231473,213129,30950,29150,46537,44679,11001,103,44
2021-08-10T23:59:59+02:00,937,859,11859,11298,15633,14625,19008,19456,25673,26949,32449,33560,24997,27896,17224,21915,5235,9892,9757,9297,14069,13087,17606,17908,24017,25126,30688,31741,24047,26857,16633,21130,5040,9385,231089,212610,30818,29115,46535,44665,10927,103,44
2021-08-09T23:59:59+02:00,935,842,11831,11263,15617,14609,18986,19443,25641,26926,32420,33529,24989,27887,17218,21907,5235,9889,9703,9237,14028,13037,17569,17867,23986,25081,30653,31700,24033,26840,16628,21117,5038,9379,230851,212158,30818,29112,46534,44658,10868,103,44
2021-08-08T23:59:59+02:00,925,835,11795,11240,15596,14595,18966,19422,25616,26906,32398,33512,24981,27871,17211,21903,5234,9889,9628,9181,13979,13009,17542,17837,23953,25046,30621,31669,24020,26821,16620,21103,5037,9376,230660,211757,30818,29111,46534,44657,10786,103,44
2021-08-07T23:59:59+02:00,905,808,11697,11162,15553,14553,18924,19388,25577,26876,32352,33480,24964,27859,17202,21885,5233,9886,9006,8586,13535,12654,17330,17652,23802,24935,30469,31592,23961,26770,16599,21076,5032,9373,230070,208548,30818,29110,46534,44657,10785,103,44
2021-08-06T23:59:59+02:00,896,805,11667,11137,15537,14540,18914,19382,25562,26860,32343,33473,24960,27855,17197,21883,5233,9885,8424,7960,13020,12258,17102,17446,23657,24823,30375,31513,23930,26723,16587,21062,5029,9366,230020,205376,30696,29097,46534,44657,10782,103,44
2021-08-05T23:59:59+02:00,893,798,11627,11106,15495,14511,18873,19350,25517,26825,32295,33426,24920,27833,17195,21872,5233,9879,8369,7896,12971,12206,17052,17404,23593,24783,30299,31458,23883,26681,16573,21044,5027,9357,229794,204952,30695,29092,46533,44648,10527,103,44
2021-08-04T23:59:59+02:00,876,782,11597,11076,15476,14479,18842,19324,25490,26796,32250,33387,24905,27820,17190,21866,5231,9871,8279,7809,12914,12158,17000,17360,23536,24739,30239,31386,23846,26642,16563,21031,5025,9351,229530,204361,30693,29091,46532,44613,10404,103,44
2021-08-03T23:59:59+02:00,860,765,11550,11036,15453,14457,18811,19304,25464,26767,32216,33352,24885,27801,17181,21861,5227,9870,8196,7721,12844,12108,16932,17307,23476,24702,30197,31336,23810,26608,16548,21020,5022,9347,229195,203700,30692,29081,46531,44605,10343,103,44
2021-08-02T23:59:59+02:00,851,762,11515,11006,15431,14425,18784,19284,25435,26742,32184,33325,24871,27781,17173,21852,5226,9868,8100,7628,12764,12048,16872,17243,23419,24630,30147,31278,23792,26585,16527,21010,5020,9342,228917,202991,30692,29080,46531,44597,10275,103,44
2021-08-01T23:59:59+02:00,843,755,11488,10977,15420,14412,18769,19273,25416,26730,32167,33310,24867,27772,17172,21849,5224,9867,8032,7561,12703,12001,16828,17196,23383,24598,30120,31253,23776,26566,16523,21004,5018,9341,228773,202534,30687,29079,46531,44578,10220,103,44
2021-07-31T23:59:59+02:00,840,754,11485,10971,15418,14409,18765,19269,25415,26729,32164,33309,24867,27771,17172,21849,5224,9867,7879,7374,11933,11331,16273,16756,23288,24519,30055,31182,23747,26530,16511,20985,5017,9339,228743,199313,30686,29079,46531,44576,10218,103,44
2021-07-30T23:59:59+02:00,839,753,11472,10962,15415,14406,18759,19264,25408,26724,32154,33304,24866,27769,17172,21846,5224,9867,7598,7131,11391,10883,15794,16328,23151,24412,29947,31069,23710,26485,16494,20963,5017,9334,228675,196231,30685,29078,46529,44563,10215,103,44
2021-07-29T23:59:59+02:00,827,744,11432,10915,15377,14385,18719,19238,25370,26688,32101,33275,24848,27749,17161,21828,5224,9864,7224,6822,10727,10367,15277,15913,22975,24266,29799,30958,23655,26433,16465,20938,5013,9331,228352,192764,30684,29068,46529,44477,10080,103,44
2021-07-28T23:59:59+02:00,808,732,11385,10861,15353,14356,18688,19211,25344,26660,32074,33250,24834,27731,17156,21816,5223,9860,7057,6666,10582,10245,15165,15778,22882,24170,29697,30860,23612,26375,16447,20909,5012,9321,228027,191515,30684,29066,46524,44368,10007,103,44
2021-07-27T23:59:59+02:00,799,723,11340,10821,15310,14316,18648,19185,25315,26634,32038,33228,24818,27706,17149,21805,5222,9852,6836,6451,10421,10130,15020,15646,22778,24062,29589,30747,23560,26311,16431,20882,5010,9309,227708,190363,30684,28739,46523,44332,9894,103,44
2021-07-26T23:59:59+02:00,789,710,11290,10772,15284,14295,18631,19158,25287,26604,32006,33202,24803,27684,17137,21793,5221,9849,6719,6375,10324,10056,14954,15566,22696,24002,29524,30673,23527,26268,16419,20865,5006,9303,227411,189580,30682,28736,46522,44290,9799,103,44
2021-07-25T23:59:59+02:00,778,700,11262,10744,15262,14270,18611,19134,25260,26579,31985,33184,24786,27673,17133,21784,5220,9847,6643,6294,10255,9993,14881,15506,22642,23948,29468,30635,23496,26247,16407,20851,5006,9299,227213,188992,30682,28732,46521,44260,9695,103,44
2021-07-24T23:59:59+02:00,754,678,11185,10661,15223,14242,18587,19113,25240,26563,31973,33171,24786,27669,17130,21782,5220,9847,6245,5940,10107,9878,14505,15224,22419,23790,29350,30551,23460,26209,16390,20834,5003,9295,226833,186633,30682,28729,46521,44258,9687,103,44
2021-07-23T23:59:59+02:00,728,656,11117,10575,15193,14208,18559,19098,25219,26542,31958,33154,24775,27664,17128,21782,5220,9844,5875,5630,9985,9771,14158,14959,22223,23614,29230,30433,23408,26141,16379,20813,4999,9288,226444,184359,30682,28729,46521,44246,9672,103,44
2021-07-22T23:59:59+02:00,687,616,10962,10412,15096,14119,18471,19049,25139,26488,31885,33090,24739,27623,17113,21764,5216,9839,5557,5332,9716,9555,13576,14482,21903,23355,28998,30205,23307,26043,16336,20775,4995,9285,225490,181037,30681,28717,46520,44227,9516,103,44
2021-07-21T23:59:59+02:00,667,591,10897,10357,15059,14091,18431,19011,25099,26458,31846,33040,24714,27589,17097,21752,5213,9834,4941,4865,9274,9301,13193,14252,21671,23200,28812,30056,23242,25967,16311,20752,4993,9282,225059,179265,30670,27449,46517,44060,9399,103,44
2021-07-20T23:59:59+02:00,649,574,10840,10302,15033,14055,18396,18984,25068,26425,31810,33006,24694,27568,17092,21737,5210,9827,4801,4751,9124,9170,13026,14117,21558,23079,28681,29931,23162,25864,16289,20712,4986,9276,224680,177921,30670,27437,46515,43911,9304,103,44
2021-07-19T23:59:59+02:00,636,561,10802,10271,15002,14031,18373,18976,25040,26399,31777,32977,24677,27545,17086,21726,5208,9824,4721,4682,9026,9092,12908,14020,21460,22971,28582,29811,23106,25807,16264,20683,4981,9270,224435,176981,30670,27428,46506,43813,9199,103,44
2021-07-18T23:59:59+02:00,621,552,10749,10220,14967,14011,18348,18958,25020,26383,31754,32958,24667,27534,17080,21717,5207,9819,4613,4580,8892,8971,12781,13880,21374,22880,28509,29732,23077,25777,16255,20670,4978,9269,224160,175970,30670,27414,46506,43759,9128,103,44
2021-07-17T23:59:59+02:00,546,481,10458,9923,14855,13909,18257,18880,24914,26308,31646,32907,24633,27500,17067,21697,5205,9818,4564,4538,8837,8899,12546,13683,20949,22536,28379,29600,23039,25724,16246,20655,4977,9266,222602,174171,30670,27414,46504,43757,9127,103,44
2021-07-16T23:59:59+02:00,517,444,10323,9802,14795,13868,18204,18828,24878,26275,31626,32882,24624,27485,17064,21690,5205,9815,4517,4496,8761,8858,12174,13405,20404,22137,28246,29505,22990,25687,16237,20650,4975,9264,221934,172059,30670,27411,46503,43750,9117,103,44
2021-07-15T23:59:59+02:00,485,407,10185,9696,14727,13820,18148,18759,24824,26227,31576,32829,24599,27448,17046,21675,5198,9811,4305,4357,8433,8651,11659,13003,19296,21290,27829,29160,22821,25517,16172,20577,4965,9248,221204,167359,30668,27397,46502,43550,8985,103,44
2021-07-14T23:59:59+02:00,464,393,10156,9670,14690,13799,18118,18725,24787,26186,31525,32776,24569,27420,17035,21658,5197,9809,4182,4205,8176,8478,11429,12858,19117,21179,27682,29033,22756,25439,16138,20539,4960,9239,220835,165790,30668,27378,46501,43373,8872,103,44
2021-07-13T23:59:59+02:00,440,379,10106,9618,14660,13770,18091,18692,24751,26165,31491,32734,24553,27389,17024,21647,5196,9806,4085,4109,8001,8320,11228,12667,18981,21040,27528,28871,22659,25354,16103,20486,4956,9228,220427,164329,30668,27357,46500,43115,8816,103,44
2021-07-12T23:59:59+02:00,428,357,10060,9567,14634,13752,18061,18663,24714,26123,31457,32690,24529,27366,17009,21642,5193,9803,3979,4008,7830,8198,11069,12530,18865,20919,27405,28751,22585,25292,16076,20460,4955,9223,220055,163159,30667,27336,46500,42923,8724,103,44
2021-07-11T23:59:59+02:00,420,339,10029,9537,14612,13732,18044,18653,24692,26114,31436,32672,24517,27356,17007,21640,5193,9801,3909,3937,7712,8101,10921,12402,18741,20817,27304,28637,22541,25244,16055,20435,4953,9220,219858,162198,30664,27331,46499,42721,8671,103,44
2021-07-10T23:59:59+02:00,394,316,9916,9433,14558,13693,17994,18630,24668,26094,31417,32656,24509,27347,17003,21636,5191,9799,3874,3912,7654,8060,10886,12373,18712,20792,27275,28615,22533,25229,16051,20430,4953,9220,219331,161895,30663,27330,46496,42673,8662,103,44
2021-07-09T23:59:59+02:00,334,269,9657,9223,14457,13613,17916,18559,24582,26041,31368,32595,24486,27316,16989,21618,5191,9793,3807,3872,7517,7969,10668,12224,18487,20653,26859,28295,22348,25035,15996,20369,4950,9213,218110,159744,30663,27326,46495,42544,8637,103,44
2021-07-08T23:59:59+02:00,255,202,9463,9078,14355,13536,17821,18485,24523,25990,31285,32536,24457,27285,16976,21600,5187,9788,3651,3747,7206,7781,10315,11995,18140,20371,26555,28037,22174,24877,15928,20293,4943,9197,217000,157367,30660,27278,46482,41971,8578,103,44
2021-07-07T23:59:59+02:00,216,174,9374,8972,14314,13504,17784,18444,24470,25952,31243,32495,24432,27255,16964,21582,5187,9780,3469,3619,6885,7558,9374,11263,17554,19944,26153,27725,21937,24570,15851,20196,4929,9183,216361,154750,30657,25526,46480,41370,8542,103,44
2021-07-06T23:59:59+02:00,194,162,9294,8915,14263,13474,17748,18402,24429,25913,31182,32448,24396,27227,16949,21565,5185,9778,3352,3547,6680,7434,9104,11099,17308,19762,25876,27469,21780,24367,15770,20092,4916,9168,215796,152813,30642,25515,46477,40866,8507,103,44
2021-07-05T23:59:59+02:00,182,147,9208,8834,14222,13430,17714,18352,24393,25883,31137,32398,24372,27205,16940,21551,5184,9776,3301,3514,6552,7356,8955,10978,17162,19623,25705,27314,21637,24199,15720,20039,4905,9158,215249,151751,30642,25506,46475,40377,8460,103,44
2021-07-04T23:59:59+02:00,167,140,9157,8784,14189,13417,17688,18334,24367,25862,31116,32372,24357,27191,16934,21543,5183,9773,3251,3470,6487,7316,8867,10906,17075,19537,25576,27203,21512,24070,15678,19987,4903,9151,214974,151088,30641,25497,46460,39980,8397,103,44
2021-07-03T23:59:59+02:00,164,137,8649,8292,14029,13296,17587,18215,24272,25804,31051,32323,24336,27169,16922,21531,5181,9770,3191,3390,6367,7197,8695,10763,16858,19352,25188,26892,21397,23933,15648,19947,4899,9145,213147,149034,30640,25497,46460,39924,8379,103,44
2021-07-02T23:59:59+02:00,157,133,8081,7827,13883,13188,17495,18138,24202,25735,30991,32261,24298,27127,16916,21511,5179,9765,3080,3283,6096,7043,8438,10523,16488,19023,24711,26467,21170,23660,15579,19865,4893,9142,211312,145961,30640,25495,46457,39600,8376,103,44
2021-07-01T23:59:59+02:00,144,123,7953,7721,13801,13130,17425,18086,24134,25683,30938,32208,24270,27102,16906,21499,5178,9764,2891,3097,5749,6759,8000,10103,15897,18548,23944,25805,20679,23187,15452,19704,4881,9117,210525,141379,30635,25482,46451,38569,8352,103,44
2021-06-30T23:59:59+02:00,127,110,7807,7602,13736,13080,17372,18033,24082,25630,30878,32162,24238,27080,16892,21481,5178,9759,2794,3021,5593,6617,7772,9881,14938,17677,23329,25254,20321,22793,15319,19543,4867,9083,209957,139839,30461,23207,46447,37444,8280,103,44
2021-06-29T23:59:59+02:00,112,97,7740,7506,13689,13041,17334,17988,24029,25569,30828,32102,24217,27054,16882,21465,5175,9755,2736,2977,5462,6519,7618,9747,14769,17505,23087,25018,20061,22467,15220,19442,4855,9063,209328,138716,30459,23195,46444,36350,8250,103,44
2021-06-28T23:59:59+02:00,107,91,7675,7435,13622,12980,17284,17937,23987,25524,30771,32058,24200,27026,16875,21455,5173,9753,2705,2944,5395,6467,7524,9676,14672,17423,22936,24804,19858,22222,15165,19373,4851,9049,208785,138112,30457,23185,46436,35557,8173,103,44
2021-06-27T23:59:59+02:00,93,86,7627,7372,13590,12943,17255,17904,23968,25489,30744,32030,24188,27018,16868,21449,5173,9751,2683,2930,5345,6442,7451,9630,14576,17359,22840,24717,19731,22080,15134,19322,4847,9040,208429,137600,30457,23173,46430,35185,8130,103,44
2021-06-26T23:59:59+02:00,89,83,7122,6824,13198,12643,17141,17800,23902,25431,30708,31995,24179,27001,16864,21438,5172,9750,2582,2820,5156,6252,7250,9439,14029,16904,22177,24083,19583,21938,15089,19269,4845,9032,206247,133962,30455,23173,46430,35165,8130,79,23
2021-06-25T23:59:59+02:00,88,80,6643,6338,12741,12270,16981,17681,23811,25366,30628,31954,24156,26974,16859,21428,5170,9747,2479,2667,4981,6059,6991,9141,13496,16370,21624,23497,19387,21728,15031,19202,4841,9020,203839,130259,30455,23173,46430,34951,8113,79,23
2021-06-24T23:59:59+02:00,78,68,6422,6125,12516,12118,16875,17599,23737,25313,30570,31906,24122,26932,16853,21418,5168,9740,2272,2431,4612,5681,6491,8653,12773,15656,20471,22493,18923,21246,14926,19071,4829,9005,202567,124315,30453,23163,46423,33998,8039,79,23
2021-06-23T23:59:59+02:00,73,66,5848,5625,12352,12007,16755,17487,23662,25266,30506,31856,24088,26909,16846,21404,5164,9736,2233,2378,4549,5560,6398,8502,12539,15367,20227,22232,18624,20915,14829,18957,4818,8988,202052,123288,29118,23014,46413,32807,7989,79,23
2021-06-22T23:59:59+02:00,69,61,5707,5495,12252,11901,16667,17414,23603,25204,30437,31777,24061,26876,16836,21383,5160,9734,2181,2341,4454,5478,6273,8354,11669,14707,19813,21823,18289,20560,14721,18818,4808,8967,201116,122362,29111,21320,46393,31616,7939,79,23
2021-06-21T23:59:59+02:00,66,58,5571,5381,12175,11808,16603,17327,23547,25130,30387,31719,24036,26848,16823,21368,5160,9730,2148,2305,4394,5381,6186,8226,10888,14001,19359,21413,18063,20330,14660,18723,4799,8950,200289,121561,29105,19534,46388,30835,7877,79,23
2021-06-20T23:59:59+02:00,64,56,5454,5257,12009,11628,16537,17203,23498,25066,30345,31663,24020,26826,16817,21353,5155,9725,2130,2275,4353,5342,6115,8175,10784,13922,19247,21287,17905,20140,14594,18640,4795,8943,199284,121027,29101,19531,46382,30239,7831,79,23
2021-06-19T23:59:59+02:00,60,52,5436,5237,11239,10962,16057,16809,23437,25021,30301,31621,24001,26806,16809,21341,5155,9725,2057,2154,4148,5111,5831,7893,10456,13586,18191,20431,17736,19951,14561,18575,4790,8931,196679,116798,29101,19531,46381,30224,7830,79,23
2021-06-18T23:59:59+02:00,57,51,5401,5209,10594,10378,15444,16244,23345,24951,30232,31558,23974,26776,16798,21326,5154,9723,1988,2064,4007,4968,5553,7623,10073,13222,17040,19220,17533,19713,14512,18510,4787,8921,193834,112384,29093,19530,46381,29972,7829,79,23
2021-06-17T23:59:59+02:00,50,42,5287,5106,9916,9873,14956,15855,23245,24863,30150,31464,23934,26730,16784,21305,5153,9720,1859,1958,3749,4721,5165,7258,9534,12735,15851,18029,17072,19223,14371,18336,4774,8897,191255,107257,29090,19521,46378,29052,7690,21,16
2021-06-16T23:59:59+02:00,48,34,5155,4974,9721,9710,14811,15725,23152,24770,30050,31388,23890,26684,16769,21293,5152,9710,1817,1916,3642,4632,5062,7138,8501,11883,15579,17732,16776,18887,14236,18165,4768,8864,190081,106362,29079,17640,46375,28103,7481,21,16
2021-06-15T23:59:59+02:00,42,28,4973,4792,9537,9555,14675,15583,23060,24679,29973,31303,23847,26611,16743,21260,5144,9695,1757,1861,3561,4535,4968,7021,8385,11740,15399,17503,16456,18577,14093,17996,4746,8806,188766,105590,29076,17636,46356,26884,7282,21,16
2021-06-14T23:59:59+02:00,40,25,4896,4728,9446,9446,14598,15493,22988,24607,29902,31242,23815,26572,16728,21242,5141,9689,1735,1838,3525,4511,4928,6988,8284,11676,15262,17369,16276,18373,14001,17899,4741,8799,188022,105361,29070,17634,46350,26062,7136,21,16
2021-06-13T23:59:59+02:00,39,24,4838,4679,9361,9372,14513,15426,22926,24556,29835,31189,23789,26544,16719,21232,5141,9687,1686,1824,3482,4486,4872,6945,8211,11638,15162,17274,16119,18189,13947,17825,4734,8792,187440,105077,29064,17632,46334,25453,7012,21,16
2021-06-12T23:59:59+02:00,37,23,4819,4665,9334,9349,14274,15249,22796,24426,29789,31144,23769,26527,16710,21224,5140,9685,1563,1701,3245,4276,4466,6644,7663,11207,13385,15586,15765,17817,13867,17723,4732,8777,186533,98375,29064,17632,46334,25388,7010,20,16
2021-06-11T23:59:59+02:00,33,22,4766,4613,9253,9297,13952,15027,22600,24277,29693,31052,23732,26482,16692,21212,5139,9682,1462,1566,3054,4061,4168,6278,7150,10662,11742,13690,15284,17238,13753,17575,4717,8763,185173,91431,29059,17631,46332,25148,6941,20,16
2021-06-10T23:59:59+02:00,27,19,4481,4387,8705,8968,12678,14003,22033,23826,29318,30746,23595,26323,16639,21144,5126,9667,1340,1478,2818,3879,3840,5995,6712,10271,10324,12359,14771,16661,13582,17367,4702,8736,179834,86887,29041,17628,46325,23842,6466,20,16
2021-06-09T23:59:59+02:00,24,15,4248,4224,8113,8674,11776,13342,21713,23613,29088,30594,23532,26260,16620,21119,5123,9663,1253,1424,2664,3807,3698,5914,6505,10176,10059,12179,14446,16310,13411,17187,4695,8715,177720,86548,27772,17524,46319,22448,5911,20,16
2021-06-08T23:59:59+02:00,20,12,4118,4121,7712,8446,11288,13052,21487,23433,28888,30440,23473,26186,16587,21077,5117,9654,1176,1398,2528,3749,3537,5845,5608,9425,9586,11815,14109,15901,13186,16948,4681,8693,175964,86189,27400,15368,46292,21180,5436,20,16
2021-06-07T23:59:59+02:00,15,10,3997,4045,7472,8340,10999,12873,21284,23319,28733,30322,23414,26133,16569,21052,5113,9646,1128,1281,2406,3685,3407,5782,5442,9349,9375,11688,13879,15643,13030,16779,4674,8675,174734,85999,27390,15363,46283,19939,4910,20,16
2021-06-06T23:59:59+02:00,13,10,3880,3987,7235,8221,10749,12711,21097,23231,28647,30231,23383,26099,16557,21034,5110,9641,1108,1264,2342,3650,3310,5729,5336,9274,9256,11587,13723,15489,12957,16685,4671,8668,173584,85805,27372,15357,46273,19287,4588,20,16
2021-06-05T23:59:59+02:00,13,10,3851,3950,7196,8180,10572,12558,20469,22720,28485,30086,23333,26054,16543,21015,5110,9637,1076,1165,2175,3196,3077,5189,5167,8941,8476,10632,13070,14647,12845,16538,4660,8658,171542,80412,27372,15357,46272,19152,4578,19,16
2021-06-04T23:59:59+02:00,13,10,3821,3923,7157,8154,10474,12466,20104,22390,28381,29989,23298,26015,16529,21005,5108,9636,1044,1098,2077,2884,2918,4711,5010,8570,7960,9974,11570,12929,12719,16341,4653,8640,170253,74029,27359,15356,46271,19128,4572,19,16
2021-06-03T23:59:59+02:00,8,7,3686,3821,6938,8015,9919,12042,18880,21460,27983,29679,23165,25873,16476,20943,5104,9622,993,1053,1989,2773,2781,4552,4805,8265,7595,9523,11190,12529,12610,16227,4650,8627,165499,72237,27349,15353,46267,18071,4488,19,16
2021-06-02T23:59:59+02:00,8,7,3678,3813,6925,7998,9908,12031,18691,21279,27912,29630,23142,25852,16470,20934,5101,9620,988,1046,1977,2744,2758,4533,4594,8081,7060,9034,11153,12488,12595,16213,4646,8621,165430,72130,26804,13861,46267,18047,4480,19,16
2021-06-01T23:59:59+02:00,7,6,3550,3738,6683,7850,9624,11837,18236,20934,27674,29432,23048,25750,16429,20881,5098,9608,951,999,1891,2674,2677,4459,4315,7847,6461,8501,10938,12274,12497,16112,4641,8609,163735,71684,26024,12568,46253,17226,4355,19,16
2021-05-31T23:59:59+02:00,7,6,3504,3693,6592,7782,9488,11735,18110,20843,27582,29355,22981,25688,16412,20853,5093,9601,921,973,1822,2631,2598,4416,4207,7782,6340,8426,10752,12104,12396,15996,4631,8601,162888,71317,25994,12561,46240,16520,4185,19,16
2021-05-30T23:59:59+02:00,7,5,3473,3668,6528,7726,9397,11642,18021,20763,27506,29284,22936,25643,16390,20826,5087,9591,914,964,1811,2621,2585,4404,4178,7756,6288,8384,10690,12024,12362,15953,4626,8592,162183,71274,25988,12558,46223,16226,4081,19,16
2021-05-29T23:59:59+02:00,7,5,3462,3649,6493,7699,9353,11603,17983,20723,27358,29178,22881,25569,16375,20806,5084,9587,878,945,1754,2575,2512,4320,3988,7501,6014,8085,8484,9362,12169,15611,4611,8563,161519,65018,25988,12556,46209,15703,4081,19,16
2021-05-28T23:59:59+02:00,7,5,3399,3594,6362,7622,9213,11471,17825,20591,27175,29056,22818,25492,16355,20788,5083,9586,865,932,1735,2552,2476,4265,3836,7205,5820,7821,5778,6247,11894,15212,4595,8514,160162,58133,25986,12556,46204,14972,4072,19,16
2021-05-27T23:59:59+02:00,7,5,3254,3470,6076,7442,8611,11138,17349,20253,26762,28709,22651,25327,16297,20725,5076,9568,817,874,1650,2455,2358,4131,3414,6233,5398,7222,5616,6072,11814,15139,4589,8497,156693,57651,25927,12509,46198,12221,3884,19,16
2021-05-26T23:59:59+02:00,7,5,3147,3385,5856,7275,8242,10853,16885,19947,26462,28471,22501,25194,16246,20651,5063,9548,800,864,1597,2430,2305,4100,3341,6158,5299,7150,5480,5945,11748,15072,4584,8485,153993,57570,25909,12507,46176,11625,3642,19,16
2021-05-25T23:59:59+02:00,7,5,3056,3323,5714,7160,8046,10689,15885,19172,26108,28117,22342,25037,16194,20571,5056,9538,781,847,1560,2383,2234,4040,3266,6088,5213,7087,5313,5775,11640,14991,4576,8473,152436,57500,23990,12318,46159,11016,3419,17,16
2021-05-24T23:59:59+02:00,7,5,2993,3307,5627,7115,7929,10627,14971,18483,25693,27806,22247,24933,16163,20535,5049,9526,772,845,1539,2366,2191,4003,3221,6040,5136,7007,5212,5667,11560,14915,4575,8467,151714,57462,21919,12242,46150,10581,3217,17,16
2021-05-23T23:59:59+02:00,7,4,2990,3302,5618,7107,7920,10619,14966,18482,25692,27805,22247,24933,16163,20535,5049,9526,770,842,1531,2359,2178,3990,3202,6025,5115,6974,5167,5615,11544,14891,4574,8465,151683,57454,21919,12242,46148,10333,3199,17,16
2021-05-22T23:59:59+02:00,6,4,2953,3258,5538,7054,7818,10530,14764,18316,25409,27557,22146,24846,16130,20491,5046,9521,748,822,1481,2303,2124,3906,3088,5901,4798,6398,4596,4868,10896,14068,4564,8426,150143,54210,21919,12242,46148,9360,3161,17,16
2021-05-21T23:59:59+02:00,4,4,2881,3185,5412,6955,7691,10383,14505,18087,25114,27321,22032,24738,16097,20443,5041,9512,719,769,1412,2174,2022,3637,2904,5568,4317,5500,4180,4329,10150,13126,4499,8301,148199,50459,21918,12242,46142,7761,3131,16,16
2021-05-20T23:59:59+02:00,4,4,2749,3025,5130,6699,7405,10013,14043,17603,24502,26769,21759,24442,16003,20323,5027,9482,705,758,1385,2150,1983,3604,2850,5512,4234,5421,4052,4226,10073,13063,4490,8289,144042,50365,21908,12230,46117,7285,2900,16,16
2021-05-19T23:59:59+02:00,4,4,2695,2973,5032,6557,7262,9831,12897,16566,24237,26477,21662,24312,15958,20262,5018,9475,688,732,1359,2102,1951,3518,2787,5365,4139,5313,3970,4134,10019,12998,4487,8285,142660,50334,19836,12165,46045,6667,2666,16,16
2021-05-18T23:59:59+02:00,4,4,2668,2949,4983,6524,7210,9800,12542,16291,24056,26324,21569,24223,15928,20209,5010,9463,659,674,1302,1974,1878,3317,2688,5157,4010,5115,3746,3856,9936,12918,4477,8275,142374,50311,18983,11163,46000,6108,2385,16,16
2021-05-17T23:59:59+02:00,4,4,2642,2930,4938,6454,7122,9692,12389,16112,23906,26161,21515,24172,15909,20186,5005,9455,651,660,1286,1938,1857,3270,2640,5049,3931,5001,3607,3703,9868,12855,4474,8267,141399,50288,18975,11153,45983,5377,2224,16,16
2021-05-16T23:59:59+02:00,4,4,2630,2917,4915,6387,7084,9609,12329,16038,23854,26100,21491,24155,15899,20172,5002,9452,646,655,1276,1935,1840,3261,2619,5037,3902,4978,3553,3636,9829,12823,4473,8265,140962,50275,18966,11142,45961,5159,2137,16,16
2021-05-15T23:59:59+02:00,4,4,2506,2780,4726,6181,6893,9421,11810,15620,23263,25551,21384,24037,15865,20129,4999,9444,596,592,1194,1846,1704,3108,2332,4729,3453,4467,3221,3207,9666,12618,4449,8236,137568,47315,18965,11142,45956,4834,2112,16,16
2021-05-14T23:59:59+02:00,4,4,2389,2604,4531,5959,6616,9108,11272,15108,22696,24983,21238,23897,15829,20071,4995,9433,534,514,1092,1725,1543,2892,2002,4327,2851,3877,2835,2770,9581,12469,4445,8232,133748,44383,18958,11140,45932,4068,2083,16,16
2021-05-13T23:59:59+02:00,4,4,2209,2320,4210,5577,6190,8637,10711,14420,21660,24069,20956,23623,15769,19972,4988,9418,530,514,1078,1710,1528,2874,1993,4302,2830,3853,2818,2754,9574,12465,4444,8232,127847,44319,18906,11131,45907,3973,2061,16,16
2021-05-12T23:59:59+02:00,4,4,2208,2318,4202,5576,6181,8631,10610,14298,21606,24029,20951,23612,15764,19964,4987,9418,523,492,1042,1655,1479,2795,1910,4215,2771,3794,2737,2659,9523,12392,4444,8232,127800,44316,18582,10304,45907,3970,2058,16,16
2021-05-11T23:59:59+02:00,4,4,2086,2279,4118,5513,6054,8516,10301,14047,21413,23867,20874,23540,15749,19931,4983,9413,498,468,981,1595,1409,2704,1811,4075,2698,3719,2583,2431,9458,12291,4443,8232,126852,44298,18245,9466,45623,3661,1956,16,16
2021-05-10T23:59:59+02:00,4,4,2045,2201,4011,5390,5918,8337,9510,13283,21032,23545,20783,23450,15710,19877,4973,9400,486,440,945,1530,1344,2614,1722,3913,2614,3624,2556,2409,9448,12273,4439,8227,125711,44278,16397,9285,45518,3175,1831,16,16
2021-05-09T23:59:59+02:00,4,4,2013,2188,3976,5351,5865,8289,9441,13214,20962,23472,20747,23409,15695,19850,4970,9386,479,432,922,1486,1318,2565,1688,3851,2576,3581,2547,2397,9437,12256,4439,8219,125263,44218,16393,9282,45422,2936,1742,16,16
2021-05-08T23:59:59+02:00,4,4,1950,2085,3794,5177,5591,8083,9131,12929,19827,22542,20552,23215,15662,19781,4965,9374,407,403,858,1446,1241,2492,1600,3749,2357,3368,2000,1969,9343,12170,4438,8219,121108,42739,16392,9281,45419,2297,1741,6,3
2021-05-07T23:59:59+02:00,4,4,1863,1971,3612,5008,5271,7788,8719,12556,18576,21267,20369,23003,15616,19724,4956,9355,321,345,749,1371,1109,2362,1466,3606,2182,3175,1630,1628,8854,11721,4437,8217,116165,40999,16388,9276,45395,1188,1708,6,3
2021-05-06T23:59:59+02:00,4,4,1679,1862,3327,4753,4821,7382,8079,11994,17331,20026,20035,22626,15509,19560,4946,9344,304,336,728,1341,1069,2315,1417,3522,2115,3107,1594,1573,8837,11690,4431,8214,110310,40979,16380,9270,45162,918,1424,6,3
2021-05-05T23:59:59+02:00,4,3,1609,1833,3243,4667,4742,7276,7950,11842,17177,19880,19915,22506,15432,19464,4924,9247,294,325,686,1290,1008,2240,1334,3372,2007,2990,1501,1474,8419,11122,4425,8196,109543,40942,16238,8141,44991,662,936,6,3
2021-05-04T23:59:59+02:00,4,3,1582,1804,3197,4589,4683,7165,7700,11546,16615,19301,19828,22375,15356,19366,4894,9133,278,312,663,1260,987,2186,1276,3252,1894,2833,1429,1368,8348,11018,4420,8178,108835,40915,14891,7865,44887,398,522,6,3
2021-05-03T23:59:59+02:00,4,3,1574,1801,3187,4574,4645,7140,7446,11312,15920,18705,19764,22290,15329,19332,4888,9123,263,292,641,1177,938,2098,1213,3113,1796,2696,1363,1288,8322,10983,4416,8169,108743,40905,13292,7658,44847,54,149,6,3
2021-05-02T23:59:59+02:00,4,3,1573,1799,3180,4572,4640,7137,7433,11302,15901,18694,19747,22282,15329,19330,4887,9123,263,289,638,1176,933,2095,1203,3107,1788,2690,1349,1281,8321,10978,4415,8169,108716,40882,13289,7656,44821,51,104,6,3
2021-05-01T23:59:59+02:00,4,3,1441,1656,2902,4323,4173,6779,6814,10820,13964,16814,19365,21884,15238,19214,4884,9107,261,289,635,1174,932,2092,1201,3105,1786,2686,1344,1277,8319,10976,4415,8169,101174,40851,13289,7656,44816,51,101,5,3
2021-04-30T23:59:59+02:00,3,3,1320,1510,2684,4101,3843,6383,6246,10225,12171,14770,18906,21342,15134,19071,4870,9096,256,288,628,1167,917,2084,1189,3095,1775,2673,1334,1268,8315,10971,4414,8168,93539,40806,13289,7656,44816,48,30,4,3
2021-04-29T23:59:59+02:00,2,3,1203,1448,2518,3977,3602,6180,5889,9924,10828,13494,18646,21064,15091,19001,4866,9090,255,284,623,1159,905,2078,1169,3090,1745,2636,1308,1244,8309,10962,4414,8168,88853,40773,13280,7523,44676,38,13,4,3
2021-04-28T23:59:59+02:00,2,3,1147,1442,2467,3957,3551,6156,5826,9891,10731,13426,18614,21030,15084,18985,4866,9087,255,283,621,1158,902,2076,1164,3086,1737,2635,1301,1225,7863,10439,4414,8168,88583,40750,13230,6530,44436,34,12,4,2
2021-04-27T23:59:59+02:00,2,3,1102,1415,2362,3913,3486,6128,5707,9835,10614,13349,18580,20990,15071,18970,4864,9085,254,283,619,1150,901,2074,1159,3083,1733,2631,1289,1208,7445,9857,4414,8168,88071,40730,13177,5497,44213,29,11,4,2
2021-04-26T23:59:59+02:00,2,3,1060,1385,2272,3821,3359,6028,5539,9714,10309,13090,18518,20935,15062,18952,4862,9085,253,282,618,1148,895,2070,1152,3080,1715,2622,1274,1195,7436,9837,4414,8168,86730,40643,13166,5476,44085,28,11,4,2
2021-04-25T23:59:59+02:00,2,3,1057,1383,2264,3819,3352,6024,5519,9706,10275,13060,18507,20923,15061,18946,4862,9084,252,282,618,1148,895,2070,1150,3080,1715,2622,1274,1195,7436,9835,4414,8168,86709,40641,13157,5474,43967,28,10,4,2
2021-04-24T23:59:59+02:00,2,2,1014,1270,2075,3281,3081,5408,5327,9294,9442,12013,17799,20025,14948,18786,4854,9073,251,281,617,1147,895,2069,1150,3079,1709,2617,1271,1190,7434,9833,4414,8167,80582,40616,13157,5470,43942,28,9,4,2
2021-04-23T23:59:59+02:00,1,2,981,1186,1963,2933,2899,4856,5131,8866,8888,11291,16168,18162,14800,18580,4846,9050,251,281,616,1147,893,2067,1149,3079,1708,2616,1266,1185,7430,9831,4414,8166,73552,40602,13156,5459,43882,28,9,4,2
2021-04-22T23:59:59+02:00,1,2,976,1174,1943,2917,2879,4836,5073,8820,8776,11187,16095,18085,14773,18550,4844,9045,249,281,612,1146,890,2066,1141,3067,1692,2596,1242,1163,7425,9823,4414,8166,73501,40588,13098,5348,43364,27,9,4,2
2021-04-21T23:59:59+02:00,1,2,966,1166,1929,2904,2852,4810,5027,8765,8668,11064,16008,18001,14744,18516,4844,9040,244,278,602,1137,876,2036,1131,3042,1682,2571,1229,1149,7200,9505,4413,8166,73457,40581,13041,4644,42796,26,9,4,2
2021-04-20T23:59:59+02:00,1,2,939,1118,1877,2790,2779,4647,4933,8586,8493,10855,15775,17719,14685,18457,4837,9034,231,275,584,1116,850,2005,1102,3016,1647,2530,1209,1136,7191,9500,4412,8165,73418,40560,11912,4378,42184,22,9,4,1
2021-04-19T23:59:59+02:00,1,2,930,1110,1845,2770,2729,4622,4809,8525,8293,10743,15683,17621,14663,18438,4837,9028,225,267,566,1095,832,1972,1084,2973,1601,2475,1191,1117,7184,9497,4410,8164,73019,40525,11891,4099,41726,20,9,4,1
2021-04-18T23:59:59+02:00,1,2,927,1109,1840,2764,2721,4610,4791,8514,8253,10700,15634,17562,14653,18421,4836,9026,225,267,566,1094,831,1972,1083,2973,1601,2474,1191,1116,7182,9496,4409,8164,72973,40518,11887,4097,41491,20,9,4,1
2021-04-17T23:59:59+02:00,0,2,895,1094,1791,2726,2653,4531,4637,8373,7990,10471,13261,14657,14454,18067,4819,8990,223,267,566,1091,827,1965,1071,2966,1591,2454,1153,1074,6849,9082,4384,8116,66142,39564,11887,4086,41369,20,9,4,1
2021-04-16T23:59:59+02:00,0,2,889,1088,1779,2715,2611,4491,4545,8289,7810,10277,10421,11403,14182,17649,4800,8935,222,263,565,1087,822,1961,1062,2963,1583,2441,1142,1060,6843,9077,4382,8113,58858,39487,11885,4070,41130,20,9,4,1
2021-04-15T23:59:59+02:00,0,2,877,1083,1757,2701,2568,4458,4427,8228,7580,10076,10170,11185,14120,17583,4793,8921,220,262,565,1085,821,1959,1059,2960,1580,2438,1137,1055,6841,9075,4382,8113,58834,39472,11883,4052,39799,19,9,4,1
2021-04-14T23:59:59+02:00,0,2,859,1056,1698,2618,2479,4334,4236,8044,7305,9794,9796,10700,13971,17402,4787,8909,196,237,524,1034,798,1892,1024,2880,1530,2376,1111,1025,6836,9066,4382,8112,58799,39456,10934,3541,38244,17,9,4,1
2021-04-13T23:59:59+02:00,0,2,835,1034,1661,2566,2412,4251,4135,7906,7094,9574,9389,10181,13825,17235,4782,8897,160,213,489,986,758,1799,989,2770,1477,2306,1092,990,6820,9055,4381,8112,58753,39392,9984,2985,37029,11,9,4,1
2021-04-12T23:59:59+02:00,0,2,830,1032,1642,2562,2383,4238,4083,7855,6953,9402,9123,9866,13761,17175,4771,8880,149,199,461,946,735,1734,969,2698,1433,2256,1070,973,6804,9035,4378,8107,58695,39276,9953,2651,35897,11,9,4,1
2021-04-11T23:59:59+02:00,0,2,829,1031,1631,2562,2369,4236,4060,7843,6888,9340,8990,9701,13734,17127,4766,8871,149,199,461,944,734,1732,967,2698,1432,2256,1070,973,6802,9035,4378,8107,58682,39268,9951,2650,35334,10,9,4,1
2021-04-10T23:59:59+02:00,0,2,813,1027,1602,2533,2332,4207,3990,7785,6756,9223,8433,8966,13067,16275,4755,8829,146,199,459,941,728,1729,967,2691,1423,2249,1057,957,6332,8536,4362,8091,55346,38200,9950,2648,35286,10,9,4,1
2021-04-09T23:59:59+02:00,0,2,791,999,1561,2484,2266,4127,3837,7625,6409,8891,7906,8307,12244,15248,4684,8691,144,197,457,935,721,1721,958,2681,1408,2238,1035,935,6090,8264,4342,8064,51355,37527,9943,2644,34761,10,9,4,1
2021-04-08T23:59:59+02:00,0,2,781,989,1534,2460,2200,4078,3703,7537,6155,8590,7291,7652,12082,15048,4673,8675,144,195,452,931,716,1714,950,2670,1399,2225,1023,932,6087,8262,4341,8064,51321,37504,9918,2582,32198,10,9,4,1
2021-04-07T23:59:59+02:00,0,2,774,980,1508,2442,2141,4040,3616,7467,5924,8325,6735,7018,11471,14298,4660,8647,125,188,421,884,670,1645,893,2600,1349,2156,1003,916,6079,8256,4340,8064,51291,37480,8758,2091,29987,10,8,4,1
2021-04-06T23:59:59+02:00,0,2,769,978,1494,2434,2112,4017,3543,7418,5743,8153,6289,6510,11269,14082,4645,8616,102,167,373,825,625,1570,849,2500,1296,2092,978,900,6060,8241,4338,8060,51222,37452,8574,1507,28267,10,7,4,1
2021-04-05T23:59:59+02:00,0,2,764,974,1478,2426,2087,4007,3492,7392,5599,8043,6085,6296,11202,13996,4639,8606,96,165,372,823,618,1561,841,2485,1283,2073,950,869,4957,6839,4260,7954,51022,34632,8570,1497,27485,10,7,4,1
2021-04-04T23:59:59+02:00,0,2,762,968,1476,2424,2083,4005,3475,7385,5589,8036,6074,6276,11188,13978,4637,8603,96,165,370,821,615,1556,834,2478,1268,2054,927,847,3947,5678,4194,7848,51007,32184,8568,1497,27375,10,7,4,1
2021-04-03T23:59:59+02:00,0,2,710,912,1395,2353,1960,3866,3214,7125,5128,7543,5729,5819,11016,13759,4609,8574,94,165,370,820,615,1554,833,2478,1268,2054,927,847,3947,5675,4194,7847,47762,32174,8568,1497,27373,10,7,4,1
2021-04-02T23:59:59+02:00,0,2,668,878,1340,2285,1862,3752,2961,6866,4610,7063,5337,5359,10915,13593,4604,8568,93,165,370,820,615,1554,831,2478,1266,2053,924,843,3944,5672,4193,7847,44831,32156,8567,1496,27255,10,6,4,1
2021-04-01T23:59:59+02:00,0,2,665,875,1330,2280,1842,3744,2932,6852,4536,6990,5228,5249,10876,13544,4603,8563,93,165,368,816,613,1551,831,2475,1262,2049,914,842,3939,5669,4192,7846,44814,32145,8423,1464,26864,10,6,4,1
2021-03-31T23:59:59+02:00,0,2,663,873,1323,2263,1834,3734,2904,6824,4473,6944,5088,5087,10362,12935,4599,8555,93,165,367,816,613,1551,831,2475,1260,2049,913,842,3939,5668,4192,7845,44803,32139,7290,1464,26361,10,6,3,1
2021-03-30T23:59:59+02:00,0,2,654,870,1305,2243,1805,3705,2867,6789,4387,6855,4920,4893,9835,12234,4592,8540,88,162,366,812,608,1549,826,2469,1252,2046,902,832,3931,5665,4191,7844,44778,32118,6101,1410,25608,9,6,3,1
2021-03-29T23:59:59+02:00,0,2,649,862,1292,2209,1789,3674,2836,6747,4315,6770,4720,4695,9749,12140,4589,8526,88,162,366,810,603,1545,824,2463,1247,2038,894,826,3923,5657,4191,7844,44709,32104,5884,1363,24962,8,6,3,1
2021-03-28T23:59:59+02:00,0,2,646,860,1289,2206,1775,3664,2820,6735,4280,6718,4625,4585,9713,12076,4584,8519,88,162,366,809,603,1545,822,2463,1245,2038,893,826,3922,5657,4191,7844,44687,32102,5875,1358,24526,8,6,3,1
2021-03-27T23:59:59+01:00,0,2,642,855,1279,2202,1758,3647,2792,6705,4117,6575,4047,4130,9484,11830,4571,8500,88,162,364,807,601,1543,820,2460,1237,2032,889,822,3743,5366,4084,7671,42741,31317,5871,1358,24515,8,6,3,1
2021-03-26T23:59:59+01:00,0,2,637,847,1271,2191,1736,3630,2767,6683,4041,6497,3639,3763,8881,11270,4558,8486,88,162,364,806,600,1540,816,2457,1227,2028,876,809,3020,4423,3875,7323,40797,29042,5858,1358,24235,8,6,3,1
2021-03-25T23:59:59+01:00,0,2,630,841,1258,2177,1717,3606,2708,6643,3957,6419,3464,3543,8770,11160,4552,8480,88,162,364,806,600,1539,816,2456,1225,2028,876,809,3019,4422,3874,7322,40783,29034,5750,1358,23385,8,6,3,1
2021-03-24T23:59:59+01:00,0,2,624,834,1225,2151,1672,3561,2630,6574,3800,6269,3144,3179,8359,10609,4543,8467,84,160,352,793,584,1521,783,2422,1175,1996,843,770,3010,4416,3874,7319,40760,28732,4991,1357,21883,7,6,3,1
2021-03-23T23:59:59+01:00,0,2,612,826,1200,2120,1630,3514,2548,6494,3651,6115,2763,2794,8142,10390,4535,8448,79,156,340,772,549,1490,722,2359,1074,1914,760,710,2973,4381,3870,7315,40715,28101,4701,1350,20360,7,6,2,1
2021-03-22T23:59:59+01:00,0,2,589,716,1163,2067,1597,3458,2495,6424,3510,5985,2522,2555,7812,10034,4519,8412,79,155,340,772,549,1488,720,2357,1071,1914,758,706,2969,4376,3869,7312,40247,28072,4379,1350,19226,7,6,2,1
2021-03-21T23:59:59+01:00,0,2,588,713,1157,2058,1586,3448,2478,6409,3472,5951,2380,2391,7719,9922,4510,8397,79,155,340,771,549,1488,720,2357,1071,1914,758,706,2969,4375,3869,7311,40243,28069,4365,1350,18565,7,6,2,1
2021-03-20T23:59:59+01:00,0,2,587,713,1155,2051,1579,3441,2472,6402,3455,5929,2348,2353,7228,9404,4493,8380,79,155,340,771,548,1488,718,2356,1071,1912,758,706,2969,4373,3867,7309,39201,28057,4353,1350,18430,7,6,2,1
2021-03-19T23:59:59+01:00,0,2,580,705,1137,2032,1544,3417,2402,6262,3391,5821,2166,2169,6920,9083,4471,8355,79,155,339,765,544,1485,713,2348,1062,1899,749,699,2542,3769,3443,6556,38590,25789,4337,1350,17522,2,6,2,1
2021-03-18T23:59:59+01:00,0,2,565,688,1117,2001,1517,3387,2362,6194,3316,5732,2013,1972,6799,8963,4465,8344,78,155,339,764,543,1485,712,2344,1058,1898,742,696,2492,3697,3416,6515,38569,25599,4326,1328,16535,2,5,2,1
2021-03-17T23:59:59+01:00,0,1,536,659,1072,1946,1480,3302,2285,6076,3164,5576,1758,1705,6633,8810,4455,8329,77,151,327,737,527,1441,690,2286,1020,1857,725,677,2250,3402,3328,6385,38497,24617,3799,1256,15484,2,5,2,1
2021-03-16T23:59:59+01:00,0,1,492,630,1032,1891,1429,3198,2220,5922,3048,5442,1560,1481,6498,8662,4445,8306,71,136,306,681,497,1365,661,2151,990,1729,675,627,2136,3264,3302,6298,38441,23859,3181,1024,14629,2,4,2,1
2021-03-15T23:59:59+01:00,0,1,480,619,1000,1842,1395,3130,2191,5837,2961,5358,1434,1346,5916,7974,4405,8242,68,129,293,623,482,1245,623,2021,950,1616,646,606,2098,3224,3287,6235,37203,23453,2827,691,14099,2,0,2,1
2021-03-14T23:59:59+01:00,0,1,475,612,991,1830,1391,3112,2175,5819,2927,5331,1391,1296,5519,7527,4382,8224,67,124,289,600,476,1218,617,1965,940,1591,646,606,2098,3224,3286,6233,36381,23447,2822,531,13798,2,0,2,1
2021-03-13T23:59:59+01:00,0,1,457,594,954,1782,1338,3048,1919,5232,2687,4916,1285,1183,4858,6677,4332,8149,67,124,288,597,474,1216,615,1963,939,1587,644,602,1735,2741,2760,5472,34696,21291,2818,531,11896,2,0,2,1
2021-03-12T23:59:59+01:00,0,1,441,573,933,1739,1307,2965,1716,4445,2481,4467,1213,1100,4157,5879,4285,8067,67,122,287,593,474,1213,613,1955,934,1581,641,595,1409,2198,2214,4676,33015,19040,2815,531,9937,1,0,2,1
2021-03-11T23:59:59+01:00,0,1,437,566,924,1724,1292,2947,1691,4409,2444,4430,1139,1044,4113,5842,4282,8063,67,114,281,571,460,1161,604,1906,915,1545,629,582,1403,2180,2205,4625,32977,18788,2719,459,9650,1,0,2,1
2021-03-10T23:59:59+01:00,0,1,417,554,878,1665,1236,2870,1617,4312,2377,4337,1105,1021,4097,5825,4281,8061,67,114,279,567,457,1154,599,1883,915,1540,624,574,1342,2093,2160,4568,32962,18501,2148,434,9542,1,0,2,1
2021-03-09T23:59:59+01:00,0,1,396,538,833,1616,1193,2806,1575,4229,2334,4284,1085,1010,4091,5818,4280,8059,65,113,278,566,456,1143,597,1871,909,1535,621,568,1136,1782,2042,4390,32915,17664,1703,407,9528,1,0,2,1
2021-03-08T23:59:59+01:00,0,1,389,527,823,1601,1185,2789,1567,4203,2322,4271,1072,999,4054,5770,4278,8054,64,113,274,561,452,1137,596,1867,905,1533,621,568,1067,1691,1997,4346,32786,17408,1606,383,9511,1,0,2,1
2021-03-07T23:59:59+01:00,0,1,388,523,823,1600,1183,2787,1564,4196,2312,4266,1065,991,4048,5764,4277,8053,62,110,265,539,440,1111,580,1767,870,1458,620,568,963,1561,1945,4277,32770,17045,1566,91,9503,0,0,2,1
2021-03-06T23:59:59+01:00,0,1,380,507,804,1567,1159,2728,1523,4129,2118,3768,1035,954,3875,5491,4175,7888,62,110,265,539,440,1110,580,1767,870,1458,620,568,960,1560,1942,4276,32052,17036,1566,91,8482,0,0,2,1
2021-03-05T23:59:59+01:00,0,1,366,468,772,1462,1109,2512,1448,3917,1904,3101,1005,909,3120,4526,3970,7544,62,109,264,536,437,1104,579,1762,866,1455,617,566,921,1502,1919,4237,29734,16845,1565,91,6833,0,0,2,1
2021-03-04T23:59:59+01:00,0,1,353,459,764,1442,1096,2489,1429,3888,1881,3082,991,905,3116,4522,3967,7542,61,108,261,533,433,1088,569,1740,865,1447,615,564,884,1448,1896,4200,29721,16684,1526,28,6678,0,0,2,1
2021-03-03T23:59:59+01:00,0,1,344,426,745,1391,1066,2406,1379,3733,1802,2985,958,859,3106,4516,3967,7539,60,107,258,530,432,1084,567,1731,862,1443,615,563,864,1395,1807,4053,29406,16345,1526,26,6289,0,0,2,1
2021-03-02T23:59:59+01:00,0,1,338,417,729,1367,1018,2361,1311,3649,1686,2886,870,793,3063,4477,3961,7533,60,107,257,526,431,1076,567,1725,862,1439,614,563,864,1395,1807,4053,28765,16320,1461,26,6232,0,0,2,1
2021-03-01T23:59:59+01:00,0,1,334,403,722,1320,1005,2303,1291,3567,1659,2837,851,784,3055,4467,3961,7533,60,106,256,522,426,1062,563,1712,853,1431,613,561,768,1240,1750,3973,28725,15870,1409,26,5957,0,0,2,1
2021-02-28T23:59:59+01:00,0,1,329,390,714,1281,991,2226,1279,3480,1636,2758,847,774,3053,4463,3960,7530,60,106,256,522,426,1061,563,1712,851,1431,613,560,671,1114,1703,3892,28711,15516,1406,25,5593,0,0,2,1
2021-02-27T23:59:59+01:00,0,1,320,370,700,1254,972,2190,1244,3411,1613,2705,830,759,3050,4463,3959,7530,60,106,256,522,426,1061,562,1712,849,1431,613,560,671,1113,1703,3892,28709,15512,1406,25,5254,0,0,2,1
2021-02-26T23:59:59+01:00,0,1,294,317,653,1189,908,2072,1154,3245,1508,2566,801,736,2615,3856,3531,6750,60,106,253,519,426,1059,560,1710,846,1425,609,558,664,1101,1694,3873,26413,15438,1406,25,4375,0,0,2,1
2021-02-25T23:59:59+01:00,0,1,289,304,639,1159,887,2030,1135,3179,1490,2521,798,733,2568,3783,3501,6707,58,104,249,511,426,1055,555,1700,843,1414,603,554,587,992,1647,3815,26194,15090,1406,23,4122,0,0,2,1
2021-02-24T23:59:59+01:00,0,1,270,294,588,1113,840,1962,1077,3084,1449,2464,782,715,2330,3483,3411,6570,57,100,244,504,420,1036,546,1678,840,1394,596,542,573,972,1636,3792,25206,14915,1406,15,3819,0,0,2,1
2021-02-23T23:59:59+01:00,0,1,257,273,559,1057,803,1887,1009,2934,1375,2362,730,665,2215,3344,3385,6477,57,98,242,498,420,1020,536,1646,832,1372,587,535,557,921,1624,3741,24401,14671,1401,15,3529,0,0,2,1
2021-02-22T23:59:59+01:00,0,1,253,267,546,994,783,1811,983,2839,1339,2302,705,643,2185,3308,3376,6414,57,97,236,492,418,1007,527,1629,828,1347,573,522,535,895,1618,3686,23995,14452,1401,15,3351,0,0,2,1
2021-02-21T23:59:59+01:00,0,1,250,259,537,969,770,1774,975,2791,1309,2276,705,641,2183,3308,3375,6413,57,97,235,492,418,1007,527,1629,828,1346,573,521,535,895,1618,3685,23989,14448,1401,15,3144,0,0,2,1
2021-02-20T23:59:59+01:00,0,1,169,229,467,920,701,1697,905,2702,1224,2176,690,626,1809,2790,2820,5610,57,97,235,492,418,1007,527,1628,828,1346,573,521,535,895,1617,3685,21713,14446,1401,15,2420,0,0,2,1
2021-02-19T23:59:59+01:00,0,1,84,167,357,839,575,1565,772,2553,1089,2025,674,605,1502,2275,2269,4816,57,97,235,492,418,1006,527,1628,828,1346,573,521,529,893,1615,3679,19503,14429,1401,15,1262,0,0,2,1
2021-02-18T23:59:59+01:00,0,1,81,162,345,789,554,1476,739,2413,1056,1957,658,594,1493,2256,2260,4764,54,90,229,470,404,939,512,1548,808,1272,559,507,523,875,1612,3657,19259,14044,1376,15,961,0,0,2,1
2021-02-17T23:59:59+01:00,0,1,80,154,331,766,545,1443,710,2320,1019,1857,653,584,1435,2168,2212,4714,54,87,227,461,396,901,501,1483,789,1190,546,496,521,873,1612,3657,18998,13779,1303,15,689,0,0,2,1
2021-02-16T23:59:59+01:00,0,1,75,148,316,726,517,1370,678,2212,994,1752,642,577,1190,1822,2088,4531,53,78,226,455,390,871,488,1418,763,1123,525,483,519,873,1609,3656,18077,13528,1064,2,496,0,0,2,1
2021-02-15T23:59:59+01:00,0,1,70,132,290,622,482,1228,622,1999,944,1593,633,575,1107,1715,2037,4466,53,78,224,450,386,865,487,1414,761,1116,525,483,518,868,1608,3653,17748,13489,726,0,40,0,0,2,1
2021-02-14T23:59:59+01:00,0,1,69,125,285,596,477,1199,611,1945,930,1571,633,575,1009,1591,1990,4409,53,78,224,450,386,865,487,1412,761,1116,525,483,518,868,1608,3653,17419,13487,571,0,24,0,0,2,1
2021-02-13T23:59:59+01:00,0,1,69,124,285,595,476,1195,610,1943,928,1568,632,574,1008,1582,1986,4406,53,78,224,449,384,860,486,1407,759,1115,523,481,501,830,1348,3186,17385,12684,571,0,24,0,0,2,1
2021-02-12T23:59:59+01:00,0,1,68,124,284,594,472,1191,610,1940,925,1567,629,573,969,1530,1966,4365,53,78,224,445,381,851,481,1398,753,1108,516,473,483,790,985,2477,17214,11496,571,0,21,0,0,2,1
2021-02-11T23:59:59+01:00,0,1,67,117,281,581,459,1164,604,1914,918,1555,628,572,926,1472,1944,4326,53,75,209,414,367,804,465,1324,738,1076,513,472,483,790,984,2476,17034,11244,488,0,5,0,0,2,0
2021-02-10T23:59:59+01:00,0,1,66,117,277,578,457,1159,600,1898,913,1551,628,572,917,1456,1923,4283,52,65,175,336,313,702,415,1152,659,982,478,460,478,789,984,2475,16933,10516,460,0,1,0,0,2,0
2021-02-09T23:59:59+01:00,0,1,64,115,271,574,454,1146,599,1884,906,1545,627,571,905,1420,1853,4177,43,53,124,257,236,551,333,950,558,829,443,449,474,788,981,2475,16679,9545,431,0,0,0,0,2,0
2021-02-08T23:59:59+01:00,0,1,63,115,268,565,451,1138,598,1869,899,1537,625,568,803,1267,1796,4095,38,43,86,168,173,415,268,712,499,694,435,443,470,785,980,2475,16250,8685,406,0,0,0,0,2,0
2021-02-07T23:59:59+01:00,0,1,61,112,259,542,436,1107,582,1766,864,1458,624,567,700,1139,1748,4011,37,42,82,165,170,408,263,699,494,683,433,442,470,785,980,2474,15877,8628,98,0,0,0,0,2,0
2021-02-06T23:59:59+01:00,0,1,61,112,258,542,436,1107,580,1765,861,1455,621,565,698,1130,1742,4004,34,41,81,162,167,398,259,691,483,674,425,441,434,737,740,2081,15838,7849,98,0,0,0,0,2,0
2021-02-05T23:59:59+01:00,0,1,61,112,256,538,436,1105,579,1764,859,1453,619,565,688,1123,1736,3991,32,39,77,158,162,390,251,672,466,664,419,441,428,712,336,1449,15786,6697,98,0,0,0,0,2,0
2021-02-04T23:59:59+01:00,0,1,59,110,251,532,430,1089,563,1737,855,1439,612,555,603,1006,1685,3930,31,36,73,152,156,379,237,650,449,650,414,433,423,705,334,1442,15425,6565,30,0,0,0,0,2,0
2021-02-03T23:59:59+01:00,0,1,58,105,247,525,429,1069,560,1721,853,1424,608,545,592,996,1682,3916,24,28,59,121,123,280,174,508,339,500,308,331,338,548,256,1159,15301,5097,28,0,0,0,0,2,0
2021-02-02T23:59:59+01:00,0,1,58,103,244,520,429,1051,548,1688,844,1400,595,535,581,947,1672,3867,17,21,40,78,87,186,122,343,222,361,217,221,218,344,182,765,15054,3425,28,0,0,0,0,1,0
2021-02-01T23:59:59+01:00,0,1,58,101,240,512,427,1035,540,1667,840,1377,588,529,559,918,1664,3820,7,11,20,42,48,97,65,168,97,165,103,104,91,160,76,336,14847,1590,28,0,0,0,0,1,0
2021-01-31T23:59:59+01:00,0,1,58,101,239,511,425,1031,538,1662,838,1374,588,528,559,918,1664,3819,7,11,18,38,43,83,61,142,83,149,98,102,90,159,74,334,14825,1492,28,0,0,0,0,1,0
2021-01-30T23:59:59+01:00,0,1,58,101,239,511,425,1031,538,1662,838,1374,588,528,559,918,1664,3819,7,11,18,38,43,83,61,142,83,149,98,101,90,159,74,334,14825,1491,28,0,0,0,0,1,0
2021-01-29T23:59:59+01:00,0,1,58,101,239,511,425,1031,538,1662,838,1374,588,528,559,918,1664,3819,7,11,18,38,43,83,61,142,83,149,98,101,90,159,74,334,14825,1491,28,0,0,0,0,1,0
2021-01-28T23:59:59+01:00,0,1,56,93,235,482,413,964,520,1576,815,1292,575,514,553,901,1661,3801,3,2,4,6,11,15,19,34,22,32,16,22,21,34,19,99,14429,359,22,0,0,0,0,1,0
2021-01-27T23:59:59+01:00,0,1,54,89,235,472,405,925,510,1510,795,1209,563,502,551,899,1661,3801,3,2,4,6,9,15,19,33,21,30,16,21,21,34,19,99,14161,352,20,0,0,0,0,1,0
2021-01-26T23:59:59+01:00,0,1,53,83,230,469,398,896,499,1443,770,1142,541,489,549,899,1661,3801,1,2,4,6,9,14,17,29,17,25,14,18,19,32,19,91,13905,317,18,0,0,0,0,1,0
2021-01-25T23:59:59+01:00,0,1,53,83,227,464,395,890,499,1440,769,1137,541,489,549,896,1661,3799,0,0,0,0,0,1,0,0,0,0,1,1,0,2,0,0,13876,5,16,0,0,0,0,1,0
2021-01-24T23:59:59+01:00,0,1,53,83,227,464,395,890,499,1439,769,1137,541,489,549,896,1661,3799,0,0,0,0,0,1,0,0,0,0,1,1,0,2,0,0,13875,5,16,0,0,0,0,1,0
2021-01-23T23:59:59+01:00,0,1,53,83,227,463,394,886,499,1433,768,1135,538,487,532,858,1400,3321,0,0,0,0,0,1,0,0,0,0,1,1,0,2,0,0,13061,5,16,0,0,0,0,1,0
2021-01-22T23:59:59+01:00,0,1,53,83,226,459,390,876,494,1423,763,1127,532,479,515,816,1021,2582,0,0,0,0,0,1,0,0,0,0,1,1,0,2,0,0,11824,5,16,0,0,0,0,0,0
2021-01-21T23:59:59+01:00,0,1,53,80,207,425,363,820,467,1323,737,1093,528,479,515,816,1020,2581,0,0,0,0,0,1,0,0,0,0,1,1,0,2,0,0,11492,5,16,0,0,0,0,0,0
2021-01-20T23:59:59+01:00,0,1,51,70,179,353,322,735,424,1169,667,1002,492,468,510,816,1020,2580,0,0,0,0,0,1,0,0,0,0,1,1,0,2,0,0,10843,5,16,0,0,0,0,0,0
2021-01-19T23:59:59+01:00,0,1,44,57,135,275,248,576,347,987,577,862,457,456,506,814,1020,2580,0,0,0,0,0,0,0,0,0,0,1,0,0,2,0,0,9934,3,8,0,0,0,0,0,0
2021-01-18T23:59:59+01:00,0,1,40,44,86,175,179,425,279,724,506,705,448,449,503,809,1018,2580,0,0,0,0,0,0,0,0,0,0,0,0,0,1,0,0,8971,1,0,0,0,0,0,0,0
2021-01-17T23:59:59+01:00,0,1,37,43,83,171,175,417,275,713,501,692,446,449,503,809,1018,2579,0,0,0,0,0,0,0,0,0,0,0,0,0,0,0,0,8912,0,0,0,0,0,0,0,0
2021-01-16T23:59:59+01:00,0,1,34,42,81,169,171,408,268,706,486,683,438,447,464,762,771,2183,0,0,0,0,0,0,0,0,0,0,0,0,0,0,0,0,8114,0,0,0,0,0,0,0,0
2021-01-15T23:59:59+01:00,0,1,32,40,78,164,168,402,261,689,472,675,432,446,459,738,358,1540,0,0,0,0,0,0,0,0,0,0,0,0,0,0,0,0,6955,0,0,0,0,0,0,0,0
2021-01-14T23:59:59+01:00,0,1,32,38,77,158,163,397,253,678,461,667,429,443,459,737,358,1540,0,0,0,0,0,0,0,0,0,0,0,0,0,0,0,0,6891,0,0,0,0,0,0,0,0
2021-01-13T23:59:59+01:00,0,0,24,31,61,126,128,302,193,544,352,524,326,341,374,575,279,1245,0,0,0,0,0,0,0,0,0,0,0,0,0,0,0,0,5425,0,0,0,0,0,0,0,0
2021-01-12T23:59:59+01:00,0,0,17,24,45,87,93,214,139,393,239,388,234,234,247,369,201,845,0,0,0,0,0,0,0,0,0,0,0,0,0,0,0,0,3769,0,0,0,0,0,0,0,0
2021-01-11T23:59:59+01:00,0,0,9,15,26,47,62,137,88,220,126,207,116,112,106,177,90,372,0,0,0,0,0,0,0,0,0,0,0,0,0,0,0,0,1910,0,0,0,0,0,0,0,0
2021-01-10T23:59:59+01:00,0,0,8,15,22,44,55,109,80,179,106,174,110,108,102,175,87,372,0,0,0,0,0,0,0,0,0,0,0,0,0,0,0,0,1746,0,0,0,0,0,0,0,0
2021-01-09T23:59:59+01:00,0,0,8,15,22,44,55,109,80,179,106,174,110,107,102,175,87,372,0,0,0,0,0,0,0,0,0,0,0,0,0,0,0,0,1745,0,0,0,0,0,0,0,0
2021-01-08T23:59:59+01:00,0,0,8,14,21,43,52,102,75,168,100,171,107,103,97,166,85,362,0,0,0,0,0,0,0,0,0,0,0,0,0,0,0,0,1674,0,0,0,0,0,0,0,0
2021-01-07T23:59:59+01:00,0,0,3,3,4,7,11,16,20,34,24,36,17,22,23,35,23,107,0,0,0,0,0,0,0,0,0,0,0,0,0,0,0,0,385,0,0,0,0,0,0,0,0
2021-01-06T23:59:59+01:00,0,0,3,2,4,6,9,15,20,33,21,32,17,21,23,35,23,106,0,0,0,0,0,0,0,0,0,0,0,0,0,0,0,0,370,0,0,0,0,0,0,0,0
2021-01-05T23:59:59+01:00,0,0,3,2,4,6,9,15,20,33,21,32,17,21,23,35,23,106,0,0,0,0,0,0,0,0,0,0,0,0,0,0,0,0,370,0,0,0,0,0,0,0,0
2021-01-04T23:59:59+01:00,0,0,0,0,0,0,0,1,1,0,0,0,1,1,0,2,0,0,0,0,0,0,0,0,0,0,0,0,0,0,0,0,0,0,6,0,0,0,0,0,0,0,0
2021-01-03T23:59:59+01:00,0,0,0,0,0,0,0,1,1,0,0,0,1,1,0,2,0,0,0,0,0,0,0,0,0,0,0,0,0,0,0,0,0,0,6,0,0,0,0,0,0,0,0
2021-01-02T23:59:59+01:00,0,0,0,0,0,0,0,1,1,0,0,0,1,1,0,2,0,0,0,0,0,0,0,0,0,0,0,0,0,0,0,0,0,0,6,0,0,0,0,0,0,0,0
2021-01-01T23:59:59+01:00,0,0,0,0,0,0,0,1,1,0,0,0,1,1,0,2,0,0,0,0,0,0,0,0,0,0,0,0,0,0,0,0,0,0,6,0,0,0,0,0,0,0,0
2020-12-31T23:59:59+01:00,0,0,0,0,0,0,0,1,1,0,0,0,1,1,0,2,0,0,0,0,0,0,0,0,0,0,0,0,0,0,0,0,0,0,6,0,0,0,0,0,0,0,0
2020-12-30T23:59:59+01:00,0,0,0,0,0,0,0,1,1,0,0,0,1,1,0,2,0,0,0,0,0,0,0,0,0,0,0,0,0,0,0,0,0,0,6,0,0,0,0,0,0,0,0
2020-12-29T23:59:59+01:00,0,0,0,0,0,0,0,1,1,0,0,0,1,0,0,2,0,0,0,0,0,0,0,0,0,0,0,0,0,0,0,0,0,0,5,0,0,0,0,0,0,0,0
2020-12-28T23:59:59+01:00,0,0,0,0,0,0,0,1,0,0,0,0,1,0,0,1,0,0,0,0,0,0,0,0,0,0,0,0,0,0,0,0,0,0,3,0,0,0,0,0,0,0,0
2020-12-27T23:59:59+01:00,0,0,0,0,0,0,0,0,0,0,0,0,0,0,0,0,0,0,0,0,0,0,0,0,0,0,0,0,0,0,0,0,0,0,0,0,0,0,0,0,0,0,0
