Datum,<24_1_m,<24_1_w,25-34_1_m,25-34_1_w,35-44_1_m,35-44_1_w,45-54_1_m,45-54_1_w,55-64_1_m,55-64_1_w,65-74_1_m,65-74_1_w,75-84_1_m,75-84_1_w,>84_1_m,>84_1_w,<24_2_m,<24_2_w,25-34_2_m,25-34_2_w,35-44_2_m,35-44_2_w,45-54_2_m,45-54_2_w,55-64_2_m,55-64_2_w,65-74_2_m,65-74_2_w,75-84_2_m,75-84_2_w,>84_2_m,>84_2_w,bp_1,bp_2,mo_1,mo_2,az_1,az_2,ja
2021-07-05T23:59:59+02:00,9328,8934,13947,13221,17513,18143,24189,25733,30883,32198,24197,27022,16747,21411,5021,9493,3291,3474,6417,7223,8804,10809,16934,19394,25395,26984,21408,23955,15538,19872,4778,8934,212888,149568,30527,25384,46184,39877,8381
2021-07-04T23:59:59+02:00,9262,8881,13917,13210,17490,18126,24163,25717,30863,32173,24182,27008,16741,21403,5020,9490,3240,3435,6357,7185,8717,10740,16848,19314,25267,26875,21284,23828,15498,19822,4776,8927,212629,148924,30526,25375,46168,39491,8323
2021-07-03T23:59:59+02:00,8751,8382,13759,13090,17390,18009,24070,25660,30799,32125,24161,26986,16729,21391,5018,9487,3182,3358,6239,7066,8552,10603,16638,19136,24881,26569,21169,23693,15468,19783,4772,8921,210806,146912,30526,25375,46168,39436,8307
2021-07-02T23:59:59+02:00,8178,7907,13616,12985,17298,17933,24001,25589,30739,32063,24123,26944,16723,21371,5016,9482,3088,3256,5989,6919,8319,10388,16305,18828,24425,26154,20941,23422,15398,19701,4766,8918,208974,144028,30526,25373,46164,39112,8304
2021-07-01T23:59:59+02:00,8043,7794,13533,12928,17229,17884,23932,25538,30689,32013,24095,26921,16713,21359,5015,9481,2905,3073,5653,6644,7896,9979,15727,18367,23669,25506,20461,22954,15271,19541,4754,8893,208203,139559,30522,25362,46161,38091,8281
2021-06-30T23:59:59+02:00,7883,7667,13467,12881,17176,17833,23884,25486,30632,31969,24067,26900,16700,21342,5015,9476,2809,2994,5501,6501,7672,9759,14778,17504,23066,24971,20109,22568,15141,19381,4740,8859,207662,138045,30350,23090,46156,37008,8210
2021-06-29T23:59:59+02:00,7803,7565,13424,12842,17136,17789,23832,25425,30583,31911,24046,26874,16690,21326,5012,9472,2747,2949,5375,6405,7520,9626,14612,17333,22827,24740,19851,22244,15042,19281,4728,8839,207049,136936,30348,23081,46153,35922,8180
2021-06-28T23:59:59+02:00,7733,7489,13361,12783,17089,17739,23791,25380,30526,31868,24029,26847,16684,21316,5010,9470,2717,2917,5306,6358,7428,9555,14515,17252,22677,24529,19647,21998,14987,19212,4724,8825,206522,136343,30346,23070,46145,35132,8102
2021-06-27T23:59:59+02:00,7672,7422,13331,12746,17060,17707,23772,25346,30502,31841,24017,26839,16677,21311,5010,9468,2695,2904,5257,6333,7359,9510,14424,17190,22585,24443,19520,21857,14956,19161,4720,8816,206177,135845,30346,23059,46139,34767,8059
2021-06-26T23:59:59+02:00,7182,6879,12949,12452,16951,17611,23711,25286,30467,31808,24010,26823,16673,21300,5009,9467,2599,2800,5082,6153,7164,9326,13898,16759,21959,23835,19381,21719,14912,19108,4718,8808,204034,132356,30346,23059,46139,34747,8059
2021-06-25T23:59:59+02:00,6696,6396,12498,12087,16792,17493,23621,25219,30385,31768,23988,26796,16668,21290,5007,9465,2496,2646,4910,5962,6906,9034,13372,16230,21409,23256,19184,21512,14854,19041,4714,8796,201643,128686,30346,23059,46139,34536,8041
2021-06-24T23:59:59+02:00,6466,6169,12276,11937,16685,17411,23549,25168,30327,31721,23954,26754,16664,21280,5005,9458,2288,2414,4541,5593,6413,8548,12661,15518,20266,22263,18727,21037,14750,18910,4702,8781,200382,122799,30344,23047,46132,33600,7966
2021-06-23T23:59:59+02:00,5888,5672,12114,11825,16566,17299,23477,25121,30264,31671,23920,26731,16657,21266,5001,9454,2251,2363,4478,5473,6322,8398,12430,15229,20025,22006,18430,20714,14654,18800,4691,8765,199875,121783,29013,22900,46122,32430,7916
2021-06-22T23:59:59+02:00,5743,5543,12018,11720,16480,17223,23419,25059,30198,31595,23895,26699,16648,21245,4997,9452,2198,2329,4387,5390,6202,8252,11562,14570,19615,21603,18104,20369,14548,18664,4681,8745,198952,120879,29006,21208,46107,31263,7869
2021-06-21T23:59:59+02:00,5606,5431,11944,11629,16420,17139,23365,24987,30148,31537,23871,26671,16635,21230,4997,9448,2164,2293,4330,5294,6115,8127,10781,13867,19166,21195,17879,20140,14488,18570,4672,8728,198145,120088,29002,19425,46102,30487,7809
2021-06-20T23:59:59+02:00,5489,5304,11784,11449,16356,17016,23314,24922,30105,31482,23855,26651,16629,21215,4992,9443,2146,2265,4290,5254,6045,8079,10678,13789,19055,21068,17722,19950,14422,18488,4668,8721,197146,119558,28999,19422,46095,29894,7766
2021-06-19T23:59:59+02:00,5468,5280,11028,10792,15880,16629,23254,24878,30061,31439,23837,26631,16621,21203,4992,9443,2076,2148,4085,5026,5771,7806,10358,13463,18015,20229,17556,19768,14390,18423,4663,8709,194577,115420,28999,19422,46095,29879,7765
2021-06-18T23:59:59+02:00,5431,5253,10389,10221,15278,16078,23163,24809,29993,31376,23809,26602,16610,21188,4991,9441,2009,2060,3944,4887,5497,7539,9994,13108,16895,19049,17357,19534,14342,18359,4660,8699,191781,111121,28992,19421,46095,29627,7764
2021-06-17T23:59:59+02:00,5308,5142,9772,9756,14817,15708,23064,24728,29915,31286,23771,26560,16596,21167,4991,9438,1882,1955,3689,4646,5117,7182,9464,12625,15718,17863,16899,19049,14201,18186,4647,8675,189313,106046,28990,19413,46092,28715,7624
2021-06-16T23:59:59+02:00,5172,5000,9576,9597,14672,15581,22973,24634,29818,31210,23727,26516,16581,21155,4990,9428,1842,1914,3587,4561,5014,7064,8441,11777,15446,17571,16604,18713,14066,18016,4641,8642,188148,105169,28979,17543,46089,27773,7414
2021-06-15T23:59:59+02:00,4981,4812,9399,9442,14538,15440,22881,24543,29742,31124,23684,26443,16555,21122,4982,9413,1780,1858,3511,4467,4923,6953,8325,11636,15270,17347,16288,18406,13926,17849,4618,8584,186840,104423,28977,17539,46069,26564,7215
2021-06-14T23:59:59+02:00,4904,4744,9306,9335,14459,15351,22812,24470,29672,31064,23652,26404,16541,21104,4979,9407,1759,1835,3478,4442,4882,6920,8226,11573,15132,17214,16108,18202,13837,17753,4613,8577,186101,104198,28972,17536,46063,25749,7068
2021-06-13T23:59:59+02:00,4845,4697,9220,9262,14375,15284,22751,24420,29606,31013,23626,26376,16532,21094,4979,9405,1708,1820,3437,4418,4828,6877,8155,11537,15033,17119,15953,18019,13783,17680,4606,8570,185527,103919,28966,17534,46048,25146,6944
2021-06-12T23:59:59+02:00,4824,4681,9192,9239,14140,15112,22624,24292,29564,30970,23606,26362,16523,21086,4978,9403,1584,1698,3199,4212,4427,6576,7610,11109,13272,15441,15601,17649,13703,17578,4604,8556,184640,97261,28966,17534,46048,25082,6942
2021-06-11T23:59:59+02:00,4768,4626,9113,9186,13824,14893,22428,24143,29470,30880,23569,26317,16506,21074,4977,9400,1481,1566,3016,4007,4130,6213,7109,10571,11648,13570,15126,17077,13589,17432,4589,8542,183290,90409,28964,17533,46048,24852,6872
2021-06-10T23:59:59+02:00,4482,4397,8571,8856,12565,13881,21863,23697,29098,30581,23431,26160,16453,21006,4964,9386,1357,1474,2783,3826,3802,5930,6678,10182,10240,12248,14616,16504,13419,17225,4574,8516,178001,85889,28949,17531,46043,23556,6398
2021-06-09T23:59:59+02:00,4246,4230,7983,8565,11672,13226,21545,23485,28869,30431,23368,26097,16434,20982,4961,9382,1268,1420,2631,3754,3660,5853,6472,10091,9978,12071,14298,16160,13249,17045,4567,8498,175913,85562,27686,17429,46037,22184,5840
2021-06-08T23:59:59+02:00,4112,4126,7582,8342,11188,12936,21320,23307,28670,30280,23310,26023,16402,20940,4956,9373,1190,1394,2496,3698,3503,5787,5576,9347,9510,11714,13968,15761,13025,16812,4553,8476,174171,85213,27316,15280,46011,20948,5369
2021-06-07T23:59:59+02:00,3989,4045,7350,8236,10902,12758,21120,23195,28517,30167,23252,25970,16385,20915,4952,9365,1141,1275,2375,3638,3373,5726,5413,9273,9305,11590,13748,15512,12876,16650,4547,8458,172966,85027,27306,15277,46002,19752,4844
2021-06-06T23:59:59+02:00,3870,3986,7112,8115,10653,12598,20935,23106,28432,30078,23221,25936,16373,20897,4949,9360,1121,1258,2311,3603,3277,5674,5307,9198,9191,11490,13591,15358,12805,16556,4544,8451,171822,84841,27289,15273,45992,19103,4518
2021-06-05T23:59:59+02:00,3842,3949,7076,8076,10478,12441,20315,22601,28271,29933,23171,25892,16359,20878,4949,9356,1089,1156,2147,3153,3045,5138,5136,8869,8415,10542,12943,14521,12692,16409,4533,8441,169800,79475,27289,15273,45990,18973,4508
2021-06-04T23:59:59+02:00,3814,3923,7039,8051,10381,12350,19955,22274,28167,29837,23136,25854,16345,20868,4947,9355,1057,1088,2050,2844,2885,4662,4979,8500,7903,9886,11445,12810,12569,16212,4526,8423,168527,73112,27277,15272,45990,18953,4502
2021-06-03T23:59:59+02:00,3676,3821,6821,7913,9826,11928,18733,21350,27772,29529,23002,25713,16292,20806,4943,9341,1004,1043,1962,2733,2750,4507,4779,8202,7545,9442,11068,12416,12463,16100,4523,8410,163792,71339,27268,15269,45986,17919,4420
2021-06-02T23:59:59+02:00,3669,3813,6809,7896,9816,11917,18545,21170,27701,29480,22979,25692,16286,20797,4940,9339,1000,1036,1950,2702,2729,4488,4568,8021,7010,8954,11031,12376,12448,16085,4519,8404,163727,71231,26723,13779,45986,17898,4413
2021-06-01T23:59:59+02:00,3541,3738,6573,7750,9529,11725,18090,20823,27463,29285,22884,25591,16246,20745,4937,9327,962,990,1866,2632,2650,4417,4293,7788,6414,8424,10820,12165,12350,15983,4514,8392,162045,70797,25942,12488,45971,17086,4289
2021-05-31T23:59:59+02:00,3495,3693,6484,7684,9393,11627,17964,20732,27374,29210,22819,25530,16229,20717,4932,9320,933,966,1799,2592,2570,4375,4187,7724,6296,8351,10635,11997,12249,15868,4504,8384,161211,70438,25912,12483,45959,16388,4121
2021-05-30T23:59:59+02:00,3465,3669,6423,7633,9306,11539,17878,20654,27299,29143,22774,25486,16207,20690,4927,9310,929,959,1791,2584,2559,4364,4159,7700,6244,8310,10574,11920,12216,15826,4499,8375,160519,70398,25907,12480,45947,16101,4030
2021-05-29T23:59:59+02:00,3454,3650,6388,7606,9263,11502,17840,20615,27155,29039,22719,25412,16192,20670,4924,9306,892,940,1734,2538,2487,4280,3970,7447,5972,8015,8388,9274,12024,15485,4484,8346,159865,64185,25907,12478,45933,15583,4030
2021-05-28T23:59:59+02:00,3397,3601,6263,7534,9135,11380,17698,20491,26990,28919,22653,25337,16171,20653,4923,9305,878,926,1716,2518,2451,4227,3820,7151,5778,7755,5710,6186,11749,15089,4469,8297,158595,57366,25905,12478,45929,14855,4021
2021-05-27T23:59:59+02:00,3250,3471,5981,7357,8535,11048,17225,20155,26580,28573,22486,25175,16113,20590,4916,9287,828,868,1634,2423,2334,4094,3397,6193,5356,7164,5550,6013,11670,15016,4463,8280,155138,56886,25849,12432,45921,12131,3834
2021-05-26T23:59:59+02:00,3143,3388,5763,7192,8165,10762,16759,19849,26281,28337,22338,25042,16062,20516,4903,9267,811,859,1582,2398,2282,4064,3324,6119,5259,7094,5417,5886,11605,14950,4458,8268,152440,56814,25833,12430,45899,11537,3595
2021-05-25T23:59:59+02:00,3053,3326,5621,7079,7968,10600,15759,19072,25928,27986,22180,24889,16010,20436,4896,9257,792,843,1547,2354,2212,4005,3249,6052,5176,7030,5252,5718,11497,14870,4450,8256,150892,56753,23910,12245,45885,10932,3373
2021-05-24T23:59:59+02:00,2990,3309,5535,7035,7850,10538,14849,18383,25513,27674,22087,24786,15979,20400,4889,9245,784,841,1525,2337,2168,3971,3205,6005,5099,6950,5153,5611,11417,14794,4449,8250,150172,56722,21842,12169,45876,10496,3172
2021-05-23T23:59:59+02:00,2987,3305,5527,7028,7841,10530,14844,18382,25512,27673,22087,24786,15979,20400,4889,9245,783,838,1518,2330,2156,3958,3186,5990,5078,6917,5110,5559,11400,14770,4448,8248,150145,56715,21842,12169,45874,10251,3154
2021-05-22T23:59:59+02:00,2950,3263,5455,6982,7742,10443,14646,18220,25233,27432,21988,24701,15946,20357,4886,9241,761,817,1475,2278,2105,3879,3075,5870,4767,6353,4539,4819,10757,13948,4438,8209,148615,53475,21842,12169,45874,9292,3154
2021-05-21T23:59:59+02:00,2899,3192,5355,6898,7647,10322,14442,18013,24963,27207,21875,24593,15914,20308,4881,9232,730,764,1407,2152,2004,3615,2893,5539,4295,5474,4129,4283,10016,13010,4373,8083,146905,49754,21842,12169,45870,7720,3124
2021-05-20T23:59:59+02:00,2768,3030,5078,6644,7362,9956,13984,17530,24352,26658,21604,24298,15821,20189,4867,9202,715,754,1381,2128,1966,3582,2840,5486,4212,5399,4004,4181,9941,12947,4364,8072,142766,49667,21833,12158,45851,7254,2893
2021-05-19T23:59:59+02:00,2716,2979,4981,6505,7219,9774,12838,16495,24090,26370,21507,24168,15776,20128,4859,9195,696,728,1356,2080,1934,3497,2777,5340,4117,5293,3923,4091,9888,12884,4361,8068,141396,49639,19763,12095,45781,6639,2660
2021-05-18T23:59:59+02:00,2693,2956,4934,6473,7170,9744,12486,16221,23911,26219,21414,24079,15746,20075,4851,9183,667,671,1301,1951,1862,3299,2681,5132,3989,5096,3698,3814,9806,12804,4351,8058,141125,49620,18910,11099,45738,6079,2382
2021-05-17T23:59:59+02:00,2668,2936,4892,6403,7084,9636,12335,16047,23768,26061,21364,24028,15728,20052,4846,9175,659,657,1285,1915,1841,3250,2633,5024,3910,4982,3562,3663,9739,12741,4348,8049,140177,49598,18902,11089,45723,5350,2221
2021-05-16T23:59:59+02:00,2657,2922,4869,6337,7046,9553,12275,15974,23716,26001,21339,24011,15718,20038,4843,9172,654,651,1275,1912,1824,3241,2611,5012,3882,4961,3512,3597,9700,12709,4347,8047,139741,49588,18895,11078,45701,5135,2134
2021-05-15T23:59:59+02:00,2532,2784,4682,6133,6855,9371,11761,15564,23134,25453,21233,23893,15684,19995,4840,9164,603,589,1192,1825,1685,3087,2322,4704,3433,4453,3180,3169,9537,12504,4323,8018,136380,46625,18894,11078,45695,4812,2109
2021-05-14T23:59:59+02:00,2418,2610,4487,5909,6579,9058,11227,15055,22569,24889,21087,23754,15647,19937,4836,9153,540,512,1090,1704,1526,2873,1990,4301,2834,3869,2796,2732,9453,12356,4319,8014,132577,43704,18887,11076,45673,4051,2078
2021-05-13T23:59:59+02:00,2236,2322,4167,5528,6152,8584,10670,14369,21537,23979,20805,23480,15587,19838,4829,9138,536,512,1077,1688,1511,2854,1980,4275,2812,3843,2780,2714,9446,12352,4318,8014,126683,43629,18834,11068,45647,3958,2057
2021-05-12T23:59:59+02:00,2235,2319,4160,5527,6143,8578,10570,14248,21484,23940,20800,23469,15582,19830,4828,9138,528,490,1041,1633,1462,2775,1898,4189,2753,3784,2699,2619,9396,12279,4318,8014,126641,43626,18508,10242,45647,3955,2055
2021-05-11T23:59:59+02:00,2114,2282,4077,5462,6018,8464,10266,13997,21292,23778,20723,23398,15567,19798,4824,9133,503,466,980,1572,1393,2685,1798,4052,2680,3710,2544,2393,9332,12178,4317,8014,125700,43610,18171,9409,45368,3644,1954
2021-05-10T23:59:59+02:00,2073,2206,3970,5339,5883,8285,9474,13234,20913,23455,20633,23309,15528,19744,4814,9120,490,437,942,1506,1327,2596,1709,3891,2597,3614,2515,2369,9323,12160,4313,8009,124565,43578,16322,9227,45265,3165,1828
2021-05-09T23:59:59+02:00,2041,2192,3936,5299,5832,8237,9408,13165,20844,23382,20599,23268,15512,19717,4811,9106,483,428,922,1463,1303,2548,1675,3829,2559,3571,2506,2357,9313,12143,4313,8001,124121,43519,16318,9224,45171,2932,1739
2021-05-08T23:59:59+02:00,1978,2092,3752,5125,5562,8036,9102,12885,19720,22466,20405,23075,15480,19648,4806,9094,411,398,857,1423,1227,2476,1587,3729,2346,3363,1974,1937,9220,12058,4312,8001,120002,42067,16317,9223,45168,2290,1739
2021-05-07T23:59:59+02:00,1890,1980,3569,4954,5242,7741,8696,12516,18489,21210,20224,22865,15435,19590,4797,9075,319,339,748,1350,1097,2347,1453,3586,2175,3172,1606,1603,8733,11614,4311,7999,115104,40349,16315,9220,45147,1176,1707
2021-05-06T23:59:59+02:00,1706,1871,3283,4702,4792,7339,8053,11953,17249,19968,19890,22487,15328,19427,4787,9063,302,330,727,1321,1056,2301,1405,3502,2109,3104,1570,1548,8716,11583,4305,7996,109253,40330,16308,9214,44912,906,1425
2021-05-05T23:59:59+02:00,1636,1840,3206,4614,4715,7235,7924,11802,17093,19821,19770,22367,15252,19331,4765,8966,291,318,686,1269,995,2226,1323,3352,2000,2988,1477,1450,8305,11016,4299,7978,108496,40296,16164,8094,44743,649,934
2021-05-04T23:59:59+02:00,1611,1811,3164,4540,4656,7125,7673,11509,16535,19242,19684,22237,15177,19235,4737,8853,275,305,663,1242,974,2172,1265,3234,1887,2831,1405,1344,8236,10914,4295,7960,107809,40271,14818,7818,44640,391,522
2021-05-03T23:59:59+02:00,1603,1807,3156,4526,4618,7103,7420,11280,15841,18646,19620,22153,15150,19201,4731,8843,261,284,641,1161,927,2084,1202,3096,1790,2694,1339,1265,8210,10879,4291,7951,107726,40264,13223,7611,44600,51,149
2021-05-02T23:59:59+02:00,1602,1804,3151,4524,4614,7100,7407,11270,15823,18634,19604,22145,15150,19199,4730,8843,261,283,638,1160,922,2081,1192,3090,1782,2687,1325,1258,8209,10874,4290,7951,107699,40242,13221,7610,44577,48,103
2021-05-01T23:59:59+02:00,1469,1662,2871,4276,4148,6740,6790,10787,13890,16755,19223,21749,15059,19083,4727,8827,259,283,635,1158,920,2078,1190,3089,1780,2683,1320,1254,8207,10872,4290,7951,100162,40211,13221,7610,44573,48,100
2021-04-30T23:59:59+02:00,1345,1512,2656,4055,3818,6345,6227,10195,12101,14717,18765,21211,14955,18941,4713,8816,254,282,628,1152,905,2070,1178,3079,1768,2669,1309,1245,8203,10867,4289,7951,92549,40164,13221,7610,44573,46,29
2021-04-29T23:59:59+02:00,1227,1446,2493,3930,3578,6142,5871,9893,10763,13440,18507,20934,14912,18871,4709,8810,253,278,623,1146,894,2064,1158,3074,1738,2633,1283,1221,8197,10858,4289,7951,87865,40133,13212,7478,44437,37,12
2021-04-28T23:59:59+02:00,1167,1440,2443,3911,3528,6118,5809,9860,10667,13373,18478,20900,14905,18855,4709,8807,253,277,621,1145,891,2062,1155,3070,1730,2632,1277,1203,7754,10339,4289,7951,87597,40112,13162,6493,44200,33,11
2021-04-27T23:59:59+02:00,1119,1414,2341,3867,3464,6091,5691,9805,10550,13297,18445,20861,14892,18840,4707,8805,252,277,619,1138,890,2060,1151,3067,1726,2628,1266,1186,7338,9760,4289,7951,87093,40093,13109,5466,43977,29,10
2021-04-26T23:59:59+02:00,1077,1384,2252,3775,3337,5991,5524,9685,10247,13039,18384,20807,14883,18822,4705,8805,251,277,618,1137,885,2057,1144,3064,1708,2618,1251,1173,7329,9740,4289,7951,85757,40008,13099,5446,43851,28,10
2021-04-25T23:59:59+02:00,1074,1381,2244,3773,3330,5987,5504,9678,10212,13009,18374,20795,14882,18816,4705,8804,250,277,618,1137,885,2057,1141,3064,1708,2618,1251,1173,7329,9738,4289,7951,85734,40005,13090,5444,43735,28,9
2021-04-24T23:59:59+02:00,1031,1263,2057,3236,3060,5375,5309,9266,9381,11963,17666,19901,14768,18657,4697,8793,249,276,617,1136,885,2056,1141,3063,1702,2613,1248,1168,7327,9737,4289,7950,79614,39981,13090,5440,43711,28,8
2021-04-23T23:59:59+02:00,998,1179,1947,2889,2878,4825,5114,8838,8828,11242,16036,18043,14623,18451,4689,8770,249,276,616,1136,883,2054,1140,3063,1701,2612,1244,1163,7323,9735,4289,7949,72602,39968,13089,5429,43651,28,8
2021-04-22T23:59:59+02:00,993,1168,1928,2873,2858,4806,5058,8792,8717,11141,15966,17967,14597,18421,4687,8765,247,276,614,1135,880,2053,1132,3051,1686,2592,1220,1141,7318,9728,4289,7949,72556,39956,13033,5320,43140,27,8
2021-04-21T23:59:59+02:00,984,1160,1915,2860,2831,4780,5012,8737,8610,11018,15880,17883,14568,18387,4687,8760,242,273,604,1126,866,2024,1122,3026,1676,2567,1207,1128,7095,9412,4288,7949,72516,39950,12976,4621,42572,26,8
2021-04-20T23:59:59+02:00,957,1111,1863,2745,2758,4620,4919,8558,8437,10811,15648,17602,14510,18328,4680,8754,229,270,586,1105,840,1994,1094,3000,1641,2526,1188,1116,7087,9407,4287,7948,72481,39930,11847,4356,41965,24,8
2021-04-19T23:59:59+02:00,948,1102,1831,2724,2708,4595,4795,8498,8237,10700,15556,17504,14488,18309,4680,8748,223,262,568,1083,822,1961,1076,2957,1596,2471,1170,1097,7080,9404,4285,7947,72082,39896,11825,4076,41508,22,8
2021-04-18T23:59:59+02:00,946,1101,1826,2719,2700,4584,4778,8486,8197,10658,15507,17445,14478,18292,4679,8746,223,262,568,1083,821,1961,1076,2957,1596,2470,1170,1096,7078,9403,4284,7947,72039,39891,11822,4074,41273,22,8
2021-04-17T23:59:59+02:00,912,1087,1777,2681,2632,4506,4624,8346,7934,10429,13145,14547,14280,17940,4662,8710,221,262,568,1080,817,1955,1064,2950,1586,2450,1133,1055,6747,8988,4259,7899,65230,38941,11822,4063,41152,22,8
2021-04-16T23:59:59+02:00,906,1081,1765,2672,2589,4468,4532,8262,7756,10239,10325,11309,14009,17523,4643,8654,219,257,567,1075,811,1950,1054,2946,1566,2430,1122,1041,6741,8983,4256,7896,57992,38837,11820,4047,40913,22,8
2021-04-15T23:59:59+02:00,893,1076,1743,2658,2547,4436,4421,8201,7526,10041,10083,11092,13947,17458,4637,8640,217,257,567,1073,810,1948,1051,2943,1563,2427,1117,1036,6739,8981,4256,7896,57971,38822,11818,4030,39602,21,8
2021-04-14T23:59:59+02:00,874,1048,1685,2575,2458,4314,4232,8020,7253,9758,9711,10613,13799,17280,4631,8631,192,234,526,1022,787,1881,1017,2863,1514,2365,1091,1007,6735,8972,4256,7895,57939,38806,10872,3523,38063,20,8
2021-04-13T23:59:59+02:00,849,1026,1648,2523,2391,4231,4131,7884,7042,9543,9305,10097,13655,17113,4626,8619,156,210,491,974,747,1788,983,2753,1462,2295,1072,972,6719,8961,4255,7895,57897,38743,9926,2968,36852,14,8
2021-04-12T23:59:59+02:00,846,1024,1629,2520,2361,4218,4078,7833,6903,9372,9045,9789,13593,17056,4615,8602,145,196,463,935,724,1723,962,2681,1418,2245,1050,956,6703,8941,4252,7890,57841,38627,9895,2635,35740,14,8
2021-04-11T23:59:59+02:00,845,1023,1618,2520,2348,4216,4055,7821,6839,9311,8912,9630,13567,17010,4610,8595,145,196,463,933,724,1722,960,2681,1417,2245,1050,956,6701,8941,4252,7890,57829,38621,9893,2634,35190,13,8
2021-04-10T23:59:59+02:00,829,1018,1590,2492,2312,4187,3984,7765,6707,9194,8355,8896,12903,16157,4599,8553,142,196,461,930,719,1719,960,2675,1408,2238,1037,940,6233,8444,4237,7874,54498,37559,9892,2633,35143,13,8
2021-04-09T23:59:59+02:00,807,989,1550,2445,2245,4106,3832,7605,6360,8865,7833,8238,12088,15134,4529,8416,140,195,459,925,713,1711,952,2665,1393,2228,1015,918,5991,8174,4219,7847,50528,36895,9888,2629,34618,13,8
2021-04-08T23:59:59+02:00,798,979,1523,2422,2180,4057,3697,7519,6106,8567,7221,7583,11928,14934,4518,8398,140,192,454,923,708,1704,944,2655,1385,2215,1003,916,5988,8172,4218,7847,50496,36874,9864,2569,32062,13,8
2021-04-07T23:59:59+02:00,792,970,1497,2404,2122,4019,3611,7449,5879,8301,6668,6956,11327,14186,4506,8371,122,185,425,876,662,1635,888,2585,1335,2146,984,900,5980,8166,4217,7847,50469,36851,8714,2082,29868,13,7
2021-04-06T23:59:59+02:00,788,968,1483,2396,2093,3997,3538,7400,5699,8130,6223,6450,11126,13970,4491,8343,99,164,376,816,617,1560,845,2485,1282,2082,960,884,5963,8153,4215,7843,50399,36826,8531,1498,28158,13,7
2021-04-05T23:59:59+02:00,783,964,1467,2389,2070,3988,3487,7374,5556,8020,6022,6236,11060,13885,4485,8333,93,162,375,814,610,1551,837,2470,1269,2064,932,854,4872,6753,4137,7737,50204,34022,8527,1488,27381,13,7
2021-04-04T23:59:59+02:00,781,960,1465,2387,2066,3986,3470,7367,5546,8013,6011,6216,11046,13867,4483,8330,93,162,373,812,607,1546,830,2463,1255,2044,909,832,3872,5593,4071,7630,50190,31584,8526,1488,27271,13,7
2021-04-03T23:59:59+02:00,729,905,1383,2318,1943,3848,3209,7106,5086,7524,5668,5761,10875,13650,4456,8301,91,162,373,811,607,1544,829,2463,1255,2044,909,832,3872,5590,4071,7629,46960,31574,8526,1488,27269,13,7
2021-04-02T23:59:59+02:00,686,871,1328,2249,1845,3734,2953,6845,4572,7045,5278,5302,10778,13486,4451,8295,90,161,373,811,607,1544,827,2463,1253,2040,907,828,3869,5587,4070,7629,44036,31553,8525,1487,27151,13,6
2021-04-01T23:59:59+02:00,683,869,1318,2246,1826,3726,2924,6831,4498,6972,5170,5194,10739,13438,4450,8291,90,161,371,807,605,1541,827,2460,1249,2036,897,827,3865,5585,4069,7628,44024,31544,8382,1455,26763,13,6
2021-03-31T23:59:59+02:00,681,867,1311,2231,1818,3716,2897,6803,4435,6926,5031,5033,10229,12833,4446,8283,90,161,370,807,605,1541,827,2460,1247,2036,896,827,3865,5584,4069,7627,44014,31538,7254,1455,26266,13,6
2021-03-30T23:59:59+02:00,672,863,1293,2211,1789,3687,2862,6769,4350,6837,4864,4841,9704,12133,4439,8268,85,158,369,803,600,1538,822,2453,1239,2034,885,817,3857,5581,4068,7626,43992,31516,6069,1402,25515,11,6
2021-03-29T23:59:59+02:00,667,856,1280,2176,1772,3656,2831,6727,4280,6752,4665,4644,9619,12040,4436,8254,85,158,369,801,597,1534,820,2447,1235,2027,877,811,3849,5574,4068,7626,43925,31503,5854,1358,24870,11,6
2021-03-28T23:59:59+02:00,664,854,1277,2173,1757,3646,2816,6715,4245,6699,4570,4534,9582,11976,4431,8247,85,158,369,800,597,1534,818,2447,1233,2027,876,811,3848,5574,4068,7626,43903,31501,5845,1353,24432,11,6
2021-03-27T23:59:59+01:00,661,849,1268,2168,1741,3631,2787,6686,4087,6558,4006,4088,9354,11729,4418,8228,85,158,367,798,595,1532,816,2444,1225,2021,872,807,3671,5287,3966,7454,41990,30728,5841,1353,24422,11,6
2021-03-26T23:59:59+01:00,655,841,1260,2158,1721,3614,2762,6664,4012,6481,3600,3724,8757,11172,4405,8214,85,158,366,797,594,1529,812,2441,1216,2017,860,794,2954,4348,3757,7110,40061,28468,5828,1353,24145,11,6
2021-03-25T23:59:59+01:00,648,836,1248,2144,1702,3590,2703,6625,3929,6403,3425,3506,8648,11061,4399,8208,85,158,366,797,594,1529,812,2440,1215,2017,860,794,2953,4347,3756,7109,40047,28462,5722,1353,23300,11,6
2021-03-24T23:59:59+01:00,642,829,1215,2119,1657,3545,2625,6557,3774,6254,3107,3143,8242,10514,4390,8196,81,156,354,784,578,1511,779,2406,1165,1985,827,757,2944,4341,3756,7106,40025,28162,4968,1352,21810,10,6
2021-03-23T23:59:59+01:00,629,821,1190,2087,1615,3498,2545,6476,3625,6100,2727,2761,8026,10295,4382,8180,76,152,342,762,543,1480,718,2343,1063,1903,744,696,2909,4306,3752,7102,39984,27531,4678,1345,20289,9,6
2021-03-22T23:59:59+01:00,605,708,1154,2033,1582,3442,2492,6406,3485,5969,2485,2524,7696,9940,4366,8144,76,151,342,762,543,1478,717,2342,1060,1903,743,693,2905,4301,3751,7099,39516,27506,4354,1345,19155,9,6
2021-03-21T23:59:59+01:00,604,705,1149,2025,1571,3432,2475,6391,3448,5935,2344,2360,7603,9828,4358,8129,76,151,342,761,543,1478,717,2342,1060,1903,743,693,2905,4300,3751,7099,39512,27504,4340,1345,18499,9,6
2021-03-20T23:59:59+01:00,603,705,1147,2019,1565,3425,2469,6385,3431,5913,2312,2322,7113,9310,4342,8113,76,151,342,761,542,1478,715,2341,1060,1902,743,693,2905,4298,3749,7097,38475,27493,4328,1345,18365,9,6
2021-03-19T23:59:59+01:00,596,698,1134,2004,1530,3403,2401,6246,3368,5806,2129,2142,6806,8992,4322,8088,76,151,341,755,538,1475,710,2332,1049,1889,734,687,2482,3696,3334,6349,37869,25245,4312,1345,17478,2,6
2021-03-18T23:59:59+01:00,581,682,1115,1974,1503,3373,2361,6178,3295,5717,1976,1946,6687,8873,4316,8077,75,151,341,754,537,1475,709,2328,1046,1888,727,684,2432,3624,3307,6307,37849,25054,4301,1323,16498,2,6
2021-03-17T23:59:59+01:00,552,655,1070,1919,1466,3289,2284,6061,3143,5561,1721,1680,6521,8720,4306,8062,74,147,329,727,521,1431,687,2271,1008,1847,710,665,2194,3333,3225,6183,37778,24092,3777,1252,15449,2,6
2021-03-16T23:59:59+01:00,509,626,1030,1864,1415,3185,2219,5907,3027,5427,1525,1458,6387,8573,4296,8041,68,134,308,671,491,1354,658,2136,979,1719,661,615,2083,3198,3202,6099,37725,23348,3158,1021,14601,2,5
2021-03-15T23:59:59+01:00,497,615,999,1819,1381,3117,2188,5822,2941,5344,1403,1324,5808,7887,4257,7978,65,127,293,613,476,1235,620,2006,939,1606,633,595,2046,3159,3187,6039,36494,22950,2805,687,14081,2,0
2021-03-14T23:59:59+01:00,492,609,989,1807,1378,3100,2172,5804,2907,5317,1361,1274,5416,7441,4234,7960,64,122,289,590,470,1208,614,1950,929,1581,633,595,2046,3159,3186,6037,35680,22944,2800,527,13781,2,0
2021-03-13T23:59:59+01:00,471,591,952,1760,1325,3035,1916,5217,2668,4905,1256,1161,4764,6593,4183,7884,64,122,288,587,468,1206,612,1948,928,1577,631,590,1689,2679,2663,5284,34006,20807,2796,527,11879,2,0
2021-03-12T23:59:59+01:00,454,570,932,1719,1295,2953,1712,4430,2461,4457,1186,1079,4070,5793,4136,7801,64,120,287,583,468,1203,610,1941,924,1572,628,583,1370,2142,2127,4492,32333,18586,2793,527,9922,1,0
2021-03-11T23:59:59+01:00,450,563,924,1708,1280,2936,1687,4396,2424,4421,1112,1025,4027,5757,4133,7797,64,113,281,562,454,1151,601,1892,905,1536,616,570,1364,2125,2118,4442,32300,18338,2700,455,9640,1,0
2021-03-10T23:59:59+01:00,429,552,879,1650,1226,2859,1614,4299,2357,4328,1081,1003,4011,5742,4132,7795,64,113,279,558,451,1144,596,1870,905,1531,610,562,1304,2038,2074,4386,32285,18053,2136,431,9536,1,0
2021-03-09T23:59:59+01:00,407,536,831,1601,1185,2796,1573,4216,2314,4275,1060,992,4005,5735,4131,7794,62,112,278,557,450,1133,594,1858,899,1526,608,556,1100,1728,1959,4212,32239,17227,1688,404,9524,1,0
2021-03-08T23:59:59+01:00,400,525,821,1587,1176,2780,1565,4191,2303,4262,1047,982,3970,5688,4129,7789,61,112,274,552,446,1127,593,1854,895,1524,608,556,1031,1638,1914,4169,32114,16973,1592,380,9509,1,0
2021-03-07T23:59:59+01:00,399,522,821,1586,1174,2778,1561,4185,2293,4257,1041,974,3964,5682,4128,7788,58,109,265,531,434,1101,577,1754,860,1449,607,556,928,1509,1863,4100,32098,16613,1553,88,9502,0,0
2021-03-06T23:59:59+01:00,391,506,802,1553,1151,2720,1520,4118,2100,3761,1012,937,3791,5413,4031,7625,58,109,265,531,434,1100,577,1754,860,1449,607,556,925,1508,1860,4099,31391,16604,1553,88,8487,0,0
2021-03-05T23:59:59+01:00,376,466,769,1449,1101,2503,1445,3905,1887,3091,984,892,3045,4454,3827,7286,58,108,264,528,431,1094,576,1749,857,1446,604,554,886,1453,1838,4061,29095,16419,1552,88,6833,0,0
2021-03-04T23:59:59+01:00,361,458,762,1429,1088,2480,1426,3876,1864,3072,970,888,3041,4450,3824,7284,58,107,261,525,427,1078,566,1727,856,1438,602,552,849,1399,1815,4026,29082,16261,1513,25,6678,0,0
2021-03-03T23:59:59+01:00,350,425,743,1378,1058,2397,1376,3722,1786,2975,937,844,3031,4444,3824,7281,57,107,258,523,426,1074,564,1718,853,1434,602,551,829,1346,1730,3881,28770,15930,1513,23,6288,0,0
2021-03-02T23:59:59+01:00,344,416,727,1354,1010,2352,1307,3638,1670,2878,849,778,2989,4406,3818,7276,57,107,257,519,425,1067,564,1712,853,1430,601,551,829,1346,1730,3881,28131,15906,1450,23,6231,0,0
2021-03-01T23:59:59+01:00,340,402,720,1307,998,2294,1287,3556,1644,2829,831,769,2981,4397,3818,7276,57,106,256,515,420,1053,560,1699,844,1422,600,549,734,1193,1676,3801,28092,15462,1402,23,5955,0,0
2021-02-28T23:59:59+01:00,335,389,712,1268,985,2218,1275,3469,1622,2750,827,759,2979,4393,3817,7274,57,106,256,515,420,1052,560,1699,843,1422,600,548,638,1069,1630,3721,28081,15113,1399,23,5592,0,0
2021-02-27T23:59:59+01:00,326,369,698,1243,965,2181,1240,3401,1599,2697,810,744,2976,4393,3816,7274,57,106,256,515,420,1052,559,1699,842,1422,600,548,638,1068,1630,3721,28079,15110,1399,23,5254,0,0
2021-02-26T23:59:59+01:00,301,316,650,1178,901,2063,1150,3235,1495,2558,781,722,2546,3787,3398,6503,57,106,253,513,420,1050,557,1697,839,1416,596,545,631,1056,1621,3702,25809,15036,1399,23,4376,0,0
2021-02-25T23:59:59+01:00,295,303,637,1147,880,2021,1131,3169,1477,2514,778,719,2500,3714,3368,6460,55,104,249,504,420,1046,552,1687,836,1405,590,540,554,947,1577,3646,25591,14691,1399,21,4123,0,0
2021-02-24T23:59:59+01:00,276,293,586,1100,833,1954,1073,3074,1433,2456,761,700,2262,3414,3285,6330,54,100,245,497,414,1029,544,1665,833,1386,584,529,541,927,1566,3624,24610,14523,1399,15,3821,0,0
2021-02-23T23:59:59+01:00,263,273,558,1043,796,1877,1005,2925,1361,2354,710,650,2149,3278,3261,6240,54,99,243,491,414,1013,534,1633,826,1364,576,523,526,878,1555,3579,23818,14293,1394,15,3531,0,0
2021-02-22T23:59:59+01:00,259,267,546,980,777,1801,980,2831,1325,2294,687,630,2122,3243,3252,6182,54,98,237,485,412,1000,525,1617,822,1339,562,511,508,852,1549,3525,23427,14081,1394,15,3355,0,0
2021-02-21T23:59:59+01:00,256,259,537,955,764,1764,972,2783,1295,2268,687,628,2120,3243,3251,6181,54,98,236,485,412,1000,525,1617,822,1338,562,510,508,852,1549,3524,23421,14077,1394,15,3148,0,0
2021-02-20T23:59:59+01:00,172,228,466,906,696,1686,902,2694,1210,2169,672,613,1756,2730,2701,5387,54,98,236,485,412,1000,525,1616,822,1338,562,510,508,852,1549,3524,21175,14076,1394,15,2419,0,0
2021-02-19T23:59:59+01:00,81,165,355,825,570,1553,769,2545,1076,2017,656,592,1453,2217,2162,4597,54,98,236,485,412,999,525,1616,822,1337,562,510,500,848,1548,3518,18988,14056,1394,14,1251,0,0
2021-02-18T23:59:59+01:00,78,160,343,776,550,1464,736,2405,1043,1950,641,582,1444,2199,2153,4547,51,91,232,463,398,934,510,1536,802,1263,548,496,494,830,1547,3500,18751,13681,1369,14,951,0,0
2021-02-17T23:59:59+01:00,77,152,330,753,541,1431,707,2312,1007,1852,635,572,1386,2111,2106,4498,51,88,230,454,390,896,499,1471,783,1181,535,484,492,828,1547,3500,18491,13415,1296,14,683,0,0
2021-02-16T23:59:59+01:00,72,146,315,714,513,1358,675,2204,982,1748,625,565,1143,1766,1988,4319,50,79,229,449,384,866,486,1406,757,1114,514,471,490,828,1544,3499,17584,13164,1058,2,491,0,0
2021-02-15T23:59:59+01:00,67,130,289,611,478,1217,619,1992,932,1589,616,563,1060,1661,1937,4257,50,79,227,444,380,860,485,1402,755,1107,514,471,489,825,1543,3496,17260,13127,720,0,38,0,0
2021-02-14T23:59:59+01:00,66,123,285,586,473,1188,608,1938,918,1567,616,563,963,1538,1891,4200,50,79,227,444,380,860,485,1400,755,1107,514,471,489,825,1543,3496,16934,13125,566,0,23,0,0
2021-02-13T23:59:59+01:00,66,122,285,585,472,1184,607,1936,917,1564,615,562,962,1533,1888,4198,50,79,227,443,378,856,484,1395,753,1106,512,469,472,787,1289,3037,16907,12337,566,0,23,0,0
2021-02-12T23:59:59+01:00,65,122,284,584,468,1180,607,1933,914,1563,612,561,923,1482,1868,4157,50,79,227,439,375,847,479,1387,747,1100,505,461,454,748,938,2339,16737,11175,566,0,20,0,0
2021-02-11T23:59:59+01:00,65,116,281,573,455,1153,601,1907,907,1551,611,560,881,1424,1846,4120,50,76,212,409,361,800,463,1314,732,1069,502,460,454,748,937,2338,16562,10925,483,0,6,0,0
2021-02-10T23:59:59+01:00,64,116,277,570,453,1149,597,1891,902,1547,611,560,873,1408,1825,4076,49,66,178,332,307,698,413,1142,653,976,467,449,449,748,937,2337,16461,10201,456,0,2,0,0
2021-02-09T23:59:59+01:00,62,115,271,567,450,1136,596,1877,896,1541,610,559,861,1373,1760,3973,41,54,125,255,231,547,332,940,551,822,432,438,445,747,935,2337,16218,9232,428,0,1,0,0
2021-02-08T23:59:59+01:00,61,115,268,558,447,1129,595,1862,890,1533,609,557,760,1222,1705,3891,37,44,86,165,168,409,267,702,491,687,424,431,441,744,934,2337,15798,8367,403,0,1,0,0
2021-02-07T23:59:59+01:00,58,112,259,536,431,1098,579,1759,855,1454,608,556,658,1095,1658,3808,36,43,82,163,165,402,262,689,486,676,422,431,441,744,934,2336,15429,8312,95,0,0,0,0
2021-02-06T23:59:59+01:00,58,112,258,536,431,1098,577,1758,853,1451,605,554,655,1086,1652,3801,33,42,81,160,162,392,258,681,475,668,414,430,406,696,701,1953,15390,7552,95,0,0,0,0
2021-02-05T23:59:59+01:00,58,112,256,533,431,1096,576,1757,851,1449,604,554,645,1079,1646,3790,31,40,77,154,157,384,250,662,458,658,408,430,400,671,308,1331,15342,6419,95,0,0,0,0
2021-02-04T23:59:59+01:00,56,110,251,526,425,1080,560,1730,847,1435,597,545,562,963,1598,3731,30,37,73,149,151,373,236,641,441,644,403,424,395,664,306,1325,14989,6292,27,0,0,0,0
2021-02-03T23:59:59+01:00,55,105,247,519,424,1061,557,1715,845,1420,593,535,551,953,1595,3718,23,29,59,117,118,274,172,501,332,495,299,323,318,522,231,1058,14868,4871,25,0,0,0,0
2021-02-02T23:59:59+01:00,55,104,244,513,424,1043,545,1682,837,1396,580,526,540,906,1586,3673,16,22,40,76,82,180,120,337,217,357,210,217,202,327,166,700,14629,3269,25,0,0,0,0
2021-02-01T23:59:59+01:00,55,102,240,505,422,1027,537,1661,833,1373,572,520,523,877,1578,3626,6,11,20,40,44,92,64,168,94,160,99,100,85,153,72,310,14426,1518,25,0,0,0,0
2021-01-31T23:59:59+01:00,55,102,239,504,420,1023,535,1656,831,1370,572,519,523,877,1578,3625,6,11,18,36,39,78,60,142,81,145,95,99,84,152,70,309,14404,1425,25,0,0,0,0
2021-01-30T23:59:59+01:00,55,102,239,504,420,1023,535,1656,831,1370,572,519,523,877,1578,3625,6,11,18,36,39,78,60,142,81,145,95,98,84,152,70,309,14404,1424,25,0,0,0,0
2021-01-29T23:59:59+01:00,55,102,239,504,420,1023,535,1656,831,1370,572,519,523,877,1578,3625,6,11,18,36,39,78,60,142,81,145,95,98,84,152,70,309,14404,1424,25,0,0,0,0
2021-01-28T23:59:59+01:00,53,94,235,476,408,957,517,1570,808,1288,559,504,517,860,1576,3610,2,2,4,6,10,13,19,34,21,30,16,21,19,33,17,92,14013,339,19,0,0,0,0
2021-01-27T23:59:59+01:00,51,90,235,466,400,918,507,1504,788,1205,547,491,515,858,1576,3610,2,2,4,6,8,13,19,33,21,29,16,21,19,33,17,92,13744,335,17,0,0,0,0
2021-01-26T23:59:59+01:00,50,84,231,463,393,889,496,1436,763,1138,525,478,513,858,1576,3610,1,2,4,6,8,12,17,29,17,24,14,18,17,31,17,85,13487,302,16,0,0,0,0
2021-01-25T23:59:59+01:00,50,84,228,458,389,883,496,1433,762,1133,525,478,513,857,1576,3608,0,0,0,0,0,0,0,0,0,0,1,1,0,2,0,0,13458,4,15,0,0,0,0
2021-01-24T23:59:59+01:00,50,84,228,458,389,883,496,1432,762,1133,525,478,513,857,1576,3608,0,0,0,0,0,0,0,0,0,0,1,1,0,2,0,0,13457,4,15,0,0,0,0
2021-01-23T23:59:59+01:00,50,84,228,457,388,879,496,1426,761,1131,522,476,496,819,1324,3139,0,0,0,0,0,0,0,0,0,0,1,1,0,2,0,0,12661,4,15,0,0,0,0
2021-01-22T23:59:59+01:00,50,84,227,453,384,870,491,1416,756,1124,516,468,479,778,961,2418,0,0,0,0,0,0,0,0,0,0,1,1,0,2,0,0,11460,4,15,0,0,0,0
2021-01-21T23:59:59+01:00,50,81,209,420,357,814,464,1317,730,1090,512,468,479,778,960,2417,0,0,0,0,0,0,0,0,0,0,1,1,0,2,0,0,11131,4,15,0,0,0,0
2021-01-20T23:59:59+01:00,48,71,181,349,316,729,421,1163,660,999,476,457,474,778,960,2416,0,0,0,0,0,0,0,0,0,0,1,1,0,2,0,0,10483,4,15,0,0,0,0
2021-01-19T23:59:59+01:00,42,58,135,272,243,571,345,981,570,859,441,446,470,777,960,2416,0,0,0,0,0,0,0,0,0,0,1,0,0,2,0,0,9579,3,7,0,0,0,0
2021-01-18T23:59:59+01:00,38,45,86,173,174,421,278,718,499,702,432,439,467,772,958,2416,0,0,0,0,0,0,0,0,0,0,0,0,0,1,0,0,8618,1,0,0,0,0,0
2021-01-17T23:59:59+01:00,36,44,83,169,170,413,274,707,494,689,430,439,467,772,958,2415,0,0,0,0,0,0,0,0,0,0,0,0,0,0,0,0,8560,0,0,0,0,0,0
2021-01-16T23:59:59+01:00,33,43,81,167,166,404,267,700,479,681,422,438,429,725,718,2027,0,0,0,0,0,0,0,0,0,0,0,0,0,0,0,0,7780,0,0,0,0,0,0
2021-01-15T23:59:59+01:00,31,41,78,160,163,398,260,683,465,673,416,437,424,701,319,1395,0,0,0,0,0,0,0,0,0,0,0,0,0,0,0,0,6644,0,0,0,0,0,0
2021-01-14T23:59:59+01:00,31,39,77,156,158,393,252,674,454,665,413,435,424,700,319,1395,0,0,0,0,0,0,0,0,0,0,0,0,0,0,0,0,6585,0,0,0,0,0,0
2021-01-13T23:59:59+01:00,23,31,61,123,123,298,192,540,346,522,314,334,348,553,244,1120,0,0,0,0,0,0,0,0,0,0,0,0,0,0,0,0,5172,0,0,0,0,0,0
2021-01-12T23:59:59+01:00,16,24,45,85,88,210,139,390,236,387,224,228,227,356,177,760,0,0,0,0,0,0,0,0,0,0,0,0,0,0,0,0,3592,0,0,0,0,0,0
2021-01-11T23:59:59+01:00,8,15,26,44,58,134,88,220,124,205,112,109,99,173,82,338,0,0,0,0,0,0,0,0,0,0,0,0,0,0,0,0,1835,0,0,0,0,0,0
2021-01-10T23:59:59+01:00,7,15,22,41,51,106,80,179,105,172,106,105,95,171,79,338,0,0,0,0,0,0,0,0,0,0,0,0,0,0,0,0,1672,0,0,0,0,0,0
2021-01-09T23:59:59+01:00,7,15,22,41,51,106,80,179,105,172,106,104,95,171,79,338,0,0,0,0,0,0,0,0,0,0,0,0,0,0,0,0,1671,0,0,0,0,0,0
2021-01-08T23:59:59+01:00,7,14,21,40,49,100,75,168,99,169,103,100,90,162,77,329,0,0,0,0,0,0,0,0,0,0,0,0,0,0,0,0,1603,0,0,0,0,0,0
2021-01-07T23:59:59+01:00,2,3,4,7,10,14,20,34,23,34,17,21,20,34,19,96,0,0,0,0,0,0,0,0,0,0,0,0,0,0,0,0,358,0,0,0,0,0,0
2021-01-06T23:59:59+01:00,2,2,4,6,8,13,20,33,21,31,17,21,20,34,19,95,0,0,0,0,0,0,0,0,0,0,0,0,0,0,0,0,346,0,0,0,0,0,0
2021-01-05T23:59:59+01:00,2,2,4,6,8,13,20,33,21,31,17,21,20,34,19,95,0,0,0,0,0,0,0,0,0,0,0,0,0,0,0,0,346,0,0,0,0,0,0
2021-01-04T23:59:59+01:00,0,0,0,0,0,0,1,0,0,0,1,1,0,2,0,0,0,0,0,0,0,0,0,0,0,0,0,0,0,0,0,0,5,0,0,0,0,0,0
2021-01-03T23:59:59+01:00,0,0,0,0,0,0,1,0,0,0,1,1,0,2,0,0,0,0,0,0,0,0,0,0,0,0,0,0,0,0,0,0,5,0,0,0,0,0,0
2021-01-02T23:59:59+01:00,0,0,0,0,0,0,1,0,0,0,1,1,0,2,0,0,0,0,0,0,0,0,0,0,0,0,0,0,0,0,0,0,5,0,0,0,0,0,0
2021-01-01T23:59:59+01:00,0,0,0,0,0,0,1,0,0,0,1,1,0,2,0,0,0,0,0,0,0,0,0,0,0,0,0,0,0,0,0,0,5,0,0,0,0,0,0
2020-12-31T23:59:59+01:00,0,0,0,0,0,0,1,0,0,0,1,1,0,2,0,0,0,0,0,0,0,0,0,0,0,0,0,0,0,0,0,0,5,0,0,0,0,0,0
2020-12-30T23:59:59+01:00,0,0,0,0,0,0,1,0,0,0,1,1,0,2,0,0,0,0,0,0,0,0,0,0,0,0,0,0,0,0,0,0,5,0,0,0,0,0,0
2020-12-29T23:59:59+01:00,0,0,0,0,0,0,1,0,0,0,1,0,0,2,0,0,0,0,0,0,0,0,0,0,0,0,0,0,0,0,0,0,4,0,0,0,0,0,0
2020-12-28T23:59:59+01:00,0,0,0,0,0,0,0,0,0,0,1,0,0,1,0,0,0,0,0,0,0,0,0,0,0,0,0,0,0,0,0,0,2,0,0,0,0,0,0
2020-12-27T23:59:59+01:00,0,0,0,0,0,0,0,0,0,0,0,0,0,0,0,0,0,0,0,0,0,0,0,0,0,0,0,0,0,0,0,0,0,0,0,0,0,0,0
