Datum,<15_1_m,<15_1_w,15-24_1_m,15-24_1_w,25-34_1_m,25-34_1_w,35-44_1_m,35-44_1_w,45-54_1_m,45-54_1_w,55-64_1_m,55-64_1_w,65-74_1_m,65-74_1_w,75-84_1_m,75-84_1_w,>84_1_m,>84_1_w,<15_2_m,<15_2_w,15-24_2_m,15-24_2_w,25-34_2_m,25-34_2_w,35-44_2_m,35-44_2_w,45-54_2_m,45-54_2_w,55-64_2_m,55-64_2_w,65-74_2_m,65-74_2_w,75-84_2_m,75-84_2_w,>84_2_m,>84_2_w,bp_1,bp_2,mo_1,mo_2,az_1,az_2,ja,unb_1,unb_2
2021-11-08T23:59:59+01:00,2412,2215,16629,15583,19591,18077,22443,22433,28846,29704,35053,35691,26100,28977,17693,22591,5372,10188,1947,1723,14276,13531,17451,16119,20541,20505,26775,27577,33257,33989,25391,28146,17236,21980,5202,9752,261767,241348,32880,30839,46608,44892,18281,93,38
2021-11-07T23:59:59+01:00,2399,2201,16591,15550,19543,18039,22406,22396,28809,29682,35019,35667,26092,28971,17688,22585,5372,10185,1936,1717,14260,13504,17433,16098,20524,20486,26765,27562,33237,33977,25382,28136,17229,21974,5201,9750,261393,241144,32877,30839,46605,44892,18258,93,38
2021-11-06T23:59:59+01:00,2361,2160,16375,15366,19373,17900,22274,22297,28688,29592,34954,35612,26078,28959,17683,22581,5371,10184,1931,1715,14235,13487,17410,16080,20512,20473,26751,27551,33231,33963,25378,28132,17227,21972,5201,9749,260008,240971,32875,30839,46605,44892,18258,93,38
2021-11-05T23:59:59+01:00,2290,2093,16064,15089,19136,17676,22066,22122,28523,29443,34850,35532,26062,28938,17676,22570,5371,10182,1914,1703,14154,13410,17353,16028,20458,20427,26709,27516,33210,33944,25371,28123,17222,21961,5201,9746,258039,240558,32814,30799,46605,44892,18163,93,38
2021-11-04T23:59:59+01:00,2259,2063,15934,14954,19000,17552,21967,22016,28423,29340,34777,35484,26052,28920,17674,22562,5370,10182,1894,1683,14094,13349,17293,15962,20408,20364,26667,27462,33169,33902,25359,28108,17209,21949,5201,9737,257114,240149,32768,30750,46600,44888,17985,93,38
2021-11-03T23:59:59+01:00,2242,2041,15817,14855,18901,17475,21869,21934,28338,29279,34720,35454,26032,28899,17667,22551,5367,10179,1876,1669,14058,13310,17255,15915,20371,20333,26631,27421,33128,33872,25344,28089,17200,21931,5200,9729,256247,239720,32762,30737,46600,44888,17949,93,38
2021-11-02T23:59:59+01:00,2233,2028,15746,14786,18816,17403,21796,21878,28272,29238,34685,35420,26020,28884,17659,22548,5366,10174,1856,1657,14014,13269,17208,15886,20335,20298,26602,27396,33096,33839,25334,28074,17195,21921,5198,9723,255642,239339,32733,30722,46600,44887,17915,93,38
2021-11-01T23:59:59+01:00,2226,2016,15688,14746,18751,17372,21752,21849,28235,29217,34665,35403,26014,28883,17658,22545,5366,10173,1844,1650,13976,13246,17186,15859,20314,20284,26582,27378,33084,33832,25326,28070,17192,21912,5197,9721,255274,239123,32733,30714,46598,44886,17892,93,38
2021-10-31T23:59:59+01:00,2226,2016,15688,14746,18751,17372,21752,21849,28234,29217,34665,35403,26014,28883,17658,22545,5366,10173,1844,1650,13976,13246,17186,15858,20314,20284,26581,27378,33084,33832,25326,28070,17192,21912,5197,9721,255274,239122,32733,30714,46598,44886,17891,93,38
2021-10-30T23:59:59+02:00,2224,2014,15685,14746,18751,17372,21750,21848,28234,29217,34665,35403,26014,28882,17658,22545,5366,10173,1842,1649,13975,13246,17186,15858,20314,20284,26581,27378,33083,33832,25326,28070,17192,21912,5197,9721,255264,239117,32732,30714,46598,44886,17891,93,38
2021-10-29T23:59:59+02:00,2200,1983,15553,14642,18606,17262,21628,21762,28115,29146,34598,35362,26003,28874,17653,22543,5366,10171,1829,1636,13910,13211,17135,15811,20265,20262,26544,27353,33064,33812,25323,28066,17190,21908,5197,9718,254353,238862,32683,30677,46598,44886,17771,93,38
2021-10-28T23:59:59+02:00,2177,1954,15416,14545,18422,17145,21508,21674,28016,29073,34537,35314,25990,28862,17649,22536,5366,10169,1815,1620,13832,13137,17040,15745,20204,20207,26496,27310,33025,33786,25301,28047,17183,21899,5193,9714,253513,238466,32598,30584,46597,44883,17583,93,38
2021-10-27T23:59:59+02:00,2152,1941,15355,14486,18374,17096,21452,21647,27982,29042,34510,35294,25985,28846,17642,22533,5366,10168,1803,1606,13800,13103,17019,15725,20190,20190,26477,27275,33002,33766,25283,28026,17175,21883,5189,9712,253065,238171,32595,30580,46597,44883,17552,93,38
2021-10-26T23:59:59+02:00,2139,1917,15313,14454,18336,17061,21422,21630,27964,29022,34491,35284,25977,28842,17639,22530,5366,10168,1794,1599,13776,13066,16995,15698,20168,20170,26460,27257,32980,33753,25272,28008,17165,21864,5185,9695,252762,237868,32589,30571,46597,44883,17545,93,38
2021-10-25T23:59:59+02:00,2132,1912,15280,14436,18314,17044,21407,21621,27951,29016,34487,35279,25977,28840,17639,22530,5366,10168,1793,1599,13772,13063,16992,15696,20168,20167,26459,27256,32977,33751,25272,28008,17165,21863,5185,9695,252610,237848,32585,30567,46597,44883,17545,93,38
2021-10-24T23:59:59+02:00,2122,1906,15265,14429,18299,17034,21395,21612,27939,29003,34479,35273,25976,28835,17637,22530,5366,10168,1787,1593,13761,13044,16985,15683,20161,20158,26450,27251,32972,33743,25268,28003,17163,21862,5184,9694,252488,237736,32585,30567,46595,44883,17538,93,38
2021-10-23T23:59:59+02:00,2122,1906,15265,14429,18298,17034,21395,21611,27939,29003,34479,35273,25976,28835,17637,22530,5366,10168,1787,1593,13761,13044,16985,15683,20161,20158,26450,27251,32971,33743,25268,28003,17163,21862,5184,9694,252486,237735,32585,30567,46595,44883,17538,93,38
2021-10-22T23:59:59+02:00,2107,1890,15199,14384,18206,16974,21328,21563,27885,28956,34448,35257,25976,28831,17636,22527,5365,10167,1770,1572,13710,12980,16940,15648,20131,20135,26430,27233,32951,33726,25260,28001,17163,21859,5184,9693,252017,237419,32525,30546,46595,44883,17500,93,38
2021-10-21T23:59:59+02:00,2077,1859,15081,14301,18085,16883,21237,21503,27812,28893,34382,35218,25962,28812,17630,22517,5364,10163,1743,1555,13632,12899,16871,15598,20074,20092,26376,27187,32905,33691,25243,27980,17152,21835,5183,9688,251261,236949,32471,30445,46595,44883,17389,93,38
2021-10-20T23:59:59+02:00,2064,1848,15035,14267,18036,16847,21189,21464,27781,28867,34354,35201,25955,28799,17622,22506,5363,10159,1721,1542,13603,12866,16839,15562,20044,20061,26345,27157,32882,33659,25223,27968,17141,21825,5183,9683,250864,236573,32457,30433,46595,44883,17377,93,38
2021-10-19T23:59:59+02:00,2055,1841,15015,14237,18015,16826,21173,21450,27768,28850,34336,35189,25943,28790,17620,22503,5363,10159,1707,1524,13583,12828,16803,15525,20014,20037,26321,27133,32851,33637,25206,27951,17134,21811,5179,9677,250653,236204,32457,30432,46595,44883,17364,93,38
2021-10-18T23:59:59+02:00,2050,1834,14993,14219,17998,16806,21148,21425,27754,28838,34323,35175,25941,28784,17618,22500,5360,10158,1693,1512,13556,12797,16788,15498,19993,20012,26303,27108,32836,33617,25194,27943,17130,21803,5176,9675,250468,235944,32446,30420,46595,44881,17351,93,38
2021-10-17T23:59:59+02:00,2046,1832,14968,14209,17995,16800,21144,21419,27748,28829,34320,35170,25936,28781,17616,22500,5359,10154,1691,1506,13530,12776,16768,15482,19979,19995,26287,27098,32827,33606,25185,27935,17126,21800,5171,9666,250380,235752,32445,30420,46595,44876,17342,93,38
2021-10-16T23:59:59+02:00,2046,1831,14968,14207,17995,16800,21143,21419,27748,28829,34320,35170,25936,28781,17616,22500,5359,10154,1691,1506,13530,12776,16768,15482,19979,19995,26287,27098,32827,33606,25185,27935,17126,21800,5171,9666,250376,235752,32445,30420,46595,44876,17342,93,38
2021-10-15T23:59:59+02:00,2041,1816,14939,14174,17975,16777,21118,21405,27733,28819,34305,35164,25936,28778,17615,22496,5359,10152,1674,1484,13460,12721,16734,15449,19941,19969,26265,27073,32816,33590,25182,27932,17121,21797,5170,9665,250209,235430,32420,30385,46595,44876,17314,93,38
2021-10-14T23:59:59+02:00,2013,1799,14845,14108,17914,16723,21080,21372,27696,28789,34276,35142,25928,28770,17611,22488,5358,10146,1647,1455,13362,12626,16669,15386,19895,19899,26207,27022,32774,33554,25164,27909,17107,21778,5168,9662,249801,234901,32364,30235,46595,44876,17234,93,38
2021-10-13T23:59:59+02:00,1998,1790,14813,14064,17889,16695,21064,21353,27672,28773,34255,35129,25921,28760,17603,22480,5357,10143,1632,1443,13317,12586,16640,15351,19858,19853,26179,26997,32745,33513,25144,27888,17098,21753,5163,9656,249521,234454,32362,30231,46595,44876,17217,93,38
2021-10-12T23:59:59+02:00,1989,1785,14782,14031,17870,16668,21038,21331,27653,28752,34236,35112,25916,28754,17601,22472,5356,10140,1618,1435,13276,12540,16616,15307,19824,19818,26154,26970,32716,33490,25126,27864,17087,21731,5153,9625,249258,233998,32360,30229,46595,44876,17209,93,38
2021-10-11T23:59:59+02:00,1983,1777,14759,14018,17856,16651,21024,21319,27641,28742,34227,35098,25912,28747,17597,22467,5356,10136,1614,1425,13242,12509,16600,15279,19805,19792,26136,26943,32691,33462,25108,27843,17080,21719,5152,9615,249098,233678,32360,30229,46594,44876,17194,93,38
2021-10-10T23:59:59+02:00,1970,1764,14741,14000,17838,16636,21014,21305,27635,28737,34216,35091,25912,28743,17596,22464,5354,10136,1594,1415,13214,12484,16573,15251,19784,19772,26120,26925,32678,33447,25100,27833,17075,21716,5150,9612,248955,233425,32360,30229,46594,44872,17179,93,38
2021-10-09T23:59:59+02:00,1970,1764,14741,14000,17837,16635,21013,21305,27635,28737,34215,35090,25912,28741,17596,22464,5354,10136,1594,1415,13214,12484,16572,15251,19783,19772,26120,26924,32677,33445,25100,27831,17075,21716,5150,9612,248954,233424,32360,30228,46594,44872,17173,93,38
2021-10-08T23:59:59+02:00,1953,1749,14704,13978,17809,16610,20990,21290,27616,28723,34201,35075,25907,28740,17596,22462,5353,10134,1571,1376,13137,12396,16517,15200,19730,19732,26091,26891,32656,33424,25089,27820,17070,21711,5148,9611,248759,232918,32342,30211,46594,44872,17131,93,38
2021-10-07T23:59:59+02:00,1931,1729,14635,13905,17741,16557,20944,21229,27569,28694,34151,35045,25883,28718,17588,22450,5352,10130,1531,1343,13041,12322,16453,15129,19680,19683,26018,26840,32608,33381,25064,27798,17052,21692,5140,9594,248300,232399,32284,30051,46593,44871,17010,93,38
2021-10-06T23:59:59+02:00,1922,1711,14599,13869,17718,16529,20926,21206,27539,28662,34118,35024,25869,28705,17585,22445,5349,10127,1514,1330,13014,12281,16428,15101,19655,19658,25990,26814,32585,33351,25052,27785,17042,21680,5138,9588,247998,232084,32284,30051,46593,44871,16962,93,38
2021-10-05T23:59:59+02:00,1915,1699,14575,13831,17685,16513,20905,21184,27517,28635,34098,34997,25852,28689,17576,22435,5349,10123,1497,1315,12981,12249,16402,15083,19634,19634,25969,26787,32563,33333,25045,27776,17035,21673,5134,9583,247697,231794,32283,30051,46592,44870,16940,93,38
2021-10-04T23:59:59+02:00,1903,1694,14530,13793,17654,16485,20884,21163,27494,28611,34082,34978,25845,28672,17573,22430,5348,10119,1475,1299,12947,12212,16383,15053,19621,19610,25945,26759,32545,33305,25034,27766,17029,21666,5132,9579,247446,231507,32256,30048,46591,44869,16898,93,38
2021-10-03T23:59:59+02:00,1891,1688,14512,13764,17636,16467,20872,21153,27485,28600,34072,34969,25836,28667,17566,22422,5347,10117,1464,1289,12925,12194,16359,15035,19610,19599,25935,26746,32534,33292,25023,27755,17029,21658,5132,9579,247310,231356,32246,30044,46588,44868,16852,93,38
2021-10-02T23:59:59+02:00,1890,1688,14510,13763,17635,16466,20872,21152,27485,28600,34071,34969,25836,28666,17566,22422,5347,10117,1464,1289,12925,12193,16359,15035,19610,19599,25935,26746,32534,33292,25023,27755,17029,21658,5132,9579,247301,231355,32246,30044,46588,44868,16852,93,38
2021-10-01T23:59:59+02:00,1877,1669,14448,13699,17573,16414,20830,21110,27449,28580,34045,34950,25828,28662,17566,22416,5347,10114,1429,1252,12822,12090,16277,14978,19551,19550,25899,26711,32502,33264,25008,27740,17025,21650,5131,9577,246973,230782,32214,30034,46588,44868,16734,93,38
2021-09-30T23:59:59+02:00,1864,1649,14350,13614,17510,16356,20768,21058,27392,28522,33987,34923,25806,28645,17557,22405,5345,10111,1405,1228,12716,12015,16204,14930,19500,19497,25844,26653,32447,33236,24987,27717,17019,21638,5128,9576,246605,230472,32086,29853,46585,44859,16518,93,38
2021-09-29T23:59:59+02:00,1849,1629,14325,13589,17487,16314,20730,21028,27365,28489,33961,34901,25786,28629,17551,22395,5345,10110,1387,1215,12684,11982,16184,14902,19487,19478,25829,26635,32429,33213,24972,27704,17009,21625,5125,9572,246255,230194,32086,29853,46585,44858,16489,93,38
2021-09-28T23:59:59+02:00,1832,1620,14296,13557,17458,16280,20703,20993,27333,28466,33934,34877,25772,28609,17541,22385,5342,10104,1362,1208,12644,11951,16163,14874,19473,19452,25810,26624,32416,33192,24966,27693,17006,21619,5123,9571,245902,229937,32085,29853,46585,44857,16462,93,38
2021-09-27T23:59:59+02:00,1824,1615,14268,13532,17439,16258,20678,20970,27311,28447,33915,34855,25764,28596,17539,22377,5342,10101,1348,1197,12606,11917,16142,14852,19447,19435,25790,26602,32407,33172,24958,27680,17000,21612,5121,9570,245683,229704,32085,29853,46585,44851,16410,93,38
2021-09-26T23:59:59+02:00,1820,1610,14252,13512,17419,16241,20667,20955,27295,28432,33907,34842,25753,28591,17535,22376,5341,10100,1341,1193,12590,11897,16127,14835,19434,19423,25781,26591,32396,33161,24952,27678,16997,21608,5120,9569,245531,229573,32085,29852,46585,44851,16379,93,38
2021-09-25T23:59:59+02:00,1817,1608,14239,13496,17398,16230,20646,20944,27276,28416,33894,34834,25746,28586,17530,22373,5340,10098,1339,1191,12579,11883,16109,14825,19414,19411,25766,26574,32384,33153,24946,27673,16992,21605,5120,9567,245488,229546,32085,29852,46585,44851,16244,93,38
2021-09-24T23:59:59+02:00,1799,1584,14157,13415,17329,16178,20591,20894,27237,28372,33854,34803,25728,28575,17520,22363,5338,10094,1310,1172,12482,11780,16027,14759,19360,19350,25719,26538,32336,33123,24923,27652,16983,21593,5118,9563,245091,229031,32066,29848,46585,44851,16020,93,38
2021-09-23T23:59:59+02:00,1778,1564,14054,13316,17236,16092,20499,20817,27155,28315,33805,34743,25702,28552,17508,22344,5334,10087,1297,1163,12393,11705,15957,14692,19286,19300,25659,26482,32290,33087,24903,27633,16977,21582,5115,9557,244601,228698,31965,29810,46584,44850,15682,93,38
2021-09-22T23:59:59+02:00,1759,1551,14017,13268,17186,16050,20447,20770,27116,28268,33754,34692,25672,28525,17500,22322,5330,10083,1280,1154,12351,11659,15911,14659,19256,19271,25630,26454,32240,33052,24875,27608,16971,21568,5111,9548,244180,228375,31940,29801,46584,44848,15536,93,38
2021-09-21T23:59:59+02:00,1746,1536,13955,13215,17164,16000,20414,20731,27085,28228,33719,34671,25659,28508,17488,22298,5322,10055,1255,1131,12304,11599,15881,14631,19223,19232,25603,26426,32215,33025,24854,27591,16968,21559,5109,9537,243690,227994,31936,29751,46584,44846,15514,93,38
2021-09-20T23:59:59+02:00,1736,1529,13904,13176,17127,15959,20373,20698,27043,28189,33684,34637,25639,28481,17480,22281,5311,10028,1236,1127,12248,11563,15848,14608,19194,19206,25575,26403,32193,33001,24841,27578,16965,21551,5104,9523,243248,227692,31936,29751,46584,44846,15437,93,38
2021-09-19T23:59:59+02:00,1731,1520,13879,13150,17096,15937,20346,20679,27022,28161,33671,34623,25631,28472,17477,22278,5310,10026,1232,1116,12224,11542,15826,14588,19180,19187,25562,26391,32183,32990,24834,27573,16959,21545,5103,9523,243019,227525,31935,29750,46584,44844,15401,93,38
2021-09-18T23:59:59+02:00,1728,1516,13867,13138,17085,15930,20336,20672,27015,28157,33665,34619,25631,28472,17477,22277,5310,10026,1232,1114,12217,11534,15816,14583,19170,19184,25555,26387,32178,32988,24834,27573,16959,21545,5103,9523,242982,227505,31922,29745,46584,44844,15363,93,38
2021-09-17T23:59:59+02:00,1705,1482,13766,13024,16977,15854,20255,20601,26945,28097,33612,34575,25608,28449,17465,22266,5309,10023,1215,1097,12132,11457,15715,14506,19082,19112,25486,26319,32115,32945,24815,27553,16949,21527,5102,9519,242517,227065,31875,29733,46584,44843,14967,93,38
2021-09-16T23:59:59+02:00,1678,1444,13667,12914,16889,15758,20163,20511,26843,28010,33535,34509,25576,28416,17451,22242,5302,10002,1191,1071,12042,11378,15645,14442,19000,19033,25397,26237,32054,32890,24773,27515,16939,21514,5099,9508,241900,226597,31778,29674,46584,44841,14578,93,38
2021-09-15T23:59:59+02:00,1660,1435,13607,12861,16837,15696,20117,20460,26787,27959,33483,34453,25550,28384,17436,22213,5295,9979,1171,1055,11982,11317,15589,14391,18948,18982,25336,26188,31996,32834,24740,27482,16923,21495,5095,9497,241480,226161,31757,29658,46580,44839,14325,93,38
2021-09-14T23:59:59+02:00,1644,1424,13543,12793,16764,15644,20057,20413,26737,27902,33433,34402,25527,28365,17423,22202,5291,9974,1143,1033,11919,11255,15516,14331,18894,18937,25288,26134,31939,32781,24709,27459,16909,21479,5095,9492,241078,225767,31705,29564,46580,44839,14105,93,38
2021-09-13T23:59:59+02:00,1622,1408,13505,12756,16737,15617,20038,20388,26715,27877,33412,34378,25517,28357,17418,22191,5291,9971,1126,1018,11876,11221,15483,14309,18871,18907,25264,26106,31912,32759,24699,27448,16896,21470,5092,9491,240796,225459,31704,29562,46575,44837,14052,93,38
2021-09-12T23:59:59+02:00,1611,1405,13472,12733,16695,15601,20024,20377,26704,27858,33406,34366,25511,28350,17417,22187,5291,9968,1114,1012,11832,11201,15437,14291,18847,18886,25248,26093,31898,32745,24691,27439,16893,21466,5091,9488,240636,225244,31704,29562,46573,44836,13992,93,38
2021-09-11T23:59:59+02:00,1600,1404,13456,12721,16681,15592,20014,20374,26692,27852,33402,34362,25507,28349,17416,22186,5289,9968,1035,950,11765,11150,15421,14283,18839,18875,25235,26082,31890,32732,24689,27437,16892,21465,5091,9488,240571,224920,31683,29560,46573,44836,13965,93,38
2021-09-10T23:59:59+02:00,1561,1358,13307,12594,16609,15515,19907,20289,26610,27788,33340,34308,25467,28318,17401,22163,5283,9963,1008,925,11644,11047,15336,14200,18730,18791,25142,26025,31816,32675,24647,27406,16876,21445,5086,9483,239973,224364,31665,29549,46573,44836,13495,93,38
2021-09-09T23:59:59+02:00,1538,1337,13237,12529,16555,15465,19854,20251,26558,27721,33298,34268,25439,28300,17396,22150,5279,9956,988,901,11581,10974,15284,14148,18677,18760,25086,25984,31769,32641,24625,27391,16863,21435,5083,9472,239604,223991,31590,29509,46573,44836,13288,93,38
2021-09-08T23:59:59+02:00,1523,1320,13208,12505,16539,15441,19834,20238,26542,27709,33285,34257,25427,28292,17390,22144,5276,9953,976,885,11537,10930,15259,14130,18665,18743,25068,25960,31748,32630,24611,27376,16861,21429,5083,9470,239384,223715,31590,29509,46569,44835,13264,93,38
2021-09-07T23:59:59+02:00,1490,1302,13150,12458,16499,15409,19811,20209,26505,27688,33251,34227,25403,28274,17384,22129,5271,9947,958,876,11479,10865,15205,14077,18628,18710,25021,25915,31696,32603,24583,27353,16853,21412,5078,9468,239151,223408,31506,29394,46569,44835,13105,93,38
2021-09-06T23:59:59+02:00,1475,1293,13120,12424,16478,15386,19792,20188,26489,27673,33240,34218,25400,28261,17381,22125,5268,9947,945,867,11457,10833,15187,14045,18606,18694,25005,25895,31674,32588,24572,27340,16852,21404,5075,9468,238934,223179,31506,29383,46569,44834,13073,93,38
2021-09-05T23:59:59+02:00,1465,1285,13103,12404,16462,15370,19781,20181,26483,27664,33230,34206,25398,28258,17379,22121,5268,9947,938,862,11438,10817,15162,14029,18595,18685,24998,25888,31665,32568,24569,27329,16849,21399,5073,9467,238806,223029,31506,29383,46569,44833,13048,93,38
2021-09-04T23:59:59+02:00,1465,1285,13102,12403,16462,15370,19779,20181,26482,27664,33230,34206,25398,28258,17379,22120,5268,9947,937,862,11438,10815,15160,14029,18590,18685,24997,25886,31665,32566,24568,27329,16849,21399,5073,9467,238804,223018,31506,29382,46569,44833,13044,93,38
2021-09-03T23:59:59+02:00,1438,1269,13000,12306,16406,15318,19741,20142,26440,27637,33193,34189,25380,28247,17375,22109,5266,9946,893,828,11297,10688,15097,13952,18519,18639,24926,25837,31606,32530,24535,27301,16836,21383,5070,9463,238306,222205,31506,29379,46569,44833,12945,93,38
2021-09-02T23:59:59+02:00,1423,1262,12936,12264,16363,15285,19707,20115,26406,27603,33168,34168,25365,28235,17370,22104,5266,9942,888,822,11220,10650,15049,13917,18481,18619,24893,25815,31568,32500,24516,27280,16830,21378,5070,9461,238083,221942,31442,29337,46565,44824,12816,93,38
2021-09-01T23:59:59+02:00,1400,1247,12900,12226,16342,15265,19688,20100,26388,27583,33146,34143,25355,28224,17364,22094,5263,9938,873,800,11179,10615,15029,13889,18461,18599,24872,25793,31543,32468,24501,27266,16822,21372,5068,9459,237783,221612,31442,29335,46564,44823,12801,93,38
2021-08-31T23:59:59+02:00,1368,1225,12845,12166,16297,15229,19655,20055,26342,27534,33107,34108,25339,28203,17358,22081,5259,9934,851,775,11107,10546,14981,13828,18409,18566,24822,25739,31485,32425,24470,27250,16813,21359,5065,9452,237474,221182,31379,29306,46564,44804,12613,92,38
2021-08-30T23:59:59+02:00,1344,1210,12800,12128,16272,15207,19635,20038,26319,27517,33085,34091,25328,28193,17358,22077,5257,9932,843,764,11029,10513,14953,13807,18387,18542,24794,25723,31458,32398,24459,27235,16807,21352,5062,9449,237219,220885,31379,29306,46564,44793,12553,92,38
2021-08-29T23:59:59+02:00,1338,1204,12786,12111,16261,15198,19626,20028,26316,27508,33078,34077,25323,28187,17356,22076,5257,9932,831,755,11011,10476,14943,13790,18371,18528,24781,25714,31450,32386,24450,27223,16805,21347,5062,9449,237114,220710,31379,29306,46564,44789,12529,92,38
2021-08-28T23:59:59+02:00,1331,1190,12754,12090,16247,15186,19615,20014,26309,27498,33069,34071,25321,28182,17355,22073,5257,9931,812,730,10935,10405,14908,13757,18324,18501,24745,25681,31407,32355,24433,27210,16796,21331,5062,9446,236952,220183,31379,29306,46564,44789,12522,92,38
2021-08-27T23:59:59+02:00,1312,1175,12691,12035,16201,15138,19557,19964,26254,27449,33026,34041,25303,28171,17351,22059,5257,9928,809,725,10898,10371,14867,13731,18308,18485,24710,25657,31379,32334,24420,27199,16793,21327,5062,9445,236529,220025,31379,29305,46564,44788,12364,92,38
2021-08-26T23:59:59+02:00,1292,1159,12621,11979,16155,15095,19513,19924,26200,27391,32975,33996,25273,28142,17344,22049,5254,9924,799,710,10829,10321,14820,13688,18262,18456,24665,25619,31333,32295,24398,27182,16785,21318,5062,9441,236159,219709,31320,29290,46564,44781,12165,92,38
2021-08-25T23:59:59+02:00,1275,1144,12598,11937,16134,15069,19491,19908,26173,27374,32940,33967,25254,28124,17337,22042,5253,9921,785,697,10779,10279,14789,13659,18229,18425,24642,25600,31300,32257,24385,27165,16778,21308,5060,9438,235845,219332,31320,29290,46558,44777,12138,92,38
2021-08-24T23:59:59+02:00,1248,1126,12539,11865,16077,15025,19446,19867,26126,27329,32895,33934,25234,28100,17325,22030,5252,9916,763,677,10701,10205,14745,13619,18183,18389,24592,25549,31258,32220,24361,27138,16763,21292,5059,9437,235534,218919,31194,29250,46558,44777,11967,92,38
2021-08-23T23:59:59+02:00,1235,1113,12501,11829,16052,15006,19425,19832,26106,27293,32865,33912,25220,28087,17321,22021,5252,9913,740,661,10645,10152,14715,13581,18145,18355,24565,25519,31223,32187,24348,27118,16756,21289,5057,9436,235235,218514,31193,29250,46557,44774,11916,92,38
2021-08-22T23:59:59+02:00,1227,1106,12486,11807,16037,14990,19418,19813,26094,27282,32854,33896,25209,28081,17319,22019,5249,9913,725,652,10616,10123,14693,13564,18125,18344,24552,25501,31208,32174,24340,27107,16754,21284,5056,9435,235070,218294,31193,29250,46557,44773,11898,92,38
2021-08-21T23:59:59+02:00,1139,1034,12411,11749,16025,14978,19407,19801,26084,27271,32844,33880,25204,28077,17316,22016,5249,9913,714,646,10592,10093,14676,13560,18116,18332,24543,25495,31201,32168,24337,27107,16753,21284,5056,9435,234696,218171,31187,29250,46557,44773,11876,92,38
2021-08-20T23:59:59+02:00,1119,1018,12350,11680,15965,14923,19344,19762,26030,27238,32794,33853,25189,28066,17307,22011,5248,9911,710,640,10537,10056,14634,13524,18076,18306,24508,25476,31171,32151,24328,27100,16747,21281,5056,9434,234195,217887,31187,29250,46557,44773,11787,92,38
2021-08-19T23:59:59+02:00,1093,994,12281,11623,15904,14891,19294,19711,25968,27188,32751,33818,25158,28043,17295,22000,5245,9909,701,628,10442,9977,14565,13485,18020,18268,24439,25433,31104,32106,24287,27081,16738,21264,5055,9431,233902,217450,31095,29241,46557,44765,11530,92,38
2021-08-18T23:59:59+02:00,1081,978,12241,11587,15875,14861,19266,19681,25938,27157,32714,33792,25139,28031,17290,21991,5243,9908,687,617,10387,9909,14517,13461,17970,18239,24393,25396,31045,32067,24265,27063,16732,21251,5051,9425,233584,216992,31094,29233,46556,44755,11457,92,38
2021-08-17T23:59:59+02:00,1054,953,12190,11546,15846,14819,19235,19649,25910,27134,32678,33754,25122,28011,17280,21974,5242,9902,672,593,10293,9827,14464,13413,17917,18185,24343,25355,30985,32024,24237,27039,16721,21231,5049,9418,233281,216393,30969,29173,46556,44752,11410,92,38
2021-08-16T23:59:59+02:00,1042,946,12158,11519,15828,14802,19216,19630,25887,27110,32659,33732,25102,27996,17272,21959,5239,9900,657,580,10237,9759,14439,13370,17892,18148,24299,25320,30948,31993,24210,27005,16706,21217,5049,9415,233051,215948,30968,29173,46556,44746,11339,92,38
2021-08-15T23:59:59+02:00,1034,946,12133,11503,15814,14785,19202,19615,25877,27100,32638,33717,25096,27987,17268,21948,5238,9900,650,572,10190,9724,14401,13347,17869,18125,24274,25306,30927,31967,24192,26997,16701,21209,5048,9413,232891,215655,30967,29173,46555,44741,11305,92,38
2021-08-14T23:59:59+02:00,1033,946,12132,11500,15814,14784,19199,19613,25876,27100,32638,33716,25096,27987,17268,21948,5238,9900,594,511,10024,9504,14295,13256,17794,18079,24225,25274,30887,31934,24177,26984,16698,21206,5046,9412,232883,214650,30967,29172,46555,44740,11300,92,38
2021-08-13T23:59:59+02:00,988,906,11980,11375,15762,14723,19134,19557,25805,27048,32586,33680,25071,27958,17257,21938,5237,9896,586,506,9971,9449,14255,13227,17755,18054,24193,25254,30863,31913,24166,26971,16692,21197,5046,9408,232052,214312,30966,29172,46555,44737,11247,90,38
2021-08-12T23:59:59+02:00,974,884,11923,11314,15713,14683,19097,19531,25759,27024,32540,33651,25046,27942,17248,21932,5237,9893,577,497,9879,9383,14182,13185,17693,18004,24126,25218,30809,31864,24138,26946,16676,21179,5044,9408,231820,213889,30941,29166,46555,44722,10993,90,38
2021-08-11T23:59:59+02:00,960,873,11890,11280,15694,14660,19064,19513,25737,27005,32515,33622,25027,27919,17244,21924,5236,9891,533,464,9806,9321,14128,13145,17646,17960,24085,25196,30769,31816,24108,26914,16660,21166,5043,9402,231527,213317,30940,29162,46554,44694,10951,90,38
2021-08-10T23:59:59+02:00,941,863,11802,11228,15642,14629,19020,19476,25683,26970,32458,33568,25010,27904,17237,21911,5235,9888,520,457,9710,9233,14076,13110,17614,17926,24038,25157,30716,31769,24075,26880,16653,21146,5039,9397,231145,212793,30808,29127,46552,44680,10878,90,38
2021-08-09T23:59:59+02:00,938,846,11774,11193,15626,14613,18998,19463,25651,26948,32429,33537,25002,27895,17231,21903,5235,9885,508,440,9655,9171,14035,13060,17577,17885,24007,25112,30681,31729,24061,26863,16648,21133,5037,9391,230905,212337,30808,29124,46551,44673,10821,90,38
2021-08-08T23:59:59+02:00,928,839,11738,11170,15604,14599,18978,19442,25626,26928,32407,33520,24994,27879,17224,21899,5234,9885,486,431,9579,9115,13986,13031,17550,17855,23974,25077,30649,31698,24048,26844,16640,21119,5036,9388,230714,211935,30808,29123,46551,44672,10738,90,38
2021-08-07T23:59:59+02:00,908,812,11641,11092,15560,14558,18936,19408,25587,26898,32361,33488,24977,27867,17215,21881,5233,9882,417,358,8959,8525,13542,12676,17337,17669,23823,24967,30497,31621,23989,26793,16619,21092,5031,9385,230125,208732,30808,29121,46551,44672,10737,90,38
2021-08-06T23:59:59+02:00,899,809,11611,11067,15546,14545,18925,19402,25572,26882,32352,33481,24973,27863,17210,21879,5233,9881,375,309,8374,7904,13029,12278,17108,17463,23678,24855,30402,31542,23958,26746,16607,21078,5028,9378,230076,205561,30687,29108,46551,44672,10733,90,38
2021-08-05T23:59:59+02:00,896,802,11571,11036,15503,14516,18885,19370,25526,26847,32304,33434,24932,27841,17208,21868,5233,9875,367,303,8319,7840,12980,12226,17059,17422,23614,24815,30326,31488,23911,26704,16593,21060,5026,9369,229848,205139,30686,29103,46549,44663,10479,90,38
2021-08-04T23:59:59+02:00,879,786,11541,11006,15484,14484,18852,19344,25499,26818,32259,33394,24917,27828,17203,21862,5231,9867,345,293,8229,7753,12924,12179,17007,17378,23557,24771,30266,31416,23874,26666,16583,21047,5024,9363,229582,204551,30684,29102,46547,44628,10356,90,38
2021-08-03T23:59:59+02:00,863,769,11494,10966,15460,14462,18820,19324,25473,26789,32224,33359,24897,27809,17193,21857,5227,9866,320,282,8147,7667,12854,12128,16938,17326,23497,24733,30223,31366,23838,26632,16568,21036,5021,9359,229246,203892,30682,29092,46546,44620,10293,90,38
2021-08-02T23:59:59+02:00,854,766,11458,10936,15437,14431,18793,19304,25444,26764,32192,33331,24883,27789,17185,21848,5226,9864,310,275,8051,7575,12776,12067,16879,17261,23440,24661,30172,31308,23819,26609,16547,21026,5019,9354,228965,203181,30681,29091,46546,44612,10227,90,38
2021-08-01T23:59:59+02:00,846,759,11432,10907,15424,14417,18778,19293,25424,26752,32175,33316,24879,27780,17184,21845,5224,9863,297,258,7984,7508,12714,12019,16834,17214,23403,24629,30145,31283,23803,26590,16543,21020,5017,9353,228818,202722,30677,29090,46546,44593,10171,90,38
2021-07-31T23:59:59+02:00,843,758,11429,10901,15422,14414,18774,19289,25423,26751,32172,33315,24879,27779,17184,21845,5224,9863,275,238,7831,7323,11944,11350,16278,16775,23307,24550,30080,31212,23773,26554,16531,21001,5016,9351,228788,199500,30676,29090,46546,44592,10169,90,38
2021-07-30T23:59:59+02:00,842,757,11416,10892,15419,14411,18767,19282,25416,26746,32162,33310,24878,27777,17184,21842,5224,9863,228,198,7550,7084,11401,10903,15799,16344,23169,24443,29971,31100,23736,26509,16514,20979,5016,9347,228720,196421,30675,29089,46544,44580,10163,90,38
2021-07-29T23:59:59+02:00,830,748,11377,10845,15381,14390,18727,19256,25379,26712,32109,33281,24860,27757,17173,21824,5224,9860,138,134,7178,6776,10736,10383,15282,15928,22992,24297,29823,30989,23681,26457,16485,20954,5012,9344,228402,192949,30673,29079,46544,44495,10028,90,38
2021-07-28T23:59:59+02:00,811,735,11330,10792,15357,14361,18696,19228,25353,26684,32082,33256,24844,27739,17168,21812,5223,9856,119,105,7013,6623,10589,10259,15170,15793,22899,24201,29721,30890,23639,26399,16466,20925,5011,9334,228073,191700,30673,29077,46539,44385,9956,90,38
2021-07-27T23:59:59+02:00,802,726,11285,10752,15314,14321,18655,19202,25324,26658,32046,33234,24828,27714,17161,21800,5222,9848,99,92,6792,6409,10428,10144,15025,15661,22795,24092,29613,30777,23587,26335,16450,20898,5008,9322,227752,190548,30673,28749,46538,44349,9843,90,38
2021-07-26T23:59:59+02:00,792,713,11235,10703,15288,14300,18637,19174,25296,26627,32014,33208,24813,27692,17149,21788,5221,9845,91,83,6676,6333,10332,10070,14958,15581,22713,24032,29548,30703,23554,26291,16438,20881,5004,9316,227452,189763,30671,28746,46537,44309,9748,90,38
2021-07-25T23:59:59+02:00,781,703,11206,10675,15267,14275,18617,19150,25269,26602,31993,33190,24796,27681,17145,21779,5220,9843,76,78,6600,6253,10264,10007,14885,15521,22659,23978,29492,30665,23523,26270,16426,20867,5004,9312,227253,189176,30671,28742,46536,44279,9645,90,38
2021-07-24T23:59:59+02:00,757,681,11129,10592,15228,14248,18593,19129,25249,26586,31981,33177,24796,27677,17142,21777,5220,9843,76,77,6201,5905,10115,9894,14509,15238,22435,23819,29374,30581,23487,26232,16409,20850,5001,9308,226873,186819,30671,28739,46536,44277,9638,90,38
2021-07-23T23:59:59+02:00,731,659,11061,10506,15198,14214,18565,19115,25228,26565,31966,33159,24785,27672,17140,21777,5220,9840,73,73,5829,5599,9996,9787,14162,14973,22238,23643,29254,30463,23435,26164,16398,20829,4997,9301,226485,184549,30670,28739,46536,44265,9623,90,38
2021-07-22T23:59:59+02:00,690,619,10906,10341,15100,14125,18478,19066,25148,26511,31893,33095,24749,27631,17126,21759,5216,9835,61,62,5512,5302,9727,9571,13578,14495,21917,23384,29022,30234,23334,26066,16356,20791,4993,9298,225529,181224,30669,28727,46535,44246,9468,90,38
2021-07-21T23:59:59+02:00,670,594,10841,10286,15063,14098,18438,19028,25108,26481,31853,33045,24724,27596,17110,21747,5213,9830,51,56,4904,4838,9284,9315,13194,14265,21684,23230,28835,30085,23269,25990,16331,20768,4991,9295,225098,179452,30658,27467,46532,44078,9350,90,38
2021-07-20T23:59:59+02:00,652,577,10783,10231,15037,14062,18403,19001,25077,26449,31817,33011,24704,27575,17105,21732,5210,9823,46,46,4763,4726,9135,9184,13027,14130,21571,23109,28704,29960,23189,25886,16309,20728,4984,9289,224718,178110,30658,27455,46530,43928,9255,90,38
2021-07-19T23:59:59+02:00,639,564,10745,10200,15006,14038,18379,18992,25048,26423,31784,32982,24687,27552,17099,21721,5208,9820,40,43,4683,4659,9037,9106,12909,14033,21473,23001,28605,29840,23133,25829,16283,20699,4979,9283,224470,177171,30658,27446,46521,43830,9150,90,38
2021-07-18T23:59:59+02:00,624,555,10692,10148,14971,14017,18354,18974,25028,26407,31761,32963,24677,27541,17093,21712,5207,9815,38,41,4575,4558,8901,8985,12782,13893,21386,22910,28532,29761,23104,25799,16274,20686,4976,9282,224193,176159,30658,27431,46521,43776,9079,90,38
2021-07-17T23:59:59+02:00,549,484,10404,9849,14856,13915,18263,18895,24922,26333,31653,32912,24642,27507,17080,21692,5205,9814,37,40,4528,4517,8847,8912,12546,13698,20960,22565,28401,29629,23067,25746,16265,20671,4975,9279,222632,174362,30658,27431,46519,43774,9078,90,38
2021-07-16T23:59:59+02:00,520,447,10269,9728,14796,13874,18211,18843,24886,26300,31633,32887,24633,27492,17077,21685,5205,9811,37,40,4482,4475,8771,8871,12175,13419,20416,22165,28268,29535,23017,25709,16256,20666,4973,9277,221964,172250,30658,27428,46518,43767,9069,90,38
2021-07-15T23:59:59+02:00,488,410,10131,9623,14729,13824,18154,18774,24831,26252,31583,32834,24608,27455,17059,21670,5198,9807,24,30,4269,4338,8441,8661,11659,13017,19308,21318,27851,29190,22847,25539,16191,20593,4963,9261,221232,167545,30656,27414,46517,43566,8937,90,38
2021-07-14T23:59:59+02:00,467,396,10101,9597,14691,13803,18124,18739,24793,26211,31532,32781,24578,27427,17048,21653,5197,9805,21,27,4145,4187,8184,8489,11428,12872,19130,21207,27703,29063,22782,25461,16157,20555,4958,9252,220859,165976,30656,27395,46516,43388,8824,90,38
2021-07-13T23:59:59+02:00,443,382,10051,9544,14661,13774,18097,18706,24756,26190,31497,32739,24562,27396,17037,21641,5196,9802,21,25,4050,4091,8008,8331,11227,12681,18994,21067,27549,28900,22685,25376,16122,20501,4954,9241,220447,164512,30656,27374,46515,43131,8768,90,38
2021-07-12T23:59:59+02:00,431,360,10005,9492,14633,13755,18067,18677,24719,26147,31463,32695,24538,27373,17022,21636,5193,9799,20,22,3944,3992,7836,8210,11068,12544,18878,20946,27426,28780,22612,25314,16095,20475,4953,9236,220072,163343,30655,27355,46514,42940,8675,90,38
2021-07-11T23:59:59+02:00,423,342,9974,9463,14612,13735,18050,18667,24697,26138,31442,32677,24526,27363,17020,21634,5193,9797,17,20,3875,3922,7719,8112,10920,12416,18752,20844,27325,28666,22568,25266,16074,20450,4951,9233,219876,162382,30652,27350,46513,42737,8623,90,38
2021-07-10T23:59:59+02:00,397,319,9861,9360,14558,13695,18000,18644,24672,26118,31423,32661,24518,27354,17016,21630,5191,9795,17,19,3840,3898,7660,8072,10885,12387,18723,20819,27296,28644,22560,25251,16070,20445,4951,9233,219349,162080,30650,27349,46510,42689,8614,90,38
2021-07-09T23:59:59+02:00,337,271,9602,9149,14455,13615,17921,18573,24586,26065,31374,32600,24495,27323,17002,21612,5191,9790,16,18,3773,3859,7523,7981,10667,12238,18497,20680,26880,28325,22375,25057,16015,20384,4948,9226,218124,159930,30650,27345,46509,42560,8589,90,38
2021-07-08T23:59:59+02:00,258,204,9407,9005,14354,13538,17827,18499,24527,26014,31291,32542,24467,27292,16989,21594,5187,9785,14,15,3615,3735,7212,7792,10315,12009,18150,20397,26575,28066,22200,24899,15947,20308,4941,9210,217019,157552,30647,27297,46496,41984,8529,90,38
2021-07-07T23:59:59+02:00,219,176,9319,8901,14314,13507,17790,18458,24474,25977,31249,32501,24442,27262,16976,21576,5187,9777,12,11,3438,3608,6893,7570,9376,11276,17563,19969,26173,27755,21962,24591,15868,20211,4927,9196,216380,154938,30644,25542,46494,41383,8498,90,38
2021-07-06T23:59:59+02:00,197,164,9240,8844,14263,13477,17754,18415,24432,25938,31188,32454,24406,27234,16961,21559,5185,9775,12,10,3321,3535,6689,7446,9105,11112,17317,19787,25896,27499,21805,24388,15787,20107,4914,9181,215813,153001,30630,25530,46491,40879,8463,90,38
2021-07-05T23:59:59+02:00,185,149,9153,8759,14222,13432,17719,18365,24395,25908,31143,32404,24383,27211,16952,21545,5184,9773,12,9,3269,3502,6562,7368,8956,10991,17172,19647,25725,27343,21662,24220,15738,20054,4903,9171,215259,151938,30630,25521,46489,40392,8415,90,38
2021-07-04T23:59:59+02:00,170,142,9101,8709,14189,13419,17693,18347,24369,25887,31122,32378,24368,27197,16946,21537,5183,9770,10,8,3220,3458,6496,7326,8867,10919,17086,19561,25596,27232,21537,24091,15696,20002,4901,9164,214982,151274,30629,25509,46474,39996,8353,90,38
2021-07-03T23:59:59+02:00,167,139,8595,8228,14030,13301,17593,18231,24273,25828,31058,32330,24347,27175,16934,21527,5181,9767,9,8,3160,3380,6376,7206,8693,10776,16868,19375,25207,26921,21422,23953,15666,19962,4898,9158,213178,149217,30628,25509,46474,39939,8335,90,38
2021-07-02T23:59:59+02:00,160,135,8026,7770,13887,13192,17501,18154,24204,25759,30998,32268,24309,27133,16928,21507,5179,9762,8,8,3049,3272,6105,7050,8436,10536,16497,19046,24728,26494,21195,23679,15597,19880,4892,9155,211352,146135,30628,25507,46471,39615,8332,90,38
2021-07-01T23:59:59+02:00,147,125,7898,7666,13803,13133,17431,18101,24136,25708,30946,32215,24281,27108,16918,21495,5178,9761,7,7,2861,3086,5757,6767,7997,10115,15907,18568,23958,25829,20704,23206,15470,19718,4880,9130,210564,141539,30623,25494,46464,38586,8310,90,38
2021-06-30T23:59:59+02:00,129,112,7753,7550,13739,13083,17377,18048,24083,25654,30886,32169,24250,27086,16904,21477,5178,9756,6,7,2765,3011,5601,6625,7769,9893,14948,17696,23343,25277,20344,22812,15337,19557,4866,9096,209998,139998,30448,23219,46460,37459,8239,90,38
2021-06-29T23:59:59+02:00,114,99,7686,7452,13692,13043,17340,18003,24030,25593,30835,32109,24230,27060,16894,21461,5175,9752,4,5,2707,2965,5471,6528,7615,9759,14779,17523,23097,25041,20083,22486,15238,19456,4854,9076,209369,138872,30446,23206,46457,36364,8207,90,38
2021-06-28T23:59:59+02:00,109,93,7621,7381,13624,12981,17293,17952,23988,25548,30778,32065,24213,27032,16887,21451,5173,9750,3,4,2676,2932,5403,6476,7524,9688,14682,17441,22945,24827,19880,22240,15183,19387,4850,9062,208825,138268,30444,23196,46449,35569,8132,90,38
2021-06-27T23:59:59+02:00,95,88,7573,7319,13593,12944,17264,17919,23969,25513,30751,32037,24201,27024,16880,21445,5173,9748,2,3,2654,2918,5354,6451,7451,9642,14585,17376,22849,24740,19753,22097,15152,19336,4846,9053,208470,137753,30444,23184,46443,35197,8090,90,38
2021-06-26T23:59:59+02:00,91,85,7072,6778,13200,12644,17149,17815,23904,25456,30715,32002,24192,27007,16876,21434,5172,9747,2,3,2554,2809,5164,6261,7251,9451,14038,16921,22186,24104,19605,21955,15107,19283,4844,9045,206295,134112,30442,23183,46443,35177,8090,70,21
2021-06-25T23:59:59+02:00,90,82,6593,6297,12746,12271,16988,17696,23814,25391,30634,31962,24169,26980,16871,21424,5170,9744,2,3,2453,2655,4988,6066,6991,9153,13505,16387,21633,23517,19409,21745,15049,19216,4840,9033,203895,130405,30442,23183,46443,34963,8073,70,21
2021-06-24T23:59:59+02:00,80,70,6371,6086,12523,12119,16882,17614,23741,25338,30576,31914,24135,26938,16865,21414,5168,9737,2,3,2249,2421,4618,5685,6491,8664,12780,15672,20480,22512,18945,21263,14944,19085,4828,9018,202627,124456,30440,23172,46436,34012,7999,70,21
2021-06-23T23:59:59+02:00,75,68,5803,5589,12361,12008,16763,17502,23666,25291,30512,31864,24101,26915,16858,21400,5164,9733,2,3,2211,2368,4555,5565,6399,8514,12546,15383,20236,22251,18646,20933,14847,18971,4817,9001,202115,123432,29113,23023,46426,32822,7950,70,21
2021-06-22T23:59:59+02:00,70,63,5663,5459,12261,11902,16675,17428,23606,25229,30443,31785,24073,26882,16848,21379,5160,9731,2,2,2159,2331,4461,5483,6274,8367,11676,14723,19822,21842,18310,20578,14739,18832,4807,8980,201175,122506,29106,21331,46407,31630,7900,70,21
2021-06-21T23:59:59+02:00,67,60,5529,5346,12184,11809,16610,17341,23549,25155,30393,31727,24048,26854,16835,21364,5160,9727,2,2,2126,2296,4401,5386,6187,8239,10894,14014,19369,21432,18082,20348,14677,18735,4798,8963,200349,121701,29100,19543,46402,30848,7838,70,21
2021-06-20T23:59:59+02:00,65,58,5413,5222,12018,11632,16544,17218,23500,25089,30351,31671,24032,26832,16829,21349,5155,9722,2,2,2108,2266,4360,5345,6116,8188,10791,13935,19258,21306,17925,20158,14611,18651,4794,8956,199347,121167,29096,19540,46396,30252,7792,70,21
2021-06-19T23:59:59+02:00,61,54,5396,5204,11249,10968,16064,16823,23438,25044,30307,31628,24014,26812,16821,21337,5155,9722,2,2,2035,2145,4155,5110,5832,7904,10462,13598,18201,20448,17752,19966,14578,18586,4789,8944,196746,116920,29096,19540,46395,30237,7791,70,21
2021-06-18T23:59:59+02:00,58,53,5360,5176,10606,10384,15453,16258,23346,24975,30237,31565,23986,26782,16810,21322,5154,9720,2,2,1965,2055,4014,4967,5554,7633,10079,13233,17048,19235,17549,19728,14529,18521,4786,8934,193904,112502,29088,19539,46395,29983,7789,70,21
2021-06-17T23:59:59+02:00,51,44,5245,5072,9927,9880,14964,15869,23246,24887,30155,31471,23946,26736,16796,21301,5153,9717,2,2,1836,1949,3757,4720,5165,7267,9537,12746,15859,18042,17088,19238,14388,18346,4773,8910,191315,107366,29085,19530,46392,29063,7651,18,15
2021-06-16T23:59:59+02:00,49,36,5114,4941,9730,9715,14819,15739,23152,24793,30056,31395,23902,26691,16781,21289,5152,9707,2,2,1794,1908,3649,4631,5061,7146,8505,11893,15587,17743,16792,18901,14253,18176,4767,8877,190139,106466,29073,17651,46390,28113,7442,18,15
2021-06-15T23:59:59+02:00,43,30,4932,4761,9547,9561,14682,15595,23061,24702,29980,31310,23859,26617,16755,21256,5144,9692,2,2,1735,1853,3567,4535,4967,7028,8390,11750,15405,17513,16472,18590,14111,18007,4745,8818,188823,105691,29070,17647,46371,26891,7246,18,15
2021-06-14T23:59:59+02:00,41,27,4855,4699,9455,9452,14605,15505,22989,24630,29909,31248,23827,26578,16740,21238,5141,9686,2,2,1715,1830,3531,4510,4926,6995,8289,11687,15268,17379,16292,18386,14018,17909,4740,8810,188078,105465,29064,17645,46365,26063,7101,18,15
2021-06-13T23:59:59+02:00,40,26,4798,4650,9372,9378,14520,15438,22927,24579,29842,31195,23801,26550,16731,21228,5141,9684,2,2,1668,1817,3487,4486,4870,6952,8216,11649,15168,17283,16135,18202,13964,17835,4733,8803,187500,105183,29057,17643,46349,25454,6977,18,15
2021-06-12T23:59:59+02:00,38,24,4779,4635,9344,9354,14281,15260,22797,24448,29797,31150,23780,26533,16722,21220,5140,9682,2,2,1546,1694,3251,4276,4463,6652,7668,11218,13390,15592,15781,17829,13884,17733,4731,8788,186587,98478,29057,17642,46349,25390,6975,17,15
2021-06-11T23:59:59+02:00,34,23,4726,4584,9263,9303,13961,15038,22601,24300,29701,31059,23743,26488,16704,21208,5139,9679,2,2,1446,1561,3060,4061,4167,6286,7156,10673,11745,13697,15299,17249,13771,17585,4716,8774,185231,91536,29052,17641,46347,25150,6908,17,15
2021-06-10T23:59:59+02:00,28,20,4441,4361,8716,8974,12684,14013,22034,23847,29328,30753,23607,26329,16652,21140,5126,9664,2,2,1326,1473,2824,3879,3841,6003,6719,10281,10328,12363,14784,16671,13599,17377,4701,8747,179889,86986,29035,17638,46342,23845,6436,16,15
2021-06-09T23:59:59+02:00,25,16,4208,4200,8123,8683,11785,13351,21712,23635,29098,30602,23543,26266,16632,21115,5123,9660,2,2,1241,1419,2668,3806,3700,5922,6510,10187,10062,12184,14459,16319,13427,17197,4694,8726,177778,86645,27766,17533,46336,22450,5882,16,15
2021-06-08T23:59:59+02:00,21,13,4080,4101,7722,8457,11299,13060,21486,23454,28898,30447,23485,26193,16600,21073,5117,9651,2,2,1164,1392,2532,3747,3541,5852,5613,9436,9589,11818,14121,15911,13201,16956,4680,8704,176027,86281,27396,15378,46311,21179,5408,16,15
2021-06-07T23:59:59+02:00,16,11,3960,4025,7482,8352,11009,12881,21282,23340,28744,30329,23427,26139,16582,21048,5113,9643,2,2,1116,1276,2410,3683,3411,5789,5447,9360,9378,11690,13890,15652,13045,16787,4673,8686,174795,86090,27387,15373,46303,19936,4883,16,15
2021-06-06T23:59:59+02:00,14,11,3843,3967,7245,8233,10759,12717,21095,23252,28658,30237,23396,26105,16570,21030,5110,9638,2,2,1096,1259,2346,3648,3315,5734,5340,9285,9259,11589,13734,15496,12972,16693,4670,8679,173644,85894,27369,15368,46293,19283,4559,16,15
2021-06-05T23:59:59+02:00,14,11,3814,3930,7206,8193,10582,12565,20467,22741,28496,30093,23346,26060,16556,21011,5110,9634,2,1,1064,1160,2178,3194,3082,5194,5171,8952,8479,10632,13081,14654,12860,16546,4659,8669,171605,80500,27369,15368,46292,19146,4549,15,15
2021-06-04T23:59:59+02:00,14,11,3784,3903,7167,8166,10484,12473,20102,22411,28392,29996,23311,26022,16542,21002,5108,9633,2,1,1032,1093,2080,2882,2922,4716,5014,8581,7963,9974,11580,12934,12733,16349,4652,8651,170318,74112,27356,15367,46291,19123,4542,15,15
2021-06-03T23:59:59+02:00,9,7,3648,3802,6949,8025,9929,12049,18879,21479,27994,29684,23178,25881,16489,20940,5104,9619,2,1,982,1048,1992,2771,2784,4557,4810,8274,7598,9524,11200,12535,12623,16235,4649,8638,165562,72321,27345,15364,46287,18066,4457,15,15
2021-06-02T23:59:59+02:00,9,7,3640,3794,6936,8008,9917,12038,18690,21298,27922,29635,23155,25860,16483,20931,5101,9617,2,1,977,1040,1980,2742,2761,4538,4599,8089,7062,9035,11163,12494,12608,16220,4645,8632,165491,72213,26800,13870,46287,18041,4449,15,15
2021-06-01T23:59:59+02:00,8,6,3514,3719,6695,7859,9633,11843,18233,20953,27684,29439,23062,25758,16442,20878,5098,9605,2,1,940,992,1894,2672,2680,4463,4320,7855,6463,8501,10949,12280,12510,16119,4640,8620,163795,71764,26022,12578,46273,17219,4325,15,15
2021-05-31T23:59:59+02:00,8,6,3468,3675,6604,7792,9497,11741,18107,20863,27592,29362,22995,25696,16425,20849,5093,9598,2,1,911,964,1824,2629,2601,4420,4212,7791,6341,8423,10762,12110,12409,16003,4630,8612,162948,71395,25993,12571,46260,16508,4156,15,15
2021-05-30T23:59:59+02:00,8,5,3437,3650,6539,7736,9405,11648,18018,20784,27516,29290,22950,25651,16403,20821,5087,9588,2,1,904,956,1813,2620,2588,4408,4183,7766,6288,8381,10701,12031,12375,15960,4625,8603,162238,71354,25987,12568,46243,16214,4054,15,15
2021-05-29T23:59:59+02:00,8,5,3426,3633,6504,7708,9361,11609,17980,20744,27368,29184,22895,25577,16388,20801,5084,9584,1,1,868,937,1756,2574,2516,4324,3992,7510,6013,8082,8491,9369,12182,15618,4610,8574,161575,65094,25987,12566,46229,15689,4054,15,15
2021-05-28T23:59:59+02:00,8,5,3363,3578,6374,7631,9221,11477,17822,20612,27185,29061,22834,25499,16368,20783,5083,9583,1,1,855,924,1737,2551,2478,4269,3840,7214,5818,7818,5776,6249,11909,15219,4594,8525,160219,58195,25985,12566,46224,14957,4045,15,15
2021-05-27T23:59:59+02:00,8,5,3219,3455,6088,7451,8618,11144,17346,20273,26772,28714,22666,25334,16310,20720,5076,9565,1,1,808,867,1652,2455,2360,4135,3418,6242,5395,7218,5615,6073,11828,15144,4588,8508,156750,57708,25925,12519,46218,12209,3857,15,15
2021-05-26T23:59:59+02:00,8,5,3113,3371,5868,7284,8249,10859,16882,19966,26471,28477,22516,25201,16258,20646,5063,9545,1,1,792,857,1599,2430,2307,4103,3345,6166,5296,7145,5479,5946,11762,15076,4583,8496,154052,57625,25906,12517,46196,11613,3614,15,15
2021-05-25T23:59:59+02:00,8,5,3022,3309,5726,7167,8053,10695,15879,19188,26117,28123,22357,25043,16205,20566,5056,9535,1,1,773,840,1562,2383,2236,4043,3268,6094,5210,7082,5311,5776,11654,14995,4575,8484,152489,57554,23987,12327,46178,11005,3387,14,15
2021-05-24T23:59:59+02:00,8,5,2958,3293,5640,7122,7937,10633,14964,18497,25702,27812,22263,24938,16174,20530,5049,9523,1,1,764,838,1541,2366,2194,4006,3223,6046,5133,7002,5209,5668,11572,14919,4574,8478,151767,57516,21913,12251,46169,10567,3186,14,15
2021-05-23T23:59:59+02:00,8,4,2955,3288,5631,7114,7928,10625,14958,18496,25701,27811,22263,24938,16174,20530,5049,9523,1,1,762,835,1533,2359,2181,3993,3204,6031,5112,6969,5164,5616,11556,14896,4573,8476,151735,57508,21913,12251,46167,10320,3168,14,15
2021-05-22T23:59:59+02:00,7,4,2918,3244,5553,7063,7828,10539,14759,18333,25418,27565,22163,24851,16141,20486,5046,9518,1,1,740,815,1485,2305,2129,3912,3092,5909,4795,6394,4593,4867,10908,14071,4563,8437,150197,54259,21913,12251,46167,9346,3146,14,15
2021-05-21T23:59:59+02:00,5,4,2846,3172,5426,6962,7701,10392,14500,18104,25123,27329,22048,24743,16108,20438,5042,9509,1,1,713,762,1416,2176,2028,3643,2908,5576,4314,5499,4177,4328,10162,13131,4497,8311,148252,50512,21912,12251,46161,7750,3115,13,15
2021-05-20T23:59:59+02:00,5,4,2715,3016,5143,6707,7416,10021,14038,17619,24513,26778,21775,24447,16014,20317,5028,9479,0,1,700,752,1390,2152,1990,3609,2854,5519,4232,5420,4049,4224,10085,13068,4488,8299,144097,50415,21902,12240,46136,7274,2888,13,15
2021-05-19T23:59:59+02:00,5,4,2662,2963,5045,6565,7273,9840,12896,16583,24249,26487,21678,24319,15971,20256,5019,9472,0,1,683,726,1364,2104,1957,3523,2791,5372,4138,5312,3968,4134,10033,13003,4485,8295,142715,50384,19836,12174,46065,6657,2659,13,15
2021-05-18T23:59:59+02:00,5,4,2635,2938,4997,6532,7220,9808,12542,16309,24069,26334,21586,24230,15941,20203,5012,9460,0,1,654,668,1308,1976,1883,3322,2692,5163,4009,5115,3745,3856,9950,12923,4476,8285,142429,50359,18984,11172,46020,6100,2380,13,15
2021-05-17T23:59:59+02:00,5,4,2609,2919,4952,6462,7132,9700,12389,16130,23919,26171,21533,24180,15922,20181,5007,9452,0,1,646,654,1292,1940,1862,3273,2644,5056,3930,5000,3607,3704,9881,12860,4473,8277,141454,50334,18976,11162,46003,5367,2222,13,15
2021-05-16T23:59:59+02:00,5,4,2597,2906,4930,6395,7094,9617,12332,16056,23867,26110,21509,24163,15912,20167,5004,9449,0,1,641,650,1282,1937,1845,3264,2623,5044,3901,4976,3553,3637,9842,12828,4472,8275,141019,50319,18966,11151,45983,5150,2136,13,15
2021-05-15T23:59:59+02:00,4,4,2474,2770,4742,6189,6903,9429,11813,15637,23276,25558,21402,24045,15878,20124,5001,9441,0,1,592,587,1200,1847,1710,3111,2336,4735,3450,4466,3221,3208,9678,12623,4448,8246,137623,47358,18965,11151,45978,4824,2111,13,15
2021-05-14T23:59:59+02:00,4,4,2360,2594,4546,5966,6625,9117,11275,15125,22709,24988,21256,23905,15842,20066,4997,9430,0,1,530,511,1097,1726,1549,2896,2006,4330,2848,3877,2835,2771,9593,12474,4444,8242,133800,44423,18958,11149,45955,4060,2083,13,15
2021-05-13T23:59:59+02:00,4,4,2183,2310,4223,5581,6199,8646,10714,14435,21672,24072,20974,23631,15782,19967,4990,9415,0,1,526,511,1084,1711,1534,2878,1997,4306,2831,3856,2818,2757,9586,12470,4443,8242,127898,44371,18902,11140,45929,3965,2060,13,15
2021-05-12T23:59:59+02:00,4,4,2182,2308,4213,5578,6190,8640,10612,14313,21618,24032,20969,23620,15777,19959,4989,9415,0,1,519,489,1048,1657,1484,2799,1914,4219,2772,3797,2737,2662,9535,12397,4443,8242,127846,44368,18578,10313,45929,3962,2057,13,15
2021-05-11T23:59:59+02:00,4,4,2061,2269,4128,5515,6063,8525,10303,14062,21425,23870,20891,23548,15762,19927,4985,9410,0,1,494,465,987,1597,1414,2708,1815,4079,2699,3722,2583,2434,9470,12296,4442,8242,126897,44350,18241,9475,45646,3653,1955,13,15
2021-05-10T23:59:59+02:00,4,4,2022,2193,4021,5393,5926,8347,9514,13299,21046,23550,20800,23458,15723,19873,4975,9397,0,1,482,437,951,1534,1349,2617,1726,3918,2617,3630,2557,2415,9460,12278,4438,8237,125756,44337,16401,9295,45542,3167,1833,13,15
2021-05-09T23:59:59+02:00,4,4,1990,2180,3983,5355,5873,8299,9445,13230,20976,23477,20764,23417,15708,19846,4972,9383,0,1,475,430,928,1490,1323,2568,1692,3856,2579,3587,2548,2402,9449,12261,4438,8229,125308,44277,16396,9292,45445,2928,1744,13,15
2021-05-08T23:59:59+02:00,4,4,1927,2077,3801,5180,5599,8091,9135,12944,19843,22549,20569,23224,15675,19777,4967,9371,0,1,406,401,865,1450,1246,2494,1604,3755,2360,3374,2000,1975,9355,12175,4437,8229,121152,42796,16395,9291,45442,2293,1742,6,5
2021-05-07T23:59:59+02:00,4,4,1841,1964,3621,5011,5279,7796,8723,12569,18591,21273,20385,23011,15630,19720,4958,9352,0,1,321,346,755,1375,1114,2365,1470,3613,2184,3181,1630,1634,8867,11727,4436,8227,116206,41059,16391,9286,45419,1186,1710,6,5
2021-05-06T23:59:59+02:00,4,4,1657,1854,3336,4755,4828,7389,8081,12008,17346,20031,20052,22633,15522,19555,4948,9341,0,1,304,336,736,1345,1074,2318,1421,3529,2116,3113,1595,1579,8850,11696,4430,8224,110344,41038,16384,9280,45183,917,1427,6,5
2021-05-05T23:59:59+02:00,4,3,1587,1824,3251,4668,4749,7283,7953,11857,17192,19885,19932,22513,15445,19458,4926,9245,0,1,294,325,693,1294,1012,2243,1339,3380,2008,2996,1502,1480,8432,11128,4424,8207,109575,41000,16241,8151,45012,661,941,6,5
2021-05-04T23:59:59+02:00,4,3,1560,1795,3203,4590,4690,7172,7703,11561,16630,19305,19844,22380,15369,19360,4896,9131,0,1,278,313,670,1264,991,2189,1281,3260,1895,2838,1429,1373,8361,11024,4419,8189,108862,40973,14896,7875,44907,397,525,6,5
2021-05-03T23:59:59+02:00,4,3,1552,1791,3193,4575,4652,7147,7449,11327,15936,18709,19780,22294,15343,19326,4890,9121,0,1,263,293,648,1180,941,2101,1218,3121,1797,2701,1363,1292,8336,10989,4415,8180,108769,40963,13298,7667,44867,52,152,6,5
2021-05-02T23:59:59+02:00,4,3,1551,1789,3186,4573,4647,7144,7435,11316,15917,18697,19763,22286,15343,19324,4889,9121,0,1,263,290,645,1179,936,2098,1208,3115,1789,2694,1349,1285,8335,10984,4414,8180,108741,40940,13294,7665,44841,49,106,6,5
2021-05-01T23:59:59+02:00,4,3,1421,1646,2909,4324,4180,6788,6816,10834,13981,16816,19381,21888,15252,19208,4886,9105,0,1,261,290,642,1177,935,2095,1206,3113,1787,2690,1344,1280,8333,10982,4414,8180,101205,40908,13294,7665,44835,49,103,5,5
2021-04-30T23:59:59+02:00,3,3,1301,1501,2691,4103,3851,6392,6249,10242,12194,14782,18923,21347,15148,19066,4872,9094,0,1,256,289,635,1170,919,2087,1193,3103,1776,2676,1334,1271,8329,10977,4413,8179,93597,40862,13294,7665,44835,45,31,5,5
2021-04-29T23:59:59+02:00,2,3,1188,1439,2525,3978,3612,6189,5892,9941,10853,13501,18662,21069,15105,18996,4868,9088,0,1,255,285,630,1162,907,2081,1173,3098,1745,2639,1308,1247,8323,10968,4413,8179,88911,40829,13285,7531,44696,35,14,5,5
2021-04-28T23:59:59+02:00,2,3,1135,1433,2474,3958,3561,6165,5829,9908,10755,13432,18630,21035,15097,18980,4868,9085,0,1,255,284,627,1161,904,2079,1168,3094,1737,2638,1301,1228,7877,10445,4413,8179,88641,40805,13235,6538,44456,31,13,5,4
2021-04-27T23:59:59+02:00,2,3,1090,1406,2369,3913,3496,6136,5709,9851,10638,13354,18596,20995,15084,18965,4866,9083,0,1,254,284,625,1153,903,2077,1163,3091,1733,2634,1289,1211,7459,9863,4413,8179,88126,40785,13181,5505,44232,26,12,5,4
2021-04-26T23:59:59+02:00,2,3,1050,1377,2278,3820,3369,6035,5541,9730,10334,13095,18534,20940,15075,18947,4864,9083,0,1,253,283,624,1151,897,2073,1156,3088,1715,2625,1274,1198,7450,9843,4413,8179,86787,40698,13170,5484,44103,25,12,5,4
2021-04-25T23:59:59+02:00,2,3,1047,1375,2270,3817,3362,6030,5521,9721,10299,13064,18524,20928,15074,18941,4864,9082,0,1,252,283,624,1151,897,2073,1154,3088,1715,2625,1274,1198,7450,9841,4413,8179,86762,40696,13162,5482,43984,25,11,5,4
2021-04-24T23:59:59+02:00,2,2,1005,1262,2082,3279,3091,5414,5329,9308,9463,12017,17816,20031,14961,18781,4856,9071,0,1,251,282,623,1150,897,2072,1154,3087,1709,2620,1271,1193,7448,9839,4413,8178,80634,40671,13162,5478,43959,25,10,5,4
2021-04-23T23:59:59+02:00,1,2,972,1178,1970,2933,2908,4862,5133,8879,8907,11295,16185,18166,14812,18575,4848,9048,0,1,251,282,622,1150,895,2070,1153,3087,1708,2619,1266,1188,7444,9837,4413,8177,73599,40657,13161,5467,43899,25,10,5,4
2021-04-22T23:59:59+02:00,1,2,967,1166,1951,2917,2888,4842,5076,8833,8792,11190,16112,18089,14785,18545,4846,9043,0,1,249,282,618,1149,892,2069,1145,3075,1692,2599,1242,1166,7439,9829,4413,8177,73547,40643,13103,5356,43380,24,10,5,4
2021-04-21T23:59:59+02:00,1,2,957,1158,1937,2905,2860,4816,5030,8778,8684,11067,16025,18004,14756,18511,4846,9038,0,1,245,279,608,1140,878,2039,1135,3050,1682,2572,1229,1152,7213,9510,4412,8177,73504,40634,13045,4651,42811,23,10,5,4
2021-04-20T23:59:59+02:00,1,2,930,1110,1885,2791,2787,4653,4936,8599,8510,10858,15792,17722,14697,18452,4839,9032,0,1,232,276,590,1119,852,2007,1106,3024,1647,2531,1209,1138,7204,9505,4411,8177,73465,40613,11916,4384,42200,19,10,5,3
2021-04-19T23:59:59+02:00,1,2,921,1102,1851,2771,2737,4628,4812,8538,8310,10746,15700,17624,14675,18433,4839,9026,0,1,226,268,572,1098,833,1974,1088,2981,1601,2476,1191,1119,7197,9502,4409,8176,73064,40577,11895,4105,41742,17,10,5,3
2021-04-18T23:59:59+02:00,1,2,918,1101,1846,2765,2729,4616,4794,8527,8270,10703,15650,17565,14665,18416,4838,9024,0,1,226,268,572,1097,832,1974,1087,2981,1601,2475,1191,1118,7195,9501,4408,8176,73018,40570,11891,4103,41506,17,10,5,3
2021-04-17T23:59:59+02:00,0,2,886,1086,1797,2726,2660,4536,4639,8384,8006,10474,13278,14665,14466,18062,4821,8990,0,1,224,268,572,1094,828,1967,1075,2972,1590,2455,1152,1075,6862,9086,4383,8128,66188,39610,11891,4092,41384,17,10,5,3
2021-04-16T23:59:59+02:00,0,2,880,1080,1785,2716,2618,4496,4547,8300,7826,10280,10437,11415,14196,17644,4802,8935,0,1,223,264,570,1090,823,1963,1066,2969,1582,2442,1141,1060,6856,9080,4381,8125,58910,39531,11889,4075,41145,17,10,5,3
2021-04-15T23:59:59+02:00,0,2,868,1075,1763,2702,2575,4463,4429,8239,7596,10079,10186,11197,14134,17578,4795,8921,0,1,221,263,570,1088,822,1961,1063,2966,1579,2439,1135,1055,6854,9078,4381,8125,58886,39516,11887,4056,39814,16,10,5,3
2021-04-14T23:59:59+02:00,0,2,850,1048,1704,2621,2485,4339,4239,8055,7321,9795,9812,10712,13985,17397,4789,8909,0,1,197,238,529,1035,799,1894,1027,2886,1528,2376,1109,1025,6849,9070,4381,8124,58849,39500,10940,3541,38259,14,10,5,3
2021-04-13T23:59:59+02:00,0,2,826,1026,1667,2569,2417,4256,4138,7916,7108,9575,9404,10193,13839,17230,4784,8895,0,1,162,215,494,987,758,1801,992,2776,1475,2306,1090,990,6833,9059,4380,8124,58799,39436,9990,2986,37041,8,10,5,3
2021-04-12T23:59:59+02:00,0,2,821,1024,1648,2565,2388,4243,4086,7865,6967,9403,9138,9878,13776,17170,4773,8878,0,1,151,201,466,947,736,1737,972,2704,1431,2256,1068,973,6816,9039,4377,8119,58741,39319,9959,2654,35910,8,10,5,3
2021-04-11T23:59:59+02:00,0,2,820,1023,1637,2565,2374,4240,4063,7853,6902,9341,9004,9713,13749,17122,4768,8869,0,1,151,201,466,945,734,1735,970,2704,1429,2256,1068,973,6814,9039,4377,8119,58727,39309,9957,2653,35346,7,10,5,3
2021-04-10T23:59:59+02:00,0,2,804,1019,1608,2536,2337,4211,3993,7794,6769,9224,8446,8979,13082,16269,4757,8827,0,1,148,200,464,942,728,1732,970,2697,1420,2249,1054,957,6342,8540,4361,8103,55390,38237,9956,2651,35296,7,10,5,3
2021-04-09T23:59:59+02:00,0,2,783,991,1567,2487,2271,4131,3840,7634,6422,8891,7919,8319,12260,15245,4685,8688,0,1,146,198,462,936,721,1724,961,2687,1405,2238,1032,934,6100,8268,4341,8076,51401,37563,9949,2647,34770,7,10,5,3
2021-04-08T23:59:59+02:00,0,2,773,981,1540,2463,2205,4082,3707,7545,6167,8590,7302,7664,12098,15045,4674,8672,0,1,146,196,457,932,716,1717,953,2676,1396,2225,1020,931,6097,8266,4340,8076,51367,37540,9924,2585,32204,7,10,5,3
2021-04-07T23:59:59+02:00,0,2,766,972,1514,2445,2146,4044,3620,7475,5936,8325,6745,7030,11488,14296,4661,8644,0,1,127,189,425,885,670,1648,896,2606,1346,2156,999,915,6089,8260,4339,8076,51337,37516,8766,2092,29992,7,9,5,3
2021-04-06T23:59:59+02:00,0,2,761,970,1502,2437,2117,4021,3547,7426,5755,8153,6299,6522,11285,14079,4646,8613,0,1,104,168,377,825,625,1573,852,2506,1293,2092,973,898,6070,8245,4337,8072,51268,37485,8581,1508,28273,7,8,5,3
2021-04-05T23:59:59+02:00,0,2,756,966,1486,2429,2091,4011,3496,7400,5611,8042,6094,6304,11218,13992,4640,8603,0,1,98,165,376,823,618,1564,843,2491,1280,2073,945,867,4964,6842,4260,7966,51068,34660,8577,1498,27483,7,8,5,3
2021-04-04T23:59:59+02:00,0,2,754,960,1484,2427,2087,4009,3478,7393,5601,8035,6083,6284,11204,13974,4638,8600,0,1,98,165,374,821,615,1559,836,2484,1265,2054,922,845,3954,5681,4194,7860,51053,32212,8575,1498,27372,7,8,5,3
2021-04-03T23:59:59+02:00,0,2,703,904,1402,2356,1964,3870,3217,7132,5140,7544,5738,5827,11032,13755,4610,8572,0,1,94,165,374,820,615,1557,835,2484,1265,2054,922,845,3954,5678,4194,7859,47810,32200,8575,1498,27370,7,8,5,3
2021-04-02T23:59:59+02:00,0,2,660,870,1346,2288,1866,3756,2964,6871,4622,7064,5346,5367,10932,13589,4605,8566,0,1,93,165,374,820,615,1557,834,2484,1263,2053,919,842,3951,5675,4193,7859,44877,32184,8574,1497,27251,7,7,5,3
2021-04-01T23:59:59+02:00,0,2,657,867,1336,2283,1846,3748,2935,6857,4547,6991,5237,5257,10893,13540,4604,8561,0,1,93,165,372,816,613,1553,834,2481,1259,2049,909,841,3946,5672,4192,7858,44860,32172,8429,1465,26860,7,7,5,3
2021-03-31T23:59:59+02:00,0,2,655,865,1328,2266,1838,3738,2907,6829,4484,6945,5097,5095,10378,12931,4600,8553,0,1,93,165,371,816,613,1553,834,2481,1257,2049,908,841,3946,5671,4192,7857,44847,32166,7296,1465,26357,7,7,4,3
2021-03-30T23:59:59+02:00,0,2,646,862,1309,2246,1809,3709,2870,6794,4398,6856,4928,4901,9850,12230,4593,8539,0,1,88,163,370,812,608,1551,829,2475,1249,2046,898,831,3938,5668,4191,7856,44823,32145,6107,1412,25601,7,7,4,3
2021-03-29T23:59:59+02:00,0,2,641,853,1296,2213,1791,3678,2839,6752,4326,6770,4728,4703,9764,12136,4590,8525,0,1,88,163,369,810,603,1547,827,2468,1244,2038,890,825,3930,5660,4191,7856,44753,32129,5889,1365,24954,6,7,4,3
2021-03-28T23:59:59+02:00,0,2,638,851,1293,2210,1777,3668,2823,6740,4291,6718,4633,4593,9728,12072,4585,8518,0,1,88,163,369,809,603,1547,824,2468,1242,2038,889,825,3929,5660,4191,7856,44731,32127,5880,1359,24518,6,7,4,3
2021-03-27T23:59:59+01:00,0,2,634,846,1283,2206,1760,3651,2795,6710,4128,6575,4054,4140,9499,11826,4572,8499,0,1,88,163,367,807,601,1545,822,2465,1234,2032,885,821,3750,5370,4084,7683,42786,31343,5876,1359,24507,6,7,4,3
2021-03-26T23:59:59+01:00,0,2,629,838,1275,2195,1738,3634,2770,6688,4052,6497,3645,3773,8897,11267,4559,8485,0,1,88,163,367,806,600,1542,818,2462,1225,2028,872,808,3023,4426,3875,7335,40844,29064,5863,1359,24226,6,7,4,3
2021-03-25T23:59:59+01:00,0,2,622,833,1262,2181,1719,3610,2711,6649,3968,6419,3471,3554,8786,11156,4553,8479,0,1,88,163,367,806,600,1541,818,2461,1223,2028,872,808,3022,4425,3874,7334,40830,29056,5755,1359,23379,6,7,4,3
2021-03-24T23:59:59+01:00,0,2,617,825,1229,2155,1674,3565,2633,6580,3811,6267,3152,3189,8375,10605,4544,8466,0,1,84,161,355,793,584,1523,785,2427,1173,1996,838,770,3013,4419,3874,7331,40806,28753,4996,1358,21876,6,7,4,3
2021-03-23T23:59:59+01:00,0,2,605,817,1204,2124,1632,3517,2551,6501,3662,6113,2771,2804,8158,10387,4536,8447,0,1,79,157,343,773,549,1492,724,2363,1072,1914,755,710,2976,4384,3870,7327,40761,28122,4706,1351,20354,6,7,3,3
2021-03-22T23:59:59+01:00,0,2,581,707,1167,2071,1599,3461,2498,6431,3521,5983,2529,2565,7827,10032,4520,8411,0,1,79,156,343,773,549,1490,722,2361,1069,1914,753,706,2972,4379,3868,7324,40293,28092,4384,1351,19218,6,7,3,3
2021-03-21T23:59:59+01:00,0,2,580,704,1161,2062,1587,3451,2481,6416,3483,5949,2387,2400,7734,9920,4511,8396,0,1,79,156,343,772,549,1490,722,2361,1069,1914,753,706,2972,4378,3868,7323,40288,28089,4370,1351,18556,6,7,3,3
2021-03-20T23:59:59+01:00,0,2,579,704,1159,2055,1580,3444,2475,6409,3465,5926,2354,2362,7242,9403,4494,8379,0,1,79,156,343,772,548,1490,720,2360,1069,1912,753,706,2972,4376,3866,7321,39245,28077,4358,1351,18419,6,7,3,3
2021-03-19T23:59:59+01:00,0,2,572,696,1140,2035,1545,3420,2407,6271,3401,5819,2172,2179,6933,9083,4472,8354,0,1,79,156,342,767,544,1487,715,2352,1060,1899,744,699,2542,3773,3443,6568,38635,25808,4341,1351,17515,2,7,3,3
2021-03-18T23:59:59+01:00,0,2,557,679,1120,2006,1518,3390,2367,6203,3326,5731,2018,1982,6812,8963,4466,8343,0,1,78,156,342,766,543,1487,714,2348,1056,1898,737,696,2492,3701,3416,6526,38614,25617,4329,1329,16531,2,6,3,3
2021-03-17T23:59:59+01:00,0,1,528,650,1075,1949,1481,3305,2289,6085,3173,5575,1763,1715,6646,8810,4456,8328,0,1,77,152,330,739,527,1443,692,2290,1018,1857,720,677,2252,3407,3329,6396,38542,24639,3798,1257,15480,2,6,3,3
2021-03-16T23:59:59+01:00,0,1,485,622,1035,1894,1429,3201,2224,5931,3057,5441,1563,1490,6511,8662,4445,8305,0,1,71,137,309,683,497,1367,663,2155,988,1729,670,627,2137,3269,3303,6309,38484,23880,3181,1025,14623,2,5,3,3
2021-03-15T23:59:59+01:00,0,1,473,610,1002,1844,1396,3134,2194,5846,2970,5357,1437,1356,5925,7973,4405,8241,0,1,68,130,295,625,482,1247,625,2025,947,1615,641,606,2099,3229,3288,6245,37242,23473,2829,692,14090,2,0,3,1
2021-03-14T23:59:59+01:00,0,1,468,603,993,1832,1392,3116,2178,5828,2935,5330,1394,1305,5529,7525,4382,8223,0,1,67,125,291,602,476,1220,619,1969,937,1590,641,606,2099,3229,3287,6243,36419,23467,2824,532,13788,2,0,3,1
2021-03-13T23:59:59+01:00,0,1,448,584,956,1783,1339,3052,1921,5240,2694,4915,1288,1192,4867,6675,4334,8150,0,1,67,125,290,599,474,1218,617,1967,936,1586,639,602,1736,2743,2759,5481,34733,21305,2820,532,11883,2,0,3,1
2021-03-12T23:59:59+01:00,0,1,432,563,935,1739,1308,2969,1718,4454,2488,4466,1216,1109,4166,5879,4287,8068,0,1,67,123,289,595,474,1215,615,1958,932,1580,636,595,1408,2198,2215,4685,33054,19052,2817,532,9924,1,0,3,1
2021-03-11T23:59:59+01:00,0,1,428,556,926,1725,1293,2950,1693,4418,2451,4429,1142,1053,4122,5842,4284,8064,0,1,67,115,283,573,460,1163,606,1909,913,1544,624,583,1402,2180,2206,4634,33015,18801,2721,460,9638,1,0,3,1
2021-03-10T23:59:59+01:00,0,1,409,544,880,1666,1237,2872,1619,4321,2384,4336,1108,1030,4106,5825,4283,8062,0,1,67,115,281,569,457,1156,601,1886,913,1539,619,575,1341,2093,2161,4577,33000,18514,2150,435,9530,1,0,3,1
2021-03-09T23:59:59+01:00,0,1,388,528,835,1617,1194,2808,1577,4238,2341,4283,1087,1019,4100,5818,4282,8060,0,1,65,114,280,568,456,1145,599,1874,907,1534,616,569,1135,1782,2043,4398,32953,17676,1704,408,9516,1,0,3,1
2021-03-08T23:59:59+01:00,0,1,381,517,824,1601,1186,2791,1570,4211,2329,4270,1074,1007,4063,5770,4280,8055,0,1,64,114,276,563,452,1139,598,1870,903,1532,616,569,1066,1691,1998,4353,32822,17419,1607,384,9498,1,0,3,1
2021-03-07T23:59:59+01:00,0,1,380,514,823,1600,1184,2789,1567,4204,2319,4265,1067,999,4057,5764,4279,8054,0,1,62,111,267,541,440,1113,582,1770,868,1457,615,569,961,1560,1946,4283,32805,17053,1567,92,9491,0,0,3,1
2021-03-06T23:59:59+01:00,0,1,372,498,804,1567,1160,2731,1526,4136,2125,3767,1037,962,3884,5491,4177,7889,0,1,62,111,267,541,440,1112,582,1770,868,1457,615,569,958,1559,1943,4282,32087,17044,1567,92,8470,0,0,3,1
2021-03-05T23:59:59+01:00,0,1,359,459,772,1463,1110,2515,1451,3923,1911,3102,1006,917,3127,4525,3972,7545,0,1,62,110,266,538,437,1106,581,1765,864,1454,612,567,919,1501,1920,4240,29766,16850,1566,92,6823,0,0,3,1
2021-03-04T23:59:59+01:00,0,1,346,450,764,1443,1097,2492,1432,3894,1888,3083,992,913,3123,4521,3969,7543,0,1,61,109,263,535,433,1090,571,1743,863,1446,610,565,882,1447,1897,4203,29753,16689,1527,29,6668,0,0,3,1
2021-03-03T23:59:59+01:00,0,1,337,419,745,1392,1067,2409,1382,3739,1808,2986,959,867,3113,4515,3969,7540,0,1,60,108,260,532,432,1086,569,1734,860,1442,610,564,862,1394,1808,4056,29437,16350,1527,27,6281,0,0,3,1
2021-03-02T23:59:59+01:00,0,1,331,411,730,1369,1019,2364,1314,3654,1692,2887,871,801,3070,4476,3963,7535,0,1,60,108,259,528,431,1078,569,1728,860,1438,609,564,862,1394,1808,4055,28797,16324,1463,27,6225,0,0,3,1
2021-03-01T23:59:59+01:00,0,1,327,397,723,1322,1006,2306,1294,3571,1665,2838,852,792,3062,4466,3962,7535,0,1,60,107,258,524,426,1064,565,1715,851,1430,608,562,766,1239,1751,3975,28756,15874,1411,27,5949,0,0,3,1
2021-02-28T23:59:59+01:00,0,1,322,385,715,1283,992,2229,1281,3484,1642,2759,848,782,3060,4462,3961,7532,0,1,60,107,257,524,426,1063,565,1715,849,1430,608,561,669,1114,1703,3894,28742,15519,1407,26,5586,0,0,3,1
2021-02-27T23:59:59+01:00,0,1,313,364,701,1256,973,2193,1246,3415,1619,2706,830,766,3057,4462,3960,7532,0,1,60,107,257,524,426,1063,564,1715,847,1430,608,561,669,1114,1703,3894,28738,15516,1407,26,5246,0,0,3,1
2021-02-26T23:59:59+01:00,0,1,287,313,654,1191,909,2074,1156,3248,1514,2568,801,743,2620,3856,3533,6754,0,1,60,107,254,521,426,1061,562,1713,844,1424,604,559,662,1102,1694,3875,26444,15442,1407,26,4368,0,0,3,1
2021-02-25T23:59:59+01:00,0,1,282,300,640,1161,888,2032,1137,3182,1496,2523,798,739,2573,3784,3503,6710,0,1,58,104,250,513,426,1057,557,1703,841,1413,598,555,585,993,1647,3817,26225,15093,1407,24,4114,0,0,3,1
2021-02-24T23:59:59+01:00,0,1,263,291,589,1116,841,1964,1079,3087,1453,2465,782,720,2332,3482,3414,6572,0,1,57,99,245,506,420,1038,548,1681,838,1393,591,543,571,973,1636,3794,25228,14917,1407,16,3813,0,0,3,1
2021-02-23T23:59:59+01:00,0,1,251,270,560,1060,804,1889,1011,2937,1379,2363,730,670,2217,3342,3388,6479,0,1,57,97,243,500,420,1022,538,1649,830,1371,583,536,555,922,1624,3741,24422,14672,1402,16,3524,0,0,3,1
2021-02-22T23:59:59+01:00,0,1,247,264,547,997,784,1813,985,2843,1343,2303,705,648,2187,3306,3379,6416,0,1,57,96,237,494,418,1009,529,1631,826,1346,569,522,533,896,1618,3686,24017,14452,1402,15,3346,0,0,3,1
2021-02-21T23:59:59+01:00,0,1,244,257,538,972,771,1776,977,2795,1313,2277,705,646,2185,3306,3378,6415,0,1,57,96,236,494,418,1009,529,1631,826,1345,569,521,533,896,1618,3685,24011,14448,1402,15,3140,0,0,3,1
2021-02-20T23:59:59+01:00,0,1,166,227,469,923,702,1699,907,2706,1228,2177,690,631,1811,2788,2822,5612,0,1,57,96,236,494,418,1009,529,1630,826,1345,569,521,533,896,1617,3685,21734,14446,1402,15,2420,0,0,3,1
2021-02-19T23:59:59+01:00,0,1,83,166,358,842,575,1567,774,2557,1092,2025,674,610,1503,2274,2273,4819,0,1,57,96,236,494,418,1008,529,1630,826,1345,569,521,527,894,1615,3679,19526,14429,1402,15,1262,0,0,3,1
2021-02-18T23:59:59+01:00,0,1,80,161,346,792,554,1478,741,2417,1059,1957,658,599,1494,2255,2264,4767,0,1,54,89,230,472,404,941,514,1550,806,1272,555,507,521,876,1612,3657,19282,14045,1377,15,961,0,0,3,1
2021-02-17T23:59:59+01:00,0,1,79,153,332,769,545,1445,712,2324,1022,1857,653,589,1436,2167,2216,4717,0,1,54,86,228,463,396,903,503,1485,787,1190,542,495,519,874,1612,3657,19021,13779,1304,15,689,0,0,3,1
2021-02-16T23:59:59+01:00,0,1,74,148,317,729,517,1371,680,2216,997,1752,642,582,1192,1820,2092,4534,0,1,53,77,227,456,390,873,490,1420,761,1124,521,482,517,874,1609,3656,18100,13528,1065,2,496,0,0,3,1
2021-02-15T23:59:59+01:00,0,1,69,132,291,624,482,1229,624,2003,946,1592,633,580,1109,1713,2040,4469,0,1,53,77,225,451,386,867,489,1416,759,1117,521,482,516,869,1608,3653,17770,13489,727,0,39,0,0,1,1
2021-02-14T23:59:59+01:00,0,1,68,125,286,598,477,1200,613,1949,932,1570,633,580,1010,1589,1993,4412,0,1,53,77,225,451,386,867,489,1414,759,1117,521,482,516,869,1608,3653,17440,13487,572,0,23,0,0,1,1
2021-02-13T23:59:59+01:00,0,1,68,124,286,597,476,1196,612,1947,930,1567,632,579,1009,1580,1989,4409,0,1,53,77,225,450,384,862,488,1409,757,1116,519,480,499,831,1349,3182,17406,12681,572,0,23,0,0,1,1
2021-02-12T23:59:59+01:00,0,1,67,124,285,596,472,1192,612,1944,927,1566,629,578,971,1528,1969,4369,0,1,53,77,225,446,380,853,483,1400,751,1109,512,472,481,790,986,2469,17237,11487,572,0,20,0,0,1,1
2021-02-11T23:59:59+01:00,0,1,66,117,282,583,459,1165,606,1918,920,1554,628,577,928,1471,1947,4330,0,1,53,74,210,415,366,806,466,1326,736,1077,509,471,481,790,985,2468,17058,11234,489,0,4,0,0,1,0
2021-02-10T23:59:59+01:00,0,1,65,117,279,580,457,1160,602,1901,915,1550,628,577,919,1455,1926,4286,0,1,52,64,177,337,312,704,416,1154,656,982,474,459,476,789,985,2467,16955,10505,461,0,1,0,0,1,0
2021-02-09T23:59:59+01:00,0,1,63,115,273,576,454,1147,601,1887,908,1544,627,576,907,1419,1856,4182,0,1,43,53,126,258,236,554,334,952,554,829,439,448,472,788,982,2467,16703,9536,432,0,0,0,0,1,0
2021-02-08T23:59:59+01:00,0,1,62,115,270,567,451,1140,599,1872,901,1536,625,573,804,1266,1799,4100,0,1,38,43,88,169,173,417,271,714,495,694,432,442,469,785,981,2467,16273,8679,407,0,0,0,0,1,0
2021-02-07T23:59:59+01:00,0,1,60,112,260,544,437,1109,583,1769,866,1457,624,572,702,1140,1750,4016,0,1,37,42,84,166,170,410,266,701,490,683,430,441,469,785,981,2466,15902,8622,99,0,0,0,0,1,0
2021-02-06T23:59:59+01:00,0,1,60,112,259,544,437,1109,581,1768,863,1454,621,570,700,1132,1744,4009,0,1,34,41,83,163,167,400,262,693,479,674,422,440,433,737,741,2075,15864,7845,99,0,0,0,0,1,0
2021-02-05T23:59:59+01:00,0,1,60,112,257,540,437,1107,580,1767,861,1452,619,570,690,1125,1738,3996,0,1,32,39,79,159,162,392,254,674,462,664,416,440,427,712,337,1442,15812,6692,99,0,0,0,0,1,0
2021-02-04T23:59:59+01:00,0,1,59,110,252,534,431,1091,564,1740,857,1438,612,560,604,1008,1687,3935,0,1,31,36,74,153,156,381,239,650,445,650,410,432,422,705,335,1435,15451,6555,31,0,0,0,0,1,0
2021-02-03T23:59:59+01:00,0,1,58,105,248,527,430,1072,561,1724,855,1423,608,550,593,998,1684,3921,0,1,24,28,60,122,123,280,175,508,335,500,304,330,337,548,257,1151,15328,5083,29,0,0,0,0,1,0
2021-02-02T23:59:59+01:00,0,1,58,103,245,522,430,1054,549,1691,846,1399,595,540,581,949,1674,3870,0,1,17,21,41,79,87,186,122,343,219,361,214,220,217,344,184,756,15078,3412,29,0,0,0,0,0,0
2021-02-01T23:59:59+01:00,0,1,58,101,241,514,428,1038,541,1669,842,1376,588,534,559,920,1666,3823,0,0,7,11,21,42,48,98,65,168,95,165,100,103,90,160,77,329,14870,1579,29,0,0,0,0,0,0
2021-01-31T23:59:59+01:00,0,1,58,101,240,513,426,1034,539,1664,840,1373,588,533,559,920,1666,3822,0,0,7,11,19,38,43,84,61,142,81,149,95,101,89,159,75,327,14848,1481,29,0,0,0,0,0,0
2021-01-30T23:59:59+01:00,0,1,58,101,240,513,426,1034,539,1664,840,1373,588,533,559,920,1666,3822,0,0,7,11,19,38,43,84,61,142,81,149,95,100,89,159,75,327,14848,1480,29,0,0,0,0,0,0
2021-01-29T23:59:59+01:00,0,1,58,101,240,513,426,1034,539,1664,840,1373,588,533,559,920,1666,3822,0,0,7,11,19,38,43,84,61,142,81,149,95,100,89,159,75,327,14848,1480,29,0,0,0,0,0,0
2021-01-28T23:59:59+01:00,0,1,56,93,236,484,414,967,521,1578,816,1292,575,518,553,903,1663,3803,0,0,3,2,5,6,11,16,19,34,22,33,16,22,21,34,19,99,14450,362,23,0,0,0,0,0,0
2021-01-27T23:59:59+01:00,0,1,54,89,236,474,406,928,511,1512,796,1209,563,505,551,901,1663,3803,0,0,3,2,5,6,9,16,19,33,21,31,16,21,21,34,19,99,14181,355,21,0,0,0,0,0,0
2021-01-26T23:59:59+01:00,0,1,53,83,231,471,399,899,500,1445,771,1142,541,492,549,901,1663,3803,0,0,1,2,5,6,9,15,17,29,17,26,14,18,19,32,19,91,13925,320,19,0,0,0,0,0,0
2021-01-25T23:59:59+01:00,0,1,53,83,228,465,396,893,500,1442,770,1137,541,492,549,898,1663,3801,0,0,0,0,0,0,0,2,0,0,0,0,1,1,0,2,0,0,13895,6,17,0,0,0,0,0,0
2021-01-24T23:59:59+01:00,0,1,53,83,228,465,396,893,500,1441,770,1137,541,492,549,898,1663,3801,0,0,0,0,0,0,0,2,0,0,0,0,1,1,0,2,0,0,13894,6,17,0,0,0,0,0,0
2021-01-23T23:59:59+01:00,0,1,53,83,228,464,395,889,500,1435,769,1135,538,490,532,860,1403,3323,0,0,0,0,0,0,0,1,0,0,0,0,1,1,0,2,0,0,13081,5,17,0,0,0,0,0,0
2021-01-22T23:59:59+01:00,0,1,53,83,227,460,390,879,495,1425,764,1128,532,481,515,818,1024,2583,0,0,0,0,0,0,0,1,0,0,0,0,1,1,0,2,0,0,11842,5,16,0,0,0,0,0,0
2021-01-21T23:59:59+01:00,0,1,53,80,208,426,363,823,467,1325,737,1093,528,481,515,818,1023,2582,0,0,0,0,0,0,0,1,0,0,0,0,1,1,0,2,0,0,11507,5,16,0,0,0,0,0,0
2021-01-20T23:59:59+01:00,0,1,51,70,181,354,322,738,424,1171,667,1003,492,470,510,818,1023,2581,0,0,0,0,0,0,0,1,0,0,0,0,1,1,0,2,0,0,10860,5,16,0,0,0,0,0,0
2021-01-19T23:59:59+01:00,0,1,44,57,137,276,248,580,347,989,577,863,457,458,506,816,1023,2581,0,0,0,0,0,0,0,0,0,0,0,0,1,0,0,2,0,0,9952,3,8,0,0,0,0,0,0
2021-01-18T23:59:59+01:00,0,1,40,44,88,175,179,429,280,726,505,706,449,451,503,812,1021,2581,0,0,0,0,0,0,0,0,0,0,0,0,0,0,0,1,0,0,8990,1,0,0,0,0,0,0,0
2021-01-17T23:59:59+01:00,0,1,37,43,85,172,175,421,276,715,500,693,447,451,503,812,1021,2580,0,0,0,0,0,0,0,0,0,0,0,0,0,0,0,0,0,0,8932,0,0,0,0,0,0,0,0
2021-01-16T23:59:59+01:00,0,1,34,42,83,170,171,412,269,708,485,684,438,449,464,765,774,2183,0,0,0,0,0,0,0,0,0,0,0,0,0,0,0,0,0,0,8132,0,0,0,0,0,0,0,0
2021-01-15T23:59:59+01:00,0,1,32,40,80,165,168,406,262,691,471,676,432,448,459,741,361,1541,0,0,0,0,0,0,0,0,0,0,0,0,0,0,0,0,0,0,6974,0,0,0,0,0,0,0,0
2021-01-14T23:59:59+01:00,0,1,32,38,78,159,163,401,254,678,460,668,429,445,459,740,361,1541,0,0,0,0,0,0,0,0,0,0,0,0,0,0,0,0,0,0,6907,0,0,0,0,0,0,0,0
2021-01-13T23:59:59+01:00,0,0,24,31,62,127,128,304,194,544,351,525,326,343,374,577,282,1246,0,0,0,0,0,0,0,0,0,0,0,0,0,0,0,0,0,0,5438,0,0,0,0,0,0,0,0
2021-01-12T23:59:59+01:00,0,0,17,24,46,88,93,216,140,393,238,389,234,235,247,371,205,845,0,0,0,0,0,0,0,0,0,0,0,0,0,0,0,0,0,0,3781,0,0,0,0,0,0,0,0
2021-01-11T23:59:59+01:00,0,0,9,15,27,48,62,139,88,220,125,208,116,112,106,179,93,374,0,0,0,0,0,0,0,0,0,0,0,0,0,0,0,0,0,0,1921,0,0,0,0,0,0,0,0
2021-01-10T23:59:59+01:00,0,0,8,15,23,44,55,110,80,179,105,175,110,108,102,177,90,374,0,0,0,0,0,0,0,0,0,0,0,0,0,0,0,0,0,0,1755,0,0,0,0,0,0,0,0
2021-01-09T23:59:59+01:00,0,0,8,15,23,44,55,110,80,179,105,175,110,107,102,177,90,374,0,0,0,0,0,0,0,0,0,0,0,0,0,0,0,0,0,0,1754,0,0,0,0,0,0,0,0
2021-01-08T23:59:59+01:00,0,0,8,14,22,43,52,103,75,168,99,172,107,103,97,168,88,364,0,0,0,0,0,0,0,0,0,0,0,0,0,0,0,0,0,0,1683,0,0,0,0,0,0,0,0
2021-01-07T23:59:59+01:00,0,0,3,3,5,7,11,17,20,34,24,36,17,22,23,35,23,107,0,0,0,0,0,0,0,0,0,0,0,0,0,0,0,0,0,0,387,0,0,0,0,0,0,0,0
2021-01-06T23:59:59+01:00,0,0,3,2,5,6,9,16,20,33,21,32,17,21,23,35,23,106,0,0,0,0,0,0,0,0,0,0,0,0,0,0,0,0,0,0,372,0,0,0,0,0,0,0,0
2021-01-05T23:59:59+01:00,0,0,3,2,5,6,9,16,20,33,21,32,17,21,23,35,23,106,0,0,0,0,0,0,0,0,0,0,0,0,0,0,0,0,0,0,372,0,0,0,0,0,0,0,0
2021-01-04T23:59:59+01:00,0,0,0,0,0,0,0,2,1,0,0,0,1,1,0,2,0,0,0,0,0,0,0,0,0,0,0,0,0,0,0,0,0,0,0,0,7,0,0,0,0,0,0,0,0
2021-01-03T23:59:59+01:00,0,0,0,0,0,0,0,2,1,0,0,0,1,1,0,2,0,0,0,0,0,0,0,0,0,0,0,0,0,0,0,0,0,0,0,0,7,0,0,0,0,0,0,0,0
2021-01-02T23:59:59+01:00,0,0,0,0,0,0,0,1,1,0,0,0,1,1,0,2,0,0,0,0,0,0,0,0,0,0,0,0,0,0,0,0,0,0,0,0,6,0,0,0,0,0,0,0,0
2021-01-01T23:59:59+01:00,0,0,0,0,0,0,0,1,1,0,0,0,1,1,0,2,0,0,0,0,0,0,0,0,0,0,0,0,0,0,0,0,0,0,0,0,6,0,0,0,0,0,0,0,0
2020-12-31T23:59:59+01:00,0,0,0,0,0,0,0,1,1,0,0,0,1,1,0,2,0,0,0,0,0,0,0,0,0,0,0,0,0,0,0,0,0,0,0,0,6,0,0,0,0,0,0,0,0
2020-12-30T23:59:59+01:00,0,0,0,0,0,0,0,1,1,0,0,0,1,1,0,2,0,0,0,0,0,0,0,0,0,0,0,0,0,0,0,0,0,0,0,0,6,0,0,0,0,0,0,0,0
2020-12-29T23:59:59+01:00,0,0,0,0,0,0,0,1,1,0,0,0,1,0,0,2,0,0,0,0,0,0,0,0,0,0,0,0,0,0,0,0,0,0,0,0,5,0,0,0,0,0,0,0,0
2020-12-28T23:59:59+01:00,0,0,0,0,0,0,0,1,0,0,0,0,1,0,0,1,0,0,0,0,0,0,0,0,0,0,0,0,0,0,0,0,0,0,0,0,3,0,0,0,0,0,0,0,0
2020-12-27T23:59:59+01:00,0,0,0,0,0,0,0,0,0,0,0,0,0,0,0,0,0,0,0,0,0,0,0,0,0,0,0,0,0,0,0,0,0,0,0,0,0,0,0,0,0,0,0,0,0
