Datum,<24_1_m,<24_1_w,25-34_1_m,25-34_1_w,35-44_1_m,35-44_1_w,45-54_1_m,45-54_1_w,55-64_1_m,55-64_1_w,65-74_1_m,65-74_1_w,75-84_1_m,75-84_1_w,>84_1_m,>84_1_w,<24_2_m,<24_2_w,25-34_2_m,25-34_2_w,35-44_2_m,35-44_2_w,45-54_2_m,45-54_2_w,55-64_2_m,55-64_2_w,65-74_2_m,65-74_2_w,75-84_2_m,75-84_2_w,>84_2_m,>84_2_w,bp_1,bp_2,mo_1,mo_2,az_1,az_2,ja
2021-06-28T23:59:59+02:00,7669,7409,13307,12731,17039,17695,23741,25323,30439,31802,24004,26819,16673,21308,5009,9468,2705,2892,5282,6329,7395,9520,14466,17193,22579,24437,19608,21960,14972,19199,4720,8821,205910,135881,30338,23060,46100,35049,8088
2021-06-27T23:59:59+02:00,7624,7363,13277,12694,17011,17664,23722,25290,30415,31775,23993,26811,16666,21303,5009,9467,2682,2879,5240,6306,7333,9476,14381,17136,22493,24353,19484,21821,14942,19150,4717,8813,205607,135411,30338,23050,46095,34701,8044
2021-06-26T23:59:59+02:00,7144,6824,12904,12404,16903,17568,23663,25230,30381,31742,23986,26795,16662,21292,5008,9466,2587,2777,5069,6131,7142,9297,13862,16722,21884,23758,19353,21685,14902,19098,4716,8805,203495,131999,30338,23050,46095,34695,8044
2021-06-25T23:59:59+02:00,6658,6341,12453,12039,16744,17450,23573,25163,30299,31702,23964,26768,16657,21282,5006,9464,2484,2623,4897,5940,6884,9005,13336,16193,21334,23179,19156,21478,14844,19031,4712,8793,201104,128329,30338,23050,46095,34484,8026
2021-06-24T23:59:59+02:00,6429,6114,12232,11889,16637,17368,23501,25112,30241,31655,23930,26728,16653,21272,5005,9457,2277,2391,4529,5571,6392,8519,12625,15482,20192,22186,18702,21005,14741,18901,4701,8778,199846,122445,30336,23038,46088,33556,7953
2021-06-23T23:59:59+02:00,5851,5617,12072,11777,16518,17257,23429,25065,30178,31605,23896,26705,16646,21258,5001,9453,2240,2340,4465,5452,6301,8369,12394,15193,19952,21929,18404,20682,14645,18791,4690,8762,199342,121428,29005,22892,46078,32386,7903
2021-06-22T23:59:59+02:00,5706,5488,11976,11672,16432,17181,23371,25003,30112,31529,23871,26673,16637,21237,4997,9451,2187,2306,4374,5370,6181,8224,11526,14535,19541,21528,18078,20337,14539,18656,4680,8742,198419,120526,28998,21200,46063,31222,7856
2021-06-21T23:59:59+02:00,5570,5377,11903,11582,16372,17097,23317,24931,30062,31471,23847,26645,16624,21222,4997,9447,2154,2271,4318,5276,6094,8099,10745,13832,19092,21120,17853,20108,14479,18562,4671,8725,197612,119736,28994,19417,46058,30446,7800
2021-06-20T23:59:59+02:00,5453,5251,11743,11402,16308,16975,23266,24866,30019,31416,23831,26625,16618,21207,4992,9442,2138,2244,4279,5237,6028,8056,10651,13759,18983,20993,17696,19918,14413,18480,4667,8718,196616,119236,28990,19414,46051,29853,7757
2021-06-19T23:59:59+02:00,5437,5233,10989,10745,15834,16589,23207,24822,29975,31373,23813,26605,16610,21195,4992,9442,2068,2128,4074,5013,5755,7787,10332,13433,17949,20158,17533,19738,14381,18415,4662,8706,194064,115124,28990,19414,46051,29838,7756
2021-06-18T23:59:59+02:00,5406,5210,10368,10192,15246,16050,23117,24759,29911,31311,23785,26577,16599,21180,4991,9440,2004,2049,3937,4881,5487,7526,9980,13094,16869,19022,17337,19512,14334,18352,4659,8696,191353,110985,28983,19413,46051,29586,7755
2021-06-17T23:59:59+02:00,5283,5099,9751,9727,14786,15680,23018,24678,29833,31221,23747,26535,16585,21159,4991,9437,1877,1944,3683,4640,5107,7169,9450,12611,15693,17836,16879,19028,14193,18179,4646,8672,188886,105912,28981,19405,46048,28675,7615
2021-06-16T23:59:59+02:00,5148,4957,9555,9568,14641,15553,22927,24584,29736,31145,23703,26491,16570,21147,4990,9427,1837,1903,3581,4555,5004,7051,8427,11763,15421,17544,16584,18693,14058,18009,4640,8639,187722,105035,28970,17535,46045,27734,7405
2021-06-15T23:59:59+02:00,4957,4769,9378,9414,14507,15412,22835,24493,29660,31059,23660,26418,16545,21114,4982,9412,1775,1848,3505,4462,4913,6941,8311,11622,15245,17322,16268,18386,13919,17842,4617,8581,186413,104290,28968,17531,46025,26527,7209
2021-06-14T23:59:59+02:00,4880,4701,9284,9307,14428,15323,22766,24420,29590,30999,23628,26379,16531,21096,4979,9406,1754,1826,3472,4437,4872,6908,8212,11559,15107,17189,16089,18182,13830,17746,4612,8575,185673,104066,28963,17528,46019,25714,7062
2021-06-13T23:59:59+02:00,4822,4655,9198,9234,14344,15256,22705,24370,29524,30948,23602,26351,16522,21086,4979,9404,1704,1811,3431,4413,4819,6865,8141,11523,15010,17094,15934,18000,13778,17674,4605,8568,185101,103789,28957,17526,46004,25117,6938
2021-06-12T23:59:59+02:00,4801,4639,9170,9211,14109,15084,22578,24242,29481,30906,23582,26337,16513,21078,4978,9402,1580,1690,3193,4207,4419,6564,7596,11096,13251,15417,15582,17630,13698,17572,4603,8554,184214,97137,28957,17526,46004,25053,6936
2021-06-11T23:59:59+02:00,4745,4584,9091,9158,13793,14865,22383,24094,29387,30817,23546,26292,16496,21066,4977,9399,1477,1558,3010,4002,4122,6202,7095,10558,11628,13547,15108,17058,13584,17427,4588,8540,182868,90288,28955,17525,46004,24825,6866
2021-06-10T23:59:59+02:00,4460,4355,8551,8829,12534,13854,21818,23648,29016,30517,23409,26135,16443,20998,4964,9385,1353,1466,2777,3822,3796,5921,6664,10169,10220,12225,14599,16485,13414,17220,4573,8515,177586,85772,28940,17523,45999,23533,6391
2021-06-09T23:59:59+02:00,4224,4188,7963,8540,11643,13199,21501,23436,28788,30367,23346,26072,16424,20974,4961,9381,1264,1412,2625,3750,3655,5844,6458,10078,9960,12048,14282,16141,13244,17040,4566,8497,175501,85446,27679,17422,45993,22162,5834
2021-06-08T23:59:59+02:00,4091,4083,7562,8317,11160,12909,21276,23258,28589,30216,23288,25998,16392,20932,4956,9372,1186,1386,2490,3695,3498,5778,5563,9334,9492,11693,13953,15742,13020,16807,4552,8475,173760,85098,27309,15273,45967,20930,5363
2021-06-07T23:59:59+02:00,3968,4002,7330,8212,10874,12731,21076,23146,28436,30103,23230,25945,16375,20907,4952,9364,1137,1267,2369,3635,3368,5717,5401,9260,9286,11569,13734,15493,12872,16645,4546,8457,172556,84911,27299,15270,45958,19737,4838
2021-06-06T23:59:59+02:00,3850,3944,7092,8091,10625,12571,20891,23057,28351,30014,23199,25911,16363,20889,4949,9359,1117,1251,2305,3600,3272,5666,5295,9185,9172,11469,13577,15339,12801,16551,4543,8450,171414,84726,27282,15266,45948,19089,4512
2021-06-05T23:59:59+02:00,3822,3907,7056,8052,10450,12414,20271,22552,28190,29869,23149,25867,16349,20870,4949,9355,1085,1149,2141,3150,3041,5130,5124,8856,8398,10521,12930,14503,12688,16404,4532,8440,169392,79364,27282,15266,45946,18960,4502
2021-06-04T23:59:59+02:00,3794,3881,7019,8027,10353,12323,19911,22225,28086,29772,23114,25829,16335,20860,4947,9354,1053,1081,2044,2843,2881,4654,4967,8487,7886,9866,11432,12792,12565,16207,4525,8422,168119,73004,27270,15265,45945,18940,4496
2021-06-03T23:59:59+02:00,3656,3779,6801,7889,9799,11901,18690,21301,27691,29464,22981,25688,16283,20798,4943,9340,1000,1036,1956,2732,2746,4499,4767,8189,7528,9422,11055,12398,12459,16095,4522,8409,163387,71231,27262,15262,45941,17906,4414
2021-06-02T23:59:59+02:00,3649,3771,6789,7872,9789,11892,18502,21121,27620,29415,22958,25667,16277,20789,4940,9338,996,1029,1944,2701,2725,4480,4556,8008,6993,8934,11018,12358,12444,16080,4518,8403,163324,71123,26717,13772,45941,17885,4407
2021-06-01T23:59:59+02:00,3521,3696,6553,7727,9502,11702,18047,20774,27382,29220,22863,25567,16237,20737,4937,9326,958,983,1860,2631,2646,4409,4281,7775,6398,8404,10807,12147,12346,15979,4513,8391,161646,70689,25936,12482,45926,17074,4283
2021-05-31T23:59:59+02:00,3475,3651,6464,7661,9366,11604,17921,20683,27293,29145,22798,25506,16220,20709,4932,9319,929,959,1793,2591,2566,4367,4175,7711,6280,8331,10623,11980,12246,15864,4503,8383,160812,70330,25906,12477,45914,16379,4115
2021-05-30T23:59:59+02:00,3445,3627,6403,7610,9279,11516,17835,20605,27218,29078,22753,25462,16198,20683,4927,9309,925,952,1785,2583,2555,4356,4147,7687,6228,8290,10563,11903,12213,15822,4498,8374,160121,70290,25901,12474,45902,16093,4024
2021-05-29T23:59:59+02:00,3435,3608,6368,7583,9236,11479,17797,20566,27074,28974,22698,25388,16183,20663,4924,9305,888,933,1728,2537,2483,4272,3958,7434,5956,7995,8378,9259,12021,15481,4483,8345,159468,64080,25901,12472,45888,15575,4024
2021-05-28T23:59:59+02:00,3378,3559,6245,7511,9109,11358,17658,20442,26910,28854,22633,25315,16162,20646,4923,9304,874,919,1710,2517,2447,4220,3808,7138,5762,7735,5702,6173,11746,15085,4468,8296,158209,57266,25899,12472,45884,14847,4015
2021-05-27T23:59:59+02:00,3231,3429,5963,7334,8510,11026,17185,20106,26502,28508,22466,25153,16104,20583,4916,9286,825,861,1628,2422,2330,4087,3385,6181,5340,7145,5543,6000,11667,15012,4462,8279,154755,56787,25843,12426,45876,12126,3828
2021-05-26T23:59:59+02:00,3125,3346,5745,7169,8140,10740,16719,19800,26204,28272,22318,25020,16053,20509,4903,9266,808,852,1576,2397,2278,4057,3312,6107,5243,7075,5410,5873,11602,14946,4457,8267,152059,56715,25827,12424,45854,11532,3589
2021-05-25T23:59:59+02:00,3035,3285,5603,7056,7944,10578,15720,19023,25851,27922,22161,24867,16001,20430,4896,9256,789,836,1541,2353,2209,3998,3237,6040,5160,7011,5245,5706,11494,14866,4449,8255,150516,56654,23904,12239,45840,10928,3368
2021-05-24T23:59:59+02:00,2976,3271,5520,7013,7832,10523,14820,18339,25438,27610,22068,24764,15970,20394,4889,9244,781,834,1519,2336,2165,3964,3194,5993,5083,6931,5146,5599,11414,14790,4448,8249,149837,56624,21836,12163,45831,10492,3167
2021-05-23T23:59:59+02:00,2973,3267,5512,7006,7824,10516,14815,18338,25437,27609,22068,24764,15970,20394,4889,9244,780,831,1512,2329,2153,3951,3175,5978,5063,6898,5103,5547,11397,14766,4447,8247,149812,56617,21836,12163,45829,10248,3149
2021-05-22T23:59:59+02:00,2937,3226,5440,6961,7725,10429,14618,18179,25161,27369,21970,24679,15938,20351,4886,9240,758,811,1470,2278,2102,3872,3064,5859,4753,6335,4533,4807,10754,13944,4437,8208,148296,53384,21836,12163,45828,9289,3149
2021-05-21T23:59:59+02:00,2887,3155,5341,6879,7633,10308,14414,17974,24893,27145,21857,24571,15906,20302,4881,9231,727,758,1402,2152,2001,3608,2882,5528,4281,5457,4123,4271,10013,13006,4372,8082,146598,49664,21836,12163,45824,7717,3119
2021-05-20T23:59:59+02:00,2756,2993,5065,6626,7349,9943,13955,17490,24285,26596,21586,24276,15813,20182,4867,9201,712,748,1377,2128,1963,3575,2829,5475,4199,5382,3998,4169,9938,12943,4363,8071,142464,49578,21827,12153,45804,7251,2888
2021-05-19T23:59:59+02:00,2704,2942,4969,6487,7206,9761,12810,16455,24023,26309,21490,24146,15768,20121,4859,9194,693,722,1352,2080,1931,3490,2767,5329,4104,5276,3917,4079,9885,12881,4360,8067,141096,49550,19758,12091,45734,6636,2656
2021-05-18T23:59:59+02:00,2681,2919,4922,6455,7157,9731,12460,16181,23844,26159,21397,24057,15738,20068,4851,9182,664,665,1297,1951,1859,3292,2671,5121,3976,5079,3692,3802,9803,12801,4350,8057,140826,49531,18907,11095,45691,6076,2378
2021-05-17T23:59:59+02:00,2656,2900,4882,6386,7072,9624,12312,16014,23711,26008,21348,24006,15720,20045,4846,9174,656,651,1281,1915,1838,3244,2623,5013,3897,4965,3556,3651,9736,12738,4347,8048,139912,49509,18899,11085,45676,5348,2217
2021-05-16T23:59:59+02:00,2645,2887,4859,6320,7034,9541,12252,15942,23659,25948,21323,23989,15710,20031,4843,9171,651,645,1272,1912,1821,3235,2602,5001,3869,4944,3506,3585,9697,12706,4346,8046,139478,49500,18892,11074,45654,5134,2130
2021-05-15T23:59:59+02:00,2528,2775,4677,6127,6847,9362,11742,15539,23083,25405,21220,23871,15678,19989,4840,9163,601,586,1190,1825,1686,3084,2318,4697,3422,4442,3177,3163,9535,12503,4323,8018,136201,46579,18891,11074,45648,4811,2106
2021-05-14T23:59:59+02:00,2414,2602,4482,5903,6571,9051,11209,15031,22518,24841,21074,23732,15641,19931,4836,9152,538,509,1088,1704,1527,2870,1986,4295,2823,3858,2793,2726,9451,12355,4319,8014,132403,43659,18884,11072,45626,4050,2075
2021-05-13T23:59:59+02:00,2232,2315,4162,5522,6145,8577,10652,14346,21487,23932,20792,23458,15581,19832,4829,9137,535,509,1076,1688,1512,2852,1977,4271,2808,3838,2777,2712,9444,12351,4318,8014,126514,43607,18831,11064,45600,3957,2054
2021-05-12T23:59:59+02:00,2231,2312,4155,5521,6136,8571,10552,14226,21434,23893,20787,23447,15576,19824,4828,9137,527,487,1040,1633,1463,2774,1895,4185,2749,3779,2696,2617,9394,12278,4318,8014,126473,43604,18505,10239,45600,3954,2052
2021-05-11T23:59:59+02:00,2110,2275,4072,5456,6011,8457,10248,13977,21242,23731,20710,23376,15561,19792,4824,9132,502,464,979,1572,1394,2684,1795,4048,2676,3705,2541,2391,9330,12177,4317,8014,125534,43588,18168,9406,45320,3643,1952
2021-05-10T23:59:59+02:00,2069,2199,3965,5333,5876,8278,9456,13214,20864,23408,20620,23287,15522,19738,4814,9119,489,435,941,1506,1328,2595,1706,3887,2593,3609,2512,2367,9321,12159,4313,8009,124399,43556,16320,9224,45217,3164,1826
2021-05-09T23:59:59+02:00,2037,2185,3931,5293,5825,8230,9390,13145,20795,23335,20586,23246,15506,19711,4811,9105,482,426,921,1463,1304,2547,1672,3825,2555,3566,2503,2355,9311,12142,4313,8001,123955,43497,16316,9221,45123,2931,1737
2021-05-08T23:59:59+02:00,1974,2085,3747,5119,5555,8029,9084,12865,19672,22419,20392,23052,15474,19642,4806,9093,410,396,856,1423,1228,2475,1584,3725,2342,3361,1971,1935,9218,12057,4312,8001,119836,42047,16315,9220,45120,2290,1737
2021-05-07T23:59:59+02:00,1889,1979,3567,4954,5240,7738,8690,12512,18479,21203,20213,22850,15429,19585,4797,9074,318,337,747,1350,1098,2346,1450,3582,2171,3170,1604,1600,8731,11614,4311,7999,115082,40330,16313,9217,45099,1176,1705
2021-05-06T23:59:59+02:00,1705,1870,3281,4702,4790,7337,8047,11949,17240,19963,19880,22472,15322,19422,4787,9062,301,328,726,1321,1057,2300,1402,3498,2105,3102,1568,1545,8714,11583,4305,7996,109235,40311,16306,9211,44865,906,1423
2021-05-05T23:59:59+02:00,1635,1839,3204,4614,4713,7233,7919,11798,17085,19816,19760,22352,15246,19326,4765,8965,290,317,686,1269,996,2225,1320,3348,1997,2986,1475,1447,8303,11016,4299,7978,108479,40278,16162,8092,44696,649,933
2021-05-04T23:59:59+02:00,1610,1810,3162,4540,4654,7123,7668,11505,16529,19237,19674,22222,15171,19230,4737,8852,274,304,663,1242,975,2171,1262,3230,1884,2829,1403,1341,8234,10914,4295,7960,107793,40253,14817,7816,44593,391,521
2021-05-03T23:59:59+02:00,1602,1806,3154,4526,4616,7101,7415,11276,15835,18641,19610,22138,15144,19196,4731,8842,260,283,641,1161,928,2083,1199,3092,1787,2692,1337,1262,8208,10879,4291,7951,107710,40246,13222,7609,44553,51,148
2021-05-02T23:59:59+02:00,1601,1803,3149,4524,4612,7098,7402,11266,15817,18629,19594,22130,15144,19194,4730,8842,260,282,638,1160,923,2080,1189,3086,1779,2685,1323,1255,8207,10874,4290,7951,107683,40224,13220,7608,44530,48,102
2021-05-01T23:59:59+02:00,1468,1662,2869,4276,4146,6738,6785,10783,13885,16750,19213,21734,15053,19078,4727,8826,258,282,635,1158,921,2077,1187,3085,1777,2681,1318,1251,8205,10872,4290,7951,100148,40193,13220,7608,44526,48,99
2021-04-30T23:59:59+02:00,1344,1512,2654,4055,3816,6343,6222,10190,12096,14712,18755,21197,14949,18936,4713,8815,253,281,628,1152,906,2069,1175,3075,1765,2667,1307,1242,8201,10867,4289,7951,92535,40146,13220,7608,44526,46,28
2021-04-29T23:59:59+02:00,1226,1446,2490,3930,3576,6140,5866,9888,10757,13435,18497,20920,14906,18866,4709,8809,252,277,623,1146,895,2063,1155,3070,1735,2631,1281,1218,8195,10858,4289,7951,87849,40115,13211,7476,44390,37,11
2021-04-28T23:59:59+02:00,1166,1440,2440,3911,3526,6116,5803,9855,10661,13368,18468,20886,14899,18850,4709,8806,252,276,621,1145,892,2061,1152,3066,1727,2630,1275,1200,7752,10339,4289,7951,87580,40094,13161,6491,44153,33,10
2021-04-27T23:59:59+02:00,1118,1414,2338,3867,3462,6089,5685,9800,10544,13292,18435,20847,14886,18835,4707,8804,251,276,619,1138,891,2059,1148,3063,1723,2626,1264,1183,7336,9760,4289,7951,87076,40075,13108,5464,43930,29,9
2021-04-26T23:59:59+02:00,1076,1384,2249,3775,3335,5989,5517,9681,10241,13034,18374,20793,14877,18817,4705,8804,250,276,618,1137,886,2056,1141,3060,1705,2616,1249,1170,7327,9740,4289,7951,85740,39990,13098,5444,43804,28,9
2021-04-25T23:59:59+02:00,1073,1381,2241,3773,3328,5985,5498,9674,10206,13004,18364,20781,14876,18811,4705,8803,249,276,618,1137,886,2056,1139,3060,1705,2616,1249,1170,7327,9738,4289,7951,85717,39987,13089,5442,43688,28,9
2021-04-24T23:59:59+02:00,1030,1263,2055,3236,3058,5373,5303,9262,9376,11958,17658,19887,14762,18652,4697,8792,248,275,617,1136,886,2055,1139,3059,1699,2611,1246,1165,7325,9737,4289,7950,79601,39963,13089,5438,43664,28,8
2021-04-23T23:59:59+02:00,997,1179,1944,2889,2876,4823,5108,8834,8823,11237,16028,18029,14617,18446,4689,8769,248,275,616,1136,884,2053,1138,3059,1698,2610,1242,1160,7321,9735,4289,7949,72588,39950,13088,5427,43604,28,8
2021-04-22T23:59:59+02:00,992,1168,1926,2873,2857,4805,5052,8789,8712,11136,15958,17953,14591,18416,4687,8764,246,275,614,1135,881,2052,1130,3047,1683,2590,1218,1138,7316,9728,4289,7949,72543,39938,13033,5318,43095,27,8
2021-04-21T23:59:59+02:00,983,1160,1913,2860,2830,4779,5006,8733,8605,11013,15871,17869,14563,18382,4687,8759,241,272,604,1126,867,2023,1120,3023,1673,2565,1205,1125,7094,9412,4288,7949,72503,39932,12975,4621,42527,26,8
2021-04-20T23:59:59+02:00,956,1111,1861,2745,2757,4619,4913,8554,8432,10806,15639,17588,14505,18323,4680,8753,228,269,586,1105,841,1993,1092,2997,1638,2524,1186,1113,7086,9407,4287,7948,72468,39912,11846,4356,41920,24,8
2021-04-19T23:59:59+02:00,947,1102,1829,2724,2707,4594,4789,8494,8232,10695,15547,17490,14483,18304,4680,8747,222,261,568,1083,823,1960,1074,2954,1593,2469,1168,1094,7079,9404,4285,7947,72069,39878,11824,4076,41463,22,8
2021-04-18T23:59:59+02:00,945,1101,1824,2719,2699,4583,4772,8482,8192,10653,15498,17431,14473,18287,4679,8745,222,261,568,1083,822,1960,1074,2954,1593,2468,1168,1093,7077,9403,4284,7947,72026,39873,11821,4074,41228,22,8
2021-04-17T23:59:59+02:00,911,1087,1775,2681,2631,4505,4619,8342,7929,10424,13137,14533,14275,17935,4662,8709,220,261,568,1080,818,1954,1062,2947,1583,2448,1131,1052,6746,8988,4259,7899,65219,38923,11821,4063,41107,22,8
2021-04-16T23:59:59+02:00,905,1081,1763,2672,2588,4467,4527,8258,7751,10234,10318,11296,14004,17518,4643,8653,218,256,567,1075,811,1949,1052,2943,1563,2428,1120,1038,6740,8983,4256,7896,57983,38818,11819,4047,40868,22,8
2021-04-15T23:59:59+02:00,892,1076,1741,2658,2546,4435,4416,8197,7521,10037,10076,11079,13942,17453,4637,8639,216,256,567,1073,810,1947,1049,2940,1560,2425,1115,1034,6738,8981,4256,7896,57962,38804,11817,4030,39558,21,8
2021-04-14T23:59:59+02:00,873,1048,1683,2575,2457,4313,4227,8016,7249,9754,9705,10601,13794,17275,4631,8630,191,233,526,1022,787,1880,1015,2860,1511,2363,1089,1005,6734,8972,4256,7895,57930,38788,10871,3523,38022,20,8
2021-04-13T23:59:59+02:00,848,1026,1647,2523,2390,4230,4126,7880,7039,9542,9299,10086,13651,17108,4626,8618,155,209,491,974,747,1787,981,2750,1459,2293,1070,970,6718,8961,4255,7895,57889,38725,9925,2968,36817,14,8
2021-04-12T23:59:59+02:00,845,1024,1628,2520,2360,4217,4073,7829,6900,9371,9039,9779,13589,17053,4615,8601,144,195,463,935,724,1722,960,2678,1415,2243,1048,954,6702,8941,4252,7890,57833,38609,9894,2635,35708,14,8
2021-04-11T23:59:59+02:00,844,1023,1617,2520,2347,4215,4050,7817,6836,9309,8906,9620,13563,17007,4610,8594,144,195,463,933,724,1721,958,2678,1414,2243,1048,954,6700,8941,4252,7890,57821,38603,9892,2634,35157,13,8
2021-04-10T23:59:59+02:00,828,1018,1589,2492,2311,4186,3979,7761,6704,9192,8349,8886,12899,16154,4599,8552,141,195,461,930,719,1718,958,2672,1405,2236,1035,938,6232,8444,4237,7874,54490,37541,9891,2633,35110,13,8
2021-04-09T23:59:59+02:00,806,989,1549,2445,2244,4105,3827,7602,6357,8863,7827,8231,12085,15132,4529,8415,139,194,459,925,713,1710,950,2662,1390,2226,1013,916,5990,8174,4219,7847,50521,36877,9887,2629,34590,13,8
2021-04-08T23:59:59+02:00,797,979,1522,2422,2179,4056,3692,7516,6104,8565,7217,7577,11925,14932,4518,8397,139,191,454,923,708,1703,942,2652,1382,2213,1001,914,5987,8172,4218,7847,50489,36856,9863,2569,32038,13,8
2021-04-07T23:59:59+02:00,791,970,1497,2404,2121,4018,3606,7446,5877,8299,6665,6952,11324,14185,4506,8370,121,184,425,876,662,1634,886,2582,1332,2144,982,898,5979,8166,4217,7847,50462,36833,8713,2082,29849,13,7
2021-04-06T23:59:59+02:00,787,968,1483,2396,2092,3996,3533,7397,5697,8128,6220,6448,11124,13969,4491,8342,98,163,376,816,617,1559,843,2482,1279,2080,958,882,5962,8153,4215,7843,50392,36808,8530,1498,28142,13,7
2021-04-05T23:59:59+02:00,782,964,1467,2389,2069,3987,3482,7371,5554,8018,6019,6234,11058,13884,4485,8332,92,161,375,814,610,1550,835,2467,1266,2062,930,852,4871,6753,4137,7737,50197,34004,8526,1488,27365,13,7
2021-04-04T23:59:59+02:00,780,960,1465,2387,2065,3985,3465,7364,5544,8011,6008,6214,11044,13866,4483,8329,92,161,373,812,607,1545,828,2460,1252,2042,907,830,3871,5593,4071,7630,50183,31566,8525,1488,27255,13,7
2021-04-03T23:59:59+02:00,728,905,1383,2318,1942,3847,3204,7103,5084,7522,5665,5759,10873,13649,4456,8300,90,161,373,811,607,1543,827,2460,1252,2042,907,830,3871,5590,4071,7629,46953,31556,8525,1488,27253,13,7
2021-04-02T23:59:59+02:00,686,871,1328,2249,1844,3733,2948,6843,4570,7044,5275,5300,10776,13485,4451,8294,90,161,373,811,607,1543,826,2460,1250,2040,907,828,3869,5587,4070,7629,44032,31545,8524,1487,27135,13,6
2021-04-01T23:59:59+02:00,683,869,1318,2246,1826,3725,2919,6829,4496,6971,5167,5192,10737,13437,4450,8290,90,161,371,807,605,1540,826,2457,1246,2036,897,827,3865,5585,4069,7628,44020,31536,8381,1455,26748,13,6
2021-03-31T23:59:59+02:00,681,867,1311,2231,1818,3715,2892,6801,4433,6925,5028,5031,10227,12832,4446,8282,90,161,370,807,605,1540,826,2457,1244,2036,896,827,3865,5584,4069,7627,44010,31530,7253,1455,26251,13,6
2021-03-30T23:59:59+02:00,672,863,1293,2211,1789,3686,2857,6766,4347,6836,4861,4839,9702,12132,4439,8267,85,158,369,803,600,1537,821,2451,1236,2034,885,817,3857,5581,4068,7626,43987,31509,6068,1402,25499,11,6
2021-03-29T23:59:59+02:00,667,856,1280,2176,1772,3655,2827,6724,4277,6751,4663,4642,9617,12039,4436,8254,85,158,369,801,597,1533,819,2445,1232,2027,877,811,3849,5574,4068,7626,43920,31496,5853,1358,24857,11,6
2021-03-28T23:59:59+02:00,664,854,1277,2173,1757,3645,2812,6712,4242,6698,4568,4532,9580,11975,4431,8247,85,158,369,800,597,1533,817,2445,1230,2027,876,811,3848,5574,4068,7626,43898,31494,5844,1353,24419,11,6
2021-03-27T23:59:59+01:00,661,849,1268,2168,1741,3630,2783,6683,4084,6557,4004,4087,9352,11728,4418,8228,85,158,367,798,595,1531,815,2442,1222,2021,872,807,3671,5287,3966,7454,41986,30721,5840,1353,24409,11,6
2021-03-26T23:59:59+01:00,655,841,1260,2158,1721,3613,2758,6661,4010,6480,3598,3723,8755,11171,4405,8214,85,158,366,797,594,1528,811,2439,1213,2017,860,794,2954,4348,3757,7110,40058,28461,5827,1353,24132,11,6
2021-03-25T23:59:59+01:00,648,836,1248,2144,1702,3589,2699,6622,3927,6402,3423,3506,8646,11060,4399,8208,85,158,366,797,594,1528,811,2438,1212,2017,860,794,2953,4347,3756,7109,40045,28455,5721,1353,23287,11,6
2021-03-24T23:59:59+01:00,642,829,1215,2119,1657,3544,2621,6555,3772,6253,3105,3143,8240,10513,4390,8196,81,156,354,784,578,1510,778,2404,1162,1985,827,757,2944,4341,3756,7106,40023,28155,4968,1352,21797,10,6
2021-03-23T23:59:59+01:00,629,821,1190,2087,1615,3497,2541,6474,3623,6099,2725,2761,8024,10294,4382,8180,76,152,342,762,543,1479,717,2341,1060,1903,744,696,2909,4306,3752,7102,39982,27524,4678,1345,20276,9,6
2021-03-22T23:59:59+01:00,605,708,1154,2033,1582,3441,2488,6404,3483,5968,2485,2524,7695,9939,4366,8144,76,151,342,762,543,1477,716,2340,1057,1903,743,693,2905,4301,3751,7099,39514,27499,4354,1345,19145,9,6
2021-03-21T23:59:59+01:00,604,705,1149,2025,1571,3432,2471,6389,3446,5934,2344,2360,7602,9827,4358,8129,76,151,342,761,543,1477,716,2340,1057,1903,743,693,2905,4300,3751,7099,39510,27497,4340,1345,18490,9,6
2021-03-20T23:59:59+01:00,603,705,1147,2019,1565,3425,2465,6383,3429,5912,2312,2322,7112,9309,4342,8113,76,151,342,761,542,1477,714,2339,1057,1902,743,693,2905,4298,3749,7097,38473,27486,4328,1345,18356,9,6
2021-03-19T23:59:59+01:00,596,698,1134,2004,1530,3403,2397,6245,3366,5805,2129,2142,6805,8991,4322,8088,76,151,341,755,538,1474,709,2330,1046,1889,734,687,2482,3696,3334,6349,37867,25238,4312,1345,17470,2,6
2021-03-18T23:59:59+01:00,581,682,1115,1974,1503,3373,2357,6177,3293,5716,1976,1946,6686,8872,4316,8077,75,151,341,754,537,1474,708,2326,1043,1888,727,684,2432,3624,3307,6307,37847,25047,4301,1323,16490,2,6
2021-03-17T23:59:59+01:00,552,655,1070,1919,1466,3289,2280,6060,3141,5560,1721,1680,6520,8719,4306,8062,74,147,329,727,521,1430,686,2269,1005,1847,710,665,2194,3333,3225,6183,37776,24085,3777,1252,15441,2,6
2021-03-16T23:59:59+01:00,509,626,1030,1864,1415,3185,2215,5906,3025,5426,1525,1458,6386,8572,4296,8041,68,134,308,671,491,1353,657,2134,976,1719,661,615,2083,3198,3202,6099,37723,23341,3158,1021,14593,2,5
2021-03-15T23:59:59+01:00,497,615,999,1819,1381,3117,2184,5821,2939,5343,1403,1324,5808,7887,4257,7978,65,127,293,613,476,1234,619,2004,936,1606,633,595,2046,3159,3187,6039,36492,22943,2805,687,14075,2,0
2021-03-14T23:59:59+01:00,492,609,989,1807,1378,3100,2168,5803,2905,5316,1361,1274,5416,7441,4234,7960,64,122,289,590,470,1207,613,1948,926,1581,633,595,2046,3159,3186,6037,35678,22937,2800,527,13775,2,0
2021-03-13T23:59:59+01:00,471,591,952,1760,1325,3035,1913,5216,2666,4904,1256,1161,4764,6593,4183,7884,64,122,288,587,468,1205,611,1946,926,1577,631,590,1689,2679,2663,5284,34004,20801,2796,527,11874,2,0
2021-03-12T23:59:59+01:00,454,570,932,1719,1295,2953,1710,4430,2459,4457,1186,1079,4070,5793,4136,7801,64,120,287,583,468,1202,609,1939,922,1572,628,583,1370,2142,2127,4492,32331,18580,2793,527,9920,1,0
2021-03-11T23:59:59+01:00,450,563,924,1708,1280,2936,1685,4396,2423,4421,1112,1025,4027,5757,4133,7797,64,113,281,562,454,1150,600,1890,903,1536,616,570,1364,2125,2118,4442,32298,18332,2700,455,9639,1,0
2021-03-10T23:59:59+01:00,429,552,879,1650,1226,2859,1612,4299,2356,4328,1081,1003,4011,5742,4132,7795,64,113,279,558,451,1143,595,1868,903,1531,610,562,1304,2038,2074,4386,32283,18047,2136,431,9535,1,0
2021-03-09T23:59:59+01:00,407,536,831,1601,1185,2796,1571,4216,2313,4275,1060,992,4005,5735,4131,7794,62,112,278,557,450,1132,593,1856,897,1526,608,556,1100,1728,1959,4212,32237,17221,1688,404,9523,1,0
2021-03-08T23:59:59+01:00,400,525,821,1587,1176,2780,1563,4191,2302,4262,1047,982,3970,5688,4129,7789,61,112,274,552,446,1126,592,1852,893,1524,608,556,1031,1638,1914,4169,32112,16967,1592,380,9508,1,0
2021-03-07T23:59:59+01:00,399,522,821,1586,1174,2778,1559,4185,2292,4257,1041,974,3964,5682,4128,7788,58,109,265,531,434,1100,576,1752,858,1449,607,556,928,1509,1863,4100,32096,16607,1553,88,9501,0,0
2021-03-06T23:59:59+01:00,391,506,802,1553,1151,2720,1518,4118,2099,3761,1012,937,3791,5413,4031,7625,58,109,265,531,434,1099,576,1752,858,1449,607,556,925,1508,1860,4099,31388,16598,1553,88,8487,0,0
2021-03-05T23:59:59+01:00,376,466,769,1449,1101,2503,1443,3904,1886,3091,984,892,3045,4454,3827,7286,58,108,264,528,431,1093,575,1747,855,1446,604,554,886,1453,1838,4061,29092,16413,1552,88,6832,0,0
2021-03-04T23:59:59+01:00,361,458,762,1429,1088,2480,1424,3875,1863,3072,970,888,3041,4450,3824,7284,58,107,261,525,427,1077,565,1725,854,1438,602,552,849,1399,1815,4026,29079,16255,1513,25,6677,0,0
2021-03-03T23:59:59+01:00,350,425,743,1378,1058,2397,1374,3721,1785,2975,937,844,3031,4444,3824,7281,57,107,258,523,426,1073,563,1716,851,1434,602,551,829,1346,1730,3881,28767,15924,1513,23,6287,0,0
2021-03-02T23:59:59+01:00,344,416,727,1354,1010,2352,1306,3637,1669,2878,849,778,2989,4406,3818,7276,57,107,257,519,425,1066,563,1710,851,1430,601,551,829,1346,1730,3881,28128,15900,1450,23,6231,0,0
2021-03-01T23:59:59+01:00,340,402,720,1307,998,2294,1286,3555,1643,2829,831,769,2981,4397,3818,7276,57,106,256,515,420,1052,559,1697,842,1422,600,549,734,1193,1676,3801,28089,15456,1402,23,5955,0,0
2021-02-28T23:59:59+01:00,335,389,712,1268,985,2218,1274,3468,1621,2750,827,759,2979,4393,3817,7274,57,106,256,515,420,1051,559,1697,841,1422,600,548,638,1069,1630,3721,28078,15107,1399,23,5592,0,0
2021-02-27T23:59:59+01:00,326,369,698,1243,965,2181,1239,3400,1598,2697,810,744,2976,4393,3816,7274,57,106,256,515,420,1051,558,1697,840,1422,600,548,638,1068,1630,3721,28076,15104,1399,23,5254,0,0
2021-02-26T23:59:59+01:00,301,316,650,1178,901,2063,1149,3234,1494,2558,781,722,2546,3787,3398,6503,57,106,253,513,420,1049,556,1695,837,1416,596,545,631,1056,1621,3702,25806,15030,1399,23,4376,0,0
2021-02-25T23:59:59+01:00,295,303,637,1147,880,2021,1130,3168,1476,2514,778,719,2500,3714,3368,6460,55,104,249,504,420,1045,551,1685,834,1405,590,540,554,947,1577,3646,25588,14685,1399,21,4123,0,0
2021-02-24T23:59:59+01:00,276,293,586,1100,833,1954,1072,3073,1432,2456,761,700,2262,3414,3285,6330,54,100,245,497,414,1028,544,1664,831,1386,584,529,541,927,1566,3624,24607,14519,1399,15,3821,0,0
2021-02-23T23:59:59+01:00,263,273,558,1043,796,1877,1004,2924,1360,2354,710,650,2149,3278,3261,6240,54,99,243,491,414,1012,534,1632,824,1364,576,523,526,878,1555,3579,23815,14289,1394,15,3531,0,0
2021-02-22T23:59:59+01:00,259,267,546,980,777,1801,979,2830,1324,2294,687,630,2122,3243,3252,6182,54,98,237,485,412,999,525,1616,820,1339,562,511,508,852,1549,3525,23424,14077,1394,15,3355,0,0
2021-02-21T23:59:59+01:00,256,259,537,955,764,1764,971,2782,1294,2268,687,628,2120,3243,3251,6181,54,98,236,485,412,999,525,1616,820,1338,562,510,508,852,1549,3524,23418,14073,1394,15,3148,0,0
2021-02-20T23:59:59+01:00,172,228,466,906,696,1686,901,2693,1210,2169,672,613,1756,2730,2701,5387,54,98,236,485,412,999,525,1615,820,1338,562,510,508,852,1549,3524,21173,14072,1394,15,2419,0,0
2021-02-19T23:59:59+01:00,81,165,355,825,570,1553,768,2544,1076,2017,656,592,1453,2217,2162,4597,54,98,236,485,412,998,525,1615,820,1337,562,510,500,848,1548,3518,18986,14052,1394,14,1251,0,0
2021-02-18T23:59:59+01:00,78,160,343,776,550,1464,735,2404,1043,1950,641,582,1444,2199,2153,4547,51,91,232,463,398,933,510,1535,800,1263,548,496,494,830,1547,3500,18749,13677,1369,14,951,0,0
2021-02-17T23:59:59+01:00,77,152,330,753,541,1431,706,2311,1007,1852,635,572,1386,2111,2106,4498,51,88,230,454,390,895,499,1470,781,1181,535,484,492,828,1547,3500,18489,13411,1296,14,683,0,0
2021-02-16T23:59:59+01:00,72,146,315,714,513,1358,674,2203,982,1748,625,565,1143,1766,1988,4319,50,79,229,449,384,865,486,1405,755,1114,514,471,490,828,1544,3499,17582,13160,1058,2,491,0,0
2021-02-15T23:59:59+01:00,67,130,289,611,478,1217,618,1991,932,1589,616,563,1060,1661,1937,4257,50,79,227,444,380,859,485,1401,753,1107,514,471,489,825,1543,3496,17258,13123,720,0,38,0,0
2021-02-14T23:59:59+01:00,66,123,285,586,473,1188,607,1937,918,1567,616,563,963,1538,1891,4200,50,79,227,444,380,859,485,1399,753,1107,514,471,489,825,1543,3496,16932,13121,566,0,23,0,0
2021-02-13T23:59:59+01:00,66,122,285,585,472,1184,606,1935,917,1564,615,562,962,1533,1888,4198,50,79,227,443,378,855,484,1394,751,1106,512,469,472,787,1289,3037,16905,12333,566,0,23,0,0
2021-02-12T23:59:59+01:00,65,122,284,584,468,1180,606,1932,914,1563,612,561,923,1482,1868,4157,50,79,227,439,375,846,479,1386,745,1100,505,461,454,748,938,2339,16735,11171,566,0,20,0,0
2021-02-11T23:59:59+01:00,65,116,281,573,455,1153,600,1906,907,1551,611,560,881,1424,1846,4120,50,76,212,409,361,799,463,1313,730,1069,502,460,454,748,937,2338,16560,10921,483,0,6,0,0
2021-02-10T23:59:59+01:00,64,116,277,570,453,1149,596,1890,902,1547,611,560,873,1408,1825,4076,49,66,178,332,307,697,413,1142,651,976,467,449,449,748,937,2337,16459,10198,456,0,2,0,0
2021-02-09T23:59:59+01:00,62,115,271,567,450,1136,595,1876,896,1541,610,559,861,1373,1760,3973,41,54,125,255,231,546,332,940,549,822,432,438,445,747,935,2337,16216,9229,428,0,1,0,0
2021-02-08T23:59:59+01:00,61,115,268,558,447,1129,594,1861,890,1533,609,557,760,1222,1705,3891,37,44,86,165,168,408,267,702,489,687,424,431,441,744,934,2337,15796,8364,403,0,1,0,0
2021-02-07T23:59:59+01:00,58,112,259,536,431,1098,578,1758,855,1454,608,556,658,1095,1658,3808,36,43,82,163,165,401,262,689,484,676,422,431,441,744,934,2336,15427,8309,95,0,0,0,0
2021-02-06T23:59:59+01:00,58,112,258,536,431,1098,576,1757,853,1451,605,554,655,1086,1652,3801,33,42,81,160,162,391,258,681,473,668,414,430,406,696,701,1953,15388,7549,95,0,0,0,0
2021-02-05T23:59:59+01:00,58,112,256,533,431,1096,575,1756,851,1449,604,554,645,1079,1646,3790,31,40,77,154,157,383,250,662,456,658,408,430,400,671,308,1331,15340,6416,95,0,0,0,0
2021-02-04T23:59:59+01:00,56,110,251,526,425,1080,559,1729,847,1435,597,545,562,963,1598,3731,30,37,73,149,151,372,236,641,439,644,403,424,395,664,306,1325,14987,6289,27,0,0,0,0
2021-02-03T23:59:59+01:00,55,105,247,519,424,1061,557,1715,845,1420,593,535,551,953,1595,3718,23,29,59,117,118,273,172,501,330,495,299,323,318,522,231,1058,14868,4868,25,0,0,0,0
2021-02-02T23:59:59+01:00,55,104,244,513,424,1043,545,1682,837,1396,580,526,540,906,1586,3673,16,22,40,76,82,180,120,337,215,357,210,217,202,327,166,700,14629,3267,25,0,0,0,0
2021-02-01T23:59:59+01:00,55,102,240,505,422,1027,537,1661,833,1373,572,520,523,877,1578,3626,6,11,20,40,44,92,64,168,93,160,99,100,85,153,72,310,14426,1517,25,0,0,0,0
2021-01-31T23:59:59+01:00,55,102,239,504,420,1023,535,1656,831,1370,572,519,523,877,1578,3625,6,11,18,36,39,78,60,142,80,145,95,99,84,152,70,309,14404,1424,25,0,0,0,0
2021-01-30T23:59:59+01:00,55,102,239,504,420,1023,535,1656,831,1370,572,519,523,877,1578,3625,6,11,18,36,39,78,60,142,80,145,95,98,84,152,70,309,14404,1423,25,0,0,0,0
2021-01-29T23:59:59+01:00,55,102,239,504,420,1023,535,1656,831,1370,572,519,523,877,1578,3625,6,11,18,36,39,78,60,142,80,145,95,98,84,152,70,309,14404,1423,25,0,0,0,0
2021-01-28T23:59:59+01:00,53,94,235,476,408,957,517,1570,808,1288,559,504,517,860,1576,3610,2,2,4,6,10,13,19,34,21,30,16,21,19,33,17,92,14013,339,19,0,0,0,0
2021-01-27T23:59:59+01:00,51,90,235,466,400,918,507,1504,788,1205,547,491,515,858,1576,3610,2,2,4,6,8,13,19,33,21,29,16,21,19,33,17,92,13744,335,17,0,0,0,0
2021-01-26T23:59:59+01:00,50,84,231,463,393,889,496,1436,763,1138,525,478,513,858,1576,3610,1,2,4,6,8,12,17,29,17,24,14,18,17,31,17,85,13487,302,16,0,0,0,0
2021-01-25T23:59:59+01:00,50,84,228,458,389,883,496,1433,762,1133,525,478,513,857,1576,3608,0,0,0,0,0,0,0,0,0,0,1,1,0,2,0,0,13458,4,15,0,0,0,0
2021-01-24T23:59:59+01:00,50,84,228,458,389,883,496,1432,762,1133,525,478,513,857,1576,3608,0,0,0,0,0,0,0,0,0,0,1,1,0,2,0,0,13457,4,15,0,0,0,0
2021-01-23T23:59:59+01:00,50,84,228,457,388,879,496,1426,761,1131,522,476,496,819,1324,3139,0,0,0,0,0,0,0,0,0,0,1,1,0,2,0,0,12661,4,15,0,0,0,0
2021-01-22T23:59:59+01:00,50,84,227,453,384,870,491,1416,756,1124,516,468,479,778,961,2418,0,0,0,0,0,0,0,0,0,0,1,1,0,2,0,0,11460,4,15,0,0,0,0
2021-01-21T23:59:59+01:00,50,81,209,420,357,814,464,1317,730,1090,512,468,479,778,960,2417,0,0,0,0,0,0,0,0,0,0,1,1,0,2,0,0,11131,4,15,0,0,0,0
2021-01-20T23:59:59+01:00,48,71,181,349,316,729,421,1163,660,999,476,457,474,778,960,2416,0,0,0,0,0,0,0,0,0,0,1,1,0,2,0,0,10483,4,15,0,0,0,0
2021-01-19T23:59:59+01:00,42,58,135,272,243,571,345,981,570,859,441,446,470,777,960,2416,0,0,0,0,0,0,0,0,0,0,1,0,0,2,0,0,9579,3,7,0,0,0,0
2021-01-18T23:59:59+01:00,38,45,86,173,174,421,278,718,499,702,432,439,467,772,958,2416,0,0,0,0,0,0,0,0,0,0,0,0,0,1,0,0,8618,1,0,0,0,0,0
2021-01-17T23:59:59+01:00,36,44,83,169,170,413,274,707,494,689,430,439,467,772,958,2415,0,0,0,0,0,0,0,0,0,0,0,0,0,0,0,0,8560,0,0,0,0,0,0
2021-01-16T23:59:59+01:00,33,43,81,167,166,404,267,700,479,681,422,438,429,725,718,2027,0,0,0,0,0,0,0,0,0,0,0,0,0,0,0,0,7780,0,0,0,0,0,0
2021-01-15T23:59:59+01:00,31,41,78,160,163,398,260,683,465,673,416,437,424,701,319,1395,0,0,0,0,0,0,0,0,0,0,0,0,0,0,0,0,6644,0,0,0,0,0,0
2021-01-14T23:59:59+01:00,31,39,77,156,158,393,252,674,454,665,413,435,424,700,319,1395,0,0,0,0,0,0,0,0,0,0,0,0,0,0,0,0,6585,0,0,0,0,0,0
2021-01-13T23:59:59+01:00,23,31,61,123,123,298,192,540,346,522,314,334,348,553,244,1120,0,0,0,0,0,0,0,0,0,0,0,0,0,0,0,0,5172,0,0,0,0,0,0
2021-01-12T23:59:59+01:00,16,24,45,85,88,210,139,390,236,387,224,228,227,356,177,760,0,0,0,0,0,0,0,0,0,0,0,0,0,0,0,0,3592,0,0,0,0,0,0
2021-01-11T23:59:59+01:00,8,15,26,44,58,134,88,220,124,205,112,109,99,173,82,338,0,0,0,0,0,0,0,0,0,0,0,0,0,0,0,0,1835,0,0,0,0,0,0
2021-01-10T23:59:59+01:00,7,15,22,41,51,106,80,179,105,172,106,105,95,171,79,338,0,0,0,0,0,0,0,0,0,0,0,0,0,0,0,0,1672,0,0,0,0,0,0
2021-01-09T23:59:59+01:00,7,15,22,41,51,106,80,179,105,172,106,104,95,171,79,338,0,0,0,0,0,0,0,0,0,0,0,0,0,0,0,0,1671,0,0,0,0,0,0
2021-01-08T23:59:59+01:00,7,14,21,40,49,100,75,168,99,169,103,100,90,162,77,329,0,0,0,0,0,0,0,0,0,0,0,0,0,0,0,0,1603,0,0,0,0,0,0
2021-01-07T23:59:59+01:00,2,3,4,7,10,14,20,34,23,34,17,21,20,34,19,96,0,0,0,0,0,0,0,0,0,0,0,0,0,0,0,0,358,0,0,0,0,0,0
2021-01-06T23:59:59+01:00,2,2,4,6,8,13,20,33,21,31,17,21,20,34,19,95,0,0,0,0,0,0,0,0,0,0,0,0,0,0,0,0,346,0,0,0,0,0,0
2021-01-05T23:59:59+01:00,2,2,4,6,8,13,20,33,21,31,17,21,20,34,19,95,0,0,0,0,0,0,0,0,0,0,0,0,0,0,0,0,346,0,0,0,0,0,0
2021-01-04T23:59:59+01:00,0,0,0,0,0,0,1,0,0,0,1,1,0,2,0,0,0,0,0,0,0,0,0,0,0,0,0,0,0,0,0,0,5,0,0,0,0,0,0
2021-01-03T23:59:59+01:00,0,0,0,0,0,0,1,0,0,0,1,1,0,2,0,0,0,0,0,0,0,0,0,0,0,0,0,0,0,0,0,0,5,0,0,0,0,0,0
2021-01-02T23:59:59+01:00,0,0,0,0,0,0,1,0,0,0,1,1,0,2,0,0,0,0,0,0,0,0,0,0,0,0,0,0,0,0,0,0,5,0,0,0,0,0,0
2021-01-01T23:59:59+01:00,0,0,0,0,0,0,1,0,0,0,1,1,0,2,0,0,0,0,0,0,0,0,0,0,0,0,0,0,0,0,0,0,5,0,0,0,0,0,0
2020-12-31T23:59:59+01:00,0,0,0,0,0,0,1,0,0,0,1,1,0,2,0,0,0,0,0,0,0,0,0,0,0,0,0,0,0,0,0,0,5,0,0,0,0,0,0
2020-12-30T23:59:59+01:00,0,0,0,0,0,0,1,0,0,0,1,1,0,2,0,0,0,0,0,0,0,0,0,0,0,0,0,0,0,0,0,0,5,0,0,0,0,0,0
2020-12-29T23:59:59+01:00,0,0,0,0,0,0,1,0,0,0,1,0,0,2,0,0,0,0,0,0,0,0,0,0,0,0,0,0,0,0,0,0,4,0,0,0,0,0,0
2020-12-28T23:59:59+01:00,0,0,0,0,0,0,0,0,0,0,1,0,0,1,0,0,0,0,0,0,0,0,0,0,0,0,0,0,0,0,0,0,2,0,0,0,0,0,0
2020-12-27T23:59:59+01:00,0,0,0,0,0,0,0,0,0,0,0,0,0,0,0,0,0,0,0,0,0,0,0,0,0,0,0,0,0,0,0,0,0,0,0,0,0,0,0
