Datum,<15_1_m,<15_1_w,15-24_1_m,15-24_1_w,25-34_1_m,25-34_1_w,35-44_1_m,35-44_1_w,45-54_1_m,45-54_1_w,55-64_1_m,55-64_1_w,65-74_1_m,65-74_1_w,75-84_1_m,75-84_1_w,>84_1_m,>84_1_w,<15_2_m,<15_2_w,15-24_2_m,15-24_2_w,25-34_2_m,25-34_2_w,35-44_2_m,35-44_2_w,45-54_2_m,45-54_2_w,55-64_2_m,55-64_2_w,65-74_2_m,65-74_2_w,75-84_2_m,75-84_2_w,>84_2_m,>84_2_w,bp_1,bp_2,mo_1,mo_2,az_1,az_2,ja,unb_1,unb_2
2021-12-07T23:59:59+01:00,4307,4029,19274,17818,21930,20313,24362,24361,30627,31368,36500,37205,26733,29768,18027,23085,5460,10390,2545,2331,16567,15496,19562,17968,22290,22088,28545,29203,34665,35241,25867,28745,17489,22344,5276,9944,286787,260818,33314,31609,46673,44967,18734,82,38
2021-12-06T23:59:59+01:00,4253,3981,19243,17779,21905,20271,24333,24330,30594,31335,36461,37157,26713,29748,18020,23064,5453,10380,2508,2293,16478,15419,19482,17883,22221,22022,28471,29137,34608,35189,25848,28725,17482,22324,5269,9934,286258,259972,33312,31593,46673,44962,18728,82,38
2021-12-05T23:59:59+01:00,4213,3929,19209,17756,21877,20242,24313,24302,30575,31312,36437,37134,26698,29727,18016,23045,5451,10373,2491,2261,16402,15359,19397,17807,22154,21967,28422,29075,34557,35150,25833,28711,17469,22311,5264,9921,285850,259236,33311,31589,46673,44962,18726,82,38
2021-12-04T23:59:59+01:00,4107,3828,19191,17735,21860,20228,24299,24291,30563,31292,36423,37123,26687,29723,18014,23040,5449,10371,2455,2246,16267,15266,19290,17725,22086,21915,28363,29012,34517,35105,25826,28701,17462,22301,5263,9919,285465,258404,33311,31589,46673,44962,18726,82,38
2021-12-03T23:59:59+01:00,3881,3613,19161,17695,21835,20194,24281,24269,30540,31264,36408,37095,26679,29714,18010,23030,5448,10371,2401,2202,16065,15112,19164,17600,21996,21808,28244,28917,34426,35036,25800,28678,17454,22285,5260,9915,284737,257089,33303,31548,46673,44962,18726,82,38
2021-12-02T23:59:59+01:00,3750,3487,19099,17634,21783,20139,24237,24208,30488,31213,36374,37038,26651,29697,17997,23009,5446,10360,2338,2134,15925,14960,19043,17493,21897,21686,28123,28798,34343,34949,25767,28631,17429,22267,5256,9908,283888,255747,33288,31489,46673,44962,18712,82,37
2021-12-01T23:59:59+01:00,3652,3394,19062,17594,21737,20076,24197,24174,30445,31181,36335,36999,26630,29665,17983,22986,5442,10351,2306,2105,15828,14857,18930,17394,21812,21607,28026,28721,34271,34886,25742,28598,17422,22246,5254,9898,283205,254753,33284,31461,46673,44960,18692,82,37
2021-11-30T23:59:59+01:00,3543,3298,19024,17552,21703,20034,24169,24117,30411,31138,36302,36951,26603,29635,17962,22968,5438,10339,2278,2073,15747,14760,18820,17298,21740,21534,27960,28658,34200,34829,25713,28563,17415,22230,5250,9888,282497,253846,33281,31426,46673,44960,18687,82,37
2021-11-29T23:59:59+01:00,3414,3184,18996,17527,21673,20001,24142,24091,30391,31110,36281,36925,26588,29606,17954,22953,5433,10335,2259,2042,15675,14697,18767,17244,21675,21486,27908,28610,34151,34794,25698,28541,17405,22218,5247,9882,281922,253224,33279,31398,46673,44960,18680,82,37
2021-11-28T23:59:59+01:00,3387,3146,18964,17507,21647,19971,24122,24067,30361,31086,36257,36903,26576,29591,17948,22944,5431,10327,2245,2025,15633,14664,18711,17201,21652,21457,27863,28586,34112,34768,25692,28527,17401,22209,5247,9879,281557,252805,33279,31398,46673,44956,18676,82,37
2021-11-27T23:59:59+01:00,3332,3102,18932,17477,21609,19935,24089,24041,30335,31069,36240,36881,26573,29581,17945,22940,5431,10326,2210,2001,15484,14529,18594,17091,21544,21395,27764,28527,34065,34719,25680,28518,17397,22205,5246,9879,281161,251781,33278,31398,46673,44956,18676,82,37
2021-11-26T23:59:59+01:00,3282,3064,18845,17419,21537,19874,24049,23980,30291,31040,36206,36844,26556,29558,17937,22927,5430,10319,2171,1968,15286,14353,18435,16989,21411,21293,27653,28426,33994,34650,25660,28498,17392,22198,5245,9876,280495,250457,33265,31373,46673,44956,18675,82,37
2021-11-25T23:59:59+01:00,3204,2997,18787,17358,21479,19806,24008,23934,30243,30983,36161,36785,26528,29527,17920,22908,5429,10308,2138,1942,15207,14287,18344,16907,21341,21226,27574,28364,33939,34587,25645,28481,17388,22182,5241,9871,279737,249686,33240,31320,46673,44956,18665,82,37
2021-11-24T23:59:59+01:00,3163,2952,18740,17307,21432,19754,23963,23884,30209,30938,36101,36734,26501,29489,17906,22883,5425,10299,2117,1925,15123,14214,18259,16835,21265,21157,27508,28303,33888,34541,25629,28455,17375,22163,5238,9865,279072,248938,33233,31277,46673,44956,18652,82,37
2021-11-23T23:59:59+01:00,3119,2910,18681,17274,21388,19691,23924,23846,30164,30893,36062,36698,26484,29460,17897,22856,5423,10290,2105,1913,15061,14150,18201,16776,21213,21115,27449,28256,33848,34494,25616,28435,17368,22146,5238,9856,278461,248357,33227,31241,46673,44956,18649,82,37
2021-11-22T23:59:59+01:00,3083,2874,18639,17232,21341,19643,23887,23804,30130,30854,36023,36651,26456,29424,17888,22845,5421,10279,2100,1902,15026,14121,18160,16746,21175,21089,27413,28228,33820,34467,25605,28425,17360,22136,5238,9851,277896,248010,33224,31230,46672,44953,18632,82,37
2021-11-21T23:59:59+01:00,3056,2858,18597,17197,21300,19609,23852,23780,30099,30828,35987,36619,26445,29403,17883,22835,5418,10274,2098,1900,15008,14117,18144,16728,21166,21078,27399,28208,33806,34455,25597,28416,17358,22127,5237,9848,277475,247853,33224,31230,46671,44950,18620,82,37
2021-11-20T23:59:59+01:00,3021,2825,18498,17123,21216,19524,23757,23709,30033,30787,35958,36582,26428,29381,17878,22830,5417,10271,2096,1892,14976,14094,18090,16703,21144,21056,27378,28183,33784,34441,25586,28409,17356,22122,5237,9847,276674,247559,33223,31229,46671,44949,18620,82,37
2021-11-19T23:59:59+01:00,2950,2775,18335,16972,21089,19403,23649,23596,29927,30688,35885,36504,26402,29350,17867,22811,5416,10264,2071,1862,14829,13996,17974,16607,21053,20980,27267,28107,33717,34386,25573,28392,17345,22114,5237,9845,275356,246565,33191,31189,46671,44949,18615,82,37
2021-11-18T23:59:59+01:00,2900,2728,18217,16881,20956,19289,23568,23511,29852,30608,35808,36425,26374,29310,17847,22787,5410,10260,2054,1843,14762,13942,17906,16558,20996,20932,27222,28051,33657,34343,25558,28370,17336,22096,5234,9840,274301,246015,33149,31139,46671,44949,18560,82,37
2021-11-17T23:59:59+01:00,2851,2676,18107,16781,20858,19176,23471,23404,29772,30529,35746,36348,26325,29261,17830,22757,5404,10251,2038,1829,14711,13897,17862,16505,20952,20896,27176,28012,33615,34311,25537,28344,17328,22076,5231,9823,273164,245505,33129,31116,46668,44949,18536,82,37
2021-11-16T23:59:59+01:00,2807,2649,17978,16680,20742,19059,23355,23309,29687,30457,35676,36282,26292,29216,17809,22722,5401,10246,2022,1818,14675,13852,17823,16463,20910,20864,27149,27962,33574,34269,25520,28336,17318,22064,5230,9814,272019,245064,33107,31090,46668,44949,18523,82,37
2021-11-15T23:59:59+01:00,2786,2618,17893,16607,20652,18982,23293,23242,29622,30380,35622,36229,26274,29190,17796,22713,5400,10238,2013,1810,14624,13831,17791,16442,20894,20831,27118,27922,33556,34243,25509,28316,17311,22052,5221,9787,271216,244704,33101,31076,46665,44949,18505,82,37
2021-11-14T23:59:59+01:00,2767,2587,17845,16581,20601,18934,23251,23200,29586,30340,35599,36189,26262,29175,17792,22704,5397,10233,2008,1805,14601,13815,17766,16425,20876,20817,27097,27892,33534,34228,25499,28310,17305,22049,5218,9783,270767,244504,33099,31076,46663,44948,18463,82,37
2021-11-13T23:59:59+01:00,2717,2534,17632,16437,20406,18796,23137,23093,29468,30253,35524,36117,26249,29160,17785,22693,5395,10231,2003,1798,14569,13800,17738,16399,20847,20794,27073,27876,33510,34205,25491,28302,17301,22044,5218,9783,269353,244228,33098,31076,46663,44948,18462,82,37
2021-11-12T23:59:59+01:00,2657,2467,17348,16201,20186,18601,22972,22950,29305,30101,35402,36015,26224,29131,17770,22666,5389,10226,1995,1779,14486,13737,17646,16325,20765,20751,26999,27810,33472,34160,25486,28286,17300,22034,5218,9780,267407,243556,33047,31045,46662,44947,18444,82,37
2021-11-11T23:59:59+01:00,2595,2411,17156,16039,20024,18465,22824,22802,29169,29985,35328,35920,26186,29091,17752,22649,5386,10216,1980,1758,14409,13678,17577,16261,20695,20686,26935,27754,33419,34120,25468,28260,17295,22022,5214,9777,265949,242986,32969,30972,46662,44946,18367,82,37
2021-11-10T23:59:59+01:00,2546,2375,17024,15919,19876,18349,22721,22698,29068,29900,35257,35846,26159,29058,17743,22630,5382,10204,1971,1745,14373,13624,17532,16221,20650,20633,26885,27699,33380,34083,25441,28231,17279,22013,5214,9774,264776,242492,32936,30942,46661,44946,18331,82,37
2021-11-09T23:59:59+01:00,2527,2345,16908,15805,19769,18247,22610,22597,28990,29828,35188,35782,26137,29031,17728,22615,5380,10197,1964,1731,14347,13588,17508,16197,20624,20607,26854,27666,33345,34054,25429,28216,17271,22004,5214,9768,263742,242183,32914,30905,46661,44946,18316,82,37
2021-11-08T23:59:59+01:00,2422,2225,16672,15617,19643,18136,22504,22506,28896,29748,35111,35722,26112,29012,17715,22600,5378,10192,1953,1725,14301,13541,17481,16161,20600,20571,26824,27635,33318,34021,25417,28198,17269,21996,5210,9766,262310,241841,32913,30882,46655,44945,18282,82,37
2021-11-07T23:59:59+01:00,2408,2209,16623,15580,19585,18086,22458,22467,28852,29720,35071,35691,26103,29004,17708,22594,5378,10190,1942,1719,14283,13514,17462,16134,20581,20551,26813,27616,33297,34005,25408,28188,17262,21989,5209,9763,261864,241624,32912,30882,46652,44945,18248,82,37
2021-11-06T23:59:59+01:00,2370,2168,16407,15395,19414,17945,22326,22368,28732,29631,35006,35636,26090,28992,17703,22590,5377,10189,1937,1717,14258,13497,17438,16116,20569,20537,26798,27604,33291,33991,25404,28184,17260,21987,5209,9762,260478,241447,32910,30882,46652,44945,18248,82,37
2021-11-05T23:59:59+01:00,2297,2099,16095,15110,19174,17718,22117,22188,28567,29480,34897,35554,26074,28972,17696,22579,5377,10187,1920,1705,14177,13418,17380,16064,20516,20491,26756,27569,33269,33972,25398,28175,17255,21976,5209,9759,258477,241034,32849,30841,46652,44945,18152,82,37
2021-11-04T23:59:59+01:00,2261,2068,15949,14968,19025,17584,22011,22073,28459,29371,34816,35505,26061,28948,17693,22570,5376,10186,1900,1685,14118,13356,17319,15997,20465,20424,26712,27511,33225,33931,25385,28157,17242,21964,5209,9750,257449,240606,32803,30792,46647,44941,17974,82,37
2021-11-03T23:59:59+01:00,2243,2044,15828,14866,18926,17507,21913,21990,28374,29308,34759,35475,26041,28926,17686,22559,5374,10183,1882,1671,14081,13316,17281,15950,20429,20393,26676,27470,33184,33901,25370,28137,17233,21947,5208,9741,256570,240176,32797,30778,46646,44941,17938,82,37
2021-11-02T23:59:59+01:00,2234,2031,15757,14795,18839,17436,21838,21933,28307,29266,34723,35441,26029,28910,17681,22557,5373,10180,1862,1659,14037,13274,17233,15921,20393,20358,26647,27445,33151,33868,25360,28122,17228,21937,5206,9735,255962,239792,32767,30763,46646,44940,17904,82,37
2021-11-01T23:59:59+01:00,2227,2018,15699,14753,18774,17403,21795,21903,28270,29245,34703,35424,26023,28909,17679,22554,5373,10179,1850,1652,14000,13251,17211,15894,20373,20344,26626,27427,33139,33861,25352,28118,17225,21928,5205,9733,255587,239576,32767,30755,46644,44939,17882,82,37
2021-10-31T23:59:59+01:00,2227,2018,15699,14753,18774,17403,21795,21903,28269,29245,34702,35424,26023,28909,17679,22554,5373,10179,1850,1652,14000,13251,17211,15893,20373,20344,26625,27427,33139,33861,25352,28118,17225,21928,5205,9733,255586,239575,32767,30755,46644,44939,17881,82,37
2021-10-30T23:59:59+02:00,2225,2015,15696,14753,18774,17403,21793,21902,28268,29245,34702,35423,26023,28908,17679,22554,5373,10179,1848,1651,13999,13251,17211,15893,20373,20344,26625,27427,33138,33861,25352,28118,17225,21928,5205,9733,255573,239570,32766,30755,46644,44939,17881,82,37
2021-10-29T23:59:59+02:00,2201,1984,15566,14650,18629,17292,21672,21816,28151,29174,34634,35383,26012,28900,17674,22552,5373,10177,1835,1638,13934,13216,17160,15846,20324,20322,26588,27402,33119,33841,25349,28114,17223,21924,5205,9730,254666,239315,32718,30718,46644,44939,17761,82,37
2021-10-28T23:59:59+02:00,2178,1955,15426,14551,18444,17175,21551,21728,28053,29101,34572,35335,25999,28888,17670,22545,5373,10175,1821,1622,13855,13144,17066,15780,20263,20266,26540,27359,33080,33815,25327,28095,17215,21914,5201,9726,253823,238920,32630,30624,46643,44936,17572,82,37
2021-10-27T23:59:59+02:00,2153,1942,15366,14491,18396,17125,21495,21700,28019,29070,34546,35316,25994,28872,17663,22542,5373,10174,1809,1608,13823,13111,17045,15759,20248,20248,26521,27324,33057,33795,25309,28074,17207,21898,5197,9724,253375,238623,32627,30620,46643,44936,17541,82,37
2021-10-26T23:59:59+02:00,2140,1918,15324,14460,18359,17089,21464,21683,28001,29050,34527,35306,25987,28868,17660,22540,5373,10174,1800,1601,13798,13073,17021,15731,20226,20227,26504,27306,33035,33782,25299,28056,17197,21879,5193,9707,253073,238316,32621,30611,46643,44936,17535,82,37
2021-10-25T23:59:59+02:00,2133,1913,15291,14442,18337,17072,21449,21674,27988,29044,34523,35301,25987,28866,17660,22540,5373,10174,1799,1601,13794,13069,17018,15729,20226,20224,26503,27305,33032,33780,25299,28056,17197,21878,5193,9707,252921,238295,32617,30607,46643,44936,17535,82,37
2021-10-24T23:59:59+02:00,2123,1907,15276,14435,18321,17062,21436,21666,27975,29031,34515,35294,25986,28861,17658,22540,5373,10174,1793,1595,13781,13050,17010,15716,20218,20215,26493,27299,33027,33772,25295,28051,17195,21877,5192,9706,252797,238179,32617,30607,46642,44936,17526,82,37
2021-10-23T23:59:59+02:00,2123,1907,15276,14435,18320,17062,21436,21665,27975,29031,34515,35294,25986,28861,17658,22540,5373,10174,1793,1595,13781,13050,17010,15716,20218,20215,26493,27299,33026,33772,25295,28051,17195,21877,5192,9706,252795,238178,32617,30607,46642,44936,17526,82,37
2021-10-22T23:59:59+02:00,2108,1890,15209,14389,18226,17003,21368,21615,27921,28984,34484,35278,25986,28857,17657,22537,5372,10173,1776,1574,13728,12986,16964,15681,20185,20191,26472,27281,33006,33755,25287,28049,17195,21874,5192,9705,252323,237857,32556,30586,46642,44936,17485,82,37
2021-10-21T23:59:59+02:00,2078,1858,15090,14304,18106,16912,21277,21555,27847,28921,34419,35239,25972,28837,17651,22527,5371,10169,1749,1557,13649,12905,16897,15631,20127,20146,26417,27235,32958,33720,25270,28030,17184,21851,5191,9700,251564,237383,32500,30486,46642,44936,17375,82,37
2021-10-20T23:59:59+02:00,2066,1847,15039,14271,18057,16875,21229,21515,27816,28895,34391,35221,25965,28824,17643,22516,5370,10164,1727,1544,13619,12871,16864,15595,20096,20115,26386,27205,32935,33687,25250,28018,17173,21841,5191,9695,251162,237004,32486,30474,46642,44936,17361,82,37
2021-10-19T23:59:59+02:00,2057,1840,15019,14241,18035,16854,21213,21500,27803,28879,34373,35209,25953,28815,17641,22513,5370,10164,1713,1526,13598,12833,16828,15558,20066,20091,26361,27181,32904,33665,25233,28001,17167,21827,5187,9689,250951,236635,32486,30473,46642,44936,17347,82,37
2021-10-18T23:59:59+02:00,2052,1833,14997,14223,18018,16834,21188,21475,27788,28867,34360,35195,25951,28809,17639,22510,5367,10163,1699,1514,13570,12803,16813,15530,20045,20066,26343,27156,32889,33646,25221,27992,17163,21819,5184,9687,250765,236374,32475,30461,46642,44934,17334,82,37
2021-10-17T23:59:59+02:00,2048,1831,14976,14213,18015,16828,21184,21469,27782,28858,34357,35190,25946,28806,17637,22510,5366,10159,1697,1508,13543,12782,16793,15514,20031,20049,26327,27144,32879,33635,25212,27984,17159,21816,5179,9678,250681,236179,32474,30460,46642,44929,17325,82,37
2021-10-16T23:59:59+02:00,2048,1830,14976,14210,18015,16828,21183,21469,27782,28858,34357,35190,25946,28806,17637,22510,5366,10159,1697,1508,13543,12782,16793,15514,20031,20049,26327,27144,32879,33635,25212,27984,17159,21816,5179,9678,250676,236179,32474,30460,46642,44929,17325,82,37
2021-10-15T23:59:59+02:00,2043,1815,14947,14176,17995,16805,21159,21455,27766,28847,34342,35184,25946,28803,17636,22506,5366,10157,1680,1486,13473,12727,16759,15481,19994,20023,26305,27119,32868,33619,25209,27981,17154,21813,5178,9677,250506,235857,32449,30425,46642,44929,17298,82,37
2021-10-14T23:59:59+02:00,2015,1798,14857,14107,17934,16751,21121,21422,27729,28816,34313,35162,25938,28795,17632,22498,5365,10151,1653,1457,13376,12631,16694,15418,19948,19953,26247,27067,32825,33584,25191,27959,17140,21794,5176,9674,250098,235328,32393,30275,46642,44929,17218,82,37
2021-10-13T23:59:59+02:00,2000,1789,14825,14064,17909,16723,21106,21403,27705,28800,34292,35149,25931,28785,17624,22490,5364,10148,1638,1445,13331,12591,16664,15383,19910,19907,26219,27041,32796,33543,25171,27938,17131,21769,5171,9668,249820,234878,32391,30271,46642,44929,17201,82,37
2021-10-12T23:59:59+02:00,1991,1784,14792,14033,17890,16697,21081,21381,27686,28779,34273,35132,25926,28779,17622,22482,5363,10146,1624,1437,13290,12544,16640,15338,19876,19872,26194,27014,32768,33520,25153,27914,17119,21748,5161,9637,249560,234421,32389,30269,46642,44929,17193,82,37
2021-10-11T23:59:59+02:00,1985,1776,14769,14020,17876,16680,21067,21369,27674,28768,34264,35118,25922,28772,17618,22477,5363,10142,1620,1426,13256,12512,16623,15311,19857,19846,26175,26987,32743,33491,25135,27893,17112,21736,5160,9627,249399,234097,32389,30269,46641,44929,17178,82,37
2021-10-10T23:59:59+02:00,1972,1763,14751,14002,17858,16665,21059,21355,27668,28763,34254,35111,25922,28768,17617,22474,5361,10142,1600,1416,13228,12486,16596,15282,19837,19826,26159,26968,32730,33476,25127,27883,17107,21733,5158,9624,249258,233841,32389,30269,46641,44925,17164,82,37
2021-10-09T23:59:59+02:00,1972,1763,14751,14002,17857,16664,21058,21354,27668,28763,34253,35110,25922,28766,17617,22474,5361,10142,1600,1416,13228,12486,16595,15282,19836,19826,26159,26967,32729,33474,25127,27881,17107,21733,5158,9624,249256,233840,32389,30268,46641,44925,17158,82,37
2021-10-08T23:59:59+02:00,1955,1748,14714,13980,17829,16639,21035,21339,27649,28748,34238,35095,25917,28765,17617,22472,5360,10140,1577,1377,13151,12398,16539,15230,19783,19786,26130,26933,32708,33453,25116,27870,17102,21728,5156,9623,249060,233332,32371,30251,46641,44925,17115,82,37
2021-10-07T23:59:59+02:00,1933,1728,14643,13907,17760,16587,20989,21278,27601,28720,34188,35065,25893,28743,17609,22460,5359,10136,1537,1344,13053,12324,16476,15158,19733,19737,26056,26880,32659,33410,25091,27848,17084,21709,5149,9607,248601,232812,32314,30091,46640,44924,16991,82,37
2021-10-06T23:59:59+02:00,1925,1710,14607,13872,17736,16559,20970,21254,27572,28689,34155,35044,25879,28730,17606,22455,5356,10133,1520,1331,13026,12284,16451,15130,19708,19711,26028,26853,32636,33380,25079,27835,17074,21697,5147,9601,248299,232495,32314,30091,46640,44924,16944,82,37
2021-10-05T23:59:59+02:00,1918,1698,14583,13835,17704,16543,20949,21232,27550,28662,34135,35017,25862,28714,17597,22444,5356,10130,1503,1316,12993,12252,16425,15112,19687,19687,26007,26826,32613,33362,25071,27826,17067,21690,5143,9596,248000,232203,32313,30091,46639,44923,16922,82,37
2021-10-04T23:59:59+02:00,1906,1693,14534,13797,17672,16514,20928,21211,27526,28638,34120,34998,25855,28697,17594,22439,5355,10127,1481,1300,12955,12215,16405,15082,19673,19663,25982,26798,32595,33334,25060,27816,17061,21683,5141,9592,247750,231915,32286,30088,46638,44922,16874,82,37
2021-10-03T23:59:59+02:00,1894,1687,14515,13768,17653,16496,20916,21201,27515,28626,34110,34989,25846,28692,17587,22431,5354,10125,1470,1290,12933,12197,16380,15064,19662,19651,25972,26785,32584,33321,25049,27805,17061,21675,5141,9592,247611,231763,32275,30084,46635,44921,16827,82,37
2021-10-02T23:59:59+02:00,1893,1687,14513,13767,17652,16495,20916,21200,27515,28626,34109,34989,25846,28691,17587,22431,5354,10125,1470,1290,12933,12196,16380,15064,19662,19651,25972,26785,32584,33321,25049,27805,17061,21675,5141,9592,247602,231762,32275,30084,46635,44921,16827,82,37
2021-10-01T23:59:59+02:00,1880,1668,14447,13703,17590,16443,20873,21158,27478,28606,34084,34970,25838,28687,17587,22425,5354,10122,1435,1253,12831,12094,16298,15007,19603,19602,25936,26750,32553,33293,25034,27790,17057,21667,5140,9590,247268,231191,32243,30074,46635,44921,16710,82,37
2021-09-30T23:59:59+02:00,1867,1648,14347,13617,17527,16385,20814,21107,27423,28548,34027,34944,25816,28670,17578,22415,5352,10119,1411,1229,12725,12019,16226,14957,19553,19549,25883,26692,32499,33265,25013,27768,17051,21655,5137,9589,246898,230878,32116,29893,46632,44912,16501,82,37
2021-09-29T23:59:59+02:00,1852,1628,14322,13592,17504,16343,20777,21077,27396,28515,34002,34921,25797,28654,17572,22405,5352,10118,1393,1216,12693,11986,16206,14929,19539,19530,25867,26674,32481,33242,24998,27755,17041,21642,5134,9585,246551,230598,32115,29893,46632,44911,16472,82,37
2021-09-28T23:59:59+02:00,1835,1619,14290,13560,17477,16308,20750,21041,27363,28492,33975,34897,25783,28634,17562,22395,5349,10112,1368,1210,12654,11955,16186,14902,19523,19504,25847,26663,32468,33221,24992,27744,17038,21636,5132,9584,246193,230341,32114,29893,46632,44910,16446,82,37
2021-09-27T23:59:59+02:00,1827,1614,14261,13533,17455,16285,20723,21018,27341,28472,33956,34875,25775,28621,17560,22387,5349,10109,1354,1199,12614,11920,16162,14880,19495,19486,25827,26640,32459,33201,24984,27731,17032,21628,5130,9583,245969,230102,32114,29893,46632,44904,16389,82,37
2021-09-26T23:59:59+02:00,1823,1609,14245,13513,17435,16268,20712,21003,27325,28457,33948,34862,25764,28616,17556,22386,5348,10108,1347,1195,12598,11900,16147,14863,19483,19474,25818,26629,32448,33190,24978,27729,17029,21624,5129,9582,245817,229972,32114,29892,46632,44904,16358,82,37
2021-09-25T23:59:59+02:00,1820,1607,14232,13496,17413,16256,20691,20992,27306,28441,33935,34854,25756,28611,17551,22383,5347,10106,1345,1193,12587,11885,16128,14852,19463,19462,25803,26612,32436,33182,24971,27724,17024,21621,5129,9580,245774,229945,32114,29892,46632,44904,16219,82,37
2021-09-24T23:59:59+02:00,1802,1583,14150,13416,17344,16207,20636,20942,27267,28397,33895,34823,25738,28600,17541,22373,5345,10102,1316,1174,12493,11781,16045,14783,19410,19401,25756,26576,32388,33152,24948,27703,17015,21609,5127,9576,245381,229430,32095,29887,46632,44904,15995,82,37
2021-09-23T23:59:59+02:00,1780,1563,14047,13317,17252,16121,20545,20865,27185,28337,33845,34763,25712,28577,17529,22354,5341,10095,1303,1165,12405,11706,15975,14716,19336,19351,25696,26519,32342,33116,24928,27684,17009,21598,5124,9570,244887,229097,31995,29849,46631,44903,15657,82,37
2021-09-22T23:59:59+02:00,1761,1550,14010,13269,17202,16078,20491,20817,27146,28290,33794,34712,25682,28550,17521,22332,5337,10091,1286,1156,12363,11660,15928,14682,19305,19322,25667,26491,32291,33081,24900,27659,17003,21584,5121,9561,244465,228773,31969,29840,46631,44901,15509,82,37
2021-09-21T23:59:59+02:00,1748,1535,13949,13215,17179,16028,20458,20777,27115,28249,33758,34691,25669,28532,17509,22308,5329,10063,1261,1133,12316,11600,15897,14654,19272,19283,25640,26463,32266,33054,24879,27641,17000,21575,5119,9550,243971,228391,31965,29790,46631,44899,15486,82,37
2021-09-20T23:59:59+02:00,1738,1528,13896,13177,17143,15987,20419,20744,27074,28211,33723,34656,25650,28505,17501,22291,5318,10036,1242,1129,12257,11566,15865,14631,19244,19256,25612,26439,32244,33030,24866,27628,16998,21567,5114,9536,243529,228085,31965,29790,46631,44899,15413,82,37
2021-09-19T23:59:59+02:00,1733,1519,13871,13151,17112,15965,20394,20725,27053,28182,33710,34642,25642,28496,17498,22288,5317,10034,1238,1118,12233,11545,15842,14611,19232,19237,25599,26427,32234,33019,24859,27623,16992,21561,5113,9536,243300,227917,31963,29789,46631,44897,15379,82,37
2021-09-18T23:59:59+02:00,1730,1515,13859,13139,17101,15958,20384,20718,27046,28178,33704,34638,25642,28496,17498,22287,5317,10034,1238,1116,12226,11537,15832,14606,19222,19234,25592,26423,32229,33017,24859,27623,16992,21561,5113,9536,243263,227897,31950,29784,46631,44897,15341,82,37
2021-09-17T23:59:59+02:00,1707,1481,13759,13025,16993,15882,20303,20647,26975,28118,33651,34594,25619,28473,17486,22276,5316,10031,1221,1099,12141,11460,15731,14529,19134,19162,25523,26354,32166,32974,24840,27603,16982,21543,5112,9532,242799,227456,31903,29772,46631,44897,14944,82,37
2021-09-16T23:59:59+02:00,1680,1443,13661,12915,16906,15785,20210,20556,26874,28032,33574,34528,25587,28440,17472,22252,5309,10010,1197,1073,12052,11381,15661,14464,19052,19082,25435,26273,32105,32919,24798,27565,16972,21530,5109,9521,242181,226987,31806,29713,46631,44895,14557,82,37
2021-09-15T23:59:59+02:00,1662,1434,13600,12862,16854,15723,20164,20504,26818,27981,33523,34473,25561,28408,17457,22223,5302,9987,1177,1057,11991,11320,15604,14411,19000,19030,25374,26223,32048,32864,24766,27532,16956,21511,5105,9510,241761,226548,31785,29697,46627,44893,14304,82,37
2021-09-14T23:59:59+02:00,1646,1423,13538,12794,16782,15671,20104,20457,26768,27925,33473,34422,25539,28388,17444,22212,5298,9982,1149,1035,11930,11258,15532,14351,18945,18986,25327,26170,31991,32812,24736,27508,16942,21495,5105,9505,241359,226156,31733,29603,46627,44893,14088,82,37
2021-09-13T23:59:59+02:00,1624,1407,13498,12757,16753,15644,20086,20432,26746,27900,33451,34398,25528,28380,17439,22201,5298,9979,1132,1020,11886,11225,15497,14329,18922,18956,25303,26142,31964,32790,24725,27497,16929,21486,5102,9504,241074,225847,31732,29601,46622,44891,14033,82,37
2021-09-12T23:59:59+02:00,1613,1404,13464,12734,16713,15628,20071,20421,26735,27881,33445,34386,25522,28373,17438,22197,5298,9976,1120,1014,11842,11205,15453,14310,18897,18935,25287,26129,31950,32776,24717,27488,16926,21482,5101,9501,240914,225631,31732,29601,46619,44890,13974,82,37
2021-09-11T23:59:59+02:00,1602,1403,13448,12722,16699,15619,20061,20418,26723,27875,33441,34382,25518,28372,17437,22196,5296,9976,1041,952,11775,11154,15437,14302,18889,18924,25274,26117,31942,32763,24715,27486,16925,21481,5101,9501,240849,225306,31711,29599,46619,44890,13947,82,37
2021-09-10T23:59:59+02:00,1563,1357,13300,12596,16627,15542,19953,20333,26641,27811,33379,34328,25478,28342,17421,22173,5290,9971,1014,927,11654,11051,15351,14219,18780,18840,25181,26060,31868,32706,24673,27456,16908,21461,5096,9496,240251,224749,31694,29588,46619,44890,13477,82,37
2021-09-09T23:59:59+02:00,1540,1336,13230,12531,16573,15492,19900,20294,26589,27744,33337,34288,25450,28324,17416,22160,5286,9964,994,903,11590,10978,15299,14168,18725,18809,25126,26019,31820,32672,24651,27441,16895,21451,5093,9485,239880,224373,31619,29548,46619,44890,13271,82,37
2021-09-08T23:59:59+02:00,1525,1319,13201,12507,16557,15468,19880,20281,26573,27732,33324,34277,25438,28316,17410,22154,5283,9961,982,887,11546,10934,15274,14150,18713,18792,25108,25995,31797,32661,24637,27426,16893,21445,5093,9483,239660,224095,31619,29548,46615,44889,13247,82,37
2021-09-07T23:59:59+02:00,1492,1301,13143,12460,16517,15436,19857,20252,26536,27711,33290,34247,25413,28298,17404,22139,5278,9955,964,878,11487,10869,15220,14097,18676,18759,25061,25950,31745,32634,24609,27403,16885,21428,5088,9481,239426,223787,31535,29433,46615,44889,13088,82,37
2021-09-06T23:59:59+02:00,1477,1293,13113,12425,16497,15413,19839,20232,26519,27696,33279,34238,25411,28286,17401,22134,5275,9955,951,868,11465,10837,15203,14066,18655,18744,25045,25930,31724,32619,24599,27391,16884,21420,5085,9481,239208,223560,31535,29422,46615,44888,13060,82,37
2021-09-05T23:59:59+02:00,1467,1285,13096,12405,16483,15396,19828,20225,26513,27687,33269,34226,25409,28283,17399,22130,5275,9955,944,863,11446,10821,15180,14050,18643,18734,25038,25924,31715,32599,24596,27380,16881,21415,5083,9480,239079,223409,31535,29422,46615,44887,13037,82,37
2021-09-04T23:59:59+02:00,1467,1285,13095,12404,16483,15396,19826,20225,26512,27687,33269,34226,25409,28283,17399,22129,5275,9955,943,863,11446,10819,15178,14050,18638,18734,25037,25922,31715,32597,24595,27380,16881,21415,5083,9480,239077,223398,31535,29421,46615,44887,13033,82,37
2021-09-03T23:59:59+02:00,1440,1269,12996,12308,16426,15341,19789,20186,26470,27660,33232,34209,25391,28272,17395,22118,5273,9954,899,829,11306,10692,15116,13976,18566,18688,24966,25873,31655,32561,24562,27352,16868,21399,5080,9476,238580,222588,31535,29418,46615,44887,12934,82,37
2021-09-02T23:59:59+02:00,1425,1262,12932,12266,16383,15307,19753,20158,26436,27626,33207,34188,25376,28260,17390,22113,5273,9950,894,823,11229,10653,15068,13941,18529,18667,24933,25851,31617,32531,24543,27331,16862,21394,5080,9474,238354,222326,31470,29375,46611,44877,12805,82,37
2021-09-01T23:59:59+02:00,1402,1247,12896,12228,16362,15287,19734,20143,26418,27606,33185,34162,25366,28249,17384,22103,5270,9946,878,801,11188,10618,15048,13913,18509,18647,24912,25829,31591,32498,24528,27317,16854,21388,5078,9472,238054,221996,31470,29372,46610,44875,12789,82,37
2021-08-31T23:59:59+02:00,1370,1226,12841,12168,16316,15251,19700,20098,26372,27557,33145,34127,25350,28228,17378,22090,5266,9942,856,776,11116,10549,15000,13852,18456,18614,24862,25775,31534,32455,24497,27301,16845,21375,5075,9465,237744,221567,31407,29343,46610,44856,12600,81,37
2021-08-30T23:59:59+02:00,1346,1211,12795,12130,16289,15229,19680,20081,26348,27540,33124,34110,25339,28218,17378,22086,5264,9940,848,765,11037,10516,14972,13831,18434,18590,24834,25759,31508,32428,24486,27286,16839,21368,5072,9462,237485,221269,31407,29343,46610,44845,12541,81,37
2021-08-29T23:59:59+02:00,1340,1205,12781,12113,16278,15220,19671,20071,26345,27531,33117,34096,25334,28212,17376,22085,5264,9940,835,756,11019,10478,14961,13814,18418,18576,24821,25749,31499,32416,24477,27274,16837,21362,5072,9462,237380,221089,31407,29342,46610,44841,12517,81,37
2021-08-28T23:59:59+02:00,1333,1191,12749,12092,16264,15208,19660,20057,26338,27521,33108,34090,25332,28207,17375,22082,5264,9939,816,731,10943,10407,14926,13781,18371,18549,24785,25716,31456,32385,24460,27261,16828,21346,5072,9459,237218,220562,31407,29342,46610,44841,12510,81,37
2021-08-27T23:59:59+02:00,1314,1176,12686,12037,16218,15160,19602,20008,26284,27470,33065,34060,25314,28196,17371,22068,5264,9936,813,725,10906,10372,14885,13754,18355,18534,24750,25691,31428,32363,24447,27250,16825,21342,5072,9458,236795,220400,31407,29341,46610,44840,12352,81,37
2021-08-26T23:59:59+02:00,1294,1160,12618,11981,16172,15117,19558,19968,26230,27412,33014,34015,25284,28167,17364,22058,5261,9932,803,710,10839,10322,14837,13710,18308,18505,24705,25654,31382,32324,24425,27233,16818,21333,5072,9454,236425,220083,31348,29326,46610,44833,12155,81,37
2021-08-25T23:59:59+02:00,1277,1145,12595,11939,16151,15090,19536,19952,26203,27394,32979,33986,25265,28148,17357,22051,5260,9929,789,697,10790,10280,14807,13681,18274,18474,24682,25635,31349,32286,24412,27216,16811,21323,5070,9451,236108,219707,31348,29326,46604,44829,12128,81,37
2021-08-24T23:59:59+02:00,1250,1127,12536,11866,16094,15046,19491,19911,26156,27349,32934,33953,25245,28124,17345,22039,5259,9924,767,677,10712,10206,14763,13641,18228,18438,24632,25584,31307,32249,24388,27189,16796,21307,5069,9450,235797,219294,31221,29286,46604,44829,11957,81,37
2021-08-23T23:59:59+02:00,1237,1114,12497,11830,16068,15027,19468,19876,26136,27313,32903,33930,25231,28112,17341,22030,5259,9921,744,661,10656,10152,14733,13600,18190,18404,24605,25554,31272,32215,24375,27169,16789,21304,5067,9449,235494,218885,31220,29286,46603,44826,11905,81,37
2021-08-22T23:59:59+02:00,1229,1107,12482,11809,16053,15011,19461,19857,26124,27302,32892,33914,25219,28106,17339,22028,5256,9921,729,652,10627,10123,14712,13583,18169,18393,24591,25535,31257,32202,24366,27158,16787,21299,5066,9448,235330,218663,31220,29286,46603,44825,11886,81,37
2021-08-21T23:59:59+02:00,1141,1035,12407,11751,16041,14999,19450,19845,26114,27290,32882,33898,25214,28102,17336,22025,5256,9921,718,646,10603,10093,14694,13579,18160,18379,24582,25529,31250,32196,24363,27158,16786,21299,5066,9448,234955,218539,31214,29284,46603,44825,11864,81,37
2021-08-20T23:59:59+02:00,1121,1019,12346,11682,15982,14944,19387,19806,26060,27257,32832,33871,25199,28091,17327,22020,5255,9919,714,640,10548,10056,14653,13544,18120,18353,24546,25510,31220,32179,24354,27151,16780,21296,5066,9447,234454,218255,31214,29284,46603,44825,11776,81,37
2021-08-19T23:59:59+02:00,1095,995,12276,11626,15921,14911,19337,19755,25999,27208,32788,33836,25168,28068,17315,22009,5252,9917,705,628,10451,9978,14584,13505,18064,18315,24478,25469,31153,32135,24313,27132,16771,21279,5065,9444,234161,217822,31122,29275,46602,44815,11520,81,37
2021-08-18T23:59:59+02:00,1083,979,12236,11590,15893,14881,19309,19725,25969,27177,32751,33810,25149,28056,17310,22000,5250,9916,691,617,10396,9910,14537,13482,18014,18286,24431,25431,31094,32096,24291,27114,16765,21266,5061,9438,233843,217364,31121,29267,46600,44804,11449,81,36
2021-08-17T23:59:59+02:00,1056,954,12185,11549,15865,14838,19277,19693,25941,27154,32715,33772,25131,28036,17300,21983,5249,9910,676,593,10302,9828,14483,13434,17959,18231,24381,25389,31034,32053,24262,27090,16754,21246,5058,9431,233541,216764,30996,29207,46600,44800,11399,81,34
2021-08-16T23:59:59+02:00,1044,947,12153,11522,15847,14822,19258,19674,25918,27130,32696,33750,25112,28021,17292,21968,5246,9908,660,580,10246,9760,14458,13391,17934,18193,24337,25354,30997,32022,24236,27056,16739,21232,5058,9428,233312,216317,30995,29207,46600,44794,11329,81,34
2021-08-15T23:59:59+02:00,1036,947,12128,11506,15833,14805,19244,19659,25907,27120,32675,33735,25106,28012,17288,21957,5245,9908,653,572,10198,9725,14419,13368,17911,18169,24311,25340,30977,31996,24219,27048,16734,21224,5057,9426,233152,216023,30994,29207,46599,44789,11294,81,34
2021-08-14T23:59:59+02:00,1035,947,12127,11503,15833,14804,19241,19657,25906,27120,32675,33734,25106,28012,17288,21957,5245,9908,597,511,10032,9505,14314,13277,17836,18123,24262,25308,30937,31963,24204,27035,16731,21221,5055,9425,233144,215019,30994,29206,46599,44788,11289,81,34
2021-08-13T23:59:59+02:00,990,907,11977,11378,15780,14743,19176,19602,25835,27070,32622,33699,25081,27984,17277,21947,5244,9904,589,506,9977,9451,14274,13248,17796,18097,24230,25289,30913,31941,24193,27021,16725,21212,5055,9421,232316,214676,30993,29206,46599,44785,11237,80,34
2021-08-12T23:59:59+02:00,976,885,11920,11317,15731,14703,19139,19576,25789,27046,32576,33670,25056,27968,17268,21941,5244,9901,580,497,9885,9383,14201,13206,17734,18047,24163,25253,30859,31892,24165,26996,16709,21194,5053,9421,232084,214251,30968,29200,46599,44770,10983,80,34
2021-08-11T23:59:59+02:00,962,874,11887,11282,15712,14680,19107,19558,25767,27027,32551,33641,25037,27946,17264,21933,5243,9899,536,464,9811,9321,14147,13165,17686,18002,24122,25231,30819,31844,24135,26963,16694,21181,5052,9415,231791,213676,30968,29195,46598,44742,10941,80,34
2021-08-10T23:59:59+02:00,943,864,11799,11228,15659,14649,19062,19521,25713,26992,32494,33587,25020,27931,17257,21920,5242,9896,523,457,9715,9233,14095,13130,17653,17968,24075,25192,30766,31797,24102,26929,16687,21161,5048,9410,231409,213152,30833,29160,46596,44728,10867,80,34
2021-08-09T23:59:59+02:00,940,847,11771,11193,15643,14633,19040,19507,25681,26971,32465,33557,25012,27922,17251,21912,5242,9893,511,441,9659,9173,14052,13080,17616,17927,24044,25146,30731,31758,24088,26912,16682,21148,5046,9404,231169,212694,30833,29157,46595,44722,10811,80,34
2021-08-08T23:59:59+02:00,929,840,11734,11170,15619,14618,19020,19486,25656,26950,32442,33540,25004,27906,17244,21907,5241,9893,489,432,9581,9117,14003,13052,17589,17897,24011,25111,30699,31726,24075,26893,16674,21134,5045,9401,230971,212291,30833,29156,46595,44721,10727,80,34
2021-08-07T23:59:59+02:00,909,813,11637,11092,15575,14577,18979,19452,25617,26920,32396,33508,24987,27894,17235,21889,5240,9890,420,359,8958,8527,13557,12695,17377,17711,23860,25000,30546,31649,24017,26842,16653,21107,5040,9398,230382,209080,30833,29154,46595,44721,10727,80,34
2021-08-06T23:59:59+02:00,900,810,11607,11067,15561,14563,18968,19445,25602,26904,32387,33501,24983,27890,17230,21887,5240,9889,378,310,8370,7908,13045,12299,17147,17506,23715,24889,30451,31570,23986,26795,16641,21093,5037,9391,230332,205913,30711,29141,46595,44720,10723,80,34
2021-08-05T23:59:59+02:00,897,803,11567,11036,15518,14534,18929,19413,25555,26869,32339,33454,24942,27868,17228,21876,5240,9883,370,304,8316,7844,12996,12244,17098,17465,23650,24849,30375,31516,23939,26753,16627,21075,5035,9382,230105,205489,30710,29136,46593,44711,10468,80,34
2021-08-04T23:59:59+02:00,879,787,11537,11006,15499,14502,18895,19387,25529,26840,32293,33416,24927,27855,17223,21870,5238,9875,348,294,8226,7756,12940,12198,17044,17419,23594,24805,30315,31446,23902,26715,16617,21062,5033,9376,229837,204898,30707,29134,46591,44676,10348,80,34
2021-08-03T23:59:59+02:00,863,770,11490,10967,15475,14480,18862,19366,25503,26811,32258,33381,24907,27836,17213,21865,5234,9874,323,283,8144,7668,12870,12145,16975,17367,23534,24767,30272,31396,23866,26681,16602,21051,5030,9372,229499,204234,30705,29124,46590,44668,10286,80,34
2021-08-02T23:59:59+02:00,854,767,11454,10936,15452,14449,18835,19346,25474,26786,32226,33353,24893,27816,17205,21856,5233,9872,313,276,8047,7576,12792,12084,16916,17300,23477,24695,30221,31338,23847,26658,16581,21041,5028,9367,229218,203520,30704,29123,46589,44660,10220,80,34
2021-08-01T23:59:59+02:00,846,760,11428,10908,15439,14435,18819,19334,25453,26773,32209,33338,24889,27807,17204,21853,5231,9871,300,259,7980,7508,12730,12037,16870,17252,23440,24663,30194,31313,23831,26639,16577,21035,5026,9366,229068,203060,30700,29122,46589,44640,10164,80,34
2021-07-31T23:59:59+02:00,843,759,11425,10902,15437,14432,18815,19330,25452,26772,32206,33337,24889,27806,17204,21853,5231,9871,278,238,7826,7323,11959,11369,16315,16813,23343,24584,30129,31242,23801,26603,16565,21016,5025,9364,229038,199837,30699,29122,46589,44638,10162,80,34
2021-07-30T23:59:59+02:00,842,758,11412,10893,15434,14429,18807,19323,25445,26767,32196,33332,24888,27804,17204,21850,5231,9871,231,198,7545,7084,11416,10923,15836,16381,23204,24478,30020,31130,23764,26558,16548,20994,5025,9360,228969,196760,30698,29121,46587,44624,10156,80,34
2021-07-29T23:59:59+02:00,830,749,11373,10846,15395,14408,18767,19297,25408,26733,32143,33303,24870,27784,17193,21832,5231,9868,141,134,7173,6777,10750,10406,15320,15964,23027,24331,29873,31019,23709,26506,16519,20969,5021,9357,228650,193291,30696,29111,46587,44539,10021,80,34
2021-07-28T23:59:59+02:00,811,735,11326,10793,15372,14379,18736,19269,25382,26705,32116,33278,24854,27766,17188,21820,5230,9864,122,106,7008,6627,10603,10281,15207,15827,22934,24234,29771,30920,23666,26448,16500,20940,5020,9347,228321,192042,30696,29109,46582,44427,9949,80,34
2021-07-27T23:59:59+02:00,802,726,11281,10753,15329,14340,18695,19243,25353,26679,32081,33257,24838,27741,17182,21809,5228,9856,102,93,6787,6411,10443,10166,15062,15694,22829,24124,29663,30808,23614,26383,16485,20913,5017,9334,228000,190881,30696,28782,46581,44391,9840,80,34
2021-07-26T23:59:59+02:00,792,713,11231,10705,15302,14319,18677,19215,25325,26648,32048,33231,24823,27719,17170,21797,5227,9853,94,84,6671,6336,10348,10092,14994,15614,22746,24063,29598,30734,23581,26339,16473,20896,5013,9328,227698,190096,30694,28778,46580,44350,9746,80,34
2021-07-25T23:59:59+02:00,780,703,11201,10677,15281,14294,18657,19191,25298,26623,32027,33213,24807,27708,17166,21788,5226,9851,79,79,6594,6255,10280,10029,14920,15554,22692,24009,29542,30697,23550,26318,16461,20882,5013,9324,227499,189508,30694,28774,46579,44320,9642,80,34
2021-07-24T23:59:59+02:00,756,681,11124,10592,15243,14264,18633,19170,25278,26607,32015,33200,24807,27704,17163,21786,5226,9851,78,78,6191,5910,10131,9915,14544,15271,22468,23851,29423,30613,23514,26280,16444,20864,5010,9320,227115,187147,30693,28770,46579,44318,9636,80,34
2021-07-23T23:59:59+02:00,730,659,11056,10506,15214,14230,18605,19156,25257,26585,32000,33182,24796,27699,17161,21786,5226,9848,75,74,5822,5604,10010,9805,14197,15006,22272,23674,29302,30495,23462,26212,16433,20843,5006,9313,226728,184876,30692,28770,46579,44306,9620,80,33
2021-07-22T23:59:59+02:00,689,619,10901,10340,15116,14141,18518,19107,25177,26531,31928,33118,24760,27658,17147,21768,5222,9843,63,63,5505,5307,9742,9590,13613,14528,21950,23414,29071,30266,23362,26115,16391,20805,5002,9310,225772,181553,30691,28759,46578,44287,9465,80,33
2021-07-21T23:59:59+02:00,669,594,10836,10285,15079,14114,18478,19069,25137,26502,31888,33068,24735,27623,17131,21756,5219,9838,53,57,4896,4845,9299,9334,13228,14298,21715,23258,28884,30117,23297,26038,16365,20782,5000,9307,225341,179778,30680,27496,46576,44119,9347,80,33
2021-07-20T23:59:59+02:00,651,577,10778,10230,15052,14077,18442,19043,25106,26470,31853,33034,24715,27602,17126,21741,5216,9831,48,47,4755,4733,9149,9202,13060,14164,21602,23137,28754,29991,23218,25934,16342,20741,4993,9301,224958,178431,30680,27483,46574,43970,9254,80,33
2021-07-19T23:59:59+02:00,638,564,10739,10199,15021,14053,18418,19034,25077,26444,31820,33005,24697,27579,17120,21730,5214,9828,42,44,4674,4665,9050,9124,12942,14067,21504,23029,28655,29871,23162,25877,16316,20712,4988,9295,224708,177489,30680,27474,46565,43872,9149,80,33
2021-07-18T23:59:59+02:00,623,554,10685,10147,14985,14031,18393,19017,25057,26428,31797,32986,24687,27569,17115,21721,5213,9823,40,42,4567,4564,8913,9002,12816,13927,21417,22938,28582,29792,23133,25847,16307,20699,4985,9294,224432,176478,30680,27460,46565,43818,9076,80,33
2021-07-17T23:59:59+02:00,548,483,10394,9849,14868,13929,18301,18936,24951,26353,31689,32934,24653,27534,17102,21701,5211,9822,39,41,4521,4523,8859,8929,12581,13734,20991,22592,28450,29661,23096,25795,16298,20684,4984,9291,222863,174684,30679,27460,46563,43817,9075,80,33
2021-07-16T23:59:59+02:00,519,446,10259,9728,14808,13889,18249,18884,24915,26320,31669,32909,24644,27519,17099,21694,5211,9819,39,41,4474,4481,8783,8888,12211,13455,20446,22192,28315,29567,23046,25758,16289,20679,4982,9289,222196,172569,30679,27457,46562,43810,9066,80,33
2021-07-15T23:59:59+02:00,487,409,10121,9623,14740,13838,18194,18815,24860,26272,31619,32855,24619,27482,17081,21679,5204,9815,26,31,4260,4343,8455,8677,11696,13052,19339,21343,27897,29223,22875,25587,16224,20606,4972,9273,221461,167857,30677,27444,46561,43609,8936,80,33
2021-07-14T23:59:59+02:00,466,396,10090,9597,14702,13817,18162,18780,24821,26230,31568,32802,24589,27454,17070,21662,5203,9812,22,28,4136,4191,8197,8505,11464,12907,19161,21232,27749,29096,22808,25509,16190,20568,4967,9263,221084,166282,30677,27425,46560,43431,8822,80,33
2021-07-13T23:59:59+02:00,442,382,10040,9544,14672,13788,18135,18746,24786,26209,31532,32760,24573,27423,17059,21650,5202,9809,22,25,4041,4096,8023,8347,11265,12715,19026,21092,27593,28932,22711,25426,16155,20514,4963,9252,220672,164818,30677,27405,46559,43176,8766,80,33
2021-07-12T23:59:59+02:00,430,360,9993,9492,14644,13769,18104,18717,24749,26167,31500,32717,24549,27400,17044,21645,5199,9807,21,22,3936,3998,7851,8226,11105,12578,18910,20972,27472,28813,22636,25365,16128,20488,4962,9248,220296,163652,30676,27386,46558,42983,8677,80,33
2021-07-11T23:59:59+02:00,422,342,9962,9462,14623,13749,18086,18706,24727,26158,31479,32698,24537,27390,17042,21643,5199,9805,18,20,3866,3928,7734,8126,10956,12450,18784,20870,27371,28698,22592,25316,16107,20463,4960,9245,220096,162687,30673,27381,46557,42778,8625,80,33
2021-07-10T23:59:59+02:00,396,318,9849,9359,14568,13709,18035,18684,24702,26138,31460,32682,24529,27381,17038,21639,5197,9803,18,19,3831,3904,7675,8086,10921,12420,18755,20845,27342,28676,22584,25300,16103,20458,4960,9245,219567,162383,30671,27380,46554,42730,8616,80,33
2021-07-09T23:59:59+02:00,336,270,9591,9147,14466,13629,17956,18613,24615,26086,31411,32621,24506,27350,17024,21622,5197,9798,17,18,3764,3866,7537,7994,10703,12272,18530,20706,26925,28358,22399,25106,16048,20398,4957,9238,218343,160233,30671,27375,46553,42603,8592,80,33
2021-07-08T23:59:59+02:00,257,203,9396,9001,14363,13554,17861,18538,24556,26035,31328,32563,24478,27319,17011,21604,5194,9793,15,15,3605,3742,7225,7805,10351,12043,18182,20423,26619,28097,22222,24946,15980,20322,4950,9222,217238,157851,30667,27326,46540,42024,8530,80,33
2021-07-07T23:59:59+02:00,218,175,9309,8896,14324,13524,17825,18497,24502,25998,31286,32523,24453,27289,16998,21586,5194,9785,13,11,3428,3615,6907,7582,9413,11309,17592,19994,26216,27785,21984,24638,15901,20225,4936,9208,216600,155236,30664,25566,46538,41421,8501,80,33
2021-07-06T23:59:59+02:00,196,163,9230,8838,14273,13493,17789,18454,24460,25958,31225,32476,24417,27261,16983,21569,5192,9782,13,10,3312,3542,6701,7459,9142,11145,17345,19811,25939,27530,21827,24435,15820,20121,4923,9193,216029,153300,30650,25553,46535,40916,8466,80,33
2021-07-05T23:59:59+02:00,184,148,9143,8752,14231,13448,17754,18403,24422,25928,31180,32426,24393,27238,16974,21555,5191,9780,13,9,3259,3509,6573,7382,8992,11024,17196,19671,25767,27371,21684,24266,15771,20067,4912,9183,215471,152227,30650,25544,46533,40428,8417,80,33
2021-07-04T23:59:59+02:00,169,141,9092,8702,14198,13434,17727,18385,24396,25907,31158,32400,24378,27224,16968,21547,5190,9777,11,8,3211,3466,6507,7339,8903,10952,17112,19585,25636,27259,21559,24137,15729,20015,4910,9176,215194,151563,30649,25532,46518,40034,8353,80,33
2021-07-03T23:59:59+02:00,166,138,8585,8224,14039,13316,17626,18268,24300,25847,31094,32352,24357,27203,16956,21536,5188,9774,10,8,3152,3389,6387,7220,8729,10807,16893,19397,25247,26946,21443,23999,15699,19975,4906,9170,213391,149502,30648,25532,46518,39977,8333,80,33
2021-07-02T23:59:59+02:00,159,134,8019,7767,13897,13207,17534,18191,24231,25778,31034,32290,24319,27161,16950,21516,5186,9769,9,8,3041,3280,6116,7064,8469,10565,16522,19068,24768,26520,21215,23724,15630,19893,4900,9167,211570,146414,30648,25528,46515,39654,8330,80,33
2021-07-01T23:59:59+02:00,146,124,7891,7663,13813,13147,17465,18138,24165,25728,30982,32237,24291,27136,16940,21504,5185,9768,8,7,2854,3094,5766,6779,8028,10143,15932,18589,23996,25855,20726,23251,15503,19731,4888,9142,210786,141810,30643,25515,46508,38627,8307,80,33
2021-06-30T23:59:59+02:00,128,111,7745,7547,13747,13097,17410,18084,24112,25674,30922,32191,24260,27114,16926,21486,5185,9763,7,7,2757,3018,5608,6637,7801,9922,14973,17718,23380,25301,20366,22857,15370,19570,4874,9108,210219,140270,30467,23242,46504,37496,8233,80,33
2021-06-29T23:59:59+02:00,113,98,7678,7451,13698,13057,17373,18039,24059,25613,30871,32131,24240,27087,16915,21470,5182,9759,5,5,2699,2971,5479,6538,7647,9787,14803,17544,23134,25065,20105,22531,15269,19469,4862,9088,209590,139138,30463,23229,46501,36400,8201,80,33
2021-06-28T23:59:59+02:00,108,92,7614,7380,13629,12995,17326,17988,24017,25568,30814,32087,24223,27059,16908,21460,5180,9757,4,4,2668,2937,5411,6486,7556,9715,14706,17462,22981,24851,19902,22285,15213,19400,4858,9073,209045,138530,30461,23219,46493,35603,8127,80,33
2021-06-27T23:59:59+02:00,94,87,7566,7319,13597,12958,17297,17955,23998,25533,30786,32059,24211,27051,16901,21454,5180,9755,3,3,2646,2923,5362,6461,7483,9669,14609,17396,22884,24765,19776,22142,15182,19349,4854,9064,208691,138014,30460,23207,46487,35233,8084,80,33
2021-06-26T23:59:59+02:00,90,84,7065,6779,13205,12657,17183,17850,23932,25476,30750,32024,24202,27034,16897,21443,5179,9754,3,3,2547,2814,5172,6271,7283,9478,14062,16941,22222,24127,19628,22000,15136,19296,4852,9056,206513,134368,30458,23206,46487,35213,8084,63,20
2021-06-25T23:59:59+02:00,89,82,6585,6298,12750,12287,17022,17731,23842,25411,30669,31984,24179,27007,16892,21433,5177,9751,3,3,2446,2660,4999,6076,7022,9180,13529,16407,21668,23540,19432,21791,15077,19229,4848,9044,204115,130663,30458,23206,46487,34998,8067,63,20
2021-06-24T23:59:59+02:00,79,70,6362,6087,12527,12132,16916,17648,23769,25358,30611,31936,24144,26964,16886,21423,5175,9744,3,3,2241,2425,4629,5696,6522,8691,12805,15691,20515,22535,18969,21309,14971,19098,4836,9029,202840,124708,30456,23196,46480,34051,7993,63,20
2021-06-23T23:59:59+02:00,74,68,5794,5593,12364,12022,16797,17536,23694,25310,30547,31886,24111,26941,16879,21409,5171,9740,3,3,2205,2372,4564,5576,6428,8541,12570,15402,20270,22272,18670,20978,14874,18984,4825,9012,202330,123677,29131,23049,46470,32860,7943,63,20
2021-06-22T23:59:59+02:00,68,63,5654,5463,12263,11915,16709,17460,23634,25248,30478,31807,24082,26908,16869,21388,5167,9738,3,2,2153,2334,4470,5494,6302,8395,11696,14740,19857,21865,18335,20623,14764,18844,4815,8991,201384,122748,29124,21356,46451,31666,7893,63,20
2021-06-21T23:59:59+02:00,65,60,5521,5350,12186,11822,16643,17373,23577,25174,30429,31748,24057,26880,16856,21373,5167,9734,3,2,2120,2299,4410,5397,6215,8266,10915,14031,19403,21455,18107,20391,14702,18747,4806,8974,200557,121942,29118,19568,46446,30881,7832,63,20
2021-06-20T23:59:59+02:00,63,58,5403,5226,12021,11645,16576,17250,23528,25108,30387,31692,24041,26858,16850,21358,5162,9729,3,2,2102,2269,4368,5356,6145,8215,10812,13952,19292,21330,17950,20201,14636,18663,4802,8967,199554,121409,29114,19565,46440,30286,7785,63,20
2021-06-19T23:59:59+02:00,59,54,5385,5207,11251,10983,16096,16855,23466,25063,30343,31649,24023,26838,16842,21346,5162,9729,3,2,2029,2148,4164,5121,5858,7931,10483,13615,18233,20467,17775,20007,14603,18597,4797,8955,196952,117151,29114,19565,46439,30268,7784,63,20
2021-06-18T23:59:59+02:00,56,53,5349,5179,10610,10400,15486,16290,23373,24994,30273,31586,23995,26808,16831,21331,5161,9727,3,2,1959,2059,4022,4979,5580,7661,10101,13251,17078,19252,17573,19768,14554,18531,4794,8945,194113,112731,29106,19565,46439,30014,7782,63,20
2021-06-17T23:59:59+02:00,49,44,5235,5077,9929,9897,14999,15900,23273,24906,30190,31492,23955,26762,16817,21310,5160,9724,3,2,1832,1952,3767,4732,5193,7293,9559,12763,15889,18058,17112,19279,14413,18356,4781,8921,191516,107595,29103,19555,46436,29097,7644,21,14
2021-06-16T23:59:59+02:00,47,36,5103,4947,9734,9731,14852,15770,23178,24812,30091,31416,23911,26718,16802,21298,5159,9714,3,2,1789,1911,3660,4642,5087,7172,8524,11910,15615,17761,16818,18942,14279,18183,4775,8887,190339,106687,29091,17673,46434,28151,7435,21,14
2021-06-15T23:59:59+02:00,41,29,4922,4764,9552,9577,14714,15625,23086,24721,30015,31330,23868,26644,16775,21265,5151,9699,3,2,1730,1854,3577,4546,4993,7053,8408,11765,15433,17530,16499,18631,14137,18014,4752,8828,189019,105911,29088,17668,46415,26926,7236,21,14
2021-06-14T23:59:59+02:00,39,26,4845,4702,9461,9468,14636,15535,23014,24649,29944,31267,23836,26605,16760,21247,5148,9693,3,2,1710,1831,3542,4519,4951,7019,8307,11701,15297,17396,16318,18426,14044,17916,4747,8820,188272,105681,29082,17665,46409,26097,7092,21,14
2021-06-13T23:59:59+02:00,38,25,4789,4654,9379,9395,14550,15468,22952,24598,29877,31214,23810,26577,16751,21237,5148,9691,3,2,1664,1818,3498,4496,4894,6975,8234,11663,15197,17300,16161,18242,13990,17842,4740,8813,187695,105397,29075,17663,46393,25488,6970,21,14
2021-06-12T23:59:59+02:00,36,23,4770,4639,9351,9371,14311,15290,22822,24467,29832,31169,23790,26560,16742,21229,5147,9689,3,2,1541,1693,3262,4286,4486,6674,7686,11232,13418,15608,15807,17869,13909,17740,4738,8798,186783,98683,29075,17662,46393,25425,6968,20,14
2021-06-11T23:59:59+02:00,32,22,4717,4589,9270,9319,13990,15065,22625,24319,29735,31078,23753,26515,16724,21217,5146,9686,3,2,1441,1560,3071,4071,4188,6307,7175,10687,11767,13713,15322,17288,13795,17592,4723,8784,185425,91732,29070,17661,46391,25185,6897,20,14
2021-06-10T23:59:59+02:00,26,19,4434,4367,8721,8991,12713,14040,22055,23865,29361,30773,23618,26356,16673,21149,5133,9671,3,2,1321,1474,2836,3889,3861,6024,6738,10296,10345,12381,14809,16713,13624,17384,4707,8757,180080,87183,29054,17658,46386,23881,6428,18,14
2021-06-09T23:59:59+02:00,23,15,4202,4207,8127,8700,11813,13379,21733,23654,29131,30621,23554,26293,16653,21124,5130,9667,3,2,1237,1420,2681,3816,3720,5943,6529,10203,10077,12201,14483,16360,13452,17204,4700,8736,177968,86840,27785,17553,46380,22484,5876,18,14
2021-06-08T23:59:59+02:00,19,12,4074,4107,7728,8472,11327,13089,21507,23473,28931,30465,23496,26220,16621,21083,5124,9658,3,2,1161,1393,2543,3757,3560,5872,5633,9451,9604,11835,14146,15951,13225,16963,4686,8714,176219,86475,27413,15396,46355,21212,5402,18,14
2021-06-07T23:59:59+02:00,14,10,3953,4031,7489,8365,11036,12910,21300,23360,28776,30346,23438,26166,16603,21059,5120,9650,3,2,1112,1278,2422,3693,3430,5809,5467,9376,9393,11706,13915,15690,13068,16796,4679,8695,174979,86283,27402,15391,46347,19964,4882,17,14
2021-06-06T23:59:59+02:00,12,10,3836,3973,7249,8246,10786,12746,21113,23272,28689,30255,23407,26132,16591,21041,5117,9645,3,2,1092,1260,2357,3658,3333,5754,5360,9301,9272,11605,13759,15534,12995,16702,4676,8688,173828,86085,27383,15385,46336,19310,4557,17,14
2021-06-05T23:59:59+02:00,12,10,3807,3936,7209,8206,10609,12595,20485,22761,28527,30111,23357,26087,16577,21022,5117,9641,3,1,1060,1161,2188,3205,3100,5213,5191,8969,8492,10647,13105,14692,12884,16555,4665,8678,171789,80689,27383,15385,46335,19174,4547,16,14
2021-06-04T23:59:59+02:00,12,10,3777,3908,7170,8179,10511,12503,20120,22430,28423,30015,23322,26049,16563,21013,5115,9640,3,1,1029,1094,2089,2892,2941,4735,5035,8596,7975,9987,11602,12973,12756,16358,4658,8660,170501,74297,27369,15384,46335,19149,4540,16,14
2021-06-03T23:59:59+02:00,7,6,3642,3806,6951,8038,9955,12079,18900,21498,28024,29703,23190,25909,16510,20951,5111,9626,3,1,980,1047,1999,2780,2802,4577,4830,8287,7608,9536,11221,12570,12645,16243,4655,8647,165748,72499,27358,15381,46330,18082,4455,16,14
2021-06-02T23:59:59+02:00,7,6,3633,3798,6938,8021,9943,12068,18711,21317,27952,29654,23166,25888,16504,20942,5108,9624,3,1,974,1039,1987,2751,2779,4558,4617,8102,7071,9047,11184,12528,12630,16228,4651,8641,165676,72389,26813,13885,46330,18057,4446,16,14
2021-06-01T23:59:59+02:00,6,5,3507,3722,6697,7872,9661,11874,18254,20973,27714,29458,23073,25786,16463,20889,5105,9612,3,1,937,991,1901,2681,2699,4483,4337,7868,6473,8511,10970,12314,12532,16128,4646,8629,163983,71939,26036,12592,46314,17236,4323,16,14
2021-05-31T23:59:59+02:00,6,5,3461,3677,6607,7804,9526,11773,18128,20883,27622,29381,23006,25724,16446,20860,5100,9605,3,1,906,963,1831,2638,2619,4440,4229,7804,6351,8432,10782,12143,12431,16012,4636,8621,163136,71568,26008,12585,46301,16522,4154,16,13
2021-05-30T23:59:59+02:00,6,4,3430,3652,6542,7748,9433,11679,18038,20804,27546,29309,22961,25679,16424,20832,5094,9595,3,1,899,955,1820,2629,2603,4426,4199,7779,6298,8389,10721,12063,12397,15968,4631,8612,162425,71523,26002,12582,46284,16225,4050,16,13
2021-05-29T23:59:59+02:00,6,4,3418,3635,6507,7720,9390,11640,18000,20764,27398,29204,22905,25605,16409,20812,5091,9591,2,1,863,936,1763,2583,2530,4342,4008,7523,6023,8090,8505,9394,12203,15626,4616,8581,161762,65247,26002,12580,46271,15700,4049,16,13
2021-05-28T23:59:59+02:00,6,4,3355,3581,6376,7643,9249,11508,17842,20632,27215,29081,22844,25528,16389,20795,5090,9590,2,1,850,923,1744,2559,2492,4288,3856,7227,5826,7825,5785,6260,11929,15224,4600,8532,160406,58323,26000,12579,46267,14968,4040,16,13
2021-05-27T23:59:59+02:00,6,4,3211,3458,6091,7462,8647,11175,17365,20292,26801,28733,22676,25362,16331,20732,5083,9572,2,1,804,866,1658,2462,2373,4154,3432,6254,5401,7225,5624,6084,11847,15149,4594,8515,156935,57827,25940,12532,46258,12220,3853,16,13
2021-05-26T23:59:59+02:00,6,4,3106,3375,5872,7295,8277,10890,16902,19985,26501,28495,22526,25229,16279,20658,5070,9552,2,1,789,856,1605,2436,2320,4122,3358,6178,5304,7153,5488,5957,11781,15081,4589,8503,154239,57742,25921,12530,46236,11626,3612,15,13
2021-05-25T23:59:59+02:00,6,4,3015,3313,5732,7178,8081,10726,15898,19208,26146,28141,22368,25071,16226,20578,5063,9542,2,1,769,839,1568,2388,2248,4060,3281,6106,5218,7088,5321,5787,11672,15000,4581,8491,152677,57666,24002,12339,46218,11016,3386,14,13
2021-05-24T23:59:59+02:00,6,4,2949,3297,5645,7133,7964,10663,14983,18518,25732,27830,22274,24967,16195,20542,5056,9530,2,1,760,837,1547,2370,2205,4022,3235,6057,5142,7008,5219,5679,11590,14925,4580,8485,151955,57624,21930,12263,46207,10582,3183,14,12
2021-05-23T23:59:59+02:00,6,3,2946,3292,5636,7125,7953,10655,14977,18516,25731,27828,22274,24967,16195,20542,5056,9530,2,1,758,834,1539,2363,2191,4009,3216,6042,5121,6975,5174,5627,11574,14902,4579,8483,151919,57616,21930,12263,46205,10334,3165,14,12
2021-05-22T23:59:59+02:00,5,3,2910,3249,5559,7075,7852,10570,14778,18353,25448,27581,22175,24881,16162,20498,5053,9525,2,1,737,815,1492,2310,2139,3928,3103,5919,4800,6399,4602,4877,10926,14080,4569,8444,150383,54368,21930,12262,46205,9355,3146,14,12
2021-05-21T23:59:59+02:00,3,3,2838,3177,5432,6974,7722,10423,14520,18125,25149,27344,22059,24772,16129,20450,5048,9516,2,1,710,762,1423,2180,2037,3659,2918,5585,4319,5503,4183,4336,10180,13139,4503,8317,148431,50613,21928,12262,46198,7756,3114,14,12
2021-05-20T23:59:59+02:00,3,3,2705,3021,5150,6717,7436,10052,14058,17640,24539,26792,21784,24476,16035,20329,5034,9486,1,1,697,752,1396,2156,1998,3625,2864,5528,4237,5423,4055,4232,10102,13076,4494,8305,144270,50515,21918,12250,46172,7278,2887,14,12
2021-05-19T23:59:59+02:00,3,3,2653,2968,5053,6575,7291,9869,12914,16604,24276,26500,21687,24348,15992,20269,5025,9479,1,1,680,727,1370,2109,1965,3539,2801,5381,4144,5314,3974,4142,10050,13012,4491,8301,142885,50484,19851,12183,46100,6663,2660,14,12
2021-05-18T23:59:59+02:00,3,3,2626,2943,5004,6542,7236,9836,12558,16330,24096,26347,21595,24260,15962,20216,5018,9467,1,1,652,669,1314,1981,1889,3337,2702,5172,4014,5117,3750,3864,9966,12932,4482,8291,142595,50456,18999,11182,46055,6104,2380,14,12
2021-05-17T23:59:59+02:00,3,3,2600,2924,4959,6472,7147,9726,12406,16150,23946,26183,21543,24210,15943,20194,5013,9460,0,1,644,655,1298,1945,1868,3286,2653,5064,3935,5002,3614,3710,9896,12869,4479,8284,141617,50426,18990,11172,46038,5369,2224,14,12
2021-05-16T23:59:59+02:00,3,3,2588,2911,4936,6406,7109,9643,12348,16077,23894,26123,21519,24193,15933,20180,5010,9457,0,1,639,651,1288,1942,1849,3276,2631,5053,3904,4979,3560,3643,9857,12837,4478,8282,141182,50406,18980,11160,46017,5152,2140,14,12
2021-05-15T23:59:59+02:00,2,3,2465,2775,4748,6200,6918,9455,11829,15658,23304,25569,21412,24075,15899,20137,5007,9449,0,1,590,588,1205,1852,1714,3124,2345,4744,3452,4470,3230,3214,9693,12633,4454,8253,137785,47449,18979,11160,46012,4826,2115,14,12
2021-05-14T23:59:59+02:00,2,3,2353,2599,4552,5977,6638,9142,11291,15146,22737,24999,21266,23935,15863,20079,5003,9438,0,1,527,512,1102,1731,1554,2908,2015,4339,2850,3881,2843,2775,9608,12484,4450,8249,133964,44512,18973,11157,45986,4062,2086,14,12
2021-05-13T23:59:59+02:00,2,3,2176,2314,4230,5593,6213,8670,10729,14456,21700,24084,20985,23661,15802,19979,4996,9423,0,1,523,512,1089,1716,1537,2890,2004,4315,2833,3860,2826,2761,9601,12480,4449,8249,128063,44459,18918,11148,45959,3965,2062,14,12
2021-05-12T23:59:59+02:00,2,3,2174,2312,4221,5589,6204,8664,10626,14334,21645,24044,20980,23650,15797,19971,4995,9423,0,1,517,489,1053,1662,1487,2811,1920,4228,2774,3801,2745,2666,9550,12407,4449,8249,128008,44455,18594,10321,45959,3962,2059,14,12
2021-05-11T23:59:59+02:00,2,3,2052,2273,4136,5526,6077,8548,10317,14082,21451,23882,20902,23578,15781,19938,4991,9418,0,1,492,465,991,1603,1418,2720,1820,4088,2700,3726,2591,2438,9484,12307,4448,8249,127058,44434,18256,9485,45672,3653,1957,14,12
2021-05-10T23:59:59+02:00,2,3,2012,2198,4029,5403,5939,8370,9523,13316,21072,23561,20811,23488,15740,19884,4981,9405,0,1,480,437,955,1540,1353,2629,1731,3926,2617,3634,2565,2419,9474,12289,4444,8244,125912,44419,16411,9306,45567,3167,1834,13,12
2021-05-09T23:59:59+02:00,2,3,1980,2185,3991,5365,5885,8321,9453,13246,21002,23488,20775,23447,15725,19857,4978,9391,0,1,473,430,932,1496,1327,2580,1697,3864,2579,3591,2556,2406,9463,12272,4444,8236,125461,44359,16406,9303,45470,2928,1745,12,12
2021-05-08T23:59:59+02:00,2,3,1917,2083,3809,5191,5609,8113,9143,12960,19867,22557,20579,23253,15692,19788,4973,9379,0,1,406,401,868,1456,1250,2506,1609,3763,2360,3378,2008,1977,9368,12186,4443,8236,121297,42870,16405,9302,45467,2294,1743,6,7
2021-05-07T23:59:59+02:00,2,3,1831,1971,3628,5023,5288,7818,8731,12585,18614,21281,20395,23040,15648,19731,4964,9360,0,1,321,348,756,1381,1118,2377,1475,3621,2184,3184,1637,1635,8879,11738,4442,8234,116350,41129,16401,9297,45445,1187,1711,6,7
2021-05-06T23:59:59+02:00,2,3,1648,1860,3343,4767,4839,7410,8089,12022,17369,20038,20060,22663,15540,19566,4954,9349,0,1,304,338,737,1351,1078,2330,1426,3535,2116,3116,1602,1579,8862,11707,4436,8231,110488,41107,16393,9291,45207,916,1428,6,7
2021-05-05T23:59:59+02:00,2,3,1579,1830,3258,4679,4760,7303,7957,11870,17215,19893,19940,22542,15464,19469,4932,9253,0,1,295,327,693,1299,1015,2254,1343,3386,2008,3000,1509,1481,8446,11139,4430,8214,109714,41067,16250,8162,45035,660,944,6,7
2021-05-04T23:59:59+02:00,2,3,1553,1799,3209,4600,4699,7191,7707,11573,16651,19310,19852,22409,15387,19371,4902,9140,0,1,279,315,670,1269,994,2200,1285,3266,1895,2841,1436,1375,8374,11035,4425,8196,108996,41041,14900,7886,44929,395,527,6,7
2021-05-03T23:59:59+02:00,2,3,1545,1795,3199,4584,4661,7165,7453,11339,15956,18713,19788,22323,15361,19337,4896,9130,0,1,264,295,648,1185,944,2113,1221,3127,1798,2703,1369,1295,8349,11000,4421,8187,108899,41029,13300,7678,44889,50,156,6,7
2021-05-02T23:59:59+02:00,2,3,1544,1793,3192,4582,4656,7160,7439,11328,15937,18701,19770,22315,15361,19335,4895,9130,0,1,264,292,645,1184,939,2110,1211,3121,1790,2696,1354,1287,8348,10995,4420,8187,108869,41006,13296,7676,44863,47,109,6,6
2021-05-01T23:59:59+02:00,2,3,1414,1647,2916,4332,4189,6803,6820,10846,14000,16818,19388,21916,15270,19219,4892,9114,0,1,262,292,642,1182,938,2107,1209,3119,1788,2692,1349,1282,8346,10993,4420,8187,101326,40974,13296,7676,44856,47,106,5,6
2021-04-30T23:59:59+02:00,2,3,1294,1502,2698,4112,3860,6407,6254,10254,12209,14786,18929,21374,15166,19078,4878,9103,0,1,257,291,635,1174,922,2099,1196,3109,1777,2678,1339,1273,8342,10988,4419,8186,93718,40927,13296,7676,44856,43,34,5,6
2021-04-29T23:59:59+02:00,1,3,1180,1441,2530,3987,3621,6204,5898,9954,10868,13505,18668,21096,15123,19008,4874,9097,0,1,256,287,630,1166,910,2093,1176,3103,1746,2641,1312,1249,8336,10979,4419,8186,89031,40893,13286,7541,44719,33,17,5,6
2021-04-28T23:59:59+02:00,1,3,1127,1435,2481,3967,3570,6180,5834,9921,10768,13437,18636,21062,15115,18992,4874,9094,0,1,256,286,627,1165,907,2089,1171,3099,1738,2640,1305,1230,7890,10457,4419,8186,88760,40867,13236,6549,44480,29,16,5,5
2021-04-27T23:59:59+02:00,1,3,1082,1408,2375,3922,3505,6151,5715,9864,10650,13360,18603,21022,15102,18977,4872,9092,0,1,255,286,625,1158,906,2086,1166,3096,1734,2636,1293,1213,7471,9873,4419,8186,88246,40847,13182,5514,44256,23,15,5,5
2021-04-26T23:59:59+02:00,1,3,1043,1378,2283,3829,3378,6050,5546,9743,10347,13101,18540,20967,15093,18959,4870,9092,0,1,254,285,624,1156,900,2081,1159,3093,1716,2627,1278,1200,7462,9853,4419,8186,86905,40759,13171,5493,44127,22,15,5,5
2021-04-25T23:59:59+02:00,1,3,1040,1376,2275,3825,3371,6044,5526,9734,10312,13070,18530,20953,15092,18953,4870,9091,0,1,253,285,624,1155,900,2080,1157,3093,1716,2627,1278,1200,7461,9851,4419,8186,86877,40755,13163,5490,44008,22,14,4,5
2021-04-24T23:59:59+02:00,1,2,998,1263,2086,3287,3100,5427,5334,9322,9476,12024,17823,20055,14979,18793,4862,9080,0,1,251,284,622,1154,899,2079,1157,3092,1710,2622,1275,1195,7459,9849,4419,8185,80749,40727,13163,5486,43983,22,13,4,5
2021-04-23T23:59:59+02:00,1,2,966,1179,1974,2941,2918,4875,5139,8893,8919,11302,16190,18193,14829,18587,4854,9057,0,1,251,284,621,1154,897,2077,1155,3092,1708,2621,1270,1190,7455,9847,4419,8184,73718,40713,13162,5474,43923,22,12,4,5
2021-04-22T23:59:59+02:00,1,2,961,1167,1955,2924,2896,4855,5082,8847,8803,11196,16117,18115,14802,18557,4852,9052,0,1,249,284,617,1152,894,2076,1147,3080,1692,2601,1246,1168,7450,9839,4419,8184,73664,40698,13103,5363,43401,21,12,4,5
2021-04-21T23:59:59+02:00,1,2,951,1159,1941,2911,2867,4829,5034,8792,8695,11073,16029,18030,14773,18523,4852,9047,0,1,245,281,607,1143,880,2046,1136,3055,1682,2574,1233,1154,7224,9520,4418,8184,73618,40688,13045,4658,42830,20,12,4,5
2021-04-20T23:59:59+02:00,1,2,925,1111,1889,2796,2794,4666,4940,8614,8521,10863,15797,17748,14714,18464,4845,9041,0,1,232,278,589,1122,854,2013,1107,3029,1647,2533,1213,1140,7216,9515,4417,8184,73578,40668,11919,4390,42218,16,12,4,4
2021-04-19T23:59:59+02:00,1,2,916,1103,1855,2776,2744,4641,4816,8552,8321,10751,15704,17651,14692,18445,4845,9035,0,1,226,270,571,1101,835,1980,1089,2986,1601,2478,1195,1121,7209,9512,4414,8183,73176,40631,11898,4111,41760,14,12,4,4
2021-04-18T23:59:59+02:00,1,2,913,1102,1850,2770,2735,4628,4798,8540,8281,10707,15654,17592,14682,18428,4844,9033,0,1,226,270,571,1100,834,1980,1088,2986,1601,2477,1195,1120,7207,9511,4413,8183,73129,40624,11894,4109,41521,14,12,4,4
2021-04-17T23:59:59+02:00,0,2,881,1087,1801,2731,2667,4549,4643,8395,8015,10478,13278,14684,14483,18074,4827,8997,0,1,224,270,571,1097,830,1973,1076,2979,1591,2457,1155,1077,6874,9096,4388,8135,66283,39666,11894,4098,41399,14,12,4,4
2021-04-16T23:59:59+02:00,0,2,875,1081,1789,2720,2625,4509,4551,8311,7834,10283,10437,11419,14211,17655,4808,8942,0,1,223,266,569,1095,825,1970,1067,2976,1583,2444,1142,1063,6868,9090,4386,8132,58985,39589,11891,4081,41160,14,12,4,4
2021-04-15T23:59:59+02:00,0,2,864,1076,1767,2706,2582,4475,4435,8251,7602,10084,10184,11199,14149,17589,4801,8928,0,1,221,265,569,1093,824,1968,1064,2973,1580,2441,1136,1058,6866,9088,4386,8132,58958,39574,11889,4062,39831,13,12,4,4
2021-04-14T23:59:59+02:00,0,2,846,1050,1709,2625,2492,4351,4245,8067,7326,9801,9811,10715,14001,17408,4795,8916,0,1,197,240,528,1041,801,1900,1028,2893,1529,2378,1110,1028,6861,9080,4386,8131,58923,39557,10944,3548,38277,11,12,4,4
2021-04-13T23:59:59+02:00,0,2,822,1028,1671,2573,2422,4267,4142,7928,7114,9581,9404,10195,13853,17241,4790,8902,0,1,162,217,493,993,760,1806,993,2783,1476,2308,1091,993,6845,9069,4385,8131,58867,39492,9995,2993,37057,5,12,4,4
2021-04-12T23:59:59+02:00,0,2,817,1025,1652,2568,2393,4253,4089,7877,6973,9409,9137,9880,13790,17181,4779,8885,0,1,151,203,465,953,738,1742,973,2711,1432,2258,1069,976,6828,9049,4382,8126,58804,39375,9964,2661,35926,5,12,4,4
2021-04-11T23:59:59+02:00,0,2,816,1024,1641,2568,2378,4250,4066,7865,6908,9347,9004,9715,13763,17133,4774,8876,0,1,151,203,465,951,736,1740,971,2710,1430,2258,1069,976,6826,9049,4382,8126,58790,39364,9962,2660,35362,4,12,4,4
2021-04-10T23:59:59+02:00,0,2,801,1020,1612,2539,2341,4221,3996,7806,6775,9230,8445,8981,13096,16280,4763,8834,0,1,148,202,463,948,730,1737,971,2703,1422,2251,1055,960,6354,8549,4366,8110,55454,38292,9960,2658,35312,4,12,4,4
2021-04-09T23:59:59+02:00,0,2,780,992,1571,2489,2275,4141,3843,7645,6427,8897,7916,8321,12274,15256,4691,8695,0,1,146,200,460,941,723,1729,963,2693,1407,2240,1033,937,6112,8273,4346,8083,51460,37613,9953,2654,34786,4,12,4,4
2021-04-08T23:59:59+02:00,0,2,770,982,1545,2465,2209,4092,3710,7556,6171,8596,7298,7666,12111,15056,4680,8679,0,1,146,198,454,937,718,1722,955,2682,1398,2227,1021,934,6109,8271,4345,8083,51424,37590,9928,2591,32220,4,12,4,4
2021-04-07T23:59:59+02:00,0,2,765,972,1518,2447,2150,4052,3622,7486,5941,8330,6742,7031,11501,14307,4667,8651,0,1,127,191,422,890,672,1653,898,2612,1348,2158,1000,917,6101,8264,4344,8083,51391,37563,8771,2099,30007,4,11,4,4
2021-04-06T23:59:59+02:00,0,2,761,970,1504,2439,2121,4028,3549,7437,5760,8157,6297,6525,11298,14089,4652,8620,0,1,104,170,374,830,627,1578,855,2512,1295,2094,974,900,6081,8249,4342,8079,51320,37531,8585,1516,28290,4,10,4,4
2021-04-05T23:59:59+02:00,0,2,756,966,1488,2431,2095,4017,3498,7411,5615,8046,6092,6305,11231,14002,4646,8610,0,1,98,167,373,828,620,1569,846,2497,1282,2075,946,869,4974,6848,4266,7973,51117,34708,8581,1506,27499,4,10,4,4
2021-04-04T23:59:59+02:00,0,2,754,959,1486,2429,2091,4015,3480,7404,5605,8039,6081,6285,11216,13984,4644,8607,0,1,98,167,371,826,617,1564,839,2490,1267,2056,923,847,3964,5686,4200,7868,51101,32260,8579,1506,27387,4,10,4,4
2021-04-03T23:59:59+02:00,0,2,703,903,1404,2358,1968,3876,3220,7143,5143,7548,5737,5829,11043,13766,4616,8579,0,1,94,167,371,824,617,1562,838,2490,1267,2056,923,847,3964,5683,4200,7867,47861,32247,8579,1506,27384,4,10,4,4
2021-04-02T23:59:59+02:00,0,2,659,869,1348,2290,1871,3762,2967,6882,4624,7069,5345,5368,10941,13600,4611,8573,0,1,94,167,371,824,617,1562,837,2490,1265,2055,922,845,3962,5680,4199,7867,44924,32236,8578,1505,27266,4,9,4,4
2021-04-01T23:59:59+02:00,0,2,656,866,1339,2285,1851,3754,2938,6867,4549,6996,5236,5258,10902,13551,4610,8568,0,1,94,167,369,820,615,1558,837,2487,1261,2051,912,844,3957,5677,4197,7866,44907,32224,8433,1472,26875,4,9,4,4
2021-03-31T23:59:59+02:00,0,2,654,864,1331,2268,1843,3744,2909,6839,4486,6951,5097,5096,10387,12942,4606,8560,0,1,94,167,368,819,615,1558,837,2487,1259,2051,911,843,3957,5676,4197,7865,44894,32218,7300,1471,26374,4,8,3,4
2021-03-30T23:59:59+02:00,0,2,645,861,1312,2249,1814,3714,2872,6804,4400,6862,4928,4902,9856,12240,4599,8546,0,1,89,165,367,815,610,1556,832,2481,1251,2048,901,833,3949,5673,4196,7864,44869,32197,6110,1418,25616,4,8,3,4
2021-03-29T23:59:59+02:00,0,2,640,852,1299,2216,1796,3683,2841,6762,4328,6776,4728,4704,9770,12146,4595,8532,0,1,89,165,366,813,604,1552,829,2475,1246,2040,893,827,3941,5665,4196,7864,44798,32180,5892,1371,24969,3,8,3,4
2021-03-28T23:59:59+02:00,0,2,637,850,1296,2213,1781,3673,2825,6750,4293,6724,4633,4593,9734,12082,4590,8525,0,1,89,164,366,811,604,1552,827,2475,1244,2039,892,827,3940,5665,4196,7864,44776,32177,5883,1364,24531,3,8,3,4
2021-03-27T23:59:59+01:00,0,2,633,845,1286,2209,1764,3656,2797,6720,4130,6580,4054,4137,9505,11836,4577,8506,0,1,89,164,364,809,602,1550,825,2472,1236,2033,888,823,3760,5375,4089,7691,42829,31392,5879,1364,24518,3,8,3,4
2021-03-26T23:59:59+01:00,0,2,628,837,1278,2199,1742,3640,2771,6696,4054,6502,3646,3771,8903,11278,4564,8492,0,1,89,164,364,808,601,1547,821,2469,1227,2029,875,810,3031,4431,3880,7343,40892,29111,5866,1364,24234,3,8,3,4
2021-03-25T23:59:59+01:00,0,2,621,832,1264,2186,1723,3616,2712,6657,3970,6424,3472,3554,8792,11167,4558,8486,0,1,89,164,364,808,601,1546,821,2468,1225,2029,875,809,3030,4430,3878,7341,40877,29101,5758,1364,23390,2,8,3,4
2021-03-24T23:59:59+01:00,0,2,616,824,1231,2160,1678,3570,2634,6588,3813,6272,3153,3190,8381,10616,4549,8473,0,1,85,162,352,795,585,1528,788,2434,1175,1996,841,771,3021,4424,3878,7338,40852,28797,4999,1363,21888,2,8,3,4
2021-03-23T23:59:59+01:00,0,2,604,816,1206,2128,1636,3521,2552,6508,3664,6118,2772,2806,8165,10398,4541,8454,0,1,80,158,340,774,550,1497,727,2370,1074,1914,758,711,2984,4389,3874,7333,40808,28164,4707,1356,20366,2,8,2,4
2021-03-22T23:59:59+01:00,0,2,579,706,1168,2075,1603,3465,2499,6438,3522,5988,2529,2567,7833,10043,4525,8418,0,1,80,157,340,774,550,1495,725,2368,1071,1914,756,707,2980,4383,3872,7330,40339,28133,4385,1356,19226,2,8,2,4
2021-03-21T23:59:59+01:00,0,2,578,703,1162,2065,1591,3455,2482,6423,3484,5954,2387,2402,7740,9931,4516,8403,0,1,80,157,340,773,550,1495,724,2367,1071,1914,756,707,2980,4382,3872,7329,40334,28128,4371,1356,18563,2,8,2,4
2021-03-20T23:59:59+01:00,0,2,577,703,1160,2059,1584,3448,2476,6416,3466,5931,2354,2364,7248,9412,4499,8386,0,1,80,157,340,773,549,1495,722,2366,1071,1912,756,707,2980,4381,3870,7327,39289,28117,4359,1356,18427,2,8,2,4
2021-03-19T23:59:59+01:00,0,2,570,695,1141,2040,1549,3424,2408,6277,3401,5824,2173,2182,6939,9090,4477,8361,0,1,80,157,339,768,545,1492,717,2358,1063,1900,747,700,2550,3778,3446,6573,38679,25846,4342,1356,17522,0,8,2,4
2021-03-18T23:59:59+01:00,0,2,555,678,1121,2011,1522,3394,2368,6209,3326,5735,2019,1985,6818,8971,4471,8350,0,1,79,157,339,767,544,1492,716,2354,1059,1899,740,697,2500,3706,3419,6531,38658,25655,4330,1334,16538,0,7,2,4
2021-03-17T23:59:59+01:00,0,1,526,649,1076,1955,1485,3309,2291,6091,3173,5579,1765,1719,6652,8817,4461,8335,0,1,78,153,327,739,528,1448,694,2296,1021,1858,723,678,2257,3412,3332,6400,38584,24672,3804,1262,15487,0,7,2,4
2021-03-16T23:59:59+01:00,0,1,483,621,1036,1899,1433,3203,2226,5937,3057,5445,1565,1494,6516,8669,4450,8312,0,1,72,138,306,683,498,1372,665,2161,991,1730,673,628,2142,3274,3306,6313,38523,23913,3187,1030,14629,0,6,2,4
2021-03-15T23:59:59+01:00,0,1,471,609,1003,1849,1400,3136,2196,5852,2971,5360,1439,1358,5931,7981,4410,8248,0,1,69,131,292,625,483,1252,626,2030,950,1617,643,607,2104,3235,3291,6250,37283,23508,2834,696,14096,0,0,2,2
2021-03-14T23:59:59+01:00,0,1,466,602,994,1837,1396,3118,2180,5834,2936,5333,1396,1307,5534,7532,4387,8230,0,1,68,126,288,602,477,1225,620,1974,940,1592,643,607,2104,3235,3290,6248,36458,23502,2829,536,13794,0,0,2,2
2021-03-13T23:59:59+01:00,0,1,446,583,957,1787,1343,3054,1923,5247,2696,4919,1290,1194,4872,6682,4339,8156,0,1,68,126,287,599,475,1223,618,1972,939,1588,641,602,1740,2749,2763,5486,34771,21339,2825,536,11891,0,0,2,2
2021-03-12T23:59:59+01:00,0,1,430,562,935,1742,1312,2971,1720,4460,2490,4469,1218,1110,4172,5884,4292,8075,0,1,68,124,286,595,475,1220,616,1964,935,1582,638,596,1411,2200,2217,4689,33091,19079,2822,536,9928,0,0,2,2
2021-03-11T23:59:59+01:00,0,1,426,555,925,1728,1296,2952,1695,4423,2453,4431,1144,1054,4127,5847,4289,8071,0,1,68,116,280,573,460,1168,607,1915,916,1546,626,583,1405,2182,2208,4637,33051,18827,2725,463,9639,0,0,2,1
2021-03-10T23:59:59+01:00,0,1,407,543,879,1669,1240,2874,1621,4326,2386,4338,1110,1031,4111,5830,4288,8069,0,1,68,116,278,569,457,1161,602,1892,916,1541,621,575,1344,2095,2162,4580,33035,18539,2155,438,9531,0,0,2,1
2021-03-09T23:59:59+01:00,0,1,386,527,834,1620,1197,2810,1579,4243,2342,4285,1089,1020,4105,5823,4287,8068,0,1,66,115,277,568,456,1150,600,1879,909,1536,618,569,1138,1783,2044,4401,32989,17700,1709,409,9516,0,0,2,1
2021-03-08T23:59:59+01:00,0,1,379,516,823,1604,1188,2793,1571,4217,2330,4272,1076,1008,4068,5775,4285,8063,0,1,65,115,273,563,452,1144,598,1875,905,1534,618,569,1068,1692,1999,4355,32857,17440,1612,385,9498,0,0,2,1
2021-03-07T23:59:59+01:00,0,1,378,513,822,1603,1185,2791,1568,4210,2320,4266,1069,1000,4062,5769,4284,8062,0,1,63,112,264,541,440,1118,582,1775,870,1459,617,569,963,1561,1947,4284,32839,17073,1572,92,9490,0,0,2,1
2021-03-06T23:59:59+01:00,0,1,370,498,803,1570,1160,2733,1527,4142,2126,3770,1039,963,3888,5496,4182,7897,0,1,63,112,264,541,440,1117,582,1775,870,1459,617,569,960,1560,1944,4283,32120,17064,1572,92,8471,0,0,2,1
2021-03-05T23:59:59+01:00,0,1,357,459,771,1466,1110,2518,1452,3928,1911,3104,1008,918,3131,4529,3977,7553,0,1,63,111,263,538,437,1111,581,1770,866,1455,614,567,921,1502,1921,4241,29799,16869,1571,92,6821,0,0,2,1
2021-03-04T23:59:59+01:00,0,1,344,450,763,1446,1097,2495,1433,3899,1889,3084,994,914,3127,4525,3974,7551,0,1,62,109,260,535,433,1094,571,1747,865,1447,612,565,884,1448,1898,4204,29786,16705,1532,29,6666,0,0,2,1
2021-03-03T23:59:59+01:00,0,1,335,420,744,1395,1067,2412,1383,3744,1809,2987,961,868,3117,4519,3974,7548,0,1,61,108,257,532,432,1090,569,1738,862,1443,612,564,864,1395,1810,4057,29470,16367,1532,27,6280,0,0,2,1
2021-03-02T23:59:59+01:00,0,1,329,412,728,1371,1019,2367,1315,3659,1693,2888,873,803,3074,4480,3967,7542,0,1,61,108,256,528,431,1082,569,1732,862,1439,612,564,864,1395,1810,4057,28828,16343,1468,27,6223,0,0,2,1
2021-03-01T23:59:59+01:00,0,1,325,398,721,1324,1006,2309,1295,3576,1666,2838,854,794,3066,4470,3966,7541,0,1,61,107,255,524,426,1068,565,1719,853,1431,611,562,767,1240,1753,3977,28786,15892,1416,27,5946,0,0,2,1
2021-02-28T23:59:59+01:00,0,1,320,386,713,1285,992,2232,1282,3488,1643,2759,850,784,3064,4466,3965,7538,0,1,61,107,254,524,426,1067,565,1719,851,1431,611,561,670,1115,1705,3896,28770,15537,1413,26,5583,0,0,2,1
2021-02-27T23:59:59+01:00,0,1,311,365,699,1258,973,2196,1247,3419,1620,2706,832,768,3061,4466,3964,7538,0,1,60,107,254,524,426,1067,564,1719,849,1431,611,561,670,1115,1705,3896,28766,15533,1413,26,5243,0,0,2,1
2021-02-26T23:59:59+01:00,0,1,285,314,652,1193,909,2077,1157,3252,1515,2568,803,745,2624,3859,3536,6761,0,1,60,107,251,521,426,1065,562,1717,846,1425,607,559,663,1103,1696,3877,26471,15459,1413,26,4365,0,0,2,1
2021-02-25T23:59:59+01:00,0,1,280,300,638,1163,887,2036,1138,3186,1497,2523,800,741,2577,3787,3506,6717,0,1,58,104,247,513,426,1061,557,1707,843,1414,601,555,586,994,1649,3819,26252,15110,1412,24,4111,0,0,2,1
2021-02-24T23:59:59+01:00,0,1,261,290,587,1118,840,1968,1080,3091,1453,2465,783,722,2336,3485,3416,6578,0,1,57,99,242,506,420,1042,548,1685,840,1394,594,543,572,974,1638,3796,25250,14934,1412,16,3810,0,0,2,1
2021-02-23T23:59:59+01:00,0,1,249,269,558,1062,803,1893,1012,2941,1379,2363,731,672,2221,3345,3390,6485,0,1,57,97,240,500,420,1026,538,1653,832,1372,585,536,555,922,1626,3743,24444,14686,1407,16,3521,0,0,2,1
2021-02-22T23:59:59+01:00,0,1,245,263,545,999,783,1817,986,2847,1343,2303,706,650,2191,3308,3381,6423,0,1,57,96,234,494,418,1013,529,1635,828,1347,571,522,532,896,1620,3687,24039,14464,1407,15,3343,0,0,2,1
2021-02-21T23:59:59+01:00,0,1,242,256,536,974,770,1780,978,2799,1313,2277,706,648,2189,3308,3380,6422,0,1,57,96,233,494,418,1013,529,1635,828,1346,571,521,532,896,1620,3686,24033,14460,1407,15,3137,0,0,2,1
2021-02-20T23:59:59+01:00,0,1,166,226,467,925,701,1703,908,2710,1228,2178,691,633,1815,2791,2824,5619,0,1,57,96,233,494,418,1013,529,1634,828,1346,571,521,532,896,1619,3686,21757,14458,1407,15,2420,0,0,2,1
2021-02-19T23:59:59+01:00,0,1,84,167,355,844,574,1571,776,2561,1092,2025,675,611,1507,2275,2273,4826,0,1,57,96,233,494,418,1012,529,1634,828,1346,571,521,527,894,1617,3680,19545,14442,1407,15,1263,0,0,2,1
2021-02-18T23:59:59+01:00,0,1,81,162,343,794,553,1482,743,2421,1059,1957,659,599,1498,2256,2264,4774,0,1,54,89,227,472,404,945,514,1554,808,1272,557,507,521,876,1614,3658,19301,14057,1381,15,962,0,0,2,1
2021-02-17T23:59:59+01:00,0,1,80,154,329,771,544,1449,714,2328,1022,1857,654,589,1440,2168,2216,4724,0,1,54,86,225,463,396,907,503,1488,789,1190,544,495,519,874,1614,3658,19040,13790,1308,15,690,0,0,2,1
2021-02-16T23:59:59+01:00,0,1,75,149,314,731,516,1375,682,2220,997,1752,643,582,1195,1821,2092,4541,0,1,53,77,224,456,390,877,490,1423,763,1124,523,482,517,874,1611,3657,18118,13539,1069,2,497,0,0,2,1
2021-02-15T23:59:59+01:00,0,1,70,133,288,626,481,1233,624,2007,946,1592,634,580,1111,1714,2040,4475,0,1,53,77,222,451,386,871,489,1419,761,1117,523,482,516,869,1610,3654,17785,13500,731,0,39,0,0,0,1
2021-02-14T23:59:59+01:00,0,1,69,126,283,599,476,1204,613,1953,932,1570,634,580,1012,1590,1993,4418,0,1,53,77,222,451,386,871,489,1417,761,1117,523,482,516,869,1610,3654,17455,13498,575,0,23,0,0,0,1
2021-02-13T23:59:59+01:00,0,1,69,125,283,598,475,1200,612,1951,930,1566,633,579,1011,1581,1989,4415,0,1,53,77,222,450,384,866,488,1412,759,1116,521,480,499,831,1350,3184,17420,12692,575,0,23,0,0,0,1
2021-02-12T23:59:59+01:00,0,1,68,125,282,597,471,1196,612,1948,927,1565,630,578,971,1529,1969,4373,0,1,53,77,222,446,380,857,483,1403,753,1109,514,472,481,790,986,2470,17247,11496,575,0,20,0,0,0,1
2021-02-11T23:59:59+01:00,0,1,67,117,279,584,458,1169,606,1921,920,1553,629,577,929,1471,1947,4333,0,1,53,74,207,415,367,810,466,1329,738,1077,511,471,481,790,986,2470,17066,11246,491,0,4,0,0,0,0
2021-02-10T23:59:59+01:00,0,1,66,117,276,581,456,1164,602,1904,915,1549,629,577,920,1455,1926,4288,0,1,52,64,174,337,313,708,416,1156,658,982,477,459,476,789,986,2469,16962,10517,463,0,1,0,0,0,0
2021-02-09T23:59:59+01:00,0,1,64,115,270,577,453,1150,601,1889,907,1543,629,576,908,1419,1856,4182,0,1,43,53,123,258,237,558,334,954,555,829,441,448,472,788,983,2469,16708,9546,432,0,0,0,0,0,0
2021-02-08T23:59:59+01:00,0,1,63,115,267,568,450,1143,599,1874,900,1535,627,573,805,1266,1799,4100,0,1,38,43,85,169,174,420,272,717,496,694,434,442,469,785,982,2469,16278,8690,407,0,0,0,0,0,0
2021-02-07T23:59:59+01:00,0,1,61,112,257,545,436,1112,583,1771,865,1456,626,572,703,1141,1750,4016,0,1,37,42,81,166,171,412,267,704,491,683,432,441,469,785,982,2468,15908,8632,99,0,0,0,0,0,0
2021-02-06T23:59:59+01:00,0,1,60,112,256,545,436,1112,581,1770,862,1453,623,570,701,1133,1744,4009,0,1,34,41,80,163,168,402,263,696,480,674,424,440,433,737,742,2075,15869,7853,99,0,0,0,0,0,0
2021-02-05T23:59:59+01:00,0,1,60,112,254,541,436,1110,580,1769,860,1451,621,570,691,1126,1738,3996,0,1,32,39,76,159,163,394,255,677,463,664,418,440,427,712,337,1442,15817,6699,99,0,0,0,0,0,0
2021-02-04T23:59:59+01:00,0,1,59,110,249,535,430,1094,564,1742,856,1437,614,560,605,1009,1687,3935,0,1,31,36,72,153,157,383,240,653,446,650,412,432,422,705,334,1435,15456,6562,31,0,0,0,0,0,0
2021-02-03T23:59:59+01:00,0,1,58,105,245,528,429,1075,561,1726,854,1422,610,550,593,998,1684,3921,0,1,24,28,58,122,123,281,176,511,336,500,306,330,337,548,256,1150,15331,5087,29,0,0,0,0,0,0
2021-02-02T23:59:59+01:00,0,1,58,103,242,523,429,1057,549,1694,846,1398,597,540,581,949,1674,3870,0,1,17,21,39,79,87,187,123,345,219,361,215,220,217,344,182,756,15082,3413,29,0,0,0,0,0,0
2021-02-01T23:59:59+01:00,0,1,58,101,238,515,427,1041,541,1672,842,1375,590,534,559,920,1666,3823,0,0,7,11,20,43,48,99,66,168,95,166,101,103,90,160,76,329,14874,1582,29,0,0,0,0,0,0
2021-01-31T23:59:59+01:00,0,1,58,101,237,514,425,1037,539,1667,840,1372,590,533,559,920,1666,3822,0,0,7,11,18,38,43,84,62,142,81,150,96,101,89,159,74,327,14852,1482,29,0,0,0,0,0,0
2021-01-30T23:59:59+01:00,0,1,58,101,237,514,425,1037,539,1667,840,1372,590,533,559,920,1666,3822,0,0,7,11,18,38,43,84,62,142,81,150,96,100,89,159,74,327,14852,1481,29,0,0,0,0,0,0
2021-01-29T23:59:59+01:00,0,1,58,101,237,514,425,1037,539,1667,840,1372,590,533,559,920,1666,3822,0,0,7,11,18,38,43,84,62,142,81,150,96,100,89,159,74,327,14852,1481,29,0,0,0,0,0,0
2021-01-28T23:59:59+01:00,0,1,56,93,233,485,413,970,521,1581,816,1291,577,518,553,903,1663,3803,0,0,3,2,5,6,11,16,20,34,22,33,17,22,21,34,19,99,14454,364,23,0,0,0,0,0,0
2021-01-27T23:59:59+01:00,0,1,54,89,233,475,405,931,511,1514,796,1208,565,505,551,901,1663,3803,0,0,3,2,5,6,9,16,20,33,21,31,17,21,21,34,19,99,14184,357,21,0,0,0,0,0,0
2021-01-26T23:59:59+01:00,0,1,53,83,228,472,398,902,500,1447,771,1141,543,492,549,901,1663,3803,0,0,1,2,5,6,9,15,18,29,17,26,15,18,19,32,19,91,13928,322,19,0,0,0,0,0,0
2021-01-25T23:59:59+01:00,0,1,53,83,225,466,395,896,500,1444,770,1136,543,492,549,898,1663,3801,0,0,0,0,0,0,0,2,1,0,0,0,1,1,0,2,0,0,13898,7,17,0,0,0,0,0,0
2021-01-24T23:59:59+01:00,0,1,53,83,225,466,395,896,500,1443,770,1136,543,492,549,898,1663,3801,0,0,0,0,0,0,0,2,1,0,0,0,1,1,0,2,0,0,13897,7,17,0,0,0,0,0,0
2021-01-23T23:59:59+01:00,0,1,53,83,225,465,394,892,500,1437,769,1134,540,490,532,860,1402,3324,0,0,0,0,0,0,0,1,1,0,0,0,1,1,0,2,0,0,13084,6,17,0,0,0,0,0,0
2021-01-22T23:59:59+01:00,0,1,53,83,224,461,389,882,495,1427,764,1127,534,481,515,818,1023,2583,0,0,0,0,0,0,0,1,1,0,0,0,1,1,0,2,0,0,11844,6,16,0,0,0,0,0,0
2021-01-21T23:59:59+01:00,0,1,53,80,205,427,363,826,467,1327,737,1092,530,481,515,818,1023,2583,0,0,0,0,0,0,0,1,1,0,0,0,1,1,0,2,0,0,11512,6,16,0,0,0,0,0,0
2021-01-20T23:59:59+01:00,0,1,51,70,178,355,322,741,424,1173,667,1002,494,470,510,818,1023,2582,0,0,0,0,0,0,0,1,1,0,0,0,1,1,0,2,0,0,10865,6,16,0,0,0,0,0,0
2021-01-19T23:59:59+01:00,0,1,44,57,134,277,248,583,347,991,577,863,459,458,506,816,1023,2582,0,0,0,0,0,0,0,0,0,0,0,0,1,0,0,2,0,0,9958,3,8,0,0,0,0,0,0
2021-01-18T23:59:59+01:00,0,1,40,44,85,176,179,433,281,727,505,706,451,451,503,812,1021,2582,0,0,0,0,0,0,0,0,0,0,0,0,0,0,0,1,0,0,8997,1,0,0,0,0,0,0,0
2021-01-17T23:59:59+01:00,0,1,37,43,82,173,175,424,277,716,500,693,449,451,503,812,1021,2581,0,0,0,0,0,0,0,0,0,0,0,0,0,0,0,0,0,0,8938,0,0,0,0,0,0,0,0
2021-01-16T23:59:59+01:00,0,1,34,42,80,171,171,415,270,709,485,684,440,449,464,765,774,2184,0,0,0,0,0,0,0,0,0,0,0,0,0,0,0,0,0,0,8138,0,0,0,0,0,0,0,0
2021-01-15T23:59:59+01:00,0,1,32,40,77,166,168,409,263,692,471,676,434,448,459,741,361,1542,0,0,0,0,0,0,0,0,0,0,0,0,0,0,0,0,0,0,6980,0,0,0,0,0,0,0,0
2021-01-14T23:59:59+01:00,0,1,32,38,76,160,163,404,255,679,460,668,431,445,459,740,361,1542,0,0,0,0,0,0,0,0,0,0,0,0,0,0,0,0,0,0,6914,0,0,0,0,0,0,0,0
2021-01-13T23:59:59+01:00,0,0,24,31,60,128,128,306,195,545,351,525,328,343,374,577,282,1246,0,0,0,0,0,0,0,0,0,0,0,0,0,0,0,0,0,0,5443,0,0,0,0,0,0,0,0
2021-01-12T23:59:59+01:00,0,0,17,24,44,89,93,218,141,393,238,389,236,235,247,371,204,846,0,0,0,0,0,0,0,0,0,0,0,0,0,0,0,0,0,0,3785,0,0,0,0,0,0,0,0
2021-01-11T23:59:59+01:00,0,0,9,15,26,49,62,140,89,220,125,208,116,112,106,179,93,374,0,0,0,0,0,0,0,0,0,0,0,0,0,0,0,0,0,0,1923,0,0,0,0,0,0,0,0
2021-01-10T23:59:59+01:00,0,0,8,15,22,44,55,110,81,179,105,175,110,108,102,177,90,374,0,0,0,0,0,0,0,0,0,0,0,0,0,0,0,0,0,0,1755,0,0,0,0,0,0,0,0
2021-01-09T23:59:59+01:00,0,0,8,15,22,44,55,110,81,179,105,175,110,107,102,177,90,374,0,0,0,0,0,0,0,0,0,0,0,0,0,0,0,0,0,0,1754,0,0,0,0,0,0,0,0
2021-01-08T23:59:59+01:00,0,0,8,14,21,43,52,103,76,168,99,172,107,103,97,168,88,364,0,0,0,0,0,0,0,0,0,0,0,0,0,0,0,0,0,0,1683,0,0,0,0,0,0,0,0
2021-01-07T23:59:59+01:00,0,0,3,3,5,7,11,17,21,34,24,36,17,22,23,35,23,107,0,0,0,0,0,0,0,0,0,0,0,0,0,0,0,0,0,0,388,0,0,0,0,0,0,0,0
2021-01-06T23:59:59+01:00,0,0,3,2,5,6,9,16,21,33,21,32,17,21,23,35,23,106,0,0,0,0,0,0,0,0,0,0,0,0,0,0,0,0,0,0,373,0,0,0,0,0,0,0,0
2021-01-05T23:59:59+01:00,0,0,3,2,5,6,9,16,21,33,21,32,17,21,23,35,23,106,0,0,0,0,0,0,0,0,0,0,0,0,0,0,0,0,0,0,373,0,0,0,0,0,0,0,0
2021-01-04T23:59:59+01:00,0,0,0,0,0,0,0,2,2,0,0,0,1,1,0,2,0,0,0,0,0,0,0,0,0,0,0,0,0,0,0,0,0,0,0,0,8,0,0,0,0,0,0,0,0
2021-01-03T23:59:59+01:00,0,0,0,0,0,0,0,2,2,0,0,0,1,1,0,2,0,0,0,0,0,0,0,0,0,0,0,0,0,0,0,0,0,0,0,0,8,0,0,0,0,0,0,0,0
2021-01-02T23:59:59+01:00,0,0,0,0,0,0,0,1,2,0,0,0,1,1,0,2,0,0,0,0,0,0,0,0,0,0,0,0,0,0,0,0,0,0,0,0,7,0,0,0,0,0,0,0,0
2021-01-01T23:59:59+01:00,0,0,0,0,0,0,0,1,2,0,0,0,1,1,0,2,0,0,0,0,0,0,0,0,0,0,0,0,0,0,0,0,0,0,0,0,7,0,0,0,0,0,0,0,0
2020-12-31T23:59:59+01:00,0,0,0,0,0,0,0,1,2,0,0,0,1,1,0,2,0,0,0,0,0,0,0,0,0,0,0,0,0,0,0,0,0,0,0,0,7,0,0,0,0,0,0,0,0
2020-12-30T23:59:59+01:00,0,0,0,0,0,0,0,1,2,0,0,0,1,1,0,2,0,0,0,0,0,0,0,0,0,0,0,0,0,0,0,0,0,0,0,0,7,0,0,0,0,0,0,0,0
2020-12-29T23:59:59+01:00,0,0,0,0,0,0,0,1,1,0,0,0,1,0,0,2,0,0,0,0,0,0,0,0,0,0,0,0,0,0,0,0,0,0,0,0,5,0,0,0,0,0,0,0,0
2020-12-28T23:59:59+01:00,0,0,0,0,0,0,0,1,0,0,0,0,1,0,0,1,0,0,0,0,0,0,0,0,0,0,0,0,0,0,0,0,0,0,0,0,3,0,0,0,0,0,0,0,0
2020-12-27T23:59:59+01:00,0,0,0,0,0,0,0,0,0,0,0,0,0,0,0,0,0,0,0,0,0,0,0,0,0,0,0,0,0,0,0,0,0,0,0,0,0,0,0,0,0,0,0,0,0
