Datum,<15_1_m,<15_1_w,15-24_1_m,15-24_1_w,25-34_1_m,25-34_1_w,35-44_1_m,35-44_1_w,45-54_1_m,45-54_1_w,55-64_1_m,55-64_1_w,65-74_1_m,65-74_1_w,75-84_1_m,75-84_1_w,>84_1_m,>84_1_w,<15_2_m,<15_2_w,15-24_2_m,15-24_2_w,25-34_2_m,25-34_2_w,35-44_2_m,35-44_2_w,45-54_2_m,45-54_2_w,55-64_2_m,55-64_2_w,65-74_2_m,65-74_2_w,75-84_2_m,75-84_2_w,>84_2_m,>84_2_w,bp_1,bp_2,mo_1,mo_2,az_1,az_2,ja,unb_1,unb_2
2021-11-14T23:59:59+01:00,2763,2578,17821,16558,20576,18897,23206,23126,29552,30307,35554,36157,26251,29142,17772,22691,5391,10225,2003,1802,14590,13808,17749,16394,20826,20752,27061,27851,33488,34199,25475,28258,17276,22036,5210,9774,270376,244113,33066,31041,46608,44901,18460,88,37
2021-11-13T23:59:59+01:00,2714,2527,17609,16419,20384,18761,23093,23018,29435,30221,35480,36083,26239,29125,17764,22679,5389,10223,1998,1795,14558,13793,17721,16370,20797,20731,27040,27838,33465,34176,25467,28250,17273,22031,5210,9774,268975,243850,33065,31041,46608,44901,18458,88,37
2021-11-12T23:59:59+01:00,2654,2461,17328,16185,20163,18567,22930,22874,29271,30070,35357,35980,26214,29097,17749,22653,5383,10218,1990,1776,14475,13730,17630,16296,20714,20687,26967,27772,33426,34132,25462,28234,17272,22022,5210,9771,267039,243181,33013,31010,46607,44900,18438,88,37
2021-11-11T23:59:59+01:00,2592,2408,17142,16029,20002,18432,22786,22733,29136,29958,35284,35890,26176,29059,17732,22636,5380,10210,1975,1755,14399,13673,17562,16233,20645,20625,26904,27716,33373,34091,25445,28209,17267,22010,5206,9768,265625,242620,32935,30939,46607,44899,18361,88,37
2021-11-10T23:59:59+01:00,2543,2372,17011,15910,19855,18318,22682,22632,29035,29875,35214,35817,26150,29026,17723,22617,5376,10199,1966,1743,14363,13618,17516,16193,20600,20574,26854,27662,33335,34053,25418,28181,17250,22001,5206,9765,264462,242125,32902,30909,46606,44899,18328,88,37
2021-11-09T23:59:59+01:00,2525,2342,16897,15794,19749,18216,22572,22534,28957,29803,35146,35754,26128,28999,17709,22602,5374,10193,1959,1730,14337,13582,17492,16169,20574,20549,26822,27629,33302,34025,25407,28166,17242,21992,5206,9759,263439,241821,32879,30872,46606,44899,18313,88,37
2021-11-08T23:59:59+01:00,2421,2222,16665,15606,19624,18105,22466,22445,28863,29723,35069,35695,26103,28978,17696,22588,5372,10188,1948,1724,14288,13537,17465,16133,20550,20512,26792,27598,33275,33992,25395,28148,17240,21984,5201,9757,262016,241477,32878,30849,46600,44898,18278,88,37
2021-11-07T23:59:59+01:00,2407,2207,16620,15570,19565,18059,22421,22407,28823,29696,35031,35667,26095,28969,17691,22582,5372,10185,1937,1718,14271,13510,17446,16107,20532,20492,26782,27579,33254,33978,25387,28138,17233,21977,5200,9754,261586,241260,32876,30849,46597,44898,18251,88,37
2021-11-06T23:59:59+01:00,2369,2166,16404,15386,19396,17920,22289,22308,28702,29606,34966,35612,26081,28957,17686,22578,5371,10184,1932,1716,14246,13493,17422,16089,20520,20478,26768,27568,33248,33964,25383,28134,17231,21975,5200,9753,260202,241085,32874,30849,46597,44898,18251,88,37
2021-11-05T23:59:59+01:00,2296,2098,16091,15101,19156,17694,22079,22130,28536,29456,34860,35531,26065,28936,17679,22567,5371,10182,1915,1704,14165,13414,17364,16037,20466,20432,26726,27533,33226,33945,25376,28125,17226,21964,5200,9750,258207,240671,32813,30808,46597,44898,18154,88,37
2021-11-04T23:59:59+01:00,2260,2067,15943,14958,19009,17561,21975,22016,28429,29346,34781,35482,26052,28914,17676,22559,5370,10182,1895,1684,14105,13354,17304,15970,20416,20366,26682,27475,33182,33904,25363,28108,17213,21952,5200,9741,257187,240247,32767,30759,46592,44894,17977,88,37
2021-11-03T23:59:59+01:00,2242,2043,15825,14858,18910,17484,21877,21933,28344,29285,34724,35452,26032,28892,17669,22548,5367,10179,1877,1670,14069,13315,17266,15923,20379,20335,26646,27434,33141,33874,25348,28089,17204,21934,5199,9732,256313,239817,32761,30746,46592,44894,17941,88,37
2021-11-02T23:59:59+01:00,2233,2030,15754,14789,18825,17412,21804,21877,28278,29244,34689,35418,26020,28877,17661,22545,5366,10174,1857,1658,14025,13273,17219,15894,20343,20300,26617,27409,33109,33841,25338,28074,17199,21924,5197,9726,255708,239435,32732,30731,46592,44893,17907,88,37
2021-11-01T23:59:59+01:00,2226,2018,15696,14749,18760,17379,21760,21848,28241,29223,34669,35401,26014,28876,17660,22542,5366,10173,1845,1651,13987,13250,17197,15867,20322,20286,26597,27391,33097,33834,25330,28070,17196,21915,5196,9724,255338,239219,32732,30723,46590,44892,17884,88,37
2021-10-31T23:59:59+01:00,2226,2018,15696,14749,18760,17379,21760,21848,28240,29223,34669,35401,26014,28876,17660,22542,5366,10173,1845,1651,13987,13250,17197,15866,20322,20286,26596,27391,33097,33834,25330,28070,17196,21915,5196,9724,255338,239218,32732,30723,46590,44892,17883,88,37
2021-10-30T23:59:59+02:00,2224,2015,15693,14749,18760,17379,21758,21847,28239,29223,34669,35400,26014,28875,17660,22542,5366,10173,1843,1649,13986,13250,17197,15866,20322,20286,26596,27391,33096,33834,25330,28070,17196,21915,5196,9724,255325,239212,32731,30723,46590,44892,17883,88,37
2021-10-29T23:59:59+02:00,2200,1984,15561,14645,18615,17269,21636,21761,28120,29152,34602,35359,26003,28867,17655,22540,5366,10171,1830,1636,13921,13215,17146,15819,20273,20264,26559,27366,33077,33814,25327,28066,17194,21911,5196,9721,254414,238957,32682,30686,46590,44892,17763,88,37
2021-10-28T23:59:59+02:00,2177,1955,15424,14548,18431,17153,21516,21674,28021,29079,34541,35311,25990,28855,17651,22533,5366,10169,1816,1620,13843,13141,17051,15753,20212,20209,26511,27323,33038,33788,25305,28047,17187,21902,5192,9717,253576,238561,32597,30593,46589,44889,17575,88,37
2021-10-27T23:59:59+02:00,2152,1942,15363,14489,18383,17104,21460,21646,27987,29048,34514,35291,25985,28839,17644,22530,5366,10168,1804,1606,13811,13107,17030,15733,20198,20192,26492,27288,33015,33768,25287,28026,17179,21886,5188,9715,253127,238266,32594,30589,46589,44889,17544,88,37
2021-10-26T23:59:59+02:00,2139,1918,15321,14457,18345,17069,21430,21629,27969,29028,34495,35281,25977,28835,17641,22527,5366,10168,1795,1599,13787,13069,17005,15706,20176,20172,26475,27270,32993,33755,25276,28008,17169,21867,5184,9698,252824,237961,32588,30580,46589,44889,17537,88,37
2021-10-25T23:59:59+02:00,2132,1913,15288,14439,18323,17052,21415,21620,27956,29022,34491,35276,25977,28833,17641,22527,5366,10168,1794,1599,13783,13066,17002,15704,20176,20169,26474,27269,32990,33753,25276,28008,17169,21866,5184,9698,252672,237941,32584,30576,46589,44889,17537,88,37
2021-10-24T23:59:59+02:00,2122,1907,15273,14432,18308,17042,21403,21611,27944,29009,34483,35270,25976,28828,17639,22527,5366,10168,1788,1593,13771,13047,16995,15691,20169,20160,26464,27263,32985,33745,25272,28003,17167,21865,5183,9697,252550,237826,32584,30576,46587,44889,17530,88,37
2021-10-23T23:59:59+02:00,2122,1907,15273,14432,18307,17042,21403,21610,27944,29009,34483,35270,25976,28828,17639,22527,5366,10168,1788,1593,13771,13047,16995,15691,20169,20160,26464,27263,32984,33745,25272,28003,17167,21865,5183,9697,252548,237825,32584,30576,46587,44889,17530,88,37
2021-10-22T23:59:59+02:00,2107,1890,15206,14386,18215,16982,21336,21561,27890,28962,34452,35254,25976,28824,17638,22524,5365,10167,1771,1572,13718,12983,16950,15656,20139,20136,26444,27245,32964,33728,25264,28001,17167,21862,5183,9696,252075,237506,32524,30555,46587,44889,17492,88,37
2021-10-21T23:59:59+02:00,2077,1858,15088,14303,18095,16891,21245,21501,27817,28899,34387,35215,25962,28804,17632,22514,5364,10163,1744,1555,13640,12902,16882,15606,20082,20093,26390,27199,32916,33693,25247,27981,17156,21838,5182,9691,251318,237035,32470,30454,46587,44889,17382,88,37
2021-10-20T23:59:59+02:00,2064,1847,15042,14269,18045,16854,21197,21461,27786,28873,34359,35197,25955,28791,17624,22503,5363,10158,1722,1542,13611,12869,16849,15570,20052,20062,26359,27169,32893,33660,25227,27969,17145,21828,5182,9686,250917,236658,32456,30442,46587,44889,17369,88,37
2021-10-19T23:59:59+02:00,2055,1840,15022,14239,18024,16833,21181,21446,27773,28856,34341,35185,25943,28782,17622,22500,5363,10158,1708,1524,13591,12831,16813,15533,20022,20038,26335,27145,32862,33638,25210,27952,17139,21814,5178,9680,250705,236290,32456,30441,46587,44889,17356,88,37
2021-10-18T23:59:59+02:00,2050,1833,15000,14221,18007,16812,21156,21421,27759,28844,34328,35171,25941,28776,17620,22497,5360,10157,1694,1512,13564,12800,16798,15506,20001,20013,26317,27120,32847,33618,25198,27944,17135,21806,5175,9678,250519,236030,32445,30429,46587,44887,17343,88,37
2021-10-17T23:59:59+02:00,2046,1831,14975,14211,18004,16806,21152,21415,27753,28835,34325,35166,25936,28773,17618,22497,5359,10153,1692,1506,13537,12779,16778,15490,19987,19996,26301,27110,32838,33607,25189,27936,17131,21803,5170,9669,250431,235837,32444,30429,46587,44882,17334,88,37
2021-10-16T23:59:59+02:00,2046,1830,14975,14209,18004,16806,21151,21415,27753,28835,34325,35166,25936,28773,17618,22497,5359,10153,1692,1506,13537,12779,16778,15490,19987,19996,26301,27110,32838,33607,25189,27936,17131,21803,5170,9669,250427,235837,32444,30429,46587,44882,17334,88,37
2021-10-15T23:59:59+02:00,2041,1815,14946,14176,17984,16783,21127,21401,27738,28825,34310,35160,25936,28770,17617,22493,5359,10151,1675,1484,13467,12724,16744,15457,19950,19970,26279,27085,32827,33591,25186,27933,17126,21800,5169,9668,250260,235515,32419,30394,46587,44882,17307,88,37
2021-10-14T23:59:59+02:00,2013,1798,14852,14109,17923,16729,21089,21368,27701,28794,34281,35138,25928,28762,17613,22485,5358,10145,1648,1455,13369,12629,16679,15394,19904,19900,26221,27034,32784,33555,25168,27910,17112,21781,5167,9665,249850,234985,32363,30244,46587,44882,17227,88,37
2021-10-13T23:59:59+02:00,1998,1789,14820,14065,17898,16701,21073,21349,27677,28778,34260,35125,25921,28752,17605,22477,5357,10142,1633,1443,13324,12589,16649,15359,19867,19854,26193,27009,32755,33514,25148,27889,17103,21756,5162,9659,249570,234537,32361,30240,46587,44882,17210,88,37
2021-10-12T23:59:59+02:00,1989,1784,14789,14032,17879,16674,21047,21327,27658,28757,34241,35108,25916,28746,17603,22469,5356,10140,1619,1435,13283,12543,16625,15315,19833,19819,26168,26982,32726,33491,25130,27865,17092,21734,5152,9628,249308,234081,32359,30238,46587,44882,17202,88,37
2021-10-11T23:59:59+02:00,1983,1776,14766,14019,17865,16657,21033,21315,27646,28747,34232,35094,25912,28739,17599,22464,5356,10136,1615,1425,13249,12511,16609,15287,19814,19793,26149,26955,32701,33463,25112,27844,17085,21722,5151,9618,249148,233759,32359,30238,46586,44882,17187,88,37
2021-10-10T23:59:59+02:00,1970,1764,14748,14001,17847,16642,21023,21301,27640,28742,34221,35087,25912,28735,17598,22461,5354,10136,1595,1415,13221,12486,16582,15259,19793,19773,26133,26937,32688,33448,25104,27834,17080,21719,5149,9615,249006,233506,32359,30238,46586,44878,17172,88,37
2021-10-09T23:59:59+02:00,1970,1764,14748,14001,17846,16641,21022,21301,27640,28742,34220,35086,25912,28733,17598,22461,5354,10136,1595,1415,13221,12486,16581,15259,19792,19773,26133,26936,32687,33446,25104,27832,17080,21719,5149,9615,249005,233505,32359,30237,46586,44878,17166,88,37
2021-10-08T23:59:59+02:00,1953,1749,14711,13979,17818,16616,20999,21286,27621,28728,34205,35071,25907,28732,17598,22459,5353,10134,1572,1376,13144,12398,16525,15208,19739,19733,26104,26903,32666,33425,25093,27821,17075,21714,5147,9614,248809,232998,32341,30220,46586,44878,17124,88,37
2021-10-07T23:59:59+02:00,1931,1729,14642,13906,17750,16563,20953,21225,27573,28699,34155,35041,25883,28710,17590,22446,5352,10130,1532,1343,13048,12324,16461,15137,19689,19684,26030,26852,32618,33382,25068,27799,17057,21695,5139,9597,248349,232479,32283,30060,46585,44877,17002,88,37
2021-10-06T23:59:59+02:00,1923,1711,14606,13870,17726,16535,20935,21202,27543,28667,34122,35020,25869,28697,17587,22441,5349,10127,1515,1330,13021,12283,16436,15109,19664,19658,26002,26826,32595,33352,25056,27786,17047,21683,5137,9591,248047,232163,32283,30060,46585,44877,16954,88,37
2021-10-05T23:59:59+02:00,1916,1699,14582,13832,17693,16519,20914,21180,27521,28640,34102,34993,25852,28681,17578,22430,5349,10123,1498,1315,12988,12251,16410,15091,19643,19634,25981,26799,32573,33334,25049,27777,17040,21676,5133,9586,247745,231873,32282,30060,46584,44876,16932,88,37
2021-10-04T23:59:59+02:00,1904,1694,14536,13794,17662,16491,20893,21159,27498,28616,34086,34974,25845,28664,17575,22425,5348,10119,1476,1299,12954,12214,16391,15061,19630,19610,25957,26771,32555,33306,25038,27767,17034,21669,5131,9582,247493,231586,32255,30057,46583,44875,16890,88,37
2021-10-03T23:59:59+02:00,1892,1688,14518,13765,17644,16473,20881,21149,27488,28604,34076,34965,25836,28659,17568,22417,5347,10117,1465,1289,12932,12196,16367,15043,19619,19599,25947,26758,32544,33293,25027,27756,17034,21661,5131,9582,247355,231435,32245,30053,46580,44874,16844,88,37
2021-10-02T23:59:59+02:00,1891,1688,14516,13764,17643,16472,20881,21148,27488,28604,34075,34965,25836,28658,17568,22417,5347,10117,1465,1289,12932,12195,16367,15043,19619,19599,25947,26758,32544,33293,25027,27756,17034,21661,5131,9582,247346,231434,32245,30053,46580,44874,16844,88,37
2021-10-01T23:59:59+02:00,1878,1669,14453,13700,17581,16420,20839,21106,27452,28584,34049,34946,25828,28654,17568,22411,5347,10114,1430,1252,12829,12092,16285,14986,19560,19550,25911,26723,32512,33265,25012,27741,17030,21653,5130,9580,247017,230861,32213,30043,46580,44874,16726,88,37
2021-09-30T23:59:59+02:00,1865,1649,14355,13614,17517,16362,20777,21054,27395,28526,33991,34919,25806,28637,17559,22400,5345,10111,1406,1228,12723,12017,16212,14938,19509,19497,25856,26665,32457,33237,24991,27719,17024,21641,5127,9579,246647,230551,32085,29863,46577,44865,16510,88,37
2021-09-29T23:59:59+02:00,1850,1629,14330,13589,17494,16320,20739,21024,27368,28493,33965,34896,25786,28621,17553,22390,5345,10110,1388,1215,12691,11984,16192,14910,19496,19478,25841,26647,32439,33214,24976,27706,17014,21628,5124,9575,246297,230273,32084,29863,46577,44864,16481,88,37
2021-09-28T23:59:59+02:00,1833,1620,14301,13557,17465,16286,20712,20990,27336,28470,33938,34872,25772,28601,17543,22380,5342,10104,1363,1208,12651,11953,16171,14882,19482,19452,25822,26636,32426,33193,24970,27695,17011,21622,5122,9574,245945,230016,32083,29863,46577,44863,16454,88,37
2021-09-27T23:59:59+02:00,1825,1615,14273,13532,17446,16264,20687,20967,27314,28451,33919,34850,25764,28588,17541,22372,5342,10101,1349,1197,12613,11919,16150,14860,19456,19435,25802,26614,32417,33173,24962,27682,17005,21615,5120,9573,245726,229783,32083,29863,46577,44857,16402,88,37
2021-09-26T23:59:59+02:00,1821,1610,14257,13512,17426,16247,20676,20952,27298,28436,33911,34837,25753,28583,17537,22371,5341,10100,1342,1193,12597,11899,16135,14843,19443,19423,25793,26603,32406,33162,24956,27680,17002,21611,5119,9572,245574,229652,32083,29862,46577,44857,16371,88,37
2021-09-25T23:59:59+02:00,1818,1608,14244,13496,17405,16236,20655,20941,27279,28420,33898,34829,25746,28578,17532,22368,5340,10098,1340,1191,12586,11885,16117,14833,19423,19411,25778,26586,32394,33154,24950,27675,16997,21608,5119,9570,245531,229625,32083,29862,46577,44857,16236,88,37
2021-09-24T23:59:59+02:00,1800,1584,14162,13415,17336,16185,20600,20891,27240,28376,33858,34798,25728,28567,17522,22358,5338,10094,1311,1172,12489,11781,16035,14766,19369,19350,25731,26550,32346,33124,24927,27654,16988,21596,5117,9566,245135,229109,32064,29857,46577,44857,16012,88,37
2021-09-23T23:59:59+02:00,1779,1564,14058,13316,17243,16099,20508,20814,27158,28318,33809,34738,25702,28544,17510,22339,5334,10087,1298,1163,12400,11706,15965,14699,19295,19300,25671,26493,32300,33088,24907,27635,16982,21585,5114,9560,244644,228776,31963,29819,46576,44856,15673,88,37
2021-09-22T23:59:59+02:00,1760,1551,14021,13268,17193,16057,20456,20767,27119,28271,33758,34687,25672,28517,17502,22317,5330,10083,1281,1154,12358,11660,15919,14666,19265,19271,25642,26465,32250,33053,24879,27610,16976,21571,5110,9551,244223,228453,31938,29810,46576,44854,15527,88,37
2021-09-21T23:59:59+02:00,1747,1536,13959,13215,17171,16007,20423,20728,27088,28231,33722,34666,25659,28500,17490,22293,5322,10055,1256,1131,12311,11600,15889,14638,19232,19232,25615,26437,32225,33026,24858,27593,16973,21562,5108,9540,243732,228072,31934,29760,46576,44852,15505,88,37
2021-09-20T23:59:59+02:00,1737,1529,13908,13176,17134,15966,20382,20695,27046,28193,33687,34632,25639,28473,17482,22276,5311,10028,1237,1127,12255,11564,15856,14615,19203,19206,25586,26413,32203,33002,24845,27580,16970,21554,5103,9526,243291,227768,31934,29760,46576,44852,15428,88,37
2021-09-19T23:59:59+02:00,1732,1520,13883,13150,17103,15944,20355,20676,27025,28165,33674,34618,25631,28464,17479,22273,5310,10026,1233,1116,12231,11543,15834,14595,19189,19187,25573,26401,32193,32991,24838,27575,16964,21548,5102,9526,243062,227601,31933,29759,46576,44850,15392,88,37
2021-09-18T23:59:59+02:00,1729,1516,13871,13138,17092,15937,20345,20669,27018,28161,33668,34614,25631,28464,17479,22272,5310,10026,1233,1114,12224,11535,15824,14590,19179,19184,25566,26397,32188,32989,24838,27575,16964,21548,5102,9526,243025,227581,31920,29754,46576,44850,15354,88,37
2021-09-17T23:59:59+02:00,1706,1482,13770,13024,16984,15861,20264,20598,26948,28101,33615,34570,25608,28441,17467,22261,5309,10023,1216,1097,12139,11458,15723,14513,19091,19112,25497,26328,32125,32946,24819,27555,16954,21530,5101,9522,242560,227140,31873,29742,46576,44849,14958,88,37
2021-09-16T23:59:59+02:00,1679,1444,13671,12914,16896,15765,20173,20508,26846,28014,33538,34504,25576,28408,17453,22237,5302,10002,1192,1071,12049,11379,15653,14449,19010,19033,25408,26246,32064,32891,24777,27517,16944,21517,5098,9511,241943,226672,31776,29683,46576,44847,14570,88,37
2021-09-15T23:59:59+02:00,1661,1435,13611,12861,16844,15703,20127,20458,26790,27963,33486,34448,25550,28376,17438,22208,5295,9979,1172,1055,11989,11318,15597,14398,18958,18983,25347,26196,32006,32835,24745,27484,16928,21498,5094,9500,241523,226236,31755,29667,46572,44845,14318,88,37
2021-09-14T23:59:59+02:00,1645,1424,13548,12793,16771,15651,20067,20411,26740,27906,33436,34397,25527,28357,17425,22197,5291,9974,1144,1033,11927,11256,15524,14338,18904,18938,25299,26142,31949,32782,24714,27461,16914,21482,5094,9495,241121,225842,31703,29573,46572,44845,14099,88,37
2021-09-13T23:59:59+02:00,1623,1408,13510,12756,16744,15624,20048,20386,26718,27881,33415,34373,25516,28349,17420,22186,5291,9971,1127,1018,11884,11222,15491,14316,18881,18908,25275,26114,31922,32760,24703,27450,16901,21473,5091,9494,240839,225534,31702,29571,46567,44843,14045,88,37
2021-09-12T23:59:59+02:00,1612,1405,13477,12733,16702,15608,20034,20375,26707,27862,33409,34361,25510,28342,17419,22182,5291,9968,1115,1012,11840,11202,15445,14298,18857,18887,25259,26101,31908,32746,24695,27441,16898,21469,5090,9491,240679,225319,31702,29571,46565,44842,13985,88,37
2021-09-11T23:59:59+02:00,1601,1404,13461,12721,16688,15599,20024,20372,26695,27856,33405,34357,25506,28341,17418,22181,5289,9968,1036,950,11773,11151,15429,14290,18849,18876,25246,26090,31900,32733,24693,27439,16897,21468,5090,9491,240614,224995,31681,29569,46565,44842,13958,88,37
2021-09-10T23:59:59+02:00,1562,1358,13312,12594,16616,15522,19917,20287,26613,27792,33343,34303,25466,28310,17403,22158,5283,9963,1009,925,11652,11048,15344,14207,18740,18792,25153,26033,31826,32676,24651,27408,16881,21448,5085,9486,240016,224439,31663,29558,46565,44842,13488,88,37
2021-09-09T23:59:59+02:00,1539,1337,13242,12529,16562,15472,19864,20249,26560,27725,33301,34263,25438,28292,17398,22145,5279,9956,989,901,11588,10975,15292,14155,18687,18761,25097,25992,31778,32642,24629,27393,16868,21438,5082,9475,239646,224064,31588,29518,46565,44842,13281,88,37
2021-09-08T23:59:59+02:00,1524,1320,13213,12505,16546,15448,19844,20236,26544,27713,33288,34252,25426,28284,17392,22139,5276,9953,977,885,11544,10931,15267,14137,18675,18744,25079,25968,31756,32631,24615,27378,16866,21432,5082,9473,239426,223787,31588,29518,46561,44841,13257,88,37
2021-09-07T23:59:59+02:00,1491,1302,13155,12458,16506,15416,19821,20207,26507,27692,33254,34222,25401,28266,17386,22124,5271,9947,959,876,11485,10866,15213,14084,18638,18711,25032,25923,31704,32604,24587,27355,16858,21415,5077,9471,239192,223479,31504,29403,46561,44841,13098,88,37
2021-09-06T23:59:59+02:00,1476,1293,13125,12424,16485,15393,19802,20186,26491,27677,33243,34213,25399,28254,17383,22120,5268,9947,946,867,11463,10834,15195,14052,18616,18695,25016,25903,31682,32589,24577,27343,16857,21407,5074,9471,238975,223250,31504,29392,46561,44840,13068,88,37
2021-09-05T23:59:59+02:00,1466,1285,13108,12404,16469,15377,19791,20179,26485,27668,33233,34201,25397,28251,17381,22116,5268,9947,939,862,11444,10818,15170,14036,18605,18686,25009,25896,31673,32569,24574,27332,16854,21402,5072,9470,238847,223100,31504,29392,46561,44839,13043,88,37
2021-09-04T23:59:59+02:00,1466,1285,13107,12403,16469,15377,19789,20179,26484,27668,33233,34201,25397,28251,17381,22115,5268,9947,938,862,11444,10816,15168,14036,18600,18686,25008,25894,31673,32567,24573,27332,16854,21402,5072,9470,238845,223089,31504,29391,46561,44839,13039,88,37
2021-09-03T23:59:59+02:00,1439,1269,13005,12306,16413,15324,19751,20140,26442,27641,33196,34184,25379,28240,17377,22104,5266,9946,894,828,11303,10689,15105,13960,18529,18640,24937,25845,31614,32531,24540,27304,16841,21386,5069,9466,238346,222277,31504,29388,46561,44839,12940,88,37
2021-09-02T23:59:59+02:00,1424,1262,12941,12264,16370,15291,19717,20113,26408,27607,33171,34163,25364,28228,17372,22099,5266,9942,889,822,11226,10651,15057,13925,18491,18620,24904,25823,31576,32501,24521,27283,16835,21381,5069,9464,238123,222014,31440,29346,46557,44830,12811,88,37
2021-09-01T23:59:59+02:00,1401,1247,12905,12226,16349,15271,19698,20098,26390,27587,33149,34138,25354,28217,17366,22089,5263,9938,874,800,11185,10616,15037,13897,18471,18600,24883,25801,31551,32469,24506,27269,16827,21375,5067,9462,237823,221684,31440,29344,46556,44829,12796,88,37
2021-08-31T23:59:59+02:00,1369,1225,12850,12166,16303,15235,19665,20053,26344,27538,33109,34103,25338,28196,17360,22076,5259,9934,852,775,11113,10547,14989,13836,18419,18567,24833,25747,31494,32426,24475,27253,16818,21362,5064,9455,237512,221255,31377,29315,46556,44810,12608,87,37
2021-08-30T23:59:59+02:00,1345,1210,12805,12128,16278,15213,19645,20036,26321,27521,33087,34086,25327,28186,17360,22072,5257,9932,844,764,11035,10514,14961,13815,18397,18543,24805,25731,31467,32399,24464,27238,16812,21355,5061,9452,237257,220958,31377,29315,46556,44799,12548,87,37
2021-08-29T23:59:59+02:00,1339,1204,12791,12111,16267,15204,19636,20026,26318,27512,33080,34072,25322,28180,17358,22071,5257,9932,831,755,11017,10477,14950,13798,18381,18529,24792,25721,31458,32387,24455,27226,16810,21350,5061,9452,237152,220779,31377,29315,46556,44795,12524,87,37
2021-08-28T23:59:59+02:00,1332,1190,12759,12090,16252,15192,19625,20012,26311,27502,33071,34066,25320,28175,17357,22068,5257,9931,812,730,10941,10406,14915,13765,18334,18502,24756,25688,31415,32356,24438,27213,16801,21334,5061,9449,236989,220252,31377,29315,46556,44795,12517,87,37
2021-08-27T23:59:59+02:00,1313,1175,12696,12035,16206,15144,19567,19962,26256,27452,33028,34036,25302,28164,17353,22054,5257,9928,809,725,10904,10372,14874,13739,18318,18486,24721,25664,31387,32335,24425,27202,16798,21330,5061,9448,236565,220094,31377,29314,46556,44794,12359,87,37
2021-08-26T23:59:59+02:00,1293,1159,12626,11979,16160,15101,19523,19922,26202,27394,32977,33991,25272,28135,17346,22044,5254,9924,799,710,10835,10322,14826,13695,18272,18457,24676,25626,31341,32296,24403,27185,16790,21321,5061,9444,236195,219776,31318,29299,46556,44787,12160,87,37
2021-08-25T23:59:59+02:00,1276,1144,12603,11937,16139,15075,19501,19906,26175,27376,32942,33962,25253,28117,17339,22037,5253,9921,785,697,10785,10280,14795,13666,18239,18426,24653,25607,31308,32258,24390,27168,16783,21311,5059,9441,235880,219399,31318,29299,46550,44783,12133,87,37
2021-08-24T23:59:59+02:00,1249,1126,12544,11864,16082,15031,19456,19865,26128,27331,32897,33929,25233,28093,17327,22025,5252,9916,763,677,10707,10206,14751,13626,18193,18390,24603,25556,31266,32221,24366,27141,16768,21295,5058,9440,235569,218986,31191,29259,46550,44783,11962,87,37
2021-08-23T23:59:59+02:00,1236,1113,12506,11828,16057,15012,19435,19830,26108,27295,32867,33907,25219,28080,17323,22016,5252,9913,740,661,10651,10153,14721,13588,18155,18356,24576,25526,31231,32188,24353,27121,16761,21292,5056,9439,235270,218581,31190,29259,46549,44780,11911,87,37
2021-08-22T23:59:59+02:00,1228,1106,12491,11806,16042,14996,19428,19811,26096,27284,32856,33891,25208,28074,17321,22014,5249,9913,725,652,10622,10124,14699,13571,18135,18345,24563,25508,31216,32175,24345,27110,16759,21287,5055,9438,235105,218361,31190,29259,46549,44779,11893,87,37
2021-08-21T23:59:59+02:00,1140,1034,12416,11748,16030,14984,19417,19799,26086,27273,32846,33875,25203,28070,17318,22011,5249,9913,714,646,10598,10094,14682,13567,18126,18333,24554,25502,31209,32169,24342,27110,16758,21287,5055,9438,234731,218238,31184,29259,46549,44779,11871,87,37
2021-08-20T23:59:59+02:00,1120,1018,12355,11679,15970,14929,19354,19760,26032,27240,32796,33848,25188,28059,17309,22006,5248,9911,710,640,10543,10057,14640,13531,18086,18307,24519,25483,31179,32152,24333,27103,16752,21284,5055,9437,234230,217954,31184,29259,46549,44779,11782,87,37
2021-08-19T23:59:59+02:00,1094,994,12286,11622,15909,14897,19304,19709,25970,27190,32752,33813,25157,28036,17297,21995,5245,9909,701,628,10448,9978,14571,13492,18030,18269,24450,25440,31112,32108,24292,27084,16743,21267,5054,9434,233937,217518,31092,29250,46548,44771,11525,87,37
2021-08-18T23:59:59+02:00,1082,978,12246,11586,15880,14867,19276,19679,25940,27159,32715,33787,25138,28024,17292,21986,5243,9908,687,617,10393,9910,14523,13468,17980,18240,24403,25403,31053,32069,24270,27066,16737,21254,5050,9428,233619,217060,31091,29242,46547,44760,11452,87,37
2021-08-17T23:59:59+02:00,1055,953,12195,11545,15851,14825,19245,19647,25912,27136,32679,33749,25120,28004,17282,21969,5242,9902,672,593,10299,9828,14469,13420,17926,18186,24353,25362,30993,32026,24242,27042,16726,21234,5048,9421,233316,216462,30966,29182,46547,44756,11404,87,36
2021-08-16T23:59:59+02:00,1043,946,12163,11518,15833,14808,19226,19628,25889,27112,32660,33727,25100,27989,17274,21954,5239,9900,657,580,10243,9760,14444,13377,17901,18149,24309,25327,30956,31995,24215,27008,16711,21220,5048,9418,233086,216017,30965,29182,46547,44750,11333,87,36
2021-08-15T23:59:59+02:00,1035,946,12138,11502,15819,14791,19212,19613,25879,27102,32639,33712,25094,27980,17270,21943,5238,9900,650,572,10195,9725,14406,13354,17878,18126,24284,25313,30935,31969,24197,27000,16706,21212,5047,9416,232926,215723,30964,29182,46546,44745,11299,87,36
2021-08-14T23:59:59+02:00,1034,946,12137,11499,15819,14790,19209,19611,25878,27102,32639,33711,25094,27980,17270,21943,5238,9900,594,511,10029,9505,14300,13263,17803,18080,24235,25281,30895,31936,24182,26987,16703,21209,5045,9415,232918,214718,30964,29181,46546,44744,11294,87,36
2021-08-13T23:59:59+02:00,989,906,11985,11374,15767,14729,19144,19555,25807,27051,32587,33675,25069,27951,17259,21933,5237,9896,586,506,9976,9450,14260,13234,17764,18055,24203,25261,30871,31915,24171,26974,16697,21200,5045,9411,232087,214380,30963,29181,46546,44741,11241,86,36
2021-08-12T23:59:59+02:00,975,884,11928,11313,15718,14689,19107,19529,25761,27027,32541,33646,25044,27935,17250,21927,5237,9893,577,497,9884,9384,14187,13192,17702,18005,24136,25225,30817,31866,24143,26949,16681,21182,5043,9411,231855,213957,30938,29175,46546,44726,10987,86,36
2021-08-11T23:59:59+02:00,961,873,11895,11279,15699,14666,19074,19511,25739,27008,32516,33617,25025,27912,17246,21919,5236,9891,533,464,9811,9322,14133,13151,17655,17961,24095,25203,30777,31818,24113,26917,16665,21169,5042,9405,231562,213384,30937,29171,46545,44698,10945,86,36
2021-08-10T23:59:59+02:00,942,863,11807,11227,15647,14635,19030,19474,25685,26973,32459,33563,25008,27897,17239,21906,5235,9888,520,457,9715,9234,14081,13116,17623,17927,24048,25164,30724,31771,24080,26883,16658,21149,5038,9400,231180,212860,30805,29136,46543,44684,10872,86,36
2021-08-09T23:59:59+02:00,939,846,11779,11192,15631,14619,19008,19461,25653,26951,32430,33533,25000,27888,17233,21898,5235,9885,508,440,9660,9172,14040,13066,17586,17886,24017,25119,30689,31732,24066,26866,16653,21136,5036,9394,230940,212404,30805,29133,46542,44677,10816,86,36
2021-08-08T23:59:59+02:00,928,839,11743,11169,15608,14605,18988,19440,25628,26930,32407,33516,24992,27872,17226,21894,5234,9885,486,431,9583,9116,13991,13037,17559,17856,23984,25084,30657,31701,24053,26847,16645,21122,5035,9391,230745,212001,30805,29132,46542,44676,10733,86,36
2021-08-07T23:59:59+02:00,908,812,11646,11091,15564,14564,18946,19406,25589,26900,32361,33484,24975,27860,17217,21876,5233,9882,417,358,8963,8526,13547,12682,17345,17670,23833,24974,30504,31624,23995,26796,16624,21095,5030,9388,230156,208797,30805,29130,46542,44676,10732,86,36
2021-08-06T23:59:59+02:00,899,809,11616,11066,15550,14551,18935,19400,25574,26884,32352,33477,24971,27856,17212,21874,5233,9881,375,309,8377,7905,13033,12284,17116,17464,23688,24862,30409,31545,23964,26749,16612,21081,5027,9381,230107,205624,30684,29117,46542,44676,10728,86,36
2021-08-05T23:59:59+02:00,896,802,11576,11035,15507,14522,18895,19368,25528,26849,32304,33430,24930,27834,17210,21863,5233,9875,367,303,8322,7841,12984,12232,17067,17423,23624,24822,30333,31491,23917,26707,16598,21063,5025,9372,229879,205202,30683,29112,46540,44667,10474,86,36
2021-08-04T23:59:59+02:00,879,786,11546,11005,15488,14490,18862,19342,25501,26820,32258,33391,24915,27821,17205,21857,5231,9867,345,293,8232,7754,12928,12185,17014,17379,23567,24778,30273,31420,23880,26669,16588,21050,5023,9366,229612,204613,30681,29111,46538,44632,10352,86,36
2021-08-03T23:59:59+02:00,863,769,11499,10965,15464,14468,18830,19322,25475,26791,32223,33356,24895,27802,17195,21852,5227,9866,320,282,8150,7668,12858,12133,16945,17327,23507,24740,30230,31370,23844,26635,16573,21039,5020,9362,229276,203953,30679,29101,46537,44624,10289,86,36
2021-08-02T23:59:59+02:00,854,766,11463,10935,15441,14437,18803,19302,25446,26766,32191,33328,24881,27782,17187,21843,5226,9864,310,275,8053,7576,12780,12072,16886,17262,23450,24668,30179,31312,23825,26612,16552,21029,5018,9357,228995,203241,30678,29100,46537,44616,10223,86,36
2021-08-01T23:59:59+02:00,846,759,11437,10906,15428,14423,18788,19291,25426,26754,32174,33313,24877,27773,17186,21840,5224,9863,297,258,7986,7509,12718,12024,16840,17215,23413,24636,30152,31287,23809,26593,16548,21023,5016,9356,228848,202781,30674,29099,46537,44597,10167,86,36
2021-07-31T23:59:59+02:00,843,758,11434,10900,15426,14420,18784,19287,25425,26753,32171,33312,24877,27772,17186,21840,5224,9863,275,238,7833,7324,11948,11355,16284,16776,23317,24557,30087,31216,23779,26557,16536,21004,5015,9354,228818,199559,30673,29099,46537,44596,10165,86,36
2021-07-30T23:59:59+02:00,842,757,11421,10891,15423,14417,18777,19280,25418,26748,32161,33307,24876,27770,17186,21837,5224,9863,228,198,7552,7085,11405,10908,15805,16345,23179,24450,29978,31104,23742,26512,16519,20982,5015,9350,228750,196480,30672,29098,46535,44584,10159,86,36
2021-07-29T23:59:59+02:00,830,748,11382,10844,15385,14396,18737,19254,25381,26714,32108,33278,24858,27750,17175,21819,5224,9860,138,134,7180,6777,10740,10388,15288,15929,23002,24304,29830,30993,23687,26460,16490,20957,5011,9347,228432,193008,30670,29088,46535,44499,10024,86,36
2021-07-28T23:59:59+02:00,811,735,11335,10791,15361,14367,18706,19226,25355,26686,32081,33253,24842,27732,17170,21807,5223,9856,119,105,7015,6624,10593,10264,15175,15794,22909,24208,29728,30894,23645,26402,16471,20928,5010,9337,228103,191758,30670,29086,46530,44389,9952,86,36
2021-07-27T23:59:59+02:00,802,726,11290,10751,15318,14327,18665,19200,25326,26660,32045,33231,24826,27707,17163,21795,5222,9848,99,92,6794,6410,10432,10149,15030,15662,22805,24098,29620,30781,23593,26338,16455,20901,5007,9325,227782,190605,30670,28758,46529,44353,9839,86,36
2021-07-26T23:59:59+02:00,792,713,11240,10702,15292,14306,18647,19172,25298,26629,32012,33205,24811,27685,17151,21783,5221,9845,91,83,6678,6334,10336,10075,14963,15582,22722,24038,29555,30707,23560,26294,16443,20884,5003,9319,227481,189820,30668,28754,46528,44313,9744,86,36
2021-07-25T23:59:59+02:00,781,703,11211,10674,15271,14281,18627,19148,25271,26604,31991,33187,24794,27674,17147,21774,5220,9843,76,78,6602,6254,10268,10012,14889,15522,22668,23984,29499,30669,23529,26273,16431,20870,5003,9315,227282,189232,30668,28750,46527,44283,9641,86,36
2021-07-24T23:59:59+02:00,757,681,11134,10591,15232,14254,18603,19127,25251,26588,31979,33174,24794,27670,17144,21772,5220,9843,76,77,6203,5906,10119,9899,14513,15239,22444,23825,29381,30585,23493,26235,16414,20853,5000,9311,226902,186875,30668,28747,46527,44281,9634,86,36
2021-07-23T23:59:59+02:00,731,659,11066,10505,15202,14220,18575,19113,25230,26567,31964,33156,24783,27665,17142,21772,5220,9840,73,73,5831,5600,9999,9792,14166,14974,22247,23649,29261,30467,23441,26167,16403,20832,4996,9304,226514,184604,30667,28747,46527,44269,9619,86,36
2021-07-22T23:59:59+02:00,690,619,10911,10340,15104,14131,18488,19064,25150,26513,31891,33092,24747,27624,17128,21754,5216,9835,61,62,5514,5303,9730,9576,13582,14496,21926,23390,29029,30238,23340,26069,16361,20794,4992,9301,225558,181279,30666,28735,46526,44250,9464,86,36
2021-07-21T23:59:59+02:00,670,594,10846,10285,15067,14104,18448,19026,25110,26484,31851,33042,24722,27589,17112,21742,5213,9830,51,56,4906,4838,9287,9320,13198,14266,21693,23235,28842,30089,23275,25993,16336,20771,4990,9298,225127,179507,30656,27473,46523,44082,9346,86,36
2021-07-20T23:59:59+02:00,652,577,10788,10230,15041,14067,18413,18999,25079,26452,31815,33008,24702,27568,17107,21727,5210,9823,46,46,4765,4726,9138,9189,13031,14131,21580,23114,28711,29965,23195,25889,16314,20731,4983,9292,224746,178165,30656,27461,46521,43933,9251,86,36
2021-07-19T23:59:59+02:00,639,564,10749,10199,15010,14043,18389,18990,25050,26426,31782,32979,24685,27545,17101,21716,5208,9820,40,43,4685,4659,9040,9111,12913,14034,21482,23006,28612,29845,23139,25832,16288,20702,4978,9286,224497,177226,30656,27452,46512,43835,9146,86,36
2021-07-18T23:59:59+02:00,624,555,10696,10147,14975,14022,18364,18972,25030,26410,31759,32960,24675,27534,17095,21707,5207,9815,38,41,4577,4558,8904,8990,12786,13894,21395,22915,28539,29766,23110,25802,16279,20689,4975,9285,224220,176214,30656,27437,46512,43781,9075,86,36
2021-07-17T23:59:59+02:00,549,484,10408,9848,14860,13920,18273,18893,24924,26336,31651,32909,24641,27500,17082,21687,5205,9814,37,40,4530,4517,8850,8917,12550,13699,20969,22570,28408,29634,23073,25749,16270,20674,4974,9282,222660,174417,30656,27437,46510,43779,9074,86,36
2021-07-16T23:59:59+02:00,520,447,10273,9727,14800,13879,18221,18841,24888,26303,31631,32884,24632,27485,17079,21680,5205,9811,37,40,4484,4475,8774,8876,12179,13420,20425,22170,28274,29540,23023,25712,16261,20669,4972,9280,221992,172304,30656,27434,46509,43772,9065,86,36
2021-07-15T23:59:59+02:00,488,410,10135,9622,14732,13828,18164,18772,24833,26255,31581,32831,24607,27448,17061,21665,5198,9807,24,30,4271,4338,8444,8666,11663,13018,19317,21322,27857,29196,22853,25542,16196,20596,4962,9264,221258,167598,30654,27421,46508,43571,8933,86,36
2021-07-14T23:59:59+02:00,467,396,10104,9596,14694,13807,18134,18737,24794,26213,31530,32778,24577,27420,17050,21648,5197,9805,21,27,4147,4187,8186,8494,11432,12873,19139,21211,27709,29069,22788,25464,16162,20558,4957,9255,220882,166028,30654,27402,46507,43393,8820,86,36
2021-07-13T23:59:59+02:00,443,382,10054,9543,14664,13778,18107,18704,24757,26192,31495,32736,24561,27389,17039,21636,5196,9802,21,25,4052,4091,8010,8336,11231,12682,19003,21071,27555,28906,22691,25380,16127,20504,4953,9244,220470,164564,30654,27381,46506,43137,8764,86,36
2021-07-12T23:59:59+02:00,431,360,10008,9491,14636,13759,18077,18675,24720,26149,31461,32692,24537,27366,17024,21631,5193,9799,20,22,3946,3992,7838,8215,11072,12545,18887,20950,27432,28786,22618,25318,16100,20478,4952,9239,220095,163395,30653,27362,46505,42946,8671,86,36
2021-07-11T23:59:59+02:00,423,342,9977,9462,14615,13739,18060,18665,24698,26140,31440,32674,24525,27356,17022,21629,5193,9797,17,20,3877,3922,7721,8117,10924,12417,18761,20848,27331,28672,22574,25270,16079,20453,4950,9236,219899,162434,30650,27357,46504,42743,8619,86,36
2021-07-10T23:59:59+02:00,397,319,9864,9359,14561,13699,18009,18642,24673,26120,31421,32658,24517,27347,17018,21625,5191,9795,17,19,3842,3898,7662,8077,10889,12388,18732,20823,27302,28650,22566,25255,16075,20448,4950,9236,219371,162132,30648,27356,46501,42695,8610,86,36
2021-07-09T23:59:59+02:00,337,271,9605,9148,14458,13619,17930,18571,24587,26067,31372,32597,24495,27316,17004,21607,5191,9790,16,18,3775,3859,7525,7986,10671,12239,18506,20684,26886,28331,22382,25061,16020,20387,4947,9229,218146,159982,30648,27352,46500,42566,8586,86,36
2021-07-08T23:59:59+02:00,258,204,9410,9004,14357,13542,17835,18497,24528,26016,31289,32539,24467,27285,16991,21589,5187,9785,14,15,3617,3735,7214,7797,10319,12010,18159,20401,26581,28072,22207,24903,15952,20311,4940,9213,217040,157604,30645,27304,46487,41990,8526,86,36
2021-07-07T23:59:59+02:00,219,176,9322,8900,14317,13511,17798,18456,24475,25979,31247,32499,24442,27255,16978,21571,5187,9777,12,11,3440,3608,6895,7575,9380,11277,17572,19973,26179,27760,21969,24595,15873,20214,4926,9199,216402,154989,30642,25549,46485,41389,8495,86,36
2021-07-06T23:59:59+02:00,197,164,9243,8843,14266,13481,17762,18413,24433,25939,31186,32452,24406,27227,16963,21554,5185,9775,12,10,3323,3535,6691,7451,9109,11113,17326,19791,25902,27504,21812,24392,15792,20110,4913,9184,215834,153052,30628,25537,46482,40885,8460,86,36
2021-07-05T23:59:59+02:00,185,149,9156,8758,14225,13435,17727,18363,24395,25909,31141,32402,24383,27204,16954,21540,5184,9773,12,9,3271,3502,6564,7373,8960,10992,17178,19651,25730,27348,21669,24224,15743,20057,4902,9174,215279,151986,30628,25528,46480,40398,8411,86,36
2021-07-04T23:59:59+02:00,170,142,9104,8708,14192,13422,17700,18345,24369,25888,31120,32376,24368,27190,16948,21532,5183,9770,10,8,3222,3458,6498,7331,8871,10920,17092,19565,25600,27237,21544,24095,15701,20005,4900,9167,215001,151322,30627,25516,46465,40001,8349,86,36
2021-07-03T23:59:59+02:00,167,139,8598,8227,14033,13304,17599,18229,24273,25829,31056,32328,24347,27168,16936,21522,5181,9767,9,8,3162,3380,6377,7211,8697,10777,16873,19378,25211,26925,21428,23957,15671,19965,4897,9161,213196,149260,30626,25516,46465,39944,8331,86,36
2021-07-02T23:59:59+02:00,160,135,8029,7769,13890,13195,17507,18152,24204,25760,30996,32266,24309,27126,16930,21502,5179,9762,8,8,3051,3272,6106,7055,8439,10537,16502,19049,24732,26498,21201,23683,15602,19883,4891,9158,211370,146178,30626,25513,46462,39620,8328,86,36
2021-07-01T23:59:59+02:00,147,125,7901,7665,13806,13136,17437,18099,24136,25709,30944,32213,24281,27101,16920,21490,5178,9761,7,7,2863,3086,5758,6772,8000,10116,15912,18571,23962,25833,20711,23211,15475,19721,4879,9133,210582,141582,30621,25500,46455,38593,8306,86,36
2021-06-30T23:59:59+02:00,129,112,7756,7549,13742,13086,17383,18046,24083,25655,30884,32167,24250,27079,16906,21472,5178,9756,6,7,2767,3011,5602,6630,7772,9894,14953,17699,23346,25281,20351,22817,15342,19560,4865,9099,210016,140040,30446,23225,46451,37466,8235,86,36
2021-06-29T23:59:59+02:00,114,99,7689,7451,13695,13046,17346,18001,24030,25594,30833,32107,24230,27053,16896,21456,5175,9752,4,5,2709,2965,5471,6532,7618,9760,14784,17526,23100,25045,20091,22491,15243,19459,4853,9079,209387,138912,30444,23212,46448,36372,8203,86,36
2021-06-28T23:59:59+02:00,109,93,7624,7380,13627,12984,17299,17950,23988,25549,30776,32063,24213,27025,16889,21446,5173,9750,3,4,2678,2932,5403,6480,7527,9688,14687,17444,22948,24831,19888,22245,15188,19390,4849,9065,208843,138307,30442,23202,46440,35577,8128,86,36
2021-06-27T23:59:59+02:00,95,88,7576,7319,13596,12947,17270,17917,23969,25514,30749,32035,24201,27017,16882,21440,5173,9748,2,3,2656,2918,5354,6455,7454,9642,14590,17379,22852,24744,19761,22102,15157,19339,4845,9056,208489,137792,30442,23190,46434,35205,8086,86,36
2021-06-26T23:59:59+02:00,91,85,7075,6778,13203,12647,17155,17813,23904,25457,30713,32000,24192,27000,16878,21429,5172,9747,2,3,2556,2809,5164,6265,7254,9451,14043,16924,22189,24108,19613,21960,15112,19286,4843,9048,206313,134151,30440,23189,46434,35185,8086,67,19
2021-06-25T23:59:59+02:00,90,82,6595,6297,12749,12274,16994,17694,23814,25392,30632,31960,24169,26973,16873,21419,5170,9744,2,3,2455,2655,4988,6070,6994,9153,13510,16390,21636,23520,19417,21750,15054,19219,4839,9036,203912,130443,30440,23189,46434,34971,8069,67,19
2021-06-24T23:59:59+02:00,80,70,6373,6086,12526,12122,16888,17612,23741,25339,30574,31912,24135,26931,16867,21409,5168,9737,2,3,2251,2421,4618,5689,6494,8664,12785,15675,20483,22515,18953,21268,14949,19088,4827,9021,202644,124494,30438,23178,46427,34020,7995,67,19
2021-06-23T23:59:59+02:00,75,68,5805,5589,12364,12011,16769,17500,23666,25291,30510,31862,24102,26908,16860,21395,5164,9733,2,3,2213,2368,4555,5569,6402,8514,12551,15386,20239,22253,18654,20938,14852,18974,4816,9004,202133,123469,29110,23029,46417,32830,7946,67,19
2021-06-22T23:59:59+02:00,70,63,5665,5459,12264,11905,16681,17426,23606,25229,30441,31783,24074,26875,16850,21374,5160,9731,2,2,2161,2331,4461,5487,6277,8367,11681,14726,19825,21845,18318,20583,14743,18835,4806,8983,201193,122544,29103,21337,46398,31637,7896,67,19
2021-06-21T23:59:59+02:00,67,60,5531,5346,12187,11812,16616,17339,23549,25155,30391,31725,24049,26847,16837,21359,5160,9727,2,2,2128,2296,4401,5390,6190,8239,10899,14017,19372,21435,18090,20353,14681,18738,4797,8966,200367,121739,29097,19549,46393,30855,7834,67,19
2021-06-20T23:59:59+02:00,65,58,5414,5222,12020,11635,16550,17216,23500,25089,30349,31669,24033,26825,16831,21344,5155,9722,2,2,2110,2266,4359,5349,6119,8188,10796,13938,19261,21309,17933,20163,14615,18654,4793,8959,199364,121205,29093,19546,46387,30259,7787,67,19
2021-06-19T23:59:59+02:00,61,54,5397,5204,11251,10971,16070,16821,23438,25044,30305,31626,24015,26805,16823,21332,5155,9722,2,2,2037,2145,4154,5114,5835,7904,10467,13601,18204,20450,17760,19971,14582,18589,4788,8947,196763,116957,29093,19546,46386,30244,7786,67,19
2021-06-18T23:59:59+02:00,58,53,5361,5176,10608,10387,15459,16256,23346,24975,30235,31563,23987,26775,16812,21317,5154,9720,2,2,1967,2055,4012,4971,5557,7633,10084,13236,17051,19236,17557,19733,14533,18524,4785,8937,193921,112537,29085,19545,46386,29990,7784,67,19
2021-06-17T23:59:59+02:00,51,44,5246,5072,9929,9883,14970,15867,23246,24887,30153,31469,23947,26729,16798,21296,5153,9717,2,2,1838,1949,3755,4724,5168,7267,9543,12749,15862,18043,17096,19243,14392,18349,4772,8913,191328,107402,29082,19536,46383,29070,7646,19,13
2021-06-16T23:59:59+02:00,49,36,5115,4941,9731,9718,14824,15737,23152,24793,30054,31393,23904,26685,16783,21284,5152,9707,2,2,1796,1908,3647,4635,5063,7146,8511,11896,15589,17744,16801,18907,14257,18179,4766,8880,190151,106502,29070,17657,46381,28119,7438,19,13
2021-06-15T23:59:59+02:00,43,30,4933,4761,9547,9564,14687,15593,23060,24702,29978,31308,23861,26611,16757,21251,5144,9692,2,2,1737,1853,3564,4539,4969,7028,8395,11753,15407,17514,16481,18596,14115,18010,4744,8821,188835,105727,29067,17653,46362,26897,7240,19,13
2021-06-14T23:59:59+02:00,41,27,4856,4699,9456,9455,14610,15503,22988,24630,29907,31246,23829,26572,16742,21233,5141,9686,2,2,1717,1830,3529,4513,4928,6995,8294,11690,15270,17380,16301,18391,14022,17912,4739,8813,188090,105499,29061,17651,46356,26069,7096,19,13
2021-06-13T23:59:59+02:00,40,26,4799,4650,9373,9381,14525,15437,22926,24579,29840,31193,23803,26544,16733,21223,5141,9684,2,2,1670,1817,3485,4489,4873,6953,8221,11652,15170,17284,16144,18207,13968,17838,4732,8806,187511,105217,29054,17649,46340,25460,6974,19,13
2021-06-12T23:59:59+02:00,38,24,4780,4635,9345,9357,14286,15259,22796,24448,29795,31148,23782,26527,16724,21215,5140,9682,2,2,1548,1694,3249,4279,4466,6653,7673,11221,13393,15593,15790,17834,13888,17736,4730,8791,186598,98513,29054,17648,46340,25396,6972,18,13
2021-06-11T23:59:59+02:00,34,23,4727,4584,9264,9306,13966,15037,22600,24300,29699,31057,23745,26482,16706,21203,5139,9679,2,2,1448,1561,3058,4064,4170,6287,7161,10676,11748,13699,15308,17254,13775,17588,4715,8777,185242,91572,29049,17647,46338,25156,6905,18,13
2021-06-10T23:59:59+02:00,28,20,4442,4361,8716,8978,12689,14012,22032,23847,29325,30751,23609,26323,16654,21135,5126,9664,2,2,1328,1473,2822,3882,3844,6004,6724,10284,10329,12365,14793,16676,13603,17380,4700,8750,179899,87020,29032,17644,46333,23851,6433,16,13
2021-06-09T23:59:59+02:00,25,16,4209,4200,8123,8687,11790,13350,21710,23635,29095,30600,23545,26260,16634,21110,5123,9660,2,2,1243,1419,2666,3809,3703,5923,6515,10190,10063,12186,14467,16324,13431,17200,4693,8729,177788,86679,27763,17539,46327,22455,5879,16,13
2021-06-08T23:59:59+02:00,21,13,4081,4101,7722,8461,11303,13059,21484,23454,28895,30445,23487,26187,16602,21068,5117,9651,2,2,1166,1392,2529,3750,3543,5853,5617,9439,9590,11819,14129,15915,13205,16959,4679,8707,176037,86314,27393,15382,46302,21183,5404,16,13
2021-06-07T23:59:59+02:00,16,11,3961,4025,7483,8356,11013,12880,21280,23340,28741,30327,23429,26133,16584,21043,5113,9643,2,2,1118,1276,2408,3686,3413,5790,5451,9363,9378,11690,13898,15656,13048,16790,4672,8689,174805,86123,27384,15377,46294,19937,4880,16,13
2021-06-06T23:59:59+02:00,14,11,3844,3967,7246,8237,10763,12716,21093,23252,28655,30235,23398,26099,16572,21025,5110,9638,2,2,1098,1259,2344,3651,3317,5735,5344,9288,9259,11589,13742,15500,12975,16696,4669,8682,173654,85927,27366,15372,46284,19284,4556,16,13
2021-06-05T23:59:59+02:00,14,11,3815,3930,7207,8197,10586,12564,20465,22741,28493,30091,23348,26054,16558,21006,5110,9634,2,1,1066,1160,2176,3197,3084,5195,5175,8955,8479,10632,13088,14659,12863,16549,4658,8672,171615,80532,27366,15372,46283,19148,4546,15,13
2021-06-04T23:59:59+02:00,14,11,3785,3903,7168,8170,10488,12472,20100,22411,28389,29994,23313,26016,16544,20997,5108,9633,2,1,1034,1093,2078,2885,2924,4717,5018,8584,7963,9974,11587,12939,12736,16352,4651,8654,170328,74144,27353,15371,46282,19125,4539,15,13
2021-06-03T23:59:59+02:00,9,7,3649,3802,6950,8029,9932,12048,18877,21478,27991,29682,23180,25875,16491,20935,5104,9619,2,1,984,1048,1990,2774,2785,4558,4813,8276,7598,9524,11207,12540,12625,16238,4648,8641,165572,72353,27342,15368,46278,18066,4452,15,13
2021-06-02T23:59:59+02:00,9,7,3641,3794,6937,8012,9920,12037,18688,21297,27919,29633,23157,25854,16485,20926,5101,9617,2,1,979,1040,1978,2745,2762,4539,4601,8091,7062,9035,11170,12499,12610,16223,4644,8635,165501,72244,26797,13874,46278,18041,4444,15,13
2021-06-01T23:59:59+02:00,8,6,3515,3719,6696,7863,9635,11843,18231,20952,27681,29437,23064,25752,16444,20873,5098,9605,2,1,942,992,1892,2675,2681,4464,4322,7857,6463,8500,10956,12285,12512,16122,4639,8623,163806,71795,26019,12581,46263,17219,4320,15,13
2021-05-31T23:59:59+02:00,8,6,3469,3675,6605,7796,9499,11741,18105,20862,27589,29360,22997,25690,16427,20844,5093,9598,2,1,913,964,1822,2632,2602,4421,4214,7793,6341,8422,10768,12115,12411,16006,4629,8615,162959,71426,25990,12574,46250,16507,4151,15,13
2021-05-30T23:59:59+02:00,8,5,3438,3650,6540,7740,9407,11647,18016,20783,27513,29288,22952,25645,16405,20816,5087,9588,2,1,906,956,1811,2623,2589,4409,4185,7768,6288,8380,10707,12036,12377,15962,4624,8606,162248,71385,25984,12571,46233,16212,4049,15,13
2021-05-29T23:59:59+02:00,8,5,3427,3633,6505,7712,9364,11608,17978,20743,27365,29182,22897,25571,16390,20796,5084,9584,1,1,870,937,1754,2577,2517,4325,3994,7512,6013,8081,8497,9374,12184,15620,4609,8577,161585,65125,25984,12569,46220,15687,4049,15,13
2021-05-28T23:59:59+02:00,8,5,3364,3578,6375,7635,9224,11476,17820,20611,27182,29059,22836,25493,16370,20778,5083,9583,1,1,857,924,1735,2554,2479,4270,3842,7216,5818,7817,5780,6250,11911,15221,4593,8528,160229,58220,25982,12569,46215,14955,4040,15,13
2021-05-27T23:59:59+02:00,8,5,3220,3455,6089,7455,8621,11143,17343,20272,26769,28712,22668,25328,16312,20715,5076,9565,1,1,810,867,1650,2457,2360,4136,3420,6245,5395,7217,5619,6074,11830,15146,4587,8511,156760,57731,25922,12522,46208,12208,3852,15,13
2021-05-26T23:59:59+02:00,8,5,3114,3371,5869,7288,8252,10858,16879,19965,26468,28475,22518,25195,16260,20641,5063,9545,1,1,794,857,1597,2432,2307,4104,3347,6169,5296,7144,5483,5947,11764,15078,4582,8499,154062,57648,25903,12520,46186,11612,3609,15,13
2021-05-25T23:59:59+02:00,8,5,3023,3309,5727,7171,8056,10694,15876,19187,26114,28121,22359,25037,16207,20561,5056,9535,1,1,775,840,1560,2385,2236,4044,3270,6097,5210,7081,5315,5777,11656,14997,4574,8487,152499,57577,23984,12330,46168,11004,3382,14,13
2021-05-24T23:59:59+02:00,8,5,2959,3293,5641,7126,7940,10632,14961,18496,25700,27810,22265,24932,16176,20525,5049,9523,1,1,766,838,1539,2368,2194,4007,3225,6049,5133,7001,5213,5669,11575,14922,4573,8481,151777,57539,21911,12254,46159,10568,3181,14,13
2021-05-23T23:59:59+02:00,8,4,2956,3288,5632,7118,7931,10624,14955,18495,25699,27809,22265,24932,16176,20525,5049,9523,1,1,764,835,1531,2361,2181,3994,3206,6034,5112,6968,5168,5617,11559,14899,4572,8479,151745,57531,21911,12254,46157,10321,3163,14,13
2021-05-22T23:59:59+02:00,7,4,2919,3244,5554,7067,7831,10538,14756,18332,25416,27563,22165,24845,16143,20481,5046,9518,1,1,742,815,1483,2307,2129,3913,3094,5912,4795,6393,4597,4868,10911,14074,4562,8440,150207,54282,21911,12254,46157,9347,3141,14,13
2021-05-21T23:59:59+02:00,5,4,2847,3172,5427,6966,7703,10391,14497,18103,25121,27327,22050,24737,16110,20433,5042,9509,1,1,715,762,1414,2178,2028,3644,2910,5579,4314,5498,4181,4329,10165,13134,4496,8314,148262,50535,21909,12254,46151,7751,3110,13,13
2021-05-20T23:59:59+02:00,5,4,2716,3016,5144,6711,7418,10020,14035,17618,24511,26776,21777,24441,16016,20312,5028,9479,0,1,702,752,1388,2154,1990,3610,2856,5522,4232,5419,4053,4225,10088,13071,4487,8302,144107,50438,21899,12243,46126,7275,2883,13,13
2021-05-19T23:59:59+02:00,5,4,2663,2963,5046,6569,7275,9839,12893,16582,24248,26485,21680,24314,15973,20251,5019,9472,0,1,685,726,1362,2106,1957,3524,2793,5375,4139,5311,3971,4136,10036,13006,4484,8298,142725,50407,19833,12177,46055,6657,2656,13,13
2021-05-18T23:59:59+02:00,5,4,2636,2938,4998,6536,7222,9807,12539,16308,24068,26332,21588,24225,15943,20198,5012,9460,0,1,656,668,1306,1978,1883,3323,2694,5166,4010,5115,3748,3858,9953,12926,4475,8288,142439,50382,18981,11175,46010,6101,2377,13,13
2021-05-17T23:59:59+02:00,5,4,2610,2919,4953,6466,7134,9698,12387,16129,23918,26169,21536,24175,15924,20176,5007,9453,0,1,648,654,1290,1942,1862,3274,2646,5059,3931,5000,3611,3706,9884,12863,4472,8281,141464,50357,18973,11165,45993,5368,2221,13,13
2021-05-16T23:59:59+02:00,5,4,2598,2906,4931,6399,7096,9615,12330,16055,23866,26108,21512,24158,15914,20162,5004,9450,0,1,643,650,1280,1939,1845,3265,2625,5047,3902,4976,3557,3639,9845,12831,4471,8279,141029,50342,18963,11154,45973,5151,2135,13,13
2021-05-15T23:59:59+02:00,4,4,2475,2770,4743,6193,6905,9427,11811,15636,23275,25555,21405,24040,15880,20119,5001,9442,0,1,594,587,1198,1849,1710,3112,2339,4738,3451,4467,3225,3210,9681,12626,4447,8250,137632,47383,18962,11154,45968,4825,2110,13,13
2021-05-14T23:59:59+02:00,4,4,2361,2594,4547,5970,6627,9116,11273,15124,22708,24985,21259,23900,15844,20061,4997,9431,0,1,532,511,1095,1728,1549,2897,2009,4333,2850,3879,2838,2773,9596,12477,4443,8246,133810,44448,18955,11152,45945,4062,2082,13,13
2021-05-13T23:59:59+02:00,4,4,2184,2310,4224,5585,6201,8645,10711,14434,21671,24069,20977,23626,15784,19962,4990,9416,0,1,528,511,1082,1713,1534,2879,1999,4309,2833,3858,2821,2759,9589,12473,4442,8246,127908,44396,18899,11143,45919,3967,2058,13,13
2021-05-12T23:59:59+02:00,4,4,2183,2308,4214,5582,6192,8639,10609,14312,21617,24029,20972,23615,15779,19954,4989,9416,0,1,521,489,1046,1659,1484,2800,1916,4222,2774,3799,2740,2664,9538,12400,4442,8246,127856,44393,18575,10316,45919,3964,2055,13,13
2021-05-11T23:59:59+02:00,4,4,2062,2269,4129,5519,6065,8524,10300,14061,21424,23867,20894,23543,15763,19922,4985,9411,0,1,496,465,985,1599,1415,2709,1817,4082,2701,3724,2586,2436,9473,12299,4441,8246,126907,44375,18238,9478,45635,3656,1953,13,13
2021-05-10T23:59:59+02:00,4,4,2023,2193,4022,5397,5928,8346,9510,13298,21045,23546,20803,23453,15724,19868,4975,9398,0,1,484,437,949,1536,1350,2618,1729,3921,2619,3632,2560,2417,9463,12281,4437,8241,125765,44362,16397,9299,45531,3170,1831,13,13
2021-05-09T23:59:59+02:00,4,4,1991,2180,3984,5359,5875,8298,9441,13229,20975,23473,20767,23412,15709,19841,4972,9384,0,1,477,430,926,1492,1324,2569,1695,3859,2581,3589,2551,2404,9452,12264,4437,8233,125317,44302,16392,9296,45434,2931,1742,13,13
2021-05-08T23:59:59+02:00,4,4,1928,2078,3802,5184,5601,8090,9131,12943,19842,22545,20572,23219,15676,19772,4967,9372,0,1,408,401,863,1452,1247,2495,1607,3758,2362,3376,2002,1976,9358,12178,4436,8233,121162,42817,16391,9295,45431,2296,1740,6,5
2021-05-07T23:59:59+02:00,4,4,1842,1965,3622,5015,5281,7795,8719,12568,18590,21269,20388,23006,15631,19715,4958,9353,0,1,322,346,753,1377,1115,2366,1473,3616,2186,3183,1631,1635,8870,11729,4435,8231,116216,41078,16387,9290,45408,1188,1708,6,5
2021-05-06T23:59:59+02:00,4,4,1658,1855,3337,4759,4830,7388,8077,12007,17345,20027,20055,22628,15523,19550,4948,9342,0,1,305,336,734,1347,1075,2319,1424,3531,2118,3115,1596,1579,8853,11698,4429,8228,110354,41056,16380,9284,45172,918,1425,6,5
2021-05-05T23:59:59+02:00,4,3,1588,1825,3252,4672,4751,7282,7949,11856,17191,19881,19935,22508,15446,19453,4926,9246,0,1,295,325,692,1295,1012,2244,1342,3382,2010,2998,1503,1480,8435,11130,4423,8211,109584,41016,16237,8155,45001,662,940,6,5
2021-05-04T23:59:59+02:00,4,3,1561,1795,3204,4593,4691,7171,7699,11560,16629,19300,19847,22375,15370,19355,4896,9132,0,1,279,313,669,1265,991,2190,1284,3262,1897,2840,1430,1373,8364,11026,4418,8193,108869,40989,14890,7879,44896,398,524,6,5
2021-05-03T23:59:59+02:00,4,3,1553,1791,3194,4577,4653,7146,7445,11326,15935,18704,19783,22290,15344,19321,4890,9122,0,1,264,293,647,1181,941,2102,1220,3123,1799,2703,1364,1293,8339,10991,4414,8184,108775,40979,13292,7671,44856,52,152,6,5
2021-05-02T23:59:59+02:00,4,3,1552,1789,3187,4575,4648,7143,7431,11315,15916,18692,19766,22282,15344,19319,4889,9122,0,1,264,290,644,1180,936,2099,1210,3117,1791,2696,1350,1286,8338,10986,4413,8184,108747,40956,13288,7669,44830,49,106,6,5
2021-05-01T23:59:59+02:00,4,3,1422,1646,2910,4326,4181,6787,6812,10833,13980,16812,19384,21883,15253,19203,4886,9106,0,1,262,290,641,1178,935,2096,1208,3115,1789,2692,1345,1281,8336,10984,4413,8184,101211,40924,13288,7669,44824,49,103,5,5
2021-04-30T23:59:59+02:00,3,3,1302,1501,2692,4105,3852,6391,6245,10241,12193,14778,18926,21342,15149,19062,4872,9095,0,1,257,289,634,1171,919,2088,1195,3105,1778,2678,1335,1272,8332,10979,4412,8183,93604,40878,13288,7669,44824,45,31,5,5
2021-04-29T23:59:59+02:00,2,3,1189,1439,2526,3980,3613,6188,5888,9940,10851,13497,18665,21064,15106,18992,4868,9089,0,1,256,285,629,1163,907,2082,1175,3100,1747,2641,1309,1248,8326,10970,4412,8183,88918,40845,13279,7535,44684,35,14,5,5
2021-04-28T23:59:59+02:00,2,3,1136,1433,2475,3960,3562,6164,5825,9907,10753,13428,18633,21030,15098,18976,4868,9086,0,1,256,284,626,1162,904,2080,1170,3096,1739,2640,1302,1229,7880,10447,4412,8183,88648,40821,13229,6542,44444,31,13,5,4
2021-04-27T23:59:59+02:00,2,3,1091,1406,2369,3915,3497,6135,5706,9850,10636,13350,18599,20990,15085,18961,4866,9084,0,1,255,284,624,1154,903,2078,1165,3093,1735,2636,1290,1212,7462,9865,4412,8183,88133,40801,13175,5509,44220,26,12,5,4
2021-04-26T23:59:59+02:00,2,3,1051,1377,2278,3822,3370,6034,5538,9729,10332,13091,18537,20935,15076,18943,4864,9084,0,1,254,283,623,1152,897,2074,1158,3090,1717,2627,1275,1199,7453,9845,4412,8183,86794,40714,13164,5488,44091,25,12,5,4
2021-04-25T23:59:59+02:00,2,3,1048,1375,2270,3819,3363,6029,5518,9720,10297,13060,18527,20923,15075,18937,4864,9083,0,1,253,283,623,1151,897,2074,1156,3090,1717,2627,1275,1199,7453,9843,4412,8183,86769,40712,13156,5485,43972,25,11,5,4
2021-04-24T23:59:59+02:00,2,2,1006,1262,2082,3281,3092,5413,5326,9307,9461,12013,17818,20026,14962,18777,4856,9072,0,1,252,282,622,1150,897,2073,1156,3089,1711,2622,1272,1194,7451,9841,4412,8182,80640,40687,13156,5481,43947,25,10,5,4
2021-04-23T23:59:59+02:00,1,2,973,1178,1970,2935,2909,4861,5130,8878,8905,11291,16187,18161,14813,18571,4848,9049,0,1,252,282,621,1150,895,2071,1155,3089,1710,2621,1267,1189,7447,9839,4412,8181,73605,40673,13155,5470,43887,25,10,5,4
2021-04-22T23:59:59+02:00,1,2,968,1166,1951,2919,2889,4841,5073,8832,8790,11186,16114,18084,14786,18541,4846,9044,0,1,250,282,617,1149,892,2070,1147,3077,1694,2601,1243,1167,7442,9831,4412,8181,73553,40659,13097,5359,43368,24,10,5,4
2021-04-21T23:59:59+02:00,1,2,958,1158,1937,2907,2861,4815,5027,8777,8682,11063,16027,17999,14757,18507,4846,9039,0,1,246,279,607,1140,878,2040,1137,3052,1684,2574,1230,1153,7216,9512,4411,8181,73510,40650,13039,4654,42799,23,10,5,4
2021-04-20T23:59:59+02:00,1,2,931,1110,1885,2793,2788,4652,4933,8598,8508,10854,15794,17717,14698,18448,4839,9033,0,1,233,276,589,1119,852,2008,1108,3026,1649,2533,1210,1139,7207,9507,4410,8181,73471,40629,11910,4387,42188,19,10,5,3
2021-04-19T23:59:59+02:00,1,2,922,1102,1851,2773,2738,4627,4809,8537,8308,10742,15702,17619,14676,18429,4839,9027,0,1,227,268,571,1098,833,1975,1090,2983,1603,2478,1192,1120,7200,9504,4408,8180,73070,40593,11889,4108,41730,17,10,5,3
2021-04-18T23:59:59+02:00,1,2,919,1101,1846,2767,2730,4615,4791,8526,8268,10699,15652,17560,14666,18412,4838,9025,0,1,227,268,571,1097,832,1975,1089,2983,1603,2477,1192,1119,7198,9503,4407,8180,73024,40586,11885,4106,41494,17,10,5,3
2021-04-17T23:59:59+02:00,0,2,887,1086,1797,2728,2661,4535,4636,8383,8004,10470,13280,14660,14467,18058,4821,8991,0,1,225,268,571,1094,828,1968,1077,2974,1592,2457,1152,1076,6865,9088,4382,8132,66194,39625,11885,4095,41372,17,10,5,3
2021-04-16T23:59:59+02:00,0,2,881,1080,1785,2718,2619,4495,4544,8299,7824,10276,10438,11408,14197,17640,4802,8936,0,1,224,264,569,1090,823,1964,1068,2971,1584,2444,1141,1061,6859,9082,4380,8129,58913,39546,11883,4078,41133,17,10,5,3
2021-04-15T23:59:59+02:00,0,2,869,1075,1763,2704,2576,4462,4426,8239,7594,10075,10187,11190,14135,17574,4795,8922,0,1,222,263,569,1088,822,1962,1065,2968,1581,2441,1135,1056,6857,9080,4380,8129,58889,39531,11881,4059,39803,16,10,5,3
2021-04-14T23:59:59+02:00,0,2,851,1048,1704,2623,2486,4338,4236,8055,7319,9791,9813,10705,13986,17393,4789,8910,0,1,198,238,528,1035,799,1895,1029,2888,1530,2378,1109,1026,6852,9072,4380,8128,58852,39515,10934,3544,38248,14,10,5,3
2021-04-13T23:59:59+02:00,0,2,827,1026,1667,2570,2417,4255,4135,7916,7107,9571,9405,10186,13840,17226,4784,8896,0,1,163,215,493,987,758,1801,994,2778,1477,2308,1090,991,6836,9061,4379,8128,58800,39450,9985,2989,37030,8,10,5,3
2021-04-12T23:59:59+02:00,0,2,822,1024,1648,2566,2388,4242,4083,7865,6966,9399,9139,9871,13777,17166,4773,8879,0,1,152,201,465,947,736,1737,974,2706,1433,2258,1068,974,6819,9041,4376,8123,58742,39333,9954,2657,35899,8,10,5,3
2021-04-11T23:59:59+02:00,0,2,821,1023,1637,2566,2374,4239,4060,7853,6901,9337,9006,9706,13750,17118,4768,8870,0,1,152,201,465,945,734,1735,972,2706,1431,2258,1068,974,6817,9041,4376,8123,58728,39323,9952,2656,35336,7,10,5,3
2021-04-10T23:59:59+02:00,0,2,805,1019,1608,2537,2337,4210,3990,7794,6768,9220,8448,8972,13083,16265,4757,8828,0,1,149,200,463,942,728,1732,972,2699,1422,2251,1054,958,6345,8541,4360,8107,55391,38250,9951,2654,35286,7,10,5,3
2021-04-09T23:59:59+02:00,0,2,784,991,1567,2488,2271,4130,3837,7634,6421,8887,7921,8314,12261,15241,4685,8689,0,1,147,198,461,936,721,1724,963,2689,1407,2240,1032,935,6103,8269,4340,8080,51404,37576,9944,2650,34760,7,10,5,3
2021-04-08T23:59:59+02:00,0,2,774,981,1540,2464,2205,4081,3704,7545,6165,8585,7303,7659,12099,15041,4674,8673,0,1,147,196,456,932,716,1717,955,2678,1398,2227,1020,932,6100,8267,4339,8080,51369,37553,9919,2588,32192,7,10,5,3
2021-04-07T23:59:59+02:00,0,2,767,972,1514,2446,2146,4043,3617,7475,5934,8320,6746,7024,11489,14294,4661,8645,0,1,128,189,424,885,670,1648,898,2608,1348,2158,999,916,6092,8261,4338,8080,51339,37529,8763,2095,29979,7,9,5,3
2021-04-06T23:59:59+02:00,0,2,762,970,1502,2438,2117,4020,3544,7426,5753,8148,6300,6516,11285,14077,4646,8614,0,1,105,168,376,825,625,1573,854,2508,1295,2094,973,899,6073,8246,4336,8076,51270,37498,8578,1511,28259,7,8,5,3
2021-04-05T23:59:59+02:00,0,2,757,966,1486,2430,2091,4010,3493,7400,5609,8037,6095,6298,11218,13990,4640,8604,0,1,99,165,375,823,618,1564,845,2493,1282,2075,945,868,4966,6843,4259,7970,51070,34672,8574,1501,27469,7,8,5,3
2021-04-04T23:59:59+02:00,0,2,755,960,1484,2428,2087,4008,3475,7393,5599,8030,6084,6278,11204,13972,4638,8601,0,1,99,165,373,821,615,1559,838,2486,1267,2056,922,846,3956,5681,4193,7864,51055,32223,8572,1501,27358,7,8,5,3
2021-04-03T23:59:59+02:00,0,2,704,904,1402,2357,1964,3869,3215,7132,5139,7539,5739,5821,11032,13754,4610,8573,0,1,95,165,373,820,615,1557,837,2486,1267,2056,922,846,3956,5678,4193,7863,47815,32211,8572,1501,27356,7,8,5,3
2021-04-02T23:59:59+02:00,0,2,661,870,1346,2289,1866,3755,2963,6871,4621,7060,5347,5361,10932,13588,4605,8567,0,1,94,165,373,820,615,1557,836,2486,1265,2055,920,843,3953,5675,4192,7863,44884,32196,8571,1500,27237,7,7,5,3
2021-04-01T23:59:59+02:00,0,2,658,867,1336,2284,1846,3747,2934,6857,4546,6987,5238,5251,10893,13539,4604,8562,0,1,94,165,371,816,613,1553,836,2483,1261,2051,910,842,3948,5672,4191,7862,44867,32184,8426,1468,26846,7,7,5,3
2021-03-31T23:59:59+02:00,0,2,656,865,1328,2267,1838,3737,2906,6829,4483,6941,5098,5089,10378,12930,4600,8554,0,1,94,165,370,816,613,1553,836,2483,1259,2051,909,842,3948,5671,4191,7861,44854,32178,7293,1468,26343,7,7,4,3
2021-03-30T23:59:59+02:00,0,2,647,862,1309,2247,1809,3708,2869,6794,4397,6852,4929,4895,9851,12229,4593,8540,0,1,89,163,369,812,608,1551,831,2477,1251,2048,899,832,3940,5668,4190,7860,44830,32157,6105,1415,25587,7,7,4,3
2021-03-29T23:59:59+02:00,0,2,642,853,1296,2214,1791,3677,2838,6752,4325,6766,4729,4697,9765,12135,4590,8526,0,1,89,163,368,810,603,1547,829,2470,1245,2040,891,826,3932,5660,4190,7860,44760,32140,5887,1368,24940,6,7,4,3
2021-03-28T23:59:59+02:00,0,2,639,851,1293,2211,1777,3667,2822,6740,4290,6714,4634,4587,9729,12071,4585,8519,0,1,89,163,368,808,603,1547,826,2470,1243,2040,890,826,3931,5660,4190,7860,44738,32138,5878,1361,24504,6,7,4,3
2021-03-27T23:59:59+01:00,0,2,635,846,1283,2207,1760,3650,2794,6710,4127,6571,4055,4134,9500,11825,4572,8500,0,1,89,163,366,806,601,1545,824,2467,1235,2034,886,822,3752,5370,4083,7687,42793,31354,5874,1361,24493,6,7,4,3
2021-03-26T23:59:59+01:00,0,2,630,838,1275,2196,1738,3633,2769,6688,4051,6493,3646,3767,8898,11266,4559,8486,0,1,89,163,366,805,600,1542,820,2464,1226,2030,873,809,3025,4426,3874,7339,40851,29075,5861,1361,24212,6,7,4,3
2021-03-25T23:59:59+01:00,0,2,623,833,1262,2182,1719,3609,2710,6649,3967,6415,3472,3548,8787,11155,4553,8480,0,1,89,163,366,805,600,1541,820,2463,1224,2030,873,809,3024,4425,3873,7338,40837,29067,5753,1361,23365,6,7,4,3
2021-03-24T23:59:59+01:00,0,2,618,825,1229,2156,1674,3564,2632,6580,3810,6263,3153,3183,8376,10604,4544,8467,0,1,85,161,354,792,584,1523,787,2429,1174,1997,839,771,3015,4419,3873,7335,40813,28763,4994,1360,21862,6,7,4,3
2021-03-23T23:59:59+01:00,0,2,606,817,1204,2124,1632,3516,2550,6501,3661,6109,2772,2799,8159,10386,4536,8448,0,1,80,157,342,772,549,1492,726,2365,1073,1915,756,711,2978,4384,3869,7331,40768,28132,4703,1353,20341,6,7,3,3
2021-03-22T23:59:59+01:00,0,2,582,707,1167,2071,1599,3460,2497,6431,3520,5979,2529,2560,7828,10031,4520,8412,0,1,80,156,342,772,549,1490,724,2363,1070,1915,754,707,2974,4379,3867,7328,40299,28102,4381,1353,19205,6,7,3,3
2021-03-21T23:59:59+01:00,0,2,581,704,1161,2062,1587,3450,2480,6416,3482,5945,2387,2395,7735,9919,4511,8397,0,1,80,156,342,771,549,1490,723,2362,1070,1915,754,707,2974,4378,3867,7327,40294,28097,4367,1353,18543,6,7,3,3
2021-03-20T23:59:59+01:00,0,2,580,704,1159,2055,1580,3443,2474,6409,3464,5922,2354,2357,7243,9402,4494,8380,0,1,80,156,342,771,548,1490,721,2361,1070,1913,754,707,2974,4376,3865,7325,39251,28085,4355,1353,18406,6,7,3,3
2021-03-19T23:59:59+01:00,0,2,573,696,1140,2035,1545,3419,2406,6271,3400,5815,2172,2175,6934,9082,4472,8355,0,1,80,156,341,766,544,1487,716,2353,1061,1900,745,700,2544,3773,3442,6571,38641,25815,4338,1353,17503,2,7,3,3
2021-03-18T23:59:59+01:00,0,2,558,679,1120,2006,1518,3389,2366,6203,3325,5727,2018,1979,6813,8963,4466,8344,0,1,79,156,341,765,543,1487,715,2349,1057,1899,738,697,2494,3701,3415,6529,38620,25624,4326,1331,16521,2,6,3,3
2021-03-17T23:59:59+01:00,0,1,529,650,1075,1949,1481,3304,2289,6086,3172,5571,1763,1714,6647,8810,4456,8329,0,1,78,152,329,738,527,1443,693,2291,1019,1858,721,678,2253,3407,3328,6399,38548,24645,3800,1259,15469,2,6,3,3
2021-03-16T23:59:59+01:00,0,1,486,622,1035,1894,1429,3199,2224,5932,3056,5437,1563,1489,6512,8662,4445,8306,0,1,72,137,308,682,497,1367,664,2156,989,1730,671,628,2138,3269,3302,6312,38489,23886,3183,1027,14612,2,5,3,3
2021-03-15T23:59:59+01:00,0,1,474,610,1002,1844,1396,3132,2194,5847,2970,5353,1437,1355,5926,7973,4405,8242,0,1,69,130,294,624,482,1247,626,2026,948,1616,642,607,2100,3229,3287,6248,37247,23479,2831,694,14080,2,0,3,1
2021-03-14T23:59:59+01:00,0,1,469,603,993,1832,1392,3114,2178,5829,2935,5326,1394,1304,5530,7525,4382,8224,0,1,68,125,290,601,476,1220,620,1970,938,1591,642,607,2100,3229,3286,6246,36424,23473,2826,534,13778,2,0,3,1
2021-03-13T23:59:59+01:00,0,1,449,584,956,1783,1339,3050,1921,5242,2694,4912,1288,1191,4868,6675,4334,8151,0,1,68,125,289,598,474,1218,618,1968,937,1587,640,603,1737,2743,2759,5483,34738,21311,2822,534,11875,2,0,3,1
2021-03-12T23:59:59+01:00,0,1,433,563,935,1740,1308,2967,1718,4456,2488,4463,1216,1108,4167,5879,4287,8069,0,1,68,123,288,594,474,1215,616,1959,933,1581,637,596,1409,2198,2215,4687,33059,19058,2819,534,9917,1,0,3,1
2021-03-11T23:59:59+01:00,0,1,429,556,926,1726,1293,2948,1693,4420,2451,4426,1142,1052,4122,5842,4284,8065,0,1,68,115,282,572,460,1163,607,1910,914,1545,625,583,1403,2180,2206,4636,33020,18806,2723,462,9630,1,0,3,1
2021-03-10T23:59:59+01:00,0,1,410,544,880,1667,1237,2870,1619,4323,2384,4333,1108,1029,4106,5825,4283,8063,0,1,68,115,280,568,457,1156,602,1887,914,1540,620,575,1342,2093,2161,4579,33005,18519,2152,437,9522,1,0,3,1
2021-03-09T23:59:59+01:00,0,1,389,528,835,1618,1194,2806,1577,4240,2341,4280,1087,1018,4100,5818,4282,8061,0,1,66,114,279,567,456,1145,600,1874,907,1535,617,569,1136,1782,2043,4400,32958,17681,1706,408,9508,1,0,3,1
2021-03-08T23:59:59+01:00,0,1,382,517,824,1602,1186,2789,1570,4213,2328,4267,1074,1006,4063,5770,4280,8056,0,1,65,114,275,562,452,1139,598,1870,903,1533,617,569,1067,1691,1998,4355,32826,17423,1609,384,9490,1,0,3,1
2021-03-07T23:59:59+01:00,0,1,381,514,823,1601,1184,2787,1567,4206,2318,4262,1067,998,4057,5764,4279,8055,0,1,63,111,266,540,440,1113,582,1770,868,1458,616,569,962,1560,1946,4284,32809,17056,1569,92,9483,0,0,3,1
2021-03-06T23:59:59+01:00,0,1,373,498,804,1568,1160,2729,1526,4138,2125,3765,1037,961,3884,5491,4177,7890,0,1,63,111,266,540,440,1112,582,1770,868,1458,616,569,959,1559,1943,4283,32091,17047,1569,92,8464,0,0,3,1
2021-03-05T23:59:59+01:00,0,1,360,459,772,1464,1110,2513,1452,3925,1911,3101,1006,916,3127,4525,3972,7546,0,1,63,110,265,537,437,1106,581,1765,864,1455,613,567,920,1501,1920,4241,29770,16853,1568,92,6819,0,0,3,1
2021-03-04T23:59:59+01:00,0,1,347,450,764,1444,1097,2490,1433,3896,1889,3082,992,912,3123,4521,3969,7544,0,1,62,109,262,534,433,1090,571,1743,863,1447,611,565,883,1447,1897,4204,29757,16692,1529,29,6665,0,0,3,1
2021-03-03T23:59:59+01:00,0,1,338,419,745,1393,1067,2407,1383,3741,1809,2985,959,866,3113,4515,3969,7541,0,1,61,108,259,531,432,1086,569,1734,860,1443,611,564,863,1394,1808,4057,29441,16353,1529,27,6278,0,0,3,1
2021-03-02T23:59:59+01:00,0,1,332,411,730,1370,1019,2362,1315,3656,1693,2886,871,801,3070,4476,3963,7536,0,1,61,108,258,527,431,1078,569,1728,860,1439,610,564,863,1394,1808,4057,28802,16328,1465,27,6222,0,0,3,1
2021-03-01T23:59:59+01:00,0,1,328,397,723,1323,1006,2304,1295,3573,1666,2836,852,792,3062,4466,3962,7536,0,1,61,107,257,523,426,1064,565,1715,851,1431,609,562,766,1239,1751,3977,28761,15877,1413,27,5945,0,0,3,1
2021-02-28T23:59:59+01:00,0,1,323,385,715,1284,992,2227,1281,3485,1643,2757,848,782,3060,4462,3961,7533,0,1,61,107,256,523,426,1063,565,1715,849,1431,609,561,669,1114,1703,3896,28745,15522,1409,26,5582,0,0,3,1
2021-02-27T23:59:59+01:00,0,1,314,364,701,1257,973,2191,1246,3416,1620,2704,830,766,3057,4462,3960,7533,0,1,60,107,256,523,426,1063,564,1715,847,1431,609,561,669,1114,1703,3896,28741,15518,1409,26,5242,0,0,3,1
2021-02-26T23:59:59+01:00,0,1,288,313,654,1192,909,2073,1156,3249,1515,2567,801,743,2620,3856,3533,6755,0,1,60,107,253,520,426,1061,562,1713,844,1425,605,559,662,1102,1694,3877,26447,15444,1409,26,4366,0,0,3,1
2021-02-25T23:59:59+01:00,0,1,283,300,640,1162,888,2031,1137,3183,1497,2522,798,739,2573,3784,3503,6711,0,1,58,104,249,512,426,1057,557,1703,841,1414,599,555,585,993,1647,3819,26228,15095,1409,24,4112,0,0,3,1
2021-02-24T23:59:59+01:00,0,1,264,291,589,1116,841,1963,1079,3088,1454,2464,782,720,2332,3482,3414,6573,0,1,57,99,244,505,420,1038,548,1681,838,1394,592,543,571,973,1636,3796,25230,14919,1409,16,3811,0,0,3,1
2021-02-23T23:59:59+01:00,0,1,252,270,560,1060,804,1888,1011,2938,1380,2362,730,670,2217,3342,3388,6480,0,1,57,97,242,499,420,1022,538,1649,830,1372,584,536,555,922,1624,3743,24424,14674,1404,16,3522,0,0,3,1
2021-02-22T23:59:59+01:00,0,1,248,264,547,997,784,1812,985,2844,1344,2302,705,648,2187,3306,3379,6417,0,1,57,96,236,493,418,1009,529,1631,826,1347,570,522,533,896,1618,3688,24019,14454,1404,15,3344,0,0,3,1
2021-02-21T23:59:59+01:00,0,1,245,257,538,972,771,1775,977,2796,1314,2276,705,646,2185,3306,3378,6416,0,1,57,96,235,493,418,1009,529,1631,826,1346,570,521,533,896,1618,3687,24013,14450,1404,15,3138,0,0,3,1
2021-02-20T23:59:59+01:00,0,1,167,227,469,923,702,1698,907,2707,1229,2177,690,631,1811,2788,2822,5613,0,1,57,96,235,493,418,1009,529,1630,826,1346,570,521,533,896,1617,3687,21736,14448,1404,15,2419,0,0,3,1
2021-02-19T23:59:59+01:00,0,1,84,166,358,842,575,1566,776,2558,1093,2025,674,610,1503,2274,2273,4820,0,1,57,96,235,493,418,1008,529,1630,826,1346,570,521,527,894,1615,3681,19528,14431,1404,15,1263,0,0,3,1
2021-02-18T23:59:59+01:00,0,1,81,161,346,792,554,1477,743,2418,1060,1957,658,599,1494,2255,2264,4768,0,1,54,89,229,471,404,941,514,1550,806,1273,556,507,521,876,1612,3659,19284,14047,1379,15,962,0,0,3,1
2021-02-17T23:59:59+01:00,0,1,80,153,332,769,545,1444,714,2325,1023,1857,653,589,1436,2167,2216,4718,0,1,54,86,227,462,396,903,503,1485,787,1191,543,495,519,874,1612,3659,19023,13781,1306,15,690,0,0,3,1
2021-02-16T23:59:59+01:00,0,1,75,148,317,729,517,1370,682,2217,998,1752,642,582,1192,1820,2092,4535,0,1,53,77,226,455,390,873,490,1420,761,1125,522,482,517,874,1609,3658,18102,13530,1067,2,497,0,0,3,1
2021-02-15T23:59:59+01:00,0,1,70,132,291,624,482,1228,624,2004,947,1592,633,580,1109,1713,2040,4470,0,1,53,77,224,450,386,867,489,1416,759,1118,522,482,516,869,1608,3655,17771,13491,729,0,39,0,0,1,1
2021-02-14T23:59:59+01:00,0,1,69,125,286,597,477,1199,613,1950,933,1570,633,580,1010,1589,1993,4413,0,1,53,77,224,450,386,867,489,1414,759,1118,522,482,516,869,1608,3655,17441,13489,573,0,23,0,0,1,1
2021-02-13T23:59:59+01:00,0,1,69,124,286,596,476,1195,612,1948,931,1567,632,579,1009,1580,1989,4410,0,1,53,77,224,449,384,862,488,1409,757,1117,520,480,499,831,1349,3184,17407,12683,573,0,23,0,0,1,1
2021-02-12T23:59:59+01:00,0,1,68,124,285,595,472,1191,612,1945,928,1566,629,578,971,1528,1969,4370,0,1,53,77,224,445,380,853,483,1400,751,1110,513,472,481,790,986,2470,17238,11488,573,0,20,0,0,1,1
2021-02-11T23:59:59+01:00,0,1,67,117,282,582,459,1164,606,1919,921,1554,628,577,928,1471,1947,4331,0,1,53,74,209,414,366,806,466,1326,736,1078,510,471,481,790,985,2469,17059,11235,490,0,4,0,0,1,0
2021-02-10T23:59:59+01:00,0,1,66,117,279,579,457,1159,602,1902,916,1550,628,577,919,1455,1926,4287,0,1,52,64,176,336,312,704,416,1154,656,983,476,459,476,789,985,2468,16956,10507,462,0,1,0,0,1,0
2021-02-09T23:59:59+01:00,0,1,64,115,273,575,454,1146,601,1887,908,1544,627,576,907,1419,1856,4183,0,1,43,53,125,257,236,554,334,952,554,829,440,448,472,788,982,2468,16704,9536,431,0,0,0,0,1,0
2021-02-08T23:59:59+01:00,0,1,63,115,270,566,451,1139,599,1872,901,1536,625,573,804,1266,1799,4101,0,1,38,43,87,168,173,417,271,715,495,694,433,442,469,785,981,2468,16274,8680,406,0,0,0,0,1,0
2021-02-07T23:59:59+01:00,0,1,61,112,260,544,437,1108,583,1769,866,1457,624,572,702,1140,1750,4017,0,1,37,42,83,165,170,410,266,702,490,683,431,441,469,785,981,2467,15903,8623,99,0,0,0,0,1,0
2021-02-06T23:59:59+01:00,0,1,60,112,259,544,437,1108,581,1768,863,1454,621,570,700,1132,1744,4010,0,1,34,41,82,162,167,400,262,694,479,674,423,440,433,737,741,2075,15864,7845,99,0,0,0,0,1,0
2021-02-05T23:59:59+01:00,0,1,60,112,257,540,437,1106,580,1767,861,1452,619,570,690,1125,1738,3997,0,1,32,39,78,158,162,392,254,675,462,664,417,440,427,712,337,1442,15812,6692,99,0,0,0,0,1,0
2021-02-04T23:59:59+01:00,0,1,59,110,252,534,431,1090,564,1740,857,1438,612,560,604,1008,1687,3936,0,1,31,36,73,152,156,381,239,651,445,650,411,432,422,705,335,1435,15451,6555,31,0,0,0,0,1,0
2021-02-03T23:59:59+01:00,0,1,58,105,248,527,430,1071,561,1724,855,1423,608,550,593,998,1684,3922,0,1,24,28,59,121,123,280,175,509,335,500,305,330,337,548,257,1151,15328,5083,29,0,0,0,0,1,0
2021-02-02T23:59:59+01:00,0,1,58,103,245,522,430,1053,549,1691,846,1399,595,540,581,949,1674,3871,0,1,17,21,41,78,87,186,122,344,219,361,215,220,217,344,184,756,15078,3413,29,0,0,0,0,0,0
2021-02-01T23:59:59+01:00,0,1,58,101,241,514,428,1037,541,1669,842,1376,588,534,559,920,1666,3824,0,0,7,11,21,42,48,98,65,168,95,165,101,103,90,160,77,329,14870,1580,29,0,0,0,0,0,0
2021-01-31T23:59:59+01:00,0,1,58,101,240,513,426,1033,539,1664,840,1373,588,533,559,920,1666,3823,0,0,7,11,19,38,43,84,61,142,81,149,96,101,89,159,75,327,14848,1482,29,0,0,0,0,0,0
2021-01-30T23:59:59+01:00,0,1,58,101,240,513,426,1033,539,1664,840,1373,588,533,559,920,1666,3823,0,0,7,11,19,38,43,84,61,142,81,149,96,100,89,159,75,327,14848,1481,29,0,0,0,0,0,0
2021-01-29T23:59:59+01:00,0,1,58,101,240,513,426,1033,539,1664,840,1373,588,533,559,920,1666,3823,0,0,7,11,19,38,43,84,61,142,81,149,96,100,89,159,75,327,14848,1481,29,0,0,0,0,0,0
2021-01-28T23:59:59+01:00,0,1,56,93,236,484,414,966,521,1578,816,1292,575,518,553,903,1663,3804,0,0,3,2,5,6,11,16,19,34,22,33,17,22,21,34,19,99,14450,363,23,0,0,0,0,0,0
2021-01-27T23:59:59+01:00,0,1,54,89,236,474,406,927,511,1512,796,1209,563,505,551,901,1663,3804,0,0,3,2,5,6,9,16,19,33,21,31,17,21,21,34,19,99,14181,356,21,0,0,0,0,0,0
2021-01-26T23:59:59+01:00,0,1,53,83,231,471,399,898,500,1445,771,1142,541,492,549,901,1663,3804,0,0,1,2,5,6,9,15,17,29,17,26,15,18,19,32,19,91,13925,321,19,0,0,0,0,0,0
2021-01-25T23:59:59+01:00,0,1,53,83,228,465,396,892,500,1442,770,1137,541,492,549,898,1663,3802,0,0,0,0,0,0,0,2,0,0,0,0,1,1,0,2,0,0,13895,6,17,0,0,0,0,0,0
2021-01-24T23:59:59+01:00,0,1,53,83,228,465,396,892,500,1441,770,1137,541,492,549,898,1663,3802,0,0,0,0,0,0,0,2,0,0,0,0,1,1,0,2,0,0,13894,6,17,0,0,0,0,0,0
2021-01-23T23:59:59+01:00,0,1,53,83,228,464,395,888,500,1435,769,1135,538,490,532,860,1403,3324,0,0,0,0,0,0,0,1,0,0,0,0,1,1,0,2,0,0,13081,5,17,0,0,0,0,0,0
2021-01-22T23:59:59+01:00,0,1,53,83,227,460,390,878,495,1425,764,1128,532,481,515,818,1024,2583,0,0,0,0,0,0,0,1,0,0,0,0,1,1,0,2,0,0,11841,5,16,0,0,0,0,0,0
2021-01-21T23:59:59+01:00,0,1,53,80,208,426,363,822,467,1325,737,1093,528,481,515,818,1023,2582,0,0,0,0,0,0,0,1,0,0,0,0,1,1,0,2,0,0,11506,5,16,0,0,0,0,0,0
2021-01-20T23:59:59+01:00,0,1,51,70,181,354,322,737,424,1171,667,1003,492,470,510,818,1023,2581,0,0,0,0,0,0,0,1,0,0,0,0,1,1,0,2,0,0,10859,5,16,0,0,0,0,0,0
2021-01-19T23:59:59+01:00,0,1,44,57,137,276,248,579,347,989,577,863,457,458,506,816,1023,2581,0,0,0,0,0,0,0,0,0,0,0,0,1,0,0,2,0,0,9951,3,8,0,0,0,0,0,0
2021-01-18T23:59:59+01:00,0,1,40,44,88,175,179,429,280,726,505,706,449,451,503,812,1021,2581,0,0,0,0,0,0,0,0,0,0,0,0,0,0,0,1,0,0,8990,1,0,0,0,0,0,0,0
2021-01-17T23:59:59+01:00,0,1,37,43,85,172,175,421,276,715,500,693,447,451,503,812,1021,2580,0,0,0,0,0,0,0,0,0,0,0,0,0,0,0,0,0,0,8932,0,0,0,0,0,0,0,0
2021-01-16T23:59:59+01:00,0,1,34,42,83,170,171,412,269,708,485,684,438,449,464,765,774,2183,0,0,0,0,0,0,0,0,0,0,0,0,0,0,0,0,0,0,8132,0,0,0,0,0,0,0,0
2021-01-15T23:59:59+01:00,0,1,32,40,80,165,168,406,262,691,471,676,432,448,459,741,361,1541,0,0,0,0,0,0,0,0,0,0,0,0,0,0,0,0,0,0,6974,0,0,0,0,0,0,0,0
2021-01-14T23:59:59+01:00,0,1,32,38,78,159,163,401,254,678,460,668,429,445,459,740,361,1541,0,0,0,0,0,0,0,0,0,0,0,0,0,0,0,0,0,0,6907,0,0,0,0,0,0,0,0
2021-01-13T23:59:59+01:00,0,0,24,31,62,127,128,304,194,544,351,525,326,343,374,577,282,1246,0,0,0,0,0,0,0,0,0,0,0,0,0,0,0,0,0,0,5438,0,0,0,0,0,0,0,0
2021-01-12T23:59:59+01:00,0,0,17,24,46,88,93,216,140,393,238,389,234,235,247,371,205,845,0,0,0,0,0,0,0,0,0,0,0,0,0,0,0,0,0,0,3781,0,0,0,0,0,0,0,0
2021-01-11T23:59:59+01:00,0,0,9,15,27,48,62,139,88,220,125,208,116,112,106,179,93,374,0,0,0,0,0,0,0,0,0,0,0,0,0,0,0,0,0,0,1921,0,0,0,0,0,0,0,0
2021-01-10T23:59:59+01:00,0,0,8,15,23,44,55,110,80,179,105,175,110,108,102,177,90,374,0,0,0,0,0,0,0,0,0,0,0,0,0,0,0,0,0,0,1755,0,0,0,0,0,0,0,0
2021-01-09T23:59:59+01:00,0,0,8,15,23,44,55,110,80,179,105,175,110,107,102,177,90,374,0,0,0,0,0,0,0,0,0,0,0,0,0,0,0,0,0,0,1754,0,0,0,0,0,0,0,0
2021-01-08T23:59:59+01:00,0,0,8,14,22,43,52,103,75,168,99,172,107,103,97,168,88,364,0,0,0,0,0,0,0,0,0,0,0,0,0,0,0,0,0,0,1683,0,0,0,0,0,0,0,0
2021-01-07T23:59:59+01:00,0,0,3,3,5,7,11,17,20,34,24,36,17,22,23,35,23,107,0,0,0,0,0,0,0,0,0,0,0,0,0,0,0,0,0,0,387,0,0,0,0,0,0,0,0
2021-01-06T23:59:59+01:00,0,0,3,2,5,6,9,16,20,33,21,32,17,21,23,35,23,106,0,0,0,0,0,0,0,0,0,0,0,0,0,0,0,0,0,0,372,0,0,0,0,0,0,0,0
2021-01-05T23:59:59+01:00,0,0,3,2,5,6,9,16,20,33,21,32,17,21,23,35,23,106,0,0,0,0,0,0,0,0,0,0,0,0,0,0,0,0,0,0,372,0,0,0,0,0,0,0,0
2021-01-04T23:59:59+01:00,0,0,0,0,0,0,0,2,1,0,0,0,1,1,0,2,0,0,0,0,0,0,0,0,0,0,0,0,0,0,0,0,0,0,0,0,7,0,0,0,0,0,0,0,0
2021-01-03T23:59:59+01:00,0,0,0,0,0,0,0,2,1,0,0,0,1,1,0,2,0,0,0,0,0,0,0,0,0,0,0,0,0,0,0,0,0,0,0,0,7,0,0,0,0,0,0,0,0
2021-01-02T23:59:59+01:00,0,0,0,0,0,0,0,1,1,0,0,0,1,1,0,2,0,0,0,0,0,0,0,0,0,0,0,0,0,0,0,0,0,0,0,0,6,0,0,0,0,0,0,0,0
2021-01-01T23:59:59+01:00,0,0,0,0,0,0,0,1,1,0,0,0,1,1,0,2,0,0,0,0,0,0,0,0,0,0,0,0,0,0,0,0,0,0,0,0,6,0,0,0,0,0,0,0,0
2020-12-31T23:59:59+01:00,0,0,0,0,0,0,0,1,1,0,0,0,1,1,0,2,0,0,0,0,0,0,0,0,0,0,0,0,0,0,0,0,0,0,0,0,6,0,0,0,0,0,0,0,0
2020-12-30T23:59:59+01:00,0,0,0,0,0,0,0,1,1,0,0,0,1,1,0,2,0,0,0,0,0,0,0,0,0,0,0,0,0,0,0,0,0,0,0,0,6,0,0,0,0,0,0,0,0
2020-12-29T23:59:59+01:00,0,0,0,0,0,0,0,1,1,0,0,0,1,0,0,2,0,0,0,0,0,0,0,0,0,0,0,0,0,0,0,0,0,0,0,0,5,0,0,0,0,0,0,0,0
2020-12-28T23:59:59+01:00,0,0,0,0,0,0,0,1,0,0,0,0,1,0,0,1,0,0,0,0,0,0,0,0,0,0,0,0,0,0,0,0,0,0,0,0,3,0,0,0,0,0,0,0,0
2020-12-27T23:59:59+01:00,0,0,0,0,0,0,0,0,0,0,0,0,0,0,0,0,0,0,0,0,0,0,0,0,0,0,0,0,0,0,0,0,0,0,0,0,0,0,0,0,0,0,0,0,0
