Datum,<15_1_m,<15_1_w,15-24_1_m,15-24_1_w,25-34_1_m,25-34_1_w,35-44_1_m,35-44_1_w,45-54_1_m,45-54_1_w,55-64_1_m,55-64_1_w,65-74_1_m,65-74_1_w,75-84_1_m,75-84_1_w,>84_1_m,>84_1_w,<15_2_m,<15_2_w,15-24_2_m,15-24_2_w,25-34_2_m,25-34_2_w,35-44_2_m,35-44_2_w,45-54_2_m,45-54_2_w,55-64_2_m,55-64_2_w,65-74_2_m,65-74_2_w,75-84_2_m,75-84_2_w,>84_2_m,>84_2_w,bp_1,bp_2,mo_1,mo_2,az_1,az_2,ja,unb_1,unb_2
2021-11-11T23:59:59+01:00,2591,2404,17134,16019,19989,18429,22781,22730,29133,29955,35282,35895,26173,29061,17730,22639,5380,10208,1975,1753,14393,13671,17552,16233,20644,20622,26895,27706,33369,34090,25440,28208,17260,22009,5206,9764,265547,242557,32944,30936,46616,44893,18367,90,37
2021-11-10T23:59:59+01:00,2543,2369,17005,15904,19851,18318,22680,22631,29035,29873,35215,35822,26149,29030,17721,22620,5376,10199,1966,1742,14357,13616,17507,16193,20599,20571,26846,27653,33331,34052,25414,28180,17244,22001,5206,9762,264421,242069,32911,30906,46615,44893,18335,90,37
2021-11-09T23:59:59+01:00,2525,2339,16891,15788,19745,18219,22570,22535,28957,29802,35147,35760,26128,29004,17707,22605,5374,10193,1959,1730,14331,13581,17484,16169,20573,20547,26815,27620,33298,34025,25403,28165,17237,21992,5206,9756,263407,241772,32888,30869,46615,44893,18320,90,37
2021-11-08T23:59:59+01:00,2422,2219,16659,15601,19620,18108,22464,22446,28864,29721,35070,35702,26103,28983,17694,22591,5372,10188,1948,1724,14282,13536,17457,16133,20549,20510,26785,27590,33271,33992,25391,28148,17235,21984,5201,9754,261987,241430,32887,30846,46609,44892,18285,90,37
2021-11-07T23:59:59+01:00,2408,2204,16614,15564,19561,18062,22419,22408,28824,29695,35032,35674,26095,28974,17689,22585,5372,10185,1937,1718,14265,13508,17438,16107,20531,20490,26775,27571,33250,33978,25383,28138,17228,21977,5200,9751,261558,241213,32885,30846,46606,44892,18257,90,37
2021-11-06T23:59:59+01:00,2370,2163,16398,15380,19392,17923,22287,22309,28703,29605,34967,35619,26081,28962,17684,22581,5371,10184,1932,1716,14240,13491,17414,16089,20519,20477,26761,27560,33244,33964,25379,28134,17226,21975,5200,9750,260174,241039,32883,30846,46606,44892,18257,90,37
2021-11-05T23:59:59+01:00,2297,2095,16085,15096,19152,17697,22077,22131,28537,29455,34861,35538,26065,28941,17677,22570,5371,10182,1915,1704,14159,13413,17357,16037,20465,20431,26719,27525,33222,33945,25372,28125,17221,21964,5200,9747,258179,240625,32822,30806,46606,44892,18161,90,37
2021-11-04T23:59:59+01:00,2261,2064,15937,14953,19005,17564,21973,22017,28430,29345,34782,35489,26052,28919,17674,22562,5370,10182,1895,1684,14099,13352,17297,15970,20415,20365,26675,27467,33178,33904,25359,28108,17208,21952,5200,9738,257160,240201,32776,30757,46601,44888,17983,90,37
2021-11-03T23:59:59+01:00,2244,2041,15820,14854,18906,17487,21875,21935,28345,29284,34725,35459,26032,28897,17667,22551,5367,10179,1877,1670,14063,13313,17259,15923,20378,20334,26639,27426,33137,33874,25344,28089,17199,21934,5199,9729,256291,239771,32770,30744,46601,44888,17947,90,37
2021-11-02T23:59:59+01:00,2235,2028,15749,14785,18821,17415,21802,21879,28279,29243,34690,35425,26020,28882,17659,22548,5366,10174,1857,1658,14019,13271,17212,15894,20342,20299,26610,27401,33105,33841,25334,28074,17194,21924,5197,9723,255686,239389,32741,30729,46601,44887,17913,90,37
2021-11-01T23:59:59+01:00,2228,2016,15691,14745,18756,17382,21758,21850,28242,29222,34670,35408,26014,28881,17658,22545,5366,10173,1845,1651,13981,13248,17190,15867,20321,20285,26590,27383,33093,33834,25326,28070,17191,21915,5196,9721,255316,239173,32741,30721,46599,44886,17890,90,37
2021-10-31T23:59:59+01:00,2228,2016,15691,14745,18756,17382,21758,21850,28241,29222,34670,35408,26014,28881,17658,22545,5366,10173,1845,1651,13981,13248,17190,15866,20321,20285,26589,27383,33093,33834,25326,28070,17191,21915,5196,9721,255316,239172,32741,30721,46599,44886,17889,90,37
2021-10-30T23:59:59+02:00,2226,2013,15688,14745,18756,17382,21756,21849,28240,29222,34670,35407,26014,28880,17658,22545,5366,10173,1843,1649,13980,13248,17190,15866,20321,20285,26589,27383,33092,33834,25326,28070,17191,21915,5196,9721,255303,239166,32740,30721,46599,44886,17889,90,37
2021-10-29T23:59:59+02:00,2202,1982,15556,14641,18611,17272,21634,21763,28121,29151,34603,35366,26003,28872,17653,22543,5366,10171,1830,1636,13915,13213,17139,15819,20272,20263,26552,27358,33073,33814,25323,28066,17189,21911,5196,9718,254392,238911,32691,30684,46599,44886,17769,90,37
2021-10-28T23:59:59+02:00,2179,1953,15419,14544,18427,17155,21514,21675,28022,29078,34542,35318,25990,28860,17649,22536,5366,10169,1816,1620,13837,13139,17044,15753,20211,20208,26504,27315,33034,33788,25301,28047,17182,21902,5192,9714,253552,238515,32606,30591,46598,44883,17581,90,37
2021-10-27T23:59:59+02:00,2154,1940,15358,14485,18379,17106,21458,21648,27988,29047,34515,35298,25985,28844,17642,22533,5366,10168,1804,1606,13805,13105,17023,15733,20197,20191,26485,27280,33011,33768,25283,28026,17174,21886,5188,9712,253104,238220,32603,30587,46598,44883,17550,90,37
2021-10-26T23:59:59+02:00,2141,1916,15316,14453,18341,17071,21428,21631,27970,29027,34496,35288,25977,28840,17639,22530,5366,10168,1795,1599,13781,13068,16999,15706,20175,20171,26468,27262,32989,33755,25272,28008,17164,21867,5184,9695,252801,237917,32597,30578,46598,44883,17543,90,37
2021-10-25T23:59:59+02:00,2134,1911,15283,14435,18319,17054,21413,21622,27957,29021,34492,35283,25977,28838,17639,22530,5366,10168,1794,1599,13777,13065,16996,15704,20175,20168,26467,27261,32986,33753,25272,28008,17164,21866,5184,9695,252649,237897,32593,30574,46598,44883,17543,90,37
2021-10-24T23:59:59+02:00,2124,1905,15268,14428,18304,17044,21401,21613,27945,29008,34484,35277,25976,28833,17637,22530,5366,10168,1788,1593,13766,13046,16989,15691,20168,20159,26458,27256,32981,33745,25268,28003,17162,21865,5183,9694,252527,237785,32593,30574,46596,44883,17536,90,37
2021-10-23T23:59:59+02:00,2124,1905,15268,14428,18303,17044,21401,21612,27945,29008,34484,35277,25976,28833,17637,22530,5366,10168,1788,1593,13766,13046,16989,15691,20168,20159,26458,27256,32980,33745,25268,28003,17162,21865,5183,9694,252525,237784,32593,30574,46596,44883,17536,90,37
2021-10-22T23:59:59+02:00,2109,1889,15202,14383,18211,16984,21334,21564,27891,28961,34453,35261,25976,28829,17636,22527,5365,10167,1771,1572,13714,12982,16944,15656,20138,20135,26438,27238,32960,33728,25260,28001,17162,21862,5183,9693,252056,237466,32533,30553,46596,44883,17498,90,37
2021-10-21T23:59:59+02:00,2079,1858,15084,14300,18090,16893,21243,21504,27818,28898,34387,35222,25962,28809,17630,22517,5364,10163,1744,1555,13636,12901,16875,15606,20081,20092,26384,27192,32913,33693,25243,27981,17151,21838,5182,9688,251299,236996,32479,30452,46596,44883,17387,90,37
2021-10-20T23:59:59+02:00,2066,1847,15038,14266,18041,16857,21195,21464,27787,28872,34359,35204,25955,28796,17622,22506,5363,10158,1722,1542,13607,12868,16843,15570,20051,20061,26353,27162,32890,33660,25223,27969,17140,21828,5182,9683,250899,236619,32465,30440,46596,44883,17375,90,37
2021-10-19T23:59:59+02:00,2057,1840,15018,14236,18020,16836,21179,21450,27774,28855,34341,35192,25943,28787,17620,22503,5363,10158,1708,1524,13587,12830,16807,15533,20021,20037,26329,27138,32859,33638,25206,27952,17134,21814,5178,9677,250688,236251,32465,30439,46596,44883,17362,90,37
2021-10-18T23:59:59+02:00,2052,1833,14996,14218,18003,16815,21154,21425,27760,28843,34328,35178,25941,28781,17618,22500,5360,10157,1694,1512,13560,12799,16792,15506,20000,20012,26311,27113,32844,33618,25194,27944,17130,21806,5175,9675,250502,235991,32454,30427,46596,44881,17349,90,37
2021-10-17T23:59:59+02:00,2048,1831,14971,14208,18000,16809,21150,21419,27754,28834,34325,35173,25936,28778,17616,22500,5359,10153,1692,1506,13534,12778,16772,15490,19986,19995,26295,27103,32835,33607,25185,27936,17126,21803,5170,9666,250414,235799,32453,30427,46596,44876,17340,90,37
2021-10-16T23:59:59+02:00,2048,1830,14971,14206,18000,16809,21149,21419,27754,28834,34325,35173,25936,28778,17616,22500,5359,10153,1692,1506,13534,12778,16772,15490,19986,19995,26295,27103,32835,33607,25185,27936,17126,21803,5170,9666,250410,235799,32453,30427,46596,44876,17340,90,37
2021-10-15T23:59:59+02:00,2043,1815,14942,14173,17980,16786,21125,21405,27739,28824,34310,35167,25936,28775,17615,22496,5359,10151,1675,1484,13464,12723,16738,15457,19949,19969,26273,27078,32824,33591,25182,27933,17121,21800,5169,9665,250243,235477,32428,30392,46596,44876,17313,90,37
2021-10-14T23:59:59+02:00,2015,1798,14848,14106,17919,16732,21087,21372,27702,28793,34281,35145,25928,28767,17611,22488,5358,10145,1648,1455,13366,12628,16673,15394,19903,19899,26215,27027,32781,33555,25164,27910,17107,21781,5167,9662,249833,234947,32372,30242,46596,44876,17233,90,37
2021-10-13T23:59:59+02:00,2000,1789,14816,14062,17894,16704,21071,21353,27678,28777,34260,35132,25921,28757,17603,22480,5357,10142,1633,1443,13321,12588,16643,15359,19866,19853,26187,27002,32752,33514,25144,27889,17098,21756,5162,9656,249553,234499,32370,30238,46596,44876,17216,90,37
2021-10-12T23:59:59+02:00,1991,1784,14785,14029,17875,16677,21045,21331,27659,28756,34241,35115,25916,28751,17601,22472,5356,10140,1619,1435,13280,12542,16619,15315,19832,19818,26162,26975,32723,33491,25126,27865,17087,21734,5152,9625,249291,234043,32368,30236,46596,44876,17208,90,37
2021-10-11T23:59:59+02:00,1985,1776,14762,14016,17861,16660,21031,21319,27647,28746,34232,35101,25912,28744,17597,22467,5356,10136,1615,1425,13246,12510,16603,15287,19813,19792,26144,26948,32698,33463,25108,27844,17080,21722,5151,9615,249131,233722,32368,30236,46595,44876,17193,90,37
2021-10-10T23:59:59+02:00,1972,1764,14744,13998,17843,16645,21021,21305,27641,28741,34221,35094,25912,28740,17596,22464,5354,10136,1595,1415,13218,12485,16576,15259,19792,19772,26128,26930,32685,33448,25100,27834,17075,21719,5149,9612,248989,233469,32368,30236,46595,44872,17178,90,37
2021-10-09T23:59:59+02:00,1972,1764,14744,13998,17842,16644,21020,21305,27641,28741,34220,35093,25912,28738,17596,22464,5354,10136,1595,1415,13218,12485,16575,15259,19791,19772,26128,26929,32684,33446,25100,27832,17075,21719,5149,9612,248988,233468,32368,30235,46595,44872,17172,90,37
2021-10-08T23:59:59+02:00,1955,1749,14707,13976,17814,16619,20997,21290,27622,28727,34205,35078,25907,28737,17596,22462,5353,10134,1572,1376,13141,12397,16519,15208,19738,19732,26099,26896,32663,33425,25089,27821,17070,21714,5147,9611,248792,232961,32350,30218,46595,44872,17130,90,37
2021-10-07T23:59:59+02:00,1933,1729,14638,13903,17746,16566,20951,21229,27574,28698,34155,35048,25883,28715,17588,22449,5352,10130,1532,1343,13045,12323,16455,15137,19688,19683,26025,26845,32615,33382,25064,27799,17052,21695,5139,9594,248332,232442,32292,30058,46594,44871,17008,90,37
2021-10-06T23:59:59+02:00,1924,1711,14602,13867,17723,16538,20933,21206,27544,28666,34122,35027,25869,28702,17585,22444,5349,10127,1515,1330,13018,12282,16430,15109,19663,19658,25997,26819,32592,33352,25052,27786,17042,21683,5137,9588,248030,232127,32292,30058,46594,44871,16960,90,37
2021-10-05T23:59:59+02:00,1917,1699,14578,13829,17690,16522,20912,21184,27522,28639,34102,35000,25852,28686,17576,22433,5349,10123,1498,1315,12985,12250,16404,15091,19642,19634,25976,26792,32570,33334,25045,27777,17035,21676,5133,9583,247728,231837,32291,30058,46593,44870,16938,90,37
2021-10-04T23:59:59+02:00,1905,1694,14533,13791,17659,16494,20891,21163,27499,28615,34086,34981,25845,28669,17573,22428,5348,10119,1476,1299,12951,12213,16385,15061,19629,19610,25952,26764,32552,33306,25034,27767,17029,21669,5131,9579,247477,231550,32264,30055,46592,44869,16896,90,37
2021-10-03T23:59:59+02:00,1893,1688,14515,13762,17641,16476,20879,21153,27490,28604,34076,34972,25836,28664,17566,22420,5347,10117,1465,1289,12929,12195,16361,15043,19618,19599,25942,26751,32541,33293,25023,27756,17029,21661,5131,9579,247341,231399,32254,30051,46589,44868,16850,90,37
2021-10-02T23:59:59+02:00,1892,1688,14513,13761,17640,16475,20879,21152,27490,28604,34075,34972,25836,28663,17566,22420,5347,10117,1465,1289,12929,12194,16361,15043,19618,19599,25942,26751,32541,33293,25023,27756,17029,21661,5131,9579,247332,231398,32254,30051,46589,44868,16850,90,37
2021-10-01T23:59:59+02:00,1879,1669,14450,13697,17578,16423,20837,21110,27454,28584,34049,34953,25828,28659,17566,22414,5347,10114,1430,1252,12826,12091,16279,14986,19559,19550,25906,26716,32509,33265,25008,27741,17025,21653,5130,9577,247003,230825,32222,30041,46589,44868,16732,90,37
2021-09-30T23:59:59+02:00,1866,1649,14352,13612,17515,16365,20775,21058,27397,28526,33991,34926,25806,28642,17557,22403,5345,10111,1406,1228,12720,12016,16206,14938,19508,19497,25851,26658,32454,33237,24987,27719,17019,21641,5127,9576,246635,230515,32094,29861,46586,44859,16516,90,37
2021-09-29T23:59:59+02:00,1851,1629,14327,13587,17492,16323,20737,21028,27370,28493,33965,34903,25786,28626,17551,22393,5345,10110,1388,1215,12688,11983,16186,14910,19495,19478,25836,26640,32436,33214,24972,27706,17009,21628,5124,9572,246285,230237,32093,29861,46586,44858,16487,90,37
2021-09-28T23:59:59+02:00,1834,1620,14298,13555,17463,16289,20710,20993,27338,28470,33938,34879,25772,28606,17541,22383,5342,10104,1363,1208,12648,11952,16165,14882,19481,19452,25817,26629,32423,33193,24966,27695,17006,21622,5122,9571,245932,229980,32092,29861,46586,44857,16460,90,37
2021-09-27T23:59:59+02:00,1826,1615,14270,13530,17444,16267,20685,20970,27316,28451,33919,34857,25764,28593,17539,22375,5342,10101,1349,1197,12610,11918,16144,14860,19455,19435,25797,26607,32414,33173,24958,27682,17000,21615,5120,9570,245713,229747,32092,29861,46586,44851,16408,90,37
2021-09-26T23:59:59+02:00,1822,1610,14254,13510,17424,16250,20674,20955,27300,28436,33911,34844,25753,28588,17535,22374,5341,10100,1342,1193,12594,11898,16129,14843,19442,19423,25788,26596,32403,33162,24952,27680,16997,21611,5119,9569,245561,229616,32092,29860,46586,44851,16377,90,37
2021-09-25T23:59:59+02:00,1819,1608,14241,13494,17403,16239,20653,20944,27281,28420,33898,34836,25746,28583,17530,22371,5340,10098,1340,1191,12583,11884,16111,14833,19422,19411,25773,26579,32391,33154,24946,27675,16992,21608,5119,9567,245518,229589,32092,29860,46586,44851,16242,90,37
2021-09-24T23:59:59+02:00,1801,1584,14159,13413,17334,16188,20598,20894,27242,28376,33858,34805,25728,28572,17520,22361,5338,10094,1311,1172,12486,11781,16029,14766,19368,19350,25726,26543,32343,33124,24923,27654,16983,21596,5117,9563,245122,229073,32073,29856,46586,44851,16018,90,37
2021-09-23T23:59:59+02:00,1780,1564,14056,13314,17241,16102,20506,20817,27160,28318,33809,34745,25702,28549,17508,22342,5334,10087,1298,1163,12397,11706,15959,14699,19294,19300,25666,26486,32297,33088,24903,27635,16977,21585,5114,9557,244632,228740,31972,29818,46585,44850,15679,90,37
2021-09-22T23:59:59+02:00,1761,1551,14019,13266,17191,16060,20454,20770,27121,28271,33758,34694,25672,28522,17500,22320,5330,10083,1281,1154,12355,11660,15913,14666,19264,19271,25637,26458,32247,33053,24875,27610,16971,21571,5110,9548,244211,228417,31947,29809,46585,44848,15533,90,37
2021-09-21T23:59:59+02:00,1748,1536,13957,13213,17169,16010,20421,20731,27090,28231,33722,34673,25659,28505,17488,22296,5322,10055,1256,1131,12308,11600,15883,14638,19231,19232,25610,26430,32222,33026,24854,27593,16968,21562,5108,9537,243720,228036,31943,29759,46585,44846,15511,90,37
2021-09-20T23:59:59+02:00,1738,1529,13906,13174,17132,15969,20380,20698,27048,28192,33687,34639,25639,28478,17480,22279,5311,10028,1237,1127,12252,11564,15850,14615,19202,19206,25582,26407,32200,33002,24841,27580,16965,21554,5103,9523,243278,227734,31943,29759,46585,44846,15434,90,37
2021-09-19T23:59:59+02:00,1733,1520,13881,13148,17101,15947,20353,20679,27027,28164,33674,34625,25631,28469,17477,22276,5310,10026,1233,1116,12228,11543,15828,14595,19188,19187,25569,26395,32190,32991,24834,27575,16959,21548,5102,9523,243049,227567,31942,29758,46585,44844,15398,90,37
2021-09-18T23:59:59+02:00,1730,1516,13869,13136,17090,15940,20343,20672,27020,28160,33668,34621,25631,28469,17477,22275,5310,10026,1233,1114,12221,11535,15818,14590,19178,19184,25562,26391,32185,32989,24834,27575,16959,21548,5102,9523,243012,227547,31929,29753,46585,44844,15360,90,37
2021-09-17T23:59:59+02:00,1707,1482,13768,13022,16982,15864,20262,20601,26950,28100,33615,34577,25608,28446,17465,22264,5309,10023,1216,1097,12136,11458,15717,14513,19090,19112,25493,26322,32122,32946,24815,27555,16949,21530,5101,9519,242547,227106,31882,29741,46585,44843,14964,90,37
2021-09-16T23:59:59+02:00,1680,1444,13669,12912,16894,15768,20170,20511,26848,28013,33538,34511,25576,28413,17451,22240,5302,10002,1192,1071,12046,11379,15647,14449,19008,19033,25404,26240,32061,32891,24773,27517,16939,21517,5098,9508,241930,226638,31785,29682,46585,44841,14575,90,37
2021-09-15T23:59:59+02:00,1662,1435,13609,12859,16842,15706,20124,20460,26792,27962,33486,34455,25550,28381,17436,22211,5295,9979,1172,1055,11986,11318,15591,14398,18956,18982,25343,26190,32003,32835,24741,27484,16923,21498,5094,9497,241510,226202,31764,29666,46581,44839,14322,90,37
2021-09-14T23:59:59+02:00,1646,1424,13545,12791,16769,15654,20064,20413,26742,27905,33436,34404,25527,28362,17423,22200,5291,9974,1144,1033,11923,11256,15518,14338,18902,18937,25295,26136,31946,32782,24710,27461,16909,21482,5094,9492,241108,225808,31712,29572,46581,44839,14102,90,37
2021-09-13T23:59:59+02:00,1624,1408,13507,12754,16742,15627,20045,20388,26720,27880,33415,34380,25516,28354,17418,22189,5291,9971,1127,1018,11880,11222,15485,14316,18879,18907,25271,26108,31919,32760,24699,27450,16896,21473,5091,9491,240826,225500,31711,29570,46576,44837,14048,90,37
2021-09-12T23:59:59+02:00,1613,1405,13474,12731,16700,15611,20031,20377,26709,27861,33409,34368,25510,28347,17417,22185,5291,9968,1115,1012,11836,11202,15439,14298,18855,18886,25255,26095,31905,32746,24691,27441,16893,21469,5090,9488,240666,225285,31711,29570,46574,44836,13988,90,37
2021-09-11T23:59:59+02:00,1602,1404,13458,12719,16686,15602,20021,20374,26697,27855,33405,34364,25506,28346,17416,22184,5289,9968,1036,950,11769,11151,15423,14290,18847,18875,25242,26084,31897,32733,24689,27439,16892,21468,5090,9488,240601,224961,31690,29568,46574,44836,13961,90,37
2021-09-10T23:59:59+02:00,1563,1358,13309,12592,16614,15525,19914,20289,26615,27791,33343,34310,25466,28315,17401,22161,5283,9963,1009,925,11648,11048,15338,14207,18738,18791,25149,26027,31823,32676,24647,27408,16876,21448,5085,9483,240003,224405,31672,29557,46574,44836,13491,90,37
2021-09-09T23:59:59+02:00,1540,1337,13239,12527,16560,15475,19861,20251,26563,27724,33301,34270,25438,28297,17396,22148,5279,9956,989,901,11585,10975,15286,14155,18685,18760,25093,25986,31776,32642,24625,27393,16863,21438,5082,9472,239634,224032,31597,29517,46574,44836,13284,90,37
2021-09-08T23:59:59+02:00,1525,1320,13210,12503,16544,15451,19841,20238,26547,27712,33288,34259,25426,28289,17390,22142,5276,9953,977,885,11541,10931,15261,14137,18673,18743,25075,25962,31754,32631,24611,27378,16861,21432,5082,9470,239414,223755,31597,29517,46570,44835,13260,90,37
2021-09-07T23:59:59+02:00,1492,1302,13152,12456,16504,15419,19818,20209,26510,27691,33254,34229,25401,28271,17384,22127,5271,9947,959,876,11482,10866,15207,14084,18636,18710,25028,25917,31702,32604,24583,27355,16853,21415,5077,9468,239180,223447,31513,29402,46570,44835,13101,90,37
2021-09-06T23:59:59+02:00,1477,1293,13122,12422,16483,15396,19799,20188,26494,27676,33243,34220,25399,28259,17381,22123,5268,9947,946,867,11460,10834,15189,14052,18614,18694,25012,25897,31680,32589,24573,27343,16852,21407,5074,9468,238963,223218,31513,29391,46570,44834,13071,90,37
2021-09-05T23:59:59+02:00,1467,1285,13105,12402,16467,15380,19788,20181,26488,27667,33233,34208,25397,28256,17379,22119,5268,9947,939,862,11441,10818,15164,14036,18603,18685,25005,25890,31671,32569,24570,27332,16849,21402,5072,9467,238835,223068,31513,29391,46570,44833,13046,90,37
2021-09-04T23:59:59+02:00,1467,1285,13104,12401,16467,15380,19786,20181,26487,27667,33233,34208,25397,28256,17379,22118,5268,9947,938,862,11441,10816,15162,14036,18598,18685,25004,25888,31671,32567,24569,27332,16849,21402,5072,9467,238833,223057,31513,29390,46570,44833,13042,90,37
2021-09-03T23:59:59+02:00,1440,1269,13002,12304,16411,15327,19748,20142,26445,27640,33196,34191,25379,28245,17375,22107,5266,9946,894,828,11300,10689,15099,13960,18527,18639,24933,25839,31612,32531,24536,27304,16836,21386,5069,9463,238334,222245,31513,29387,46570,44833,12943,90,37
2021-09-02T23:59:59+02:00,1425,1262,12938,12262,16368,15294,19714,20115,26411,27606,33171,34170,25364,28233,17370,22102,5266,9942,889,822,11223,10651,15051,13925,18489,18619,24900,25817,31574,32501,24517,27283,16830,21381,5069,9461,238111,221982,31449,29345,46566,44824,12814,90,37
2021-09-01T23:59:59+02:00,1402,1247,12902,12224,16347,15274,19695,20100,26393,27586,33149,34145,25354,28222,17364,22092,5263,9938,874,800,11182,10616,15031,13897,18469,18599,24879,25795,31549,32469,24502,27269,16822,21375,5067,9459,237811,221652,31449,29343,46565,44823,12799,90,37
2021-08-31T23:59:59+02:00,1370,1225,12847,12164,16301,15238,19662,20055,26347,27537,33109,34110,25338,28201,17358,22079,5259,9934,852,775,11110,10547,14983,13836,18417,18566,24829,25741,31492,32426,24471,27253,16813,21362,5064,9452,237500,221223,31386,29314,46565,44804,12611,89,37
2021-08-30T23:59:59+02:00,1346,1210,12802,12126,16276,15216,19642,20038,26324,27520,33087,34093,25327,28191,17358,22075,5257,9932,844,764,11032,10514,14955,13815,18395,18542,24801,25725,31465,32399,24460,27238,16807,21355,5061,9449,237245,220926,31386,29314,46565,44793,12551,89,37
2021-08-29T23:59:59+02:00,1340,1204,12788,12109,16265,15207,19633,20028,26321,27511,33080,34079,25322,28185,17356,22074,5257,9932,831,755,11014,10477,14945,13798,18379,18528,24788,25715,31456,32387,24451,27226,16805,21350,5061,9449,237140,220748,31386,29314,46565,44789,12527,89,37
2021-08-28T23:59:59+02:00,1333,1190,12756,12088,16250,15195,19622,20014,26314,27501,33071,34073,25320,28180,17355,22071,5257,9931,812,730,10938,10406,14910,13765,18332,18501,24752,25682,31413,32356,24434,27213,16796,21334,5061,9446,236977,220221,31386,29314,46565,44789,12520,89,37
2021-08-27T23:59:59+02:00,1314,1175,12693,12033,16204,15147,19564,19964,26259,27451,33028,34043,25302,28169,17351,22057,5257,9928,809,725,10901,10372,14869,13739,18316,18485,24717,25658,31385,32335,24421,27202,16793,21330,5061,9445,236553,220063,31386,29313,46565,44788,12362,89,37
2021-08-26T23:59:59+02:00,1294,1159,12623,11977,16158,15104,19520,19924,26205,27393,32977,33998,25272,28140,17344,22047,5254,9924,799,710,10832,10322,14821,13695,18270,18456,24672,25620,31339,32296,24399,27185,16785,21321,5061,9441,236183,219745,31327,29298,46565,44781,12163,89,37
2021-08-25T23:59:59+02:00,1277,1144,12600,11935,16137,15078,19498,19908,26178,27375,32942,33969,25253,28122,17337,22040,5253,9921,785,697,10782,10280,14790,13666,18237,18425,24649,25601,31306,32258,24386,27168,16778,21311,5059,9438,235868,219368,31327,29298,46559,44777,12136,89,37
2021-08-24T23:59:59+02:00,1250,1126,12541,11863,16080,15034,19453,19867,26131,27330,32897,33936,25233,28098,17325,22028,5252,9916,763,677,10704,10206,14746,13626,18191,18389,24599,25550,31264,32221,24362,27141,16763,21295,5058,9437,235557,218955,31201,29258,46559,44777,11965,89,37
2021-08-23T23:59:59+02:00,1237,1113,12503,11827,16055,15015,19432,19832,26111,27294,32867,33914,25219,28085,17321,22019,5252,9913,740,661,10648,10153,14716,13588,18153,18355,24572,25520,31229,32188,24349,27121,16756,21292,5056,9436,235258,218550,31200,29258,46558,44774,11914,89,37
2021-08-22T23:59:59+02:00,1229,1106,12488,11805,16040,14999,19425,19813,26099,27283,32856,33898,25208,28079,17319,22017,5249,9913,725,652,10619,10124,14694,13571,18133,18344,24559,25502,31214,32175,24341,27110,16754,21287,5055,9435,235093,218330,31200,29258,46558,44773,11896,89,37
2021-08-21T23:59:59+02:00,1141,1034,12413,11747,16028,14987,19414,19801,26089,27272,32846,33882,25203,28075,17316,22014,5249,9913,714,646,10595,10094,14677,13567,18124,18332,24550,25496,31207,32169,24338,27110,16753,21287,5055,9435,234719,218207,31194,29258,46558,44773,11874,89,37
2021-08-20T23:59:59+02:00,1121,1018,12352,11678,15968,14932,19351,19762,26035,27239,32796,33855,25188,28064,17307,22009,5248,9911,710,640,10540,10057,14635,13531,18084,18306,24515,25477,31177,32152,24329,27103,16747,21284,5055,9434,234218,217923,31194,29258,46558,44773,11785,89,37
2021-08-19T23:59:59+02:00,1095,994,12283,11621,15907,14900,19301,19711,25973,27189,32753,33820,25157,28041,17295,21998,5245,9909,701,628,10445,9978,14566,13492,18028,18268,24446,25434,31110,32108,24288,27084,16738,21267,5054,9431,233925,217487,31102,29249,46558,44765,11528,89,37
2021-08-18T23:59:59+02:00,1083,978,12243,11585,15878,14870,19273,19681,25943,27158,32716,33794,25138,28029,17290,21989,5243,9908,687,617,10390,9910,14518,13468,17978,18239,24399,25397,31051,32069,24266,27066,16732,21254,5050,9425,233607,217029,31101,29241,46557,44754,11455,89,37
2021-08-17T23:59:59+02:00,1056,953,12192,11544,15849,14828,19242,19649,25915,27135,32680,33756,25120,28009,17280,21972,5242,9902,672,593,10296,9828,14464,13420,17924,18185,24349,25356,30991,32026,24238,27042,16721,21234,5048,9418,233304,216431,30976,29181,46557,44750,11407,89,36
2021-08-16T23:59:59+02:00,1044,946,12160,11517,15831,14811,19223,19630,25892,27111,32661,33734,25100,27994,17272,21957,5239,9900,657,580,10240,9760,14439,13377,17899,18148,24305,25321,30954,31995,24211,27008,16706,21220,5048,9415,233074,215986,30975,29181,46557,44744,11336,89,36
2021-08-15T23:59:59+02:00,1036,946,12135,11501,15817,14794,19209,19615,25882,27101,32640,33719,25094,27985,17268,21946,5238,9900,650,572,10192,9725,14401,13354,17876,18125,24280,25307,30933,31969,24193,27000,16701,21212,5047,9413,232914,215692,30974,29181,46556,44739,11302,89,36
2021-08-14T23:59:59+02:00,1035,946,12134,11498,15817,14793,19206,19613,25881,27101,32640,33718,25094,27985,17268,21946,5238,9900,594,511,10026,9505,14295,13263,17801,18079,24231,25275,30893,31936,24178,26987,16698,21209,5045,9412,232906,214687,30974,29180,46556,44738,11297,89,36
2021-08-13T23:59:59+02:00,990,906,11982,11373,15765,14732,19141,19557,25810,27050,32588,33682,25069,27956,17257,21936,5237,9896,586,506,9973,9450,14255,13234,17762,18054,24199,25255,30869,31915,24167,26974,16692,21200,5045,9408,232076,214349,30973,29180,46556,44735,11244,87,36
2021-08-12T23:59:59+02:00,976,884,11925,11312,15716,14692,19104,19531,25764,27026,32542,33653,25044,27940,17248,21930,5237,9893,577,497,9881,9384,14182,13192,17700,18004,24132,25219,30815,31866,24139,26949,16676,21182,5043,9408,231844,213926,30948,29174,46556,44720,10990,87,36
2021-08-11T23:59:59+02:00,962,873,11892,11278,15697,14669,19071,19513,25742,27007,32517,33624,25025,27917,17244,21922,5236,9891,533,464,9808,9322,14128,13151,17653,17960,24091,25197,30775,31818,24109,26917,16660,21169,5042,9402,231551,213353,30947,29170,46555,44692,10948,87,36
2021-08-10T23:59:59+02:00,943,863,11804,11226,15645,14638,19027,19476,25688,26972,32460,33570,25008,27902,17237,21909,5235,9888,520,457,9712,9234,14076,13116,17621,17926,24044,25158,30722,31771,24076,26883,16653,21149,5038,9397,231169,212829,30815,29135,46553,44678,10875,87,36
2021-08-09T23:59:59+02:00,940,846,11776,11191,15629,14622,19005,19463,25656,26950,32431,33539,25000,27893,17231,21901,5235,9885,508,440,9657,9172,14035,13066,17584,17885,24013,25113,30687,31731,24062,26866,16648,21136,5036,9391,230929,212373,30815,29132,46552,44671,10818,87,36
2021-08-08T23:59:59+02:00,929,839,11740,11168,15607,14608,18985,19442,25631,26929,32408,33522,24992,27877,17224,21897,5234,9885,486,431,9580,9116,13986,13037,17557,17855,23980,25078,30655,31700,24049,26847,16640,21122,5035,9388,230735,211970,30815,29131,46552,44670,10735,87,36
2021-08-07T23:59:59+02:00,909,812,11643,11090,15563,14567,18943,19408,25592,26899,32362,33490,24975,27865,17215,21879,5233,9882,417,358,8960,8526,13542,12682,17343,17669,23829,24968,30502,31623,23990,26796,16619,21095,5030,9385,230146,208765,30815,29129,46552,44670,10734,87,36
2021-08-06T23:59:59+02:00,900,809,11613,11065,15549,14554,18932,19402,25577,26883,32353,33483,24971,27861,17210,21877,5233,9881,375,309,8375,7905,13029,12284,17114,17463,23684,24856,30407,31544,23959,26749,16607,21081,5027,9378,230097,205594,30694,29116,46552,44670,10730,87,36
2021-08-05T23:59:59+02:00,897,802,11573,11034,15506,14525,18892,19370,25531,26848,32305,33436,24930,27839,17208,21866,5233,9875,367,303,8320,7841,12980,12232,17065,17422,23620,24816,30331,31490,23912,26707,16593,21063,5025,9369,229869,205172,30693,29111,46550,44661,10476,87,36
2021-08-04T23:59:59+02:00,880,786,11543,11004,15487,14493,18859,19344,25504,26819,32259,33397,24915,27826,17203,21860,5231,9867,345,293,8230,7754,12924,12185,17012,17378,23563,24772,30271,31419,23875,26669,16583,21050,5023,9363,229602,204583,30691,29110,46548,44626,10354,87,36
2021-08-03T23:59:59+02:00,864,769,11496,10964,15463,14471,18827,19324,25478,26790,32224,33362,24895,27807,17193,21855,5227,9866,320,282,8148,7668,12854,12133,16943,17326,23503,24734,30228,31369,23839,26635,16568,21039,5020,9359,229266,203923,30689,29100,46547,44618,10291,87,36
2021-08-02T23:59:59+02:00,855,766,11460,10934,15440,14440,18800,19304,25449,26765,32192,33334,24881,27787,17185,21846,5226,9864,310,275,8051,7576,12776,12072,16884,17261,23446,24662,30177,31311,23820,26612,16547,21029,5018,9354,228985,203211,30688,29099,46547,44610,10225,87,36
2021-08-01T23:59:59+02:00,847,759,11434,10905,15427,14426,18785,19293,25429,26753,32175,33319,24877,27778,17184,21843,5224,9863,297,258,7984,7509,12714,12024,16839,17214,23409,24630,30150,31286,23804,26593,16543,21023,5016,9353,228838,202752,30684,29098,46547,44591,10169,87,36
2021-07-31T23:59:59+02:00,844,758,11431,10899,15425,14423,18781,19289,25428,26752,32172,33318,24877,27777,17184,21843,5224,9863,275,238,7831,7324,11944,11355,16283,16775,23313,24551,30085,31215,23774,26557,16531,21004,5015,9351,228808,199530,30683,29098,46547,44590,10167,87,36
2021-07-30T23:59:59+02:00,843,757,11418,10890,15422,14420,18774,19282,25421,26747,32162,33313,24876,27775,17184,21840,5224,9863,228,198,7550,7085,11401,10908,15804,16344,23175,24444,29976,31103,23737,26512,16514,20982,5015,9347,228740,196451,30682,29097,46545,44578,10161,87,36
2021-07-29T23:59:59+02:00,831,748,11379,10843,15384,14399,18734,19256,25384,26713,32109,33284,24858,27755,17173,21822,5224,9860,138,134,7178,6777,10736,10388,15287,15928,22998,24298,29828,30992,23682,26460,16485,20957,5011,9344,228422,192979,30680,29087,46545,44493,10026,87,36
2021-07-28T23:59:59+02:00,812,735,11332,10790,15360,14370,18703,19228,25358,26685,32082,33259,24842,27737,17168,21810,5223,9856,119,105,7013,6624,10589,10264,15174,15793,22905,24202,29726,30893,23640,26402,16466,20928,5010,9334,228093,191729,30680,29085,46540,44383,9954,87,36
2021-07-27T23:59:59+02:00,803,726,11287,10750,15317,14330,18662,19202,25329,26659,32046,33237,24826,27712,17161,21798,5222,9848,99,92,6792,6410,10428,10149,15029,15661,22801,24092,29618,30780,23588,26338,16450,20901,5007,9322,227772,190576,30680,28757,46539,44347,9841,87,36
2021-07-26T23:59:59+02:00,793,713,11237,10701,15291,14309,18644,19174,25301,26628,32014,33211,24811,27690,17149,21786,5221,9845,91,83,6676,6334,10332,10075,14962,15581,22718,24032,29553,30706,23555,26294,16438,20884,5003,9316,227472,189791,30678,28753,46538,44307,9746,87,36
2021-07-25T23:59:59+02:00,782,703,11208,10673,15270,14284,18624,19150,25274,26603,31993,33193,24794,27679,17145,21777,5220,9843,76,78,6600,6254,10264,10012,14889,15521,22664,23978,29497,30668,23524,26273,16426,20870,5003,9312,227273,189204,30678,28749,46537,44277,9643,87,36
2021-07-24T23:59:59+02:00,758,681,11131,10590,15231,14257,18600,19129,25254,26587,31981,33180,24794,27675,17142,21775,5220,9843,76,77,6201,5906,10115,9899,14513,15238,22440,23819,29379,30584,23488,26235,16409,20853,5000,9308,226893,186847,30678,28746,46537,44275,9636,87,36
2021-07-23T23:59:59+02:00,732,659,11063,10504,15201,14223,18572,19115,25233,26566,31966,33162,24783,27670,17140,21775,5220,9840,73,73,5829,5600,9996,9792,14166,14973,22243,23643,29259,30466,23436,26167,16398,20832,4996,9301,226505,184577,30677,28746,46537,44263,9621,87,36
2021-07-22T23:59:59+02:00,691,619,10908,10339,15103,14134,18485,19066,25153,26512,31893,33098,24747,27629,17126,21757,5216,9835,61,62,5512,5303,9727,9576,13582,14495,21922,23384,29027,30237,23335,26069,16356,20794,4992,9298,225549,181252,30676,28734,46536,44244,9466,87,36
2021-07-21T23:59:59+02:00,671,594,10843,10284,15066,14107,18445,19028,25113,26482,31853,33048,24722,27594,17110,21745,5213,9830,51,56,4904,4838,9284,9320,13198,14265,21689,23230,28840,30088,23270,25993,16331,20771,4990,9295,225118,179480,30665,27473,46533,44076,9348,87,36
2021-07-20T23:59:59+02:00,653,577,10785,10229,15040,14070,18410,19001,25082,26450,31817,33014,24702,27573,17105,21730,5210,9823,46,46,4763,4726,9135,9189,13031,14130,21576,23109,28709,29964,23190,25889,16309,20731,4983,9289,224737,178138,30665,27461,46531,43927,9253,87,36
2021-07-19T23:59:59+02:00,640,564,10746,10198,15009,14046,18386,18992,25053,26424,31784,32985,24685,27550,17099,21719,5208,9820,40,43,4683,4659,9037,9111,12913,14033,21478,23001,28610,29844,23134,25832,16283,20702,4978,9283,224488,177199,30665,27452,46522,43829,9148,87,36
2021-07-18T23:59:59+02:00,625,555,10693,10146,14974,14025,18361,18974,25033,26408,31761,32966,24675,27539,17093,21710,5207,9815,38,41,4575,4558,8901,8990,12786,13893,21391,22910,28537,29765,23105,25802,16274,20689,4975,9282,224211,176187,30665,27437,46522,43775,9077,87,36
2021-07-17T23:59:59+02:00,550,484,10405,9847,14859,13923,18270,18895,24927,26335,31653,32915,24640,27505,17080,21690,5205,9814,37,40,4528,4517,8847,8917,12550,13698,20965,22565,28406,29633,23068,25749,16265,20674,4974,9279,222651,174390,30665,27437,46520,43773,9076,87,36
2021-07-16T23:59:59+02:00,521,447,10270,9726,14799,13882,18218,18843,24891,26302,31633,32890,24631,27490,17077,21683,5205,9811,37,40,4482,4475,8771,8876,12179,13419,20421,22165,28273,29539,23018,25712,16256,20669,4972,9277,221983,172278,30665,27434,46519,43766,9067,87,36
2021-07-15T23:59:59+02:00,489,410,10132,9621,14731,13831,18161,18774,24836,26254,31583,32837,24606,27453,17059,21668,5198,9807,24,30,4269,4338,8441,8666,11663,13017,19313,21318,27856,29195,22848,25542,16191,20596,4962,9261,221249,167573,30663,27421,46518,43565,8935,87,36
2021-07-14T23:59:59+02:00,468,396,10102,9595,14693,13810,18131,18739,24798,26213,31532,32784,24576,27425,17048,21651,5197,9805,21,27,4145,4187,8184,8494,11432,12872,19135,21207,27708,29068,22783,25464,16157,20558,4957,9252,220876,166004,30663,27402,46517,43387,8822,87,36
2021-07-13T23:59:59+02:00,444,382,10052,9542,14663,13781,18104,18706,24761,26192,31497,32742,24560,27394,17037,21639,5196,9802,21,25,4050,4091,8008,8336,11231,12681,18999,21067,27554,28905,22686,25380,16122,20504,4953,9241,220464,164540,30663,27381,46516,43131,8766,87,36
2021-07-12T23:59:59+02:00,432,360,10006,9490,14635,13762,18074,18677,24724,26149,31463,32698,24536,27371,17022,21634,5193,9799,20,22,3944,3992,7836,8215,11072,12544,18883,20946,27431,28785,22613,25318,16095,20478,4952,9236,220089,163371,30662,27362,46515,42940,8673,87,36
2021-07-11T23:59:59+02:00,424,342,9975,9461,14614,13742,18057,18667,24702,26140,31442,32680,24524,27361,17020,21632,5193,9797,17,20,3875,3922,7719,8117,10924,12416,18757,20844,27330,28671,22569,25270,16074,20453,4950,9233,219893,162410,30659,27357,46514,42737,8621,87,36
2021-07-10T23:59:59+02:00,398,319,9862,9358,14560,13702,18007,18644,24677,26120,31423,32664,24516,27352,17016,21628,5191,9795,17,19,3840,3898,7660,8077,10889,12387,18728,20819,27301,28649,22561,25255,16070,20448,4950,9233,219366,162108,30657,27356,46511,42689,8612,87,36
2021-07-09T23:59:59+02:00,338,271,9603,9147,14457,13622,17928,18573,24591,26067,31374,32603,24494,27321,17002,21610,5191,9790,16,18,3773,3859,7523,7986,10671,12238,18502,20680,26885,28330,22377,25061,16015,20387,4947,9226,218141,159958,30657,27352,46510,42560,8588,87,36
2021-07-08T23:59:59+02:00,259,204,9408,9003,14356,13545,17833,18499,24532,26016,31291,32545,24466,27290,16989,21592,5187,9785,14,15,3615,3735,7212,7797,10319,12009,18155,20397,26580,28071,22202,24903,15947,20311,4940,9210,217035,157580,30654,27304,46497,41984,8528,87,36
2021-07-07T23:59:59+02:00,220,176,9320,8899,14316,13514,17796,18458,24479,25979,31249,32505,24441,27260,16976,21574,5187,9777,12,11,3438,3608,6893,7575,9380,11276,17568,19969,26178,27760,21964,24595,15868,20214,4926,9196,216397,154966,30651,25549,46495,41383,8497,87,36
2021-07-06T23:59:59+02:00,198,164,9241,8842,14265,13484,17760,18415,24437,25939,31188,32458,24405,27232,16961,21557,5185,9775,12,10,3321,3535,6689,7451,9109,11112,17322,19787,25901,27504,21807,24392,15787,20110,4913,9181,215829,153029,30637,25537,46492,40879,8462,87,36
2021-07-05T23:59:59+02:00,186,149,9154,8757,14224,13438,17725,18365,24400,25909,31143,32408,24382,27209,16952,21543,5184,9773,12,9,3269,3502,6562,7373,8960,10991,17177,19647,25729,27348,21664,24224,15738,20057,4902,9171,215274,151965,30637,25528,46490,40392,8414,87,36
2021-07-04T23:59:59+02:00,171,142,9102,8707,14191,13425,17699,18347,24374,25888,31122,32382,24367,27195,16946,21535,5183,9770,10,8,3220,3458,6496,7331,8871,10919,17091,19561,25599,27237,21539,24095,15696,20005,4900,9164,214997,151301,30636,25516,46475,39995,8352,87,36
2021-07-03T23:59:59+02:00,168,139,8596,8226,14032,13307,17598,18231,24278,25829,31058,32334,24346,27173,16934,21525,5181,9767,9,8,3160,3380,6376,7211,8697,10776,16872,19375,25210,26925,21423,23957,15666,19965,4897,9158,213192,149241,30635,25516,46475,39938,8334,87,36
2021-07-02T23:59:59+02:00,161,135,8027,7768,13889,13198,17506,18154,24209,25760,30998,32272,24308,27131,16928,21505,5179,9762,8,8,3049,3272,6105,7055,8439,10536,16501,19046,24731,26498,21196,23683,15597,19883,4891,9155,211366,146159,30635,25513,46472,39614,8331,87,36
2021-07-01T23:59:59+02:00,148,125,7899,7664,13805,13139,17436,18101,24141,25709,30946,32219,24280,27106,16918,21493,5178,9761,7,7,2861,3086,5757,6772,8000,10115,15911,18568,23961,25833,20706,23210,15470,19721,4879,9130,210578,141563,30630,25500,46465,38586,8309,87,36
2021-06-30T23:59:59+02:00,130,112,7754,7548,13741,13089,17382,18048,24088,25655,30886,32173,24249,27084,16904,21475,5178,9756,6,7,2765,3011,5601,6630,7772,9893,14952,17696,23346,25281,20346,22816,15337,19560,4865,9096,210012,140022,30455,23225,46461,37459,8238,87,36
2021-06-29T23:59:59+02:00,115,99,7687,7450,13694,13049,17345,18003,24035,25594,30835,32113,24229,27058,16894,21459,5175,9752,4,5,2707,2965,5471,6532,7618,9759,14783,17523,23100,25045,20086,22490,15238,19459,4853,9076,209383,138895,30453,23212,46458,36365,8206,87,36
2021-06-28T23:59:59+02:00,110,93,7622,7379,13626,12987,17298,17952,23993,25549,30778,32069,24212,27030,16887,21449,5173,9750,3,4,2676,2932,5403,6480,7527,9688,14686,17441,22948,24831,19883,22244,15183,19390,4849,9062,208839,138291,30451,23202,46450,35570,8131,87,36
2021-06-27T23:59:59+02:00,96,88,7574,7318,13595,12950,17269,17919,23974,25514,30751,32041,24200,27022,16880,21443,5173,9748,2,3,2654,2918,5354,6455,7454,9642,14589,17376,22852,24744,19756,22101,15152,19339,4845,9053,208485,137776,30451,23190,46444,35198,8089,87,36
2021-06-26T23:59:59+02:00,92,85,7073,6777,13202,12650,17154,17815,23909,25457,30715,32006,24191,27005,16876,21432,5172,9747,2,3,2554,2809,5164,6265,7254,9451,14042,16921,22189,24108,19608,21959,15107,19286,4843,9045,206309,134135,30449,23189,46444,35178,8089,68,19
2021-06-25T23:59:59+02:00,91,82,6594,6296,12748,12277,16993,17696,23819,25392,30634,31966,24168,26978,16871,21422,5170,9744,2,3,2453,2655,4988,6070,6994,9153,13509,16387,21636,23520,19412,21749,15049,19219,4839,9033,203909,130427,30449,23189,46444,34964,8072,68,19
2021-06-24T23:59:59+02:00,81,70,6372,6085,12525,12125,16887,17614,23746,25339,30576,31918,24134,26936,16865,21412,5168,9737,2,3,2249,2421,4618,5689,6494,8664,12784,15672,20483,22515,18948,21267,14944,19088,4827,9018,202641,124478,30447,23178,46437,34013,7998,68,19
2021-06-23T23:59:59+02:00,76,68,5804,5588,12363,12014,16768,17502,23671,25292,30512,31868,24101,26913,16858,21398,5164,9733,2,3,2211,2368,4555,5569,6402,8514,12550,15383,20239,22253,18649,20937,14847,18974,4816,9001,202130,123453,29120,23029,46427,32823,7949,68,19
2021-06-22T23:59:59+02:00,71,63,5664,5458,12263,11908,16680,17428,23611,25230,30443,31789,24073,26880,16848,21377,5160,9731,2,2,2159,2331,4461,5487,6277,8367,11680,14723,19825,21845,18313,20582,14739,18835,4806,8980,201190,122528,29113,21337,46408,31631,7899,68,19
2021-06-21T23:59:59+02:00,68,60,5530,5345,12186,11815,16615,17341,23554,25156,30393,31731,24048,26852,16835,21362,5160,9727,2,2,2126,2296,4401,5390,6190,8239,10898,14014,19372,21435,18085,20352,14677,18738,4797,8963,200364,121723,29107,19549,46403,30849,7837,68,19
2021-06-20T23:59:59+02:00,66,58,5413,5221,12020,11638,16549,17218,23505,25090,30351,31675,24032,26830,16829,21347,5155,9722,2,2,2108,2266,4360,5349,6119,8188,10795,13935,19261,21309,17928,20162,14611,18654,4793,8956,199361,121189,29103,19546,46397,30253,7791,68,19
2021-06-19T23:59:59+02:00,62,54,5396,5203,11251,10974,16069,16823,23443,25045,30307,31632,24014,26810,16821,21335,5155,9722,2,2,2035,2145,4155,5114,5835,7904,10466,13598,18204,20451,17755,19970,14578,18589,4788,8944,196760,116942,29103,19546,46396,30238,7790,68,19
2021-06-18T23:59:59+02:00,59,53,5360,5175,10608,10390,15458,16258,23351,24976,30237,31569,23986,26780,16810,21320,5154,9720,2,2,1965,2055,4014,4971,5557,7633,10083,13233,17051,19238,17552,19732,14529,18524,4785,8934,193918,112524,29095,19545,46396,29984,7788,68,19
2021-06-17T23:59:59+02:00,52,44,5245,5071,9929,9886,14969,15869,23251,24888,30155,31475,23946,26734,16796,21299,5153,9717,2,2,1836,1949,3757,4724,5168,7267,9542,12746,15862,18045,17091,19242,14388,18349,4772,8910,191326,107389,29092,19536,46393,29064,7650,19,13
2021-06-16T23:59:59+02:00,50,36,5114,4940,9732,9721,14823,15739,23157,24794,30056,31399,23903,26690,16781,21287,5152,9707,2,2,1794,1908,3649,4635,5063,7146,8510,11893,15589,17746,16796,18906,14253,18179,4766,8877,190150,106489,29080,17657,46391,28113,7442,19,13
2021-06-15T23:59:59+02:00,44,30,4932,4760,9548,9567,14686,15595,23065,24703,29980,31314,23860,26616,16755,21254,5144,9692,2,2,1735,1853,3566,4539,4969,7028,8394,11750,15407,17516,16476,18595,14111,18010,4744,8818,188834,105714,29077,17653,46372,26891,7244,19,13
2021-06-14T23:59:59+02:00,42,27,4855,4698,9456,9458,14609,15505,22993,24631,29909,31252,23828,26577,16740,21236,5141,9686,2,2,1715,1830,3530,4513,4928,6995,8293,11687,15270,17382,16296,18390,14018,17912,4739,8810,188089,105486,29071,17651,46366,26063,7099,19,13
2021-06-13T23:59:59+02:00,41,26,4798,4649,9373,9384,14524,15439,22931,24580,29842,31199,23802,26549,16731,21226,5141,9684,2,2,1668,1817,3486,4489,4873,6953,8220,11649,15170,17286,16139,18206,13964,17838,4732,8803,187510,105204,29064,17649,46350,25454,6977,19,13
2021-06-12T23:59:59+02:00,39,24,4779,4634,9345,9360,14285,15261,22801,24449,29797,31154,23781,26532,16722,21218,5140,9682,2,2,1546,1694,3250,4279,4466,6653,7672,11218,13392,15595,15785,17833,13884,17736,4730,8788,186597,98499,29064,17648,46350,25390,6975,18,13
2021-06-11T23:59:59+02:00,35,23,4726,4583,9264,9309,13965,15039,22605,24301,29701,31063,23744,26487,16704,21206,5139,9679,2,2,1446,1561,3059,4064,4170,6287,7160,10673,11747,13700,15303,17253,13771,17588,4715,8774,185241,91557,29059,17647,46348,25150,6908,18,13
2021-06-10T23:59:59+02:00,29,20,4441,4360,8716,8980,12688,14014,22038,23848,29328,30757,23608,26328,16652,21138,5126,9664,2,2,1326,1473,2823,3882,3844,6004,6723,10281,10328,12366,14788,16675,13599,17380,4700,8747,179899,87005,29042,17644,46343,23845,6436,16,13
2021-06-09T23:59:59+02:00,26,16,4208,4199,8123,8689,11789,13352,21716,23636,29098,30606,23544,26265,16632,21113,5123,9660,2,2,1241,1419,2667,3809,3703,5923,6514,10187,10062,12187,14463,16323,13427,17200,4693,8726,177788,86664,27773,17539,46337,22450,5882,16,13
2021-06-08T23:59:59+02:00,22,13,4080,4100,7722,8463,11302,13061,21490,23455,28898,30451,23486,26192,16600,21071,5117,9651,2,2,1164,1392,2530,3750,3543,5853,5617,9436,9589,11820,14125,15915,13201,16959,4679,8704,176037,86299,27403,15383,46312,21179,5407,16,13
2021-06-07T23:59:59+02:00,17,11,3960,4024,7482,8358,11012,12882,21286,23341,28744,30333,23428,26138,16582,21046,5113,9643,2,2,1116,1276,2408,3686,3413,5790,5451,9360,9378,11692,13894,15656,13045,16790,4672,8686,174805,86108,27394,15378,46304,19936,4882,16,13
2021-06-06T23:59:59+02:00,15,11,3843,3966,7245,8239,10762,12718,21099,23253,28658,30241,23397,26104,16570,21028,5110,9638,2,2,1096,1259,2344,3651,3317,5735,5344,9285,9259,11591,13738,15500,12972,16696,4669,8679,173654,85912,27376,15373,46294,19283,4558,16,13
2021-06-05T23:59:59+02:00,15,11,3814,3929,7206,8199,10585,12566,20471,22742,28496,30097,23347,26059,16556,21009,5110,9634,2,1,1064,1160,2176,3197,3084,5195,5175,8952,8479,10634,13084,14659,12860,16549,4658,8669,171615,80517,27376,15373,46293,19147,4548,15,13
2021-06-04T23:59:59+02:00,15,11,3784,3902,7167,8172,10487,12474,20106,22412,28392,30000,23312,26021,16542,21000,5108,9633,2,1,1032,1093,2078,2885,2924,4717,5018,8581,7963,9976,11583,12939,12733,16352,4651,8651,170328,74129,27363,15372,46292,19124,4541,15,13
2021-06-03T23:59:59+02:00,10,7,3648,3801,6949,8031,9931,12050,18883,21480,27994,29688,23179,25880,16489,20938,5104,9619,2,1,982,1048,1990,2774,2785,4558,4813,8274,7598,9526,11203,12540,12623,16238,4648,8638,165572,72338,27352,15369,46288,18066,4455,15,13
2021-06-02T23:59:59+02:00,10,7,3640,3793,6936,8014,9919,12039,18694,21299,27922,29639,23156,25859,16483,20929,5101,9617,2,1,977,1040,1978,2745,2762,4539,4601,8089,7062,9037,11166,12499,12608,16223,4644,8632,165501,72229,26807,13875,46288,18041,4447,15,13
2021-06-01T23:59:59+02:00,9,6,3514,3718,6695,7865,9634,11844,18237,20954,27684,29443,23063,25757,16442,20876,5098,9605,2,1,940,992,1892,2675,2681,4464,4322,7855,6463,8502,10952,12285,12510,16122,4639,8620,163805,71780,26029,12582,46273,17219,4323,15,13
2021-05-31T23:59:59+02:00,9,6,3468,3674,6604,7798,9498,11742,18111,20864,27592,29366,22996,25695,16425,20847,5093,9598,2,1,911,964,1822,2632,2602,4421,4214,7791,6341,8424,10765,12115,12409,16006,4629,8612,162958,71411,26000,12575,46260,16508,4154,15,13
2021-05-30T23:59:59+02:00,9,5,3437,3649,6539,7742,9406,11648,18022,20785,27516,29294,22951,25650,16403,20819,5087,9588,2,1,904,956,1811,2623,2589,4409,4185,7766,6288,8382,10704,12036,12375,15962,4624,8603,162247,71370,25994,12572,46243,16213,4052,15,13
2021-05-29T23:59:59+02:00,9,5,3426,3632,6504,7714,9363,11609,17984,20745,27368,29188,22896,25576,16388,20799,5084,9584,1,1,868,937,1754,2577,2517,4325,3994,7510,6013,8083,8494,9374,12182,15620,4609,8574,161584,65110,25994,12570,46230,15688,4052,15,13
2021-05-28T23:59:59+02:00,9,5,3363,3577,6374,7637,9223,11477,17826,20613,27185,29065,22835,25498,16368,20781,5083,9583,1,1,855,924,1735,2554,2479,4270,3842,7214,5818,7819,5779,6252,11909,15221,4593,8525,160228,58209,25992,12570,46225,14956,4043,15,13
2021-05-27T23:59:59+02:00,9,5,3219,3454,6088,7457,8620,11144,17349,20274,26772,28718,22667,25333,16310,20718,5076,9565,1,1,808,867,1650,2458,2361,4136,3420,6243,5395,7219,5618,6076,11828,15146,4587,8508,156759,57722,25932,12523,46218,12209,3855,15,13
2021-05-26T23:59:59+02:00,9,5,3113,3370,5868,7290,8251,10859,16885,19967,26471,28481,22517,25200,16258,20644,5063,9545,1,1,792,857,1597,2433,2308,4104,3347,6167,5296,7146,5482,5949,11762,15078,4582,8496,154061,57639,25913,12521,46196,11613,3612,15,13
2021-05-25T23:59:59+02:00,9,5,3022,3308,5726,7173,8055,10695,15882,19189,26117,28127,22358,25042,16205,20564,5056,9535,1,1,773,840,1560,2386,2237,4044,3270,6095,5210,7083,5314,5779,11654,14997,4574,8484,152498,57568,23994,12331,46178,11005,3385,14,13
2021-05-24T23:59:59+02:00,9,5,2958,3292,5640,7128,7939,10633,14967,18498,25702,27816,22264,24937,16174,20528,5049,9523,1,1,764,838,1539,2369,2195,4007,3225,6047,5133,7003,5212,5671,11573,14922,4573,8478,151776,57530,21920,12255,46169,10569,3184,14,13
2021-05-23T23:59:59+02:00,9,4,2955,3287,5631,7120,7930,10625,14961,18497,25701,27815,22264,24937,16174,20528,5049,9523,1,1,762,835,1531,2362,2182,3994,3206,6032,5112,6970,5167,5619,11557,14899,4572,8476,151744,57522,21920,12255,46167,10322,3166,14,13
2021-05-22T23:59:59+02:00,8,4,2918,3243,5553,7069,7830,10539,14762,18334,25418,27569,22164,24850,16141,20484,5046,9518,1,1,740,815,1483,2308,2130,3913,3094,5910,4795,6395,4596,4870,10909,14074,4562,8437,150206,54273,21920,12255,46167,9348,3144,14,13
2021-05-21T23:59:59+02:00,6,4,2846,3171,5426,6968,7702,10392,14503,18105,25123,27333,22049,24742,16108,20436,5042,9509,1,1,713,762,1414,2179,2029,3644,2910,5577,4314,5500,4180,4331,10163,13134,4496,8311,148261,50526,21918,12255,46161,7752,3113,13,13
2021-05-20T23:59:59+02:00,6,4,2715,3015,5143,6713,7417,10021,14041,17620,24513,26782,21776,24446,16014,20315,5028,9479,0,1,700,752,1388,2155,1991,3610,2856,5520,4232,5421,4052,4227,10086,13071,4487,8299,144106,50429,21908,12244,46136,7276,2886,13,13
2021-05-19T23:59:59+02:00,6,4,2662,2962,5045,6571,7274,9840,12899,16584,24250,26491,21679,24318,15971,20254,5019,9472,0,1,683,726,1362,2107,1958,3524,2793,5373,4139,5313,3970,4137,10034,13006,4484,8295,142724,50398,19842,12178,46065,6658,2658,13,13
2021-05-18T23:59:59+02:00,6,4,2635,2937,4997,6538,7221,9808,12545,16310,24070,26338,21587,24229,15941,20201,5012,9460,0,1,654,668,1306,1979,1884,3323,2694,5164,4010,5116,3747,3859,9951,12926,4475,8285,142438,50373,18990,11176,46020,6101,2379,13,13
2021-05-17T23:59:59+02:00,6,4,2609,2918,4952,6468,7133,9700,12392,16131,23920,26175,21534,24179,15922,20179,5007,9452,0,1,646,654,1290,1943,1863,3274,2646,5057,3931,5001,3609,3707,9882,12863,4472,8277,141463,50348,18982,11166,46003,5368,2221,13,13
2021-05-16T23:59:59+02:00,6,4,2597,2905,4930,6401,7095,9617,12335,16057,23868,26114,21510,24162,15912,20165,5004,9449,0,1,641,650,1280,1940,1846,3265,2625,5045,3902,4977,3555,3640,9843,12831,4471,8275,141028,50333,18972,11155,45983,5151,2135,13,13
2021-05-15T23:59:59+02:00,5,4,2474,2769,4742,6195,6904,9429,11816,15638,23277,25561,21403,24044,15878,20122,5001,9441,0,1,592,587,1198,1850,1711,3112,2339,4736,3451,4468,3223,3211,9679,12626,4447,8246,137631,47374,18971,11155,45978,4825,2110,13,13
2021-05-14T23:59:59+02:00,5,4,2360,2593,4546,5972,6626,9117,11278,15126,22710,24991,21257,23904,15842,20064,4997,9430,0,1,530,511,1095,1729,1550,2897,2009,4331,2850,3879,2836,2774,9594,12477,4443,8242,133808,44439,18964,11153,45955,4061,2082,13,13
2021-05-13T23:59:59+02:00,5,4,2183,2309,4223,5587,6200,8646,10717,14436,21673,24075,20975,23630,15782,19965,4990,9415,0,1,526,511,1082,1714,1535,2879,2000,4307,2833,3858,2819,2760,9587,12473,4442,8242,127906,44387,18908,11144,45929,3966,2059,13,13
2021-05-12T23:59:59+02:00,5,4,2182,2307,4213,5584,6191,8640,10615,14314,21619,24035,20970,23619,15777,19957,4989,9415,0,1,519,489,1046,1660,1485,2800,1917,4220,2774,3799,2738,2665,9536,12400,4442,8242,127854,44384,18584,10317,45929,3963,2056,13,13
2021-05-11T23:59:59+02:00,5,4,2061,2268,4128,5521,6064,8525,10306,14063,21426,23873,20892,23547,15762,19925,4985,9410,0,1,494,465,985,1600,1415,2709,1818,4080,2701,3724,2584,2437,9471,12299,4441,8242,126905,44366,18247,9479,45646,3654,1954,13,13
2021-05-10T23:59:59+02:00,5,4,2022,2192,4021,5399,5927,8347,9516,13300,21047,23552,20801,23457,15723,19871,4975,9397,0,1,482,437,949,1537,1350,2618,1729,3919,2619,3632,2558,2418,9461,12281,4437,8237,125763,44353,16406,9299,45542,3168,1832,13,13
2021-05-09T23:59:59+02:00,5,4,1990,2179,3983,5361,5874,8299,9447,13231,20977,23479,20765,23416,15708,19844,4972,9383,0,1,475,430,926,1493,1324,2569,1695,3857,2581,3589,2549,2405,9450,12264,4437,8229,125315,44293,16401,9296,45445,2929,1743,13,13
2021-05-08T23:59:59+02:00,5,4,1927,2077,3801,5186,5600,8091,9137,12945,19844,22551,20570,23223,15675,19775,4967,9371,0,1,406,401,863,1453,1247,2495,1607,3756,2362,3376,2000,1977,9356,12178,4436,8229,121160,42808,16400,9295,45442,2294,1741,6,5
2021-05-07T23:59:59+02:00,5,4,1841,1964,3621,5017,5280,7796,8725,12570,18592,21275,20386,23010,15630,19718,4958,9352,0,1,321,346,753,1378,1115,2366,1473,3614,2186,3183,1630,1636,8868,11729,4435,8227,116214,41070,16396,9290,45419,1187,1709,6,5
2021-05-06T23:59:59+02:00,5,4,1657,1854,3336,4761,4829,7389,8083,12009,17347,20033,20053,22632,15522,19553,4948,9341,0,1,304,336,734,1348,1075,2319,1424,3530,2118,3115,1595,1580,8851,11698,4429,8224,110352,41048,16389,9284,45183,918,1426,6,5
2021-05-05T23:59:59+02:00,5,3,1587,1824,3252,4674,4750,7283,7955,11858,17193,19887,19933,22512,15445,19456,4926,9245,0,1,294,325,692,1296,1012,2244,1342,3381,2010,2998,1502,1481,8433,11130,4423,8207,109583,41008,16246,8155,45012,662,941,6,5
2021-05-04T23:59:59+02:00,5,3,1560,1795,3204,4596,4691,7172,7705,11562,16631,19306,19845,22379,15369,19358,4896,9131,0,1,278,313,669,1266,991,2190,1284,3261,1897,2840,1429,1374,8362,11026,4418,8189,108870,40981,14900,7879,44907,398,525,6,5
2021-05-03T23:59:59+02:00,5,3,1552,1791,3194,4580,4653,7147,7451,11328,15937,18710,19781,22293,15343,19324,4890,9121,0,1,263,293,647,1182,941,2102,1220,3122,1799,2703,1363,1293,8337,10991,4414,8180,108776,40971,13302,7671,44867,52,152,6,5
2021-05-02T23:59:59+02:00,5,3,1551,1789,3187,4578,4648,7144,7437,11317,15918,18698,19764,22285,15343,19322,4889,9121,0,1,263,290,644,1181,936,2099,1210,3116,1791,2696,1349,1286,8336,10986,4413,8180,108748,40948,13298,7669,44841,49,106,6,5
2021-05-01T23:59:59+02:00,5,3,1421,1646,2910,4329,4181,6788,6818,10835,13982,16817,19382,21886,15252,19206,4886,9105,0,1,261,290,641,1179,935,2096,1208,3114,1789,2692,1344,1281,8334,10984,4413,8180,101211,40916,13298,7669,44835,49,103,5,5
2021-04-30T23:59:59+02:00,4,3,1301,1501,2692,4108,3852,6392,6251,10243,12195,14783,18924,21345,15148,19065,4872,9094,0,1,256,289,634,1172,919,2088,1195,3104,1778,2678,1334,1272,8330,10979,4412,8179,93604,40870,13298,7669,44835,45,31,5,5
2021-04-29T23:59:59+02:00,3,3,1188,1439,2526,3983,3613,6189,5894,9942,10854,13502,18663,21067,15105,18995,4868,9088,0,1,255,285,629,1164,907,2082,1175,3099,1747,2641,1308,1248,8324,10970,4412,8179,88918,40837,13289,7535,44696,35,14,5,5
2021-04-28T23:59:59+02:00,3,3,1135,1433,2475,3963,3562,6165,5831,9909,10756,13433,18631,21033,15097,18979,4868,9085,0,1,255,284,626,1163,904,2080,1170,3095,1739,2640,1301,1229,7878,10447,4412,8179,88648,40813,13239,6542,44456,31,13,5,4
2021-04-27T23:59:59+02:00,3,3,1090,1406,2369,3918,3497,6136,5712,9852,10639,13355,18597,20993,15084,18964,4866,9083,0,1,254,284,624,1155,903,2078,1165,3092,1735,2636,1289,1212,7460,9865,4412,8179,88133,40793,13185,5509,44232,26,12,5,4
2021-04-26T23:59:59+02:00,3,3,1050,1377,2278,3825,3370,6035,5544,9731,10335,13096,18535,20938,15075,18946,4864,9083,0,1,253,283,623,1153,897,2074,1158,3089,1717,2627,1274,1199,7451,9845,4412,8179,86794,40706,13174,5488,44103,25,12,5,4
2021-04-25T23:59:59+02:00,3,3,1047,1375,2270,3822,3363,6030,5524,9722,10300,13065,18525,20926,15074,18940,4864,9082,0,1,252,283,623,1152,897,2074,1156,3089,1717,2627,1274,1199,7451,9843,4412,8179,86769,40704,13166,5485,43984,25,11,5,4
2021-04-24T23:59:59+02:00,3,2,1005,1262,2082,3284,3092,5414,5332,9309,9464,12018,17816,20029,14961,18780,4856,9071,0,1,251,282,622,1151,897,2073,1156,3088,1711,2622,1271,1194,7449,9841,4412,8178,80640,40679,13166,5481,43959,25,10,5,4
2021-04-23T23:59:59+02:00,2,2,972,1178,1970,2938,2909,4862,5136,8880,8908,11296,16185,18164,14812,18574,4848,9048,0,1,251,282,621,1151,895,2071,1155,3088,1710,2621,1266,1189,7445,9839,4412,8177,73605,40665,13165,5470,43899,25,10,5,4
2021-04-22T23:59:59+02:00,2,2,967,1166,1951,2922,2889,4842,5079,8834,8793,11191,16112,18087,14785,18544,4846,9043,0,1,249,282,617,1150,892,2070,1147,3076,1694,2601,1242,1167,7440,9831,4412,8177,73553,40651,13107,5359,43380,24,10,5,4
2021-04-21T23:59:59+02:00,2,2,957,1158,1937,2910,2861,4816,5033,8779,8685,11068,16025,18002,14756,18510,4846,9038,0,1,245,279,607,1141,878,2040,1137,3051,1684,2574,1229,1153,7214,9512,4411,8177,73510,40642,13049,4654,42811,23,10,5,4
2021-04-20T23:59:59+02:00,2,2,930,1110,1885,2796,2788,4653,4939,8600,8511,10859,15792,17720,14697,18451,4839,9032,0,1,232,276,589,1120,852,2008,1108,3025,1649,2533,1209,1139,7205,9507,4410,8177,73471,40621,11920,4387,42200,19,10,5,3
2021-04-19T23:59:59+02:00,2,2,921,1102,1851,2776,2738,4628,4815,8539,8311,10747,15700,17622,14675,18432,4839,9026,0,1,226,268,571,1099,833,1975,1090,2982,1603,2478,1191,1120,7198,9504,4408,8176,73070,40585,11899,4108,41742,17,10,5,3
2021-04-18T23:59:59+02:00,2,2,918,1101,1846,2770,2730,4616,4797,8528,8271,10704,15650,17563,14665,18415,4838,9024,0,1,226,268,571,1098,832,1975,1089,2982,1603,2477,1191,1119,7196,9503,4407,8176,73024,40578,11895,4106,41506,17,10,5,3
2021-04-17T23:59:59+02:00,1,2,886,1086,1797,2731,2661,4536,4642,8385,8007,10475,13278,14663,14466,18061,4821,8990,0,1,224,268,571,1095,828,1968,1077,2973,1592,2457,1152,1076,6863,9088,4382,8128,66194,39618,11895,4095,41384,17,10,5,3
2021-04-16T23:59:59+02:00,1,2,880,1080,1785,2721,2619,4496,4550,8301,7827,10281,10437,11412,14196,17643,4802,8935,0,1,223,264,569,1091,823,1964,1068,2970,1584,2444,1141,1061,6857,9082,4380,8125,58915,39539,11893,4078,41145,17,10,5,3
2021-04-15T23:59:59+02:00,1,2,868,1075,1763,2707,2576,4463,4432,8240,7597,10080,10186,11194,14134,17577,4795,8921,0,1,221,263,569,1089,822,1962,1065,2967,1581,2441,1135,1056,6855,9080,4380,8125,58891,39524,11891,4059,39814,16,10,5,3
2021-04-14T23:59:59+02:00,1,2,850,1048,1704,2626,2486,4339,4242,8056,7322,9796,9812,10709,13985,17396,4789,8909,0,1,197,238,528,1036,799,1895,1029,2887,1530,2378,1109,1026,6850,9072,4380,8124,58854,39508,10944,3544,38259,14,10,5,3
2021-04-13T23:59:59+02:00,1,2,826,1026,1667,2573,2417,4256,4141,7917,7109,9576,9404,10190,13839,17229,4784,8895,0,1,162,215,493,988,758,1801,994,2777,1477,2308,1090,991,6834,9061,4379,8124,58802,39443,9994,2989,37041,8,10,5,3
2021-04-12T23:59:59+02:00,1,2,821,1024,1648,2569,2388,4243,4089,7866,6968,9404,9138,9875,13776,17169,4773,8878,0,1,151,201,465,948,736,1737,974,2705,1433,2258,1068,974,6817,9041,4376,8119,58744,39326,9963,2657,35910,8,10,5,3
2021-04-11T23:59:59+02:00,1,2,820,1023,1637,2569,2374,4240,4066,7854,6903,9342,9004,9710,13749,17121,4768,8869,0,1,151,201,465,946,734,1735,972,2705,1431,2258,1068,974,6815,9041,4376,8119,58730,39316,9961,2656,35346,7,10,5,3
2021-04-10T23:59:59+02:00,1,2,804,1019,1608,2540,2337,4211,3996,7795,6770,9225,8446,8976,13082,16268,4757,8827,0,1,148,200,463,943,728,1732,972,2698,1422,2251,1054,958,6343,8541,4360,8103,55393,38243,9960,2654,35296,7,10,5,3
2021-04-09T23:59:59+02:00,1,2,783,991,1567,2491,2271,4131,3843,7635,6423,8892,7919,8318,12260,15244,4685,8688,0,1,146,198,461,937,721,1724,963,2688,1407,2240,1032,935,6101,8269,4340,8076,51406,37569,9953,2650,34770,7,10,5,3
2021-04-08T23:59:59+02:00,1,2,773,981,1540,2467,2205,4082,3710,7546,6168,8591,7302,7663,12098,15044,4674,8672,0,1,146,196,456,933,716,1717,955,2677,1398,2227,1020,932,6098,8267,4339,8076,51372,37546,9928,2588,32204,7,10,5,3
2021-04-07T23:59:59+02:00,1,2,766,972,1514,2449,2146,4044,3623,7476,5937,8326,6745,7029,11488,14295,4661,8644,0,1,127,189,424,886,670,1648,898,2607,1348,2158,999,916,6090,8261,4338,8076,51342,37522,8770,2095,29992,7,9,5,3
2021-04-06T23:59:59+02:00,1,2,761,970,1502,2441,2117,4021,3550,7427,5756,8154,6299,6521,11285,14078,4646,8613,0,1,104,168,376,826,625,1573,854,2507,1295,2094,973,899,6071,8246,4336,8072,51273,37491,8585,1511,28273,7,8,5,3
2021-04-05T23:59:59+02:00,1,2,756,966,1486,2433,2091,4011,3499,7401,5612,8043,6094,6303,11218,13991,4640,8603,0,1,98,165,375,824,618,1564,845,2492,1282,2075,945,868,4965,6843,4259,7966,51073,34666,8581,1501,27483,7,8,5,3
2021-04-04T23:59:59+02:00,1,2,754,960,1484,2431,2087,4009,3481,7394,5602,8036,6083,6283,11204,13973,4638,8600,0,1,98,165,373,822,615,1559,838,2485,1267,2056,922,846,3955,5681,4193,7860,51058,32217,8579,1501,27372,7,8,5,3
2021-04-03T23:59:59+02:00,1,2,703,904,1402,2360,1964,3870,3220,7133,5141,7545,5738,5826,11032,13754,4610,8572,0,1,94,165,373,821,615,1557,837,2485,1267,2056,922,846,3955,5678,4193,7859,47815,32205,8579,1501,27370,7,8,5,3
2021-04-02T23:59:59+02:00,1,2,660,870,1346,2292,1866,3756,2967,6872,4623,7065,5346,5366,10932,13588,4605,8566,0,1,93,165,373,821,615,1557,836,2485,1265,2055,920,843,3952,5675,4192,7859,44882,32190,8578,1500,27251,7,7,5,3
2021-04-01T23:59:59+02:00,1,2,657,867,1336,2287,1846,3748,2938,6858,4548,6992,5237,5256,10893,13539,4604,8561,0,1,93,165,371,817,613,1553,836,2482,1261,2051,910,842,3947,5672,4191,7858,44865,32178,8433,1468,26860,7,7,5,3
2021-03-31T23:59:59+02:00,1,2,655,865,1328,2270,1838,3738,2910,6830,4485,6946,5097,5094,10378,12930,4600,8553,0,1,93,165,370,817,613,1553,836,2482,1259,2051,909,842,3947,5671,4191,7857,44852,32172,7300,1468,26357,7,7,4,3
2021-03-30T23:59:59+02:00,1,2,646,862,1309,2250,1809,3709,2873,6795,4399,6857,4928,4900,9850,12229,4593,8539,0,1,88,163,369,813,608,1551,831,2476,1251,2048,899,832,3939,5668,4190,7856,44828,32151,6111,1415,25601,7,7,4,3
2021-03-29T23:59:59+02:00,1,2,641,853,1296,2217,1791,3678,2842,6753,4327,6771,4728,4702,9764,12135,4590,8525,0,1,88,163,368,811,603,1547,829,2469,1245,2040,891,826,3931,5660,4190,7856,44758,32134,5893,1368,24954,6,7,4,3
2021-03-28T23:59:59+02:00,1,2,638,851,1293,2213,1777,3668,2826,6741,4292,6719,4633,4592,9728,12071,4585,8518,0,1,88,163,368,809,603,1547,825,2469,1243,2040,890,826,3930,5660,4190,7856,44735,32131,5884,1361,24518,6,7,4,3
2021-03-27T23:59:59+01:00,1,2,634,846,1283,2209,1760,3651,2798,6711,4129,6576,4054,4139,9499,11825,4572,8499,0,1,88,163,366,807,601,1545,823,2466,1235,2034,886,822,3751,5370,4083,7683,42790,31347,5880,1361,24507,6,7,4,3
2021-03-26T23:59:59+01:00,1,2,629,838,1275,2198,1738,3634,2773,6689,4053,6498,3645,3772,8897,11266,4559,8485,0,1,88,163,366,806,600,1542,819,2463,1226,2030,873,809,3024,4426,3874,7335,40848,29068,5867,1361,24226,6,7,4,3
2021-03-25T23:59:59+01:00,1,2,622,833,1262,2184,1719,3610,2714,6650,3969,6420,3471,3553,8786,11155,4553,8479,0,1,88,163,366,806,600,1541,819,2462,1224,2030,873,809,3023,4425,3873,7334,40834,29060,5759,1361,23379,6,7,4,3
2021-03-24T23:59:59+01:00,1,2,617,825,1229,2158,1674,3565,2636,6581,3812,6268,3152,3188,8375,10604,4544,8466,0,1,84,161,354,793,584,1523,786,2428,1174,1997,839,771,3014,4419,3873,7331,40810,28756,5000,1360,21876,6,7,4,3
2021-03-23T23:59:59+01:00,1,2,605,817,1204,2126,1632,3517,2554,6502,3663,6114,2771,2804,8158,10386,4536,8447,0,1,79,157,342,773,549,1492,725,2364,1073,1915,756,711,2977,4384,3869,7327,40765,28125,4709,1353,20355,6,7,3,3
2021-03-22T23:59:59+01:00,1,2,581,707,1167,2073,1599,3461,2501,6432,3522,5984,2529,2565,7827,10031,4520,8411,0,1,79,156,342,773,549,1490,723,2362,1070,1915,754,707,2973,4379,3867,7324,40297,28095,4387,1353,19219,6,7,3,3
2021-03-21T23:59:59+01:00,1,2,580,704,1161,2064,1587,3451,2484,6417,3484,5950,2387,2400,7734,9919,4511,8396,0,1,79,156,342,772,549,1490,723,2362,1070,1915,754,707,2973,4378,3867,7323,40292,28092,4373,1353,18557,6,7,3,3
2021-03-20T23:59:59+01:00,1,2,579,704,1159,2057,1580,3444,2478,6410,3466,5927,2354,2362,7242,9402,4494,8379,0,1,79,156,342,772,548,1490,721,2361,1070,1913,754,707,2973,4376,3865,7321,39249,28080,4361,1353,18420,6,7,3,3
2021-03-19T23:59:59+01:00,1,2,572,696,1140,2037,1545,3420,2409,6272,3402,5820,2172,2179,6933,9082,4472,8354,0,1,79,156,341,767,544,1487,716,2353,1061,1900,745,700,2543,3773,3442,6568,38639,25811,4344,1353,17515,2,7,3,3
2021-03-18T23:59:59+01:00,1,2,557,679,1120,2008,1518,3390,2369,6204,3327,5732,2018,1982,6812,8963,4466,8343,0,1,78,156,341,766,543,1487,715,2349,1057,1899,738,697,2493,3701,3415,6526,38618,25620,4332,1331,16532,2,6,3,3
2021-03-17T23:59:59+01:00,1,1,528,650,1075,1951,1481,3305,2291,6086,3174,5576,1763,1715,6646,8810,4456,8328,0,1,77,152,329,739,527,1443,693,2291,1019,1858,721,678,2252,3407,3328,6396,38546,24641,3801,1259,15481,2,6,3,3
2021-03-16T23:59:59+01:00,1,1,485,622,1035,1896,1429,3200,2226,5932,3058,5442,1563,1490,6511,8662,4445,8305,0,1,71,137,308,683,497,1367,664,2156,989,1730,671,628,2137,3269,3302,6309,38487,23882,3184,1027,14624,2,5,3,3
2021-03-15T23:59:59+01:00,1,1,473,610,1002,1846,1396,3133,2196,5847,2972,5358,1437,1356,5925,7973,4405,8241,0,1,68,130,294,625,482,1247,626,2026,948,1616,642,607,2099,3229,3287,6245,37245,23475,2832,694,14092,2,0,3,1
2021-03-14T23:59:59+01:00,1,1,468,603,993,1834,1392,3115,2180,5829,2937,5331,1394,1305,5529,7525,4382,8223,0,1,67,125,290,602,476,1220,620,1970,938,1591,642,607,2099,3229,3286,6243,36422,23469,2827,534,13790,2,0,3,1
2021-03-13T23:59:59+01:00,1,1,448,584,956,1785,1339,3051,1923,5241,2696,4916,1288,1192,4867,6675,4334,8150,0,1,67,125,289,599,474,1218,618,1968,937,1587,640,603,1736,2743,2759,5481,34736,21308,2823,534,11885,2,0,3,1
2021-03-12T23:59:59+01:00,1,1,432,563,935,1741,1308,2968,1720,4455,2490,4467,1216,1109,4166,5879,4287,8068,0,1,67,123,288,595,474,1215,616,1959,933,1581,637,596,1408,2198,2215,4685,33057,19055,2820,534,9926,1,0,3,1
2021-03-11T23:59:59+01:00,1,1,428,556,926,1727,1293,2949,1695,4419,2453,4430,1142,1053,4122,5842,4284,8064,0,1,67,115,282,573,460,1163,607,1910,914,1545,625,583,1402,2180,2206,4634,33018,18803,2724,462,9640,1,0,3,1
2021-03-10T23:59:59+01:00,1,1,409,544,880,1668,1237,2871,1621,4322,2386,4337,1108,1030,4106,5825,4283,8062,0,1,67,115,280,569,457,1156,602,1887,914,1540,620,575,1341,2093,2161,4577,33003,18516,2153,437,9532,1,0,3,1
2021-03-09T23:59:59+01:00,1,1,388,528,835,1619,1194,2807,1579,4239,2343,4284,1087,1019,4100,5818,4282,8060,0,1,65,114,279,568,456,1145,600,1874,907,1535,617,569,1135,1782,2043,4398,32956,17678,1707,408,9518,1,0,3,1
2021-03-08T23:59:59+01:00,1,1,381,517,824,1603,1186,2790,1572,4212,2330,4271,1074,1007,4063,5770,4280,8055,0,1,64,114,275,563,452,1139,598,1870,903,1533,617,569,1066,1691,1998,4353,32824,17420,1610,384,9500,1,0,3,1
2021-03-07T23:59:59+01:00,1,1,380,514,823,1602,1184,2788,1569,4205,2320,4266,1067,999,4057,5764,4279,8054,0,1,62,111,266,541,440,1113,582,1770,868,1458,616,569,961,1560,1946,4283,32807,17054,1570,92,9493,0,0,3,1
2021-03-06T23:59:59+01:00,1,1,372,498,804,1569,1160,2730,1528,4137,2126,3768,1037,962,3884,5491,4177,7889,0,1,62,111,266,541,440,1112,582,1770,868,1458,616,569,958,1559,1943,4282,32089,17045,1570,92,8472,0,0,3,1
2021-03-05T23:59:59+01:00,1,1,359,459,772,1465,1110,2514,1453,3924,1912,3103,1006,917,3127,4525,3972,7545,0,1,62,110,265,538,437,1106,581,1765,864,1455,613,567,919,1501,1920,4240,29768,16851,1569,92,6825,0,0,3,1
2021-03-04T23:59:59+01:00,1,1,346,450,764,1445,1097,2491,1434,3895,1889,3084,992,913,3123,4521,3969,7543,0,1,61,109,262,535,433,1090,571,1743,863,1447,611,565,882,1447,1897,4203,29755,16690,1530,29,6670,0,0,3,1
2021-03-03T23:59:59+01:00,1,1,337,419,745,1394,1067,2408,1384,3740,1809,2987,959,867,3113,4515,3969,7540,0,1,60,108,259,532,432,1086,569,1734,860,1443,611,564,862,1394,1808,4056,29439,16351,1530,27,6283,0,0,3,1
2021-03-02T23:59:59+01:00,1,1,331,411,730,1371,1019,2363,1316,3655,1693,2888,871,801,3070,4476,3963,7535,0,1,60,108,258,528,431,1078,569,1728,860,1439,610,564,862,1394,1808,4056,28799,16326,1466,27,6227,0,0,3,1
2021-03-01T23:59:59+01:00,1,1,327,397,723,1324,1006,2305,1296,3572,1666,2838,852,792,3062,4466,3962,7535,0,1,60,107,257,524,426,1064,565,1715,851,1431,609,562,766,1239,1751,3976,28758,15876,1414,27,5950,0,0,3,1
2021-02-28T23:59:59+01:00,1,1,322,385,715,1285,992,2228,1283,3485,1643,2759,848,782,3060,4462,3961,7532,0,1,60,107,256,524,426,1063,565,1715,849,1431,609,561,669,1114,1703,3895,28744,15521,1410,26,5587,0,0,3,1
2021-02-27T23:59:59+01:00,1,1,313,364,701,1258,973,2192,1248,3416,1620,2706,830,766,3057,4462,3960,7532,0,1,60,107,256,524,426,1063,564,1715,847,1431,609,561,669,1114,1703,3895,28740,15518,1410,26,5247,0,0,3,1
2021-02-26T23:59:59+01:00,1,1,287,313,654,1193,909,2073,1158,3249,1515,2568,801,743,2620,3856,3533,6754,0,1,60,107,253,521,426,1061,562,1713,844,1425,605,559,662,1102,1694,3876,26446,15444,1410,26,4369,0,0,3,1
2021-02-25T23:59:59+01:00,1,1,282,300,640,1163,888,2031,1139,3183,1497,2523,798,739,2573,3784,3503,6710,0,1,58,104,249,513,426,1057,557,1703,841,1414,599,555,585,993,1647,3818,26227,15095,1410,24,4115,0,0,3,1
2021-02-24T23:59:59+01:00,1,1,263,291,589,1117,841,1963,1081,3088,1454,2465,782,720,2332,3482,3414,6572,0,1,57,99,244,506,420,1038,548,1681,838,1394,592,543,571,973,1636,3795,25229,14919,1410,16,3814,0,0,3,1
2021-02-23T23:59:59+01:00,1,1,251,270,560,1061,804,1888,1013,2938,1380,2363,730,670,2217,3342,3388,6479,0,1,57,97,242,500,420,1022,538,1649,830,1372,584,536,555,922,1624,3742,24423,14674,1405,16,3525,0,0,3,1
2021-02-22T23:59:59+01:00,1,1,247,264,547,998,784,1812,987,2844,1344,2303,705,648,2187,3306,3379,6416,0,1,57,96,236,494,418,1009,529,1631,826,1347,570,522,533,896,1618,3687,24018,14454,1405,15,3347,0,0,3,1
2021-02-21T23:59:59+01:00,1,1,244,257,538,973,771,1775,979,2796,1314,2277,705,646,2185,3306,3378,6415,0,1,57,96,235,494,418,1009,529,1631,826,1346,570,521,533,896,1618,3686,24012,14450,1405,15,3141,0,0,3,1
2021-02-20T23:59:59+01:00,1,1,166,227,469,924,702,1698,909,2707,1229,2177,690,631,1811,2788,2822,5612,0,1,57,96,235,494,418,1009,529,1630,826,1346,570,521,533,896,1617,3686,21735,14448,1405,15,2421,0,0,3,1
2021-02-19T23:59:59+01:00,1,1,83,166,358,843,575,1566,776,2558,1093,2025,674,610,1503,2274,2273,4819,0,1,57,96,235,494,418,1008,529,1630,826,1346,570,521,527,894,1615,3680,19527,14431,1405,15,1263,0,0,3,1
2021-02-18T23:59:59+01:00,1,1,80,161,346,793,554,1477,743,2418,1060,1957,658,599,1494,2255,2264,4767,0,1,54,89,229,472,404,941,514,1550,806,1273,556,507,521,876,1612,3658,19283,14047,1380,15,962,0,0,3,1
2021-02-17T23:59:59+01:00,1,1,79,153,332,770,545,1444,714,2325,1023,1857,653,589,1436,2167,2216,4717,0,1,54,86,227,463,396,903,503,1485,787,1191,543,495,519,874,1612,3658,19022,13781,1307,15,690,0,0,3,1
2021-02-16T23:59:59+01:00,1,1,74,148,317,730,517,1370,682,2217,998,1752,642,582,1192,1820,2092,4534,0,1,53,77,226,456,390,873,490,1420,761,1125,522,482,517,874,1609,3657,18101,13530,1068,2,497,0,0,3,1
2021-02-15T23:59:59+01:00,0,1,69,131,291,625,482,1228,624,2004,947,1592,633,580,1109,1713,2040,4469,0,1,53,77,224,451,386,867,489,1416,759,1118,522,482,516,869,1608,3654,17768,13491,730,0,39,0,0,1,1
2021-02-14T23:59:59+01:00,0,1,68,124,286,598,477,1199,613,1950,933,1570,633,580,1010,1589,1993,4412,0,1,53,77,224,451,386,867,489,1414,759,1118,522,482,516,869,1608,3654,17438,13489,574,0,23,0,0,1,1
2021-02-13T23:59:59+01:00,0,1,68,123,286,597,476,1195,612,1948,931,1567,632,579,1009,1580,1989,4409,0,1,53,77,224,450,384,862,488,1409,757,1117,520,480,499,831,1349,3183,17404,12683,574,0,23,0,0,1,1
2021-02-12T23:59:59+01:00,0,1,67,123,285,596,472,1191,612,1945,928,1566,629,578,971,1528,1969,4369,0,1,53,77,224,446,380,853,483,1400,751,1110,513,472,481,790,986,2470,17235,11489,574,0,20,0,0,1,1
2021-02-11T23:59:59+01:00,0,1,66,116,282,583,459,1164,606,1919,921,1554,628,577,928,1471,1947,4330,0,1,53,74,209,415,366,806,466,1326,736,1078,510,471,481,790,985,2469,17056,11236,491,0,4,0,0,1,0
2021-02-10T23:59:59+01:00,0,1,65,116,279,580,457,1159,602,1902,916,1550,628,577,919,1455,1926,4286,0,1,52,64,176,337,312,704,416,1154,656,983,476,459,476,789,985,2468,16953,10508,463,0,1,0,0,1,0
2021-02-09T23:59:59+01:00,0,1,63,114,273,576,454,1146,601,1887,908,1544,627,576,907,1419,1856,4182,0,1,43,53,125,258,236,554,334,952,554,829,440,448,472,788,982,2468,16701,9537,432,0,0,0,0,1,0
2021-02-08T23:59:59+01:00,0,1,62,114,270,567,451,1139,599,1872,901,1536,625,573,804,1266,1799,4100,0,1,38,43,87,169,173,417,271,714,495,694,433,442,469,785,981,2468,16271,8680,407,0,0,0,0,1,0
2021-02-07T23:59:59+01:00,0,1,60,111,260,544,437,1108,583,1769,866,1457,624,572,702,1140,1750,4016,0,1,37,42,83,166,170,410,266,701,490,683,431,441,469,785,981,2467,15900,8623,99,0,0,0,0,1,0
2021-02-06T23:59:59+01:00,0,1,60,111,259,544,437,1108,581,1768,863,1454,621,570,700,1132,1744,4009,0,1,34,41,82,163,167,400,262,693,479,674,423,440,433,737,741,2075,15862,7845,99,0,0,0,0,1,0
2021-02-05T23:59:59+01:00,0,1,60,111,257,540,437,1106,580,1767,861,1452,619,570,690,1125,1738,3996,0,1,32,39,78,159,162,392,254,674,462,664,417,440,427,712,337,1442,15810,6692,99,0,0,0,0,1,0
2021-02-04T23:59:59+01:00,0,1,59,109,252,534,431,1090,564,1740,857,1438,612,560,604,1008,1687,3935,0,1,31,36,73,153,156,381,239,650,445,650,411,432,422,705,335,1435,15449,6555,31,0,0,0,0,1,0
2021-02-03T23:59:59+01:00,0,1,58,104,248,527,430,1071,561,1724,855,1423,608,550,593,998,1684,3921,0,1,24,28,59,122,123,280,175,508,335,500,305,330,337,548,257,1151,15326,5083,29,0,0,0,0,1,0
2021-02-02T23:59:59+01:00,0,1,58,102,245,522,430,1053,549,1691,846,1399,595,540,581,949,1674,3870,0,1,17,21,41,79,87,186,122,343,219,361,215,220,217,344,184,756,15076,3413,29,0,0,0,0,0,0
2021-02-01T23:59:59+01:00,0,1,58,100,241,514,428,1037,541,1669,842,1376,588,534,559,920,1666,3823,0,0,7,11,21,42,48,98,65,168,95,165,101,103,90,160,77,329,14868,1580,29,0,0,0,0,0,0
2021-01-31T23:59:59+01:00,0,1,58,100,240,513,426,1033,539,1664,840,1373,588,533,559,920,1666,3822,0,0,7,11,19,38,43,84,61,142,81,149,96,101,89,159,75,327,14846,1482,29,0,0,0,0,0,0
2021-01-30T23:59:59+01:00,0,1,58,100,240,513,426,1033,539,1664,840,1373,588,533,559,920,1666,3822,0,0,7,11,19,38,43,84,61,142,81,149,96,100,89,159,75,327,14846,1481,29,0,0,0,0,0,0
2021-01-29T23:59:59+01:00,0,1,58,100,240,513,426,1033,539,1664,840,1373,588,533,559,920,1666,3822,0,0,7,11,19,38,43,84,61,142,81,149,96,100,89,159,75,327,14846,1481,29,0,0,0,0,0,0
2021-01-28T23:59:59+01:00,0,1,56,92,236,484,414,966,521,1578,816,1292,575,518,553,903,1663,3803,0,0,3,2,5,6,11,16,19,34,22,33,17,22,21,34,19,99,14448,363,23,0,0,0,0,0,0
2021-01-27T23:59:59+01:00,0,1,54,88,236,474,406,927,511,1512,796,1209,563,505,551,901,1663,3803,0,0,3,2,5,6,9,16,19,33,21,31,17,21,21,34,19,99,14179,356,21,0,0,0,0,0,0
2021-01-26T23:59:59+01:00,0,1,53,82,231,471,399,898,500,1445,771,1142,541,492,549,901,1663,3803,0,0,1,2,5,6,9,15,17,29,17,26,15,18,19,32,19,91,13923,321,19,0,0,0,0,0,0
2021-01-25T23:59:59+01:00,0,1,53,82,228,465,396,892,500,1442,770,1137,541,492,549,898,1663,3801,0,0,0,0,0,0,0,2,0,0,0,0,1,1,0,2,0,0,13893,6,17,0,0,0,0,0,0
2021-01-24T23:59:59+01:00,0,1,53,82,228,465,396,892,500,1441,770,1137,541,492,549,898,1663,3801,0,0,0,0,0,0,0,2,0,0,0,0,1,1,0,2,0,0,13892,6,17,0,0,0,0,0,0
2021-01-23T23:59:59+01:00,0,1,53,82,228,464,395,888,500,1435,769,1135,538,490,532,860,1403,3323,0,0,0,0,0,0,0,1,0,0,0,0,1,1,0,2,0,0,13079,5,17,0,0,0,0,0,0
2021-01-22T23:59:59+01:00,0,1,53,82,227,460,390,878,495,1425,764,1128,532,481,515,818,1024,2583,0,0,0,0,0,0,0,1,0,0,0,0,1,1,0,2,0,0,11840,5,16,0,0,0,0,0,0
2021-01-21T23:59:59+01:00,0,1,53,79,208,426,363,822,467,1325,737,1093,528,481,515,818,1023,2582,0,0,0,0,0,0,0,1,0,0,0,0,1,1,0,2,0,0,11505,5,16,0,0,0,0,0,0
2021-01-20T23:59:59+01:00,0,1,51,69,181,354,322,737,424,1171,667,1003,492,470,510,818,1023,2581,0,0,0,0,0,0,0,1,0,0,0,0,1,1,0,2,0,0,10858,5,16,0,0,0,0,0,0
2021-01-19T23:59:59+01:00,0,1,44,56,137,276,248,579,347,989,577,863,457,458,506,816,1023,2581,0,0,0,0,0,0,0,0,0,0,0,0,1,0,0,2,0,0,9950,3,8,0,0,0,0,0,0
2021-01-18T23:59:59+01:00,0,1,40,43,88,175,179,429,280,726,505,706,449,451,503,812,1021,2581,0,0,0,0,0,0,0,0,0,0,0,0,0,0,0,1,0,0,8989,1,0,0,0,0,0,0,0
2021-01-17T23:59:59+01:00,0,1,37,42,85,172,175,421,276,715,500,693,447,451,503,812,1021,2580,0,0,0,0,0,0,0,0,0,0,0,0,0,0,0,0,0,0,8931,0,0,0,0,0,0,0,0
2021-01-16T23:59:59+01:00,0,1,34,41,83,170,171,412,269,708,485,684,438,449,464,765,774,2183,0,0,0,0,0,0,0,0,0,0,0,0,0,0,0,0,0,0,8131,0,0,0,0,0,0,0,0
2021-01-15T23:59:59+01:00,0,1,32,40,80,165,168,406,262,691,471,676,432,448,459,741,361,1541,0,0,0,0,0,0,0,0,0,0,0,0,0,0,0,0,0,0,6974,0,0,0,0,0,0,0,0
2021-01-14T23:59:59+01:00,0,1,32,38,78,159,163,401,254,678,460,668,429,445,459,740,361,1541,0,0,0,0,0,0,0,0,0,0,0,0,0,0,0,0,0,0,6907,0,0,0,0,0,0,0,0
2021-01-13T23:59:59+01:00,0,0,24,31,62,127,128,304,194,544,351,525,326,343,374,577,282,1246,0,0,0,0,0,0,0,0,0,0,0,0,0,0,0,0,0,0,5438,0,0,0,0,0,0,0,0
2021-01-12T23:59:59+01:00,0,0,17,24,46,88,93,216,140,393,238,389,234,235,247,371,205,845,0,0,0,0,0,0,0,0,0,0,0,0,0,0,0,0,0,0,3781,0,0,0,0,0,0,0,0
2021-01-11T23:59:59+01:00,0,0,9,15,27,48,62,139,88,220,125,208,116,112,106,179,93,374,0,0,0,0,0,0,0,0,0,0,0,0,0,0,0,0,0,0,1921,0,0,0,0,0,0,0,0
2021-01-10T23:59:59+01:00,0,0,8,15,23,44,55,110,80,179,105,175,110,108,102,177,90,374,0,0,0,0,0,0,0,0,0,0,0,0,0,0,0,0,0,0,1755,0,0,0,0,0,0,0,0
2021-01-09T23:59:59+01:00,0,0,8,15,23,44,55,110,80,179,105,175,110,107,102,177,90,374,0,0,0,0,0,0,0,0,0,0,0,0,0,0,0,0,0,0,1754,0,0,0,0,0,0,0,0
2021-01-08T23:59:59+01:00,0,0,8,14,22,43,52,103,75,168,99,172,107,103,97,168,88,364,0,0,0,0,0,0,0,0,0,0,0,0,0,0,0,0,0,0,1683,0,0,0,0,0,0,0,0
2021-01-07T23:59:59+01:00,0,0,3,3,5,7,11,17,20,34,24,36,17,22,23,35,23,107,0,0,0,0,0,0,0,0,0,0,0,0,0,0,0,0,0,0,387,0,0,0,0,0,0,0,0
2021-01-06T23:59:59+01:00,0,0,3,2,5,6,9,16,20,33,21,32,17,21,23,35,23,106,0,0,0,0,0,0,0,0,0,0,0,0,0,0,0,0,0,0,372,0,0,0,0,0,0,0,0
2021-01-05T23:59:59+01:00,0,0,3,2,5,6,9,16,20,33,21,32,17,21,23,35,23,106,0,0,0,0,0,0,0,0,0,0,0,0,0,0,0,0,0,0,372,0,0,0,0,0,0,0,0
2021-01-04T23:59:59+01:00,0,0,0,0,0,0,0,2,1,0,0,0,1,1,0,2,0,0,0,0,0,0,0,0,0,0,0,0,0,0,0,0,0,0,0,0,7,0,0,0,0,0,0,0,0
2021-01-03T23:59:59+01:00,0,0,0,0,0,0,0,2,1,0,0,0,1,1,0,2,0,0,0,0,0,0,0,0,0,0,0,0,0,0,0,0,0,0,0,0,7,0,0,0,0,0,0,0,0
2021-01-02T23:59:59+01:00,0,0,0,0,0,0,0,1,1,0,0,0,1,1,0,2,0,0,0,0,0,0,0,0,0,0,0,0,0,0,0,0,0,0,0,0,6,0,0,0,0,0,0,0,0
2021-01-01T23:59:59+01:00,0,0,0,0,0,0,0,1,1,0,0,0,1,1,0,2,0,0,0,0,0,0,0,0,0,0,0,0,0,0,0,0,0,0,0,0,6,0,0,0,0,0,0,0,0
2020-12-31T23:59:59+01:00,0,0,0,0,0,0,0,1,1,0,0,0,1,1,0,2,0,0,0,0,0,0,0,0,0,0,0,0,0,0,0,0,0,0,0,0,6,0,0,0,0,0,0,0,0
2020-12-30T23:59:59+01:00,0,0,0,0,0,0,0,1,1,0,0,0,1,1,0,2,0,0,0,0,0,0,0,0,0,0,0,0,0,0,0,0,0,0,0,0,6,0,0,0,0,0,0,0,0
2020-12-29T23:59:59+01:00,0,0,0,0,0,0,0,1,1,0,0,0,1,0,0,2,0,0,0,0,0,0,0,0,0,0,0,0,0,0,0,0,0,0,0,0,5,0,0,0,0,0,0,0,0
2020-12-28T23:59:59+01:00,0,0,0,0,0,0,0,1,0,0,0,0,1,0,0,1,0,0,0,0,0,0,0,0,0,0,0,0,0,0,0,0,0,0,0,0,3,0,0,0,0,0,0,0,0
2020-12-27T23:59:59+01:00,0,0,0,0,0,0,0,0,0,0,0,0,0,0,0,0,0,0,0,0,0,0,0,0,0,0,0,0,0,0,0,0,0,0,0,0,0,0,0,0,0,0,0,0,0
