Datum,<15_m,<15_w,15-24_1_m,15-24_1_w,25-34_1_m,25-34_1_w,35-44_1_m,35-44_1_w,45-54_1_m,45-54_1_w,55-64_1_m,55-64_1_w,65-74_1_m,65-74_1_w,75-84_1_m,75-84_1_w,>84_1_m,>84_1_w,<24_2_m,<24_2_w,25-34_2_m,25-34_2_w,35-44_2_m,35-44_2_w,45-54_2_m,45-54_2_w,55-64_2_m,55-64_2_w,65-74_2_m,65-74_2_w,75-84_2_m,75-84_2_w,>84_2_m,>84_2_w,bp_1,bp_2,mo_1,mo_2,az_1,az_2,ja,unb_1,unb_2
2021-08-18T23:59:59+02:00,1063,970,12337,11675,15765,14769,19195,19587,25866,27080,32596,33711,25007,27919,17100,21866,5045,9569,10463,9981,14403,13357,17884,18120,24276,25268,30895,31926,24123,26921,16591,21114,4899,9146,232051,215368,31051,29148,46368,44582,11484,166,75
2021-08-17T23:59:59+02:00,1038,945,12287,11635,15736,14730,19162,19558,25839,27058,32562,33673,24990,27900,17090,21849,5044,9564,10370,9902,14353,13311,17833,18066,24227,25230,30836,31883,24099,26898,16580,21094,4897,9139,231761,214788,30929,29089,46368,44581,11436,166,75
2021-08-16T23:59:59+02:00,1027,938,12255,11611,15720,14712,19145,19541,25816,27034,32543,33651,24970,27885,17082,21835,5041,9562,10314,9836,14332,13269,17810,18030,24183,25195,30800,31852,24075,26867,16565,21082,4897,9136,231536,214357,30929,29088,46368,44577,11369,166,75
2021-08-15T23:59:59+02:00,1019,938,12230,11597,15707,14695,19131,19527,25807,27025,32522,33637,24964,27877,17078,21824,5040,9562,10271,9803,14302,13247,17793,18010,24162,25182,30780,31827,24058,26860,16560,21074,4896,9134,231378,214093,30928,29088,46367,44572,11341,166,75
2021-08-14T23:59:59+02:00,1018,938,12230,11595,15707,14693,19129,19526,25807,27025,32522,33636,24964,27877,17078,21824,5040,9562,10105,9586,14197,13157,17720,17964,24115,25151,30740,31794,24043,26847,16557,21071,4894,9133,231370,213094,30928,29087,46367,44571,11340,166,75
2021-08-13T23:59:59+02:00,974,898,12080,11467,15654,14639,19065,19469,25736,26973,32469,33600,24939,27848,17067,21814,5039,9558,10056,9534,14156,13129,17681,17939,24083,25132,30716,31773,24033,26834,16551,21062,4894,9129,230546,212763,30927,29087,46367,44570,11287,162,75
2021-08-12T23:59:59+02:00,961,877,12026,11407,15610,14602,19029,19443,25692,26952,32424,33572,24915,27835,17060,21809,5039,9555,9965,9469,14083,13087,17622,17891,24018,25100,30664,31726,24005,26810,16535,21044,4892,9129,230339,212357,30905,29081,46367,44555,11035,162,75
2021-08-11T23:59:59+02:00,947,866,11993,11374,15590,14579,19000,19423,25671,26933,32401,33543,24898,27814,17056,21802,5038,9553,9892,9407,14029,13048,17576,17847,23979,25079,30624,31678,23976,26778,16519,21031,4891,9124,230055,211791,30905,29077,46366,44529,10993,162,75
2021-08-10T23:59:59+02:00,929,856,11906,11323,15538,14550,18959,19386,25618,26899,32346,33490,24881,27800,17049,21789,5037,9550,9797,9326,13980,13014,17545,17815,23933,25040,30571,31632,23943,26746,16513,21013,4887,9119,229686,211288,30774,29042,46364,44516,10920,162,75
2021-08-09T23:59:59+02:00,927,840,11881,11289,15523,14535,18937,19374,25586,26878,32318,33459,24874,27792,17045,21781,5037,9547,9744,9266,13945,12964,17507,17774,23904,24997,30536,31592,23929,26729,16508,21000,4885,9114,229460,210846,30774,29039,46363,44509,10864,162,75
2021-08-08T23:59:59+02:00,917,833,11846,11266,15501,14522,18917,19353,25561,26858,32296,33443,24866,27777,17038,21777,5036,9547,9668,9212,13901,12938,17480,17744,23871,24963,30504,31561,23916,26711,16500,20986,4884,9111,229273,210454,30774,29038,46363,44508,10782,162,75
2021-08-07T23:59:59+02:00,898,806,11750,11189,15458,14481,18877,19320,25522,26828,32250,33411,24849,27765,17029,21759,5035,9544,9052,8612,13464,12588,17269,17560,23720,24852,30355,31486,23859,26660,16479,20959,4879,9108,228692,207268,30774,29038,46363,44508,10780,162,75
2021-08-06T23:59:59+02:00,888,803,11720,11162,15441,14468,18867,19314,25508,26812,32241,33405,24845,27761,17024,21757,5035,9543,8472,7984,12950,12194,17042,17358,23580,24741,30260,31407,23828,26613,16467,20945,4876,9102,228643,204114,30652,29025,46363,44508,10774,162,75
2021-08-05T23:59:59+02:00,885,796,11681,11131,15404,14441,18826,19284,25462,26776,32197,33359,24805,27739,17022,21746,5035,9538,8416,7919,12906,12144,16992,17316,23517,24701,30187,31353,23781,26572,16454,20927,4874,9093,228427,203696,30651,29020,46363,44500,10524,162,75
2021-08-04T23:59:59+02:00,868,780,11651,11101,15386,14409,18797,19261,25435,26747,32151,33320,24790,27726,17017,21741,5033,9530,8327,7830,12847,12097,16941,17275,23461,24657,30128,31282,23744,26533,16444,20914,4872,9087,228168,203109,30649,29019,46362,44465,10402,162,75
2021-08-03T23:59:59+02:00,853,761,11604,11063,15367,14389,18767,19241,25409,26719,32119,33287,24770,27707,17008,21736,5029,9529,8244,7741,12781,12049,16874,17225,23402,24620,30089,31234,23708,26499,16429,20903,4869,9083,227844,202460,30647,29009,46362,44458,10343,162,75
2021-08-02T23:59:59+02:00,844,758,11569,11032,15347,14359,18741,19222,25381,26694,32088,33260,24756,27688,17000,21727,5028,9527,8149,7648,12701,11989,16817,17162,23346,24549,30042,31177,23690,26476,16408,20893,4867,9078,227573,201759,30646,29008,46362,44450,10278,162,75
2021-08-01T23:59:59+02:00,837,751,11544,11003,15336,14346,18726,19211,25362,26682,32071,33245,24752,27680,16999,21724,5026,9526,8078,7581,12640,11942,16776,17116,23310,24518,30015,31152,23675,26457,16404,20887,4865,9077,227432,201304,30642,29007,46362,44432,10223,162,75
2021-07-31T23:59:59+02:00,834,750,11541,10997,15334,14343,18724,19207,25361,26681,32068,33244,24752,27679,16999,21724,5026,9526,7925,7392,11876,11270,16224,16680,23215,24439,29951,31081,23646,26421,16392,20868,4864,9075,227404,198092,30641,29007,46362,44431,10221,162,75
2021-07-30T23:59:59+02:00,833,749,11527,10988,15331,14340,18719,19202,25354,26676,32058,33239,24751,27677,16999,21722,5026,9526,7640,7152,11330,10826,15747,16253,23078,24332,29842,30970,23609,26376,16376,20846,4864,9070,227338,195015,30640,29006,46360,44418,10217,162,75
2021-07-29T23:59:59+02:00,821,740,11487,10942,15293,14319,18680,19177,25318,26642,32006,33211,24733,27658,16988,21705,5026,9524,7266,6841,10665,10313,15233,15841,22902,24187,29696,30860,23555,26324,16347,20821,4860,9067,227025,191554,30639,28998,46360,44333,10084,162,75
2021-07-28T23:59:59+02:00,803,728,11440,10890,15269,14289,18649,19150,25292,26615,31981,33187,24720,27640,16983,21694,5025,9520,7100,6684,10520,10195,15122,15706,22811,24092,29597,30764,23512,26268,16329,20792,4859,9057,226708,190319,30638,28996,46355,44224,10012,162,75
2021-07-27T23:59:59+02:00,794,719,11396,10854,15229,14249,18609,19124,25264,26589,31944,33165,24704,27615,16977,21683,5024,9512,6879,6472,10362,10078,14979,15572,22708,23986,29489,30651,23461,26204,16313,20765,4857,9046,226398,189172,30638,28670,46354,44191,9899,162,75
2021-07-26T23:59:59+02:00,784,707,11347,10810,15205,14228,18594,19097,25236,26560,31912,33139,24689,27594,16965,21672,5023,9509,6763,6395,10268,10001,14913,15494,22626,23926,29424,30577,23428,26161,16301,20748,4853,9040,226113,188387,30636,28667,46353,44150,9807,162,75
2021-07-25T23:59:59+02:00,773,697,11319,10783,15185,14202,18574,19073,25209,26536,31893,33121,24673,27583,16961,21663,5022,9507,6687,6314,10200,9937,14840,15434,22571,23872,29369,30539,23398,26139,16289,20734,4853,9036,225920,187799,30635,28663,46352,44120,9705,162,75
2021-07-24T23:59:59+02:00,749,676,11240,10700,15146,14175,18551,19051,25189,26522,31880,33108,24673,27579,16958,21661,5022,9507,6289,5955,10056,9823,14467,15153,22347,23715,29252,30456,23362,26101,16272,20717,4850,9032,225542,185444,30634,28662,46352,44118,9697,162,75
2021-07-23T23:59:59+02:00,723,654,11173,10618,15118,14142,18522,19036,25167,26503,31864,33091,24662,27574,16956,21661,5022,9504,5920,5645,9936,9717,14120,14889,22151,23543,29132,30339,23310,26033,16261,20696,4846,9025,225160,183179,30633,28662,46352,44107,9683,162,75
2021-07-22T23:59:59+02:00,682,614,11021,10456,15020,14054,18435,18988,25086,26449,31792,33027,24626,27533,16941,21643,5018,9499,5601,5347,9668,9503,13538,14414,21834,23283,28901,30112,23210,25936,16217,20659,4842,9022,224214,179867,30631,28651,46351,44088,9526,162,75
2021-07-21T23:59:59+02:00,662,589,10957,10402,14985,14027,18396,18952,25049,26420,31754,32977,24602,27501,16925,21631,5016,9494,4984,4881,9229,9253,13161,14185,21602,23130,28714,29963,23145,25860,16192,20636,4840,9019,223792,178108,30624,27383,46350,43921,9411,162,75
2021-07-20T23:59:59+02:00,644,572,10899,10348,14959,13991,18360,18925,25019,26388,31718,32945,24582,27480,16920,21617,5013,9487,4839,4769,9076,9121,12997,14052,21489,23009,28584,29840,23066,25757,16170,20596,4833,9013,223417,176766,30624,27371,46348,43772,9316,162,75
2021-07-19T23:59:59+02:00,631,560,10862,10317,14930,13971,18338,18917,24992,26363,31685,32916,24565,27457,16914,21606,5011,9484,4759,4699,8980,9045,12882,13955,21391,22903,28485,29720,23010,25700,16145,20567,4828,9007,223181,175829,30624,27363,46339,43676,9213,162,75
2021-07-18T23:59:59+02:00,616,551,10808,10266,14895,13950,18313,18900,24972,26346,31662,32897,24556,27447,16908,21597,5010,9479,4651,4596,8845,8924,12755,13816,21305,22812,28413,29641,22982,25671,16136,20554,4825,9006,222905,174818,30624,27349,46339,43623,9143,162,75
2021-07-17T23:59:59+02:00,544,481,10523,9969,14784,13852,18225,18823,24867,26272,31556,32848,24523,27413,16895,21577,5008,9478,4605,4554,8793,8852,12522,13624,20883,22473,28284,29510,22945,25619,16127,20539,4824,9003,221372,173044,30624,27349,46338,43621,9142,162,75
2021-07-16T23:59:59+02:00,515,444,10390,9849,14725,13812,18171,18772,24835,26239,31536,32824,24514,27398,16892,21570,5008,9475,4557,4512,8717,8812,12148,13345,20342,22077,28151,29416,22896,25582,16118,20534,4822,9001,220715,170937,30623,27347,46338,43614,9131,162,75
2021-07-15T23:59:59+02:00,485,407,10251,9744,14659,13763,18114,18705,24782,26191,31486,32771,24489,27362,16874,21554,5001,9471,4345,4373,8392,8605,11630,12944,19238,21234,27735,29073,22726,25413,16053,20461,4812,8985,219990,166245,30622,27334,46337,43418,8998,162,75
2021-07-14T23:59:59+02:00,464,394,10222,9719,14625,13743,18085,18670,24746,26150,31435,32718,24459,27334,16863,21537,5000,9469,4221,4222,8137,8434,11401,12799,19060,21123,27590,28947,22661,25335,16019,20423,4809,8976,219625,164681,30622,27316,46337,43244,8887,162,75
2021-07-13T23:59:59+02:00,440,379,10172,9667,14596,13716,18060,18637,24711,26129,31401,32678,24443,27304,16852,21526,4999,9467,4125,4127,7962,8275,11201,12608,18927,20985,27437,28786,22564,25250,15984,20370,4805,8965,219225,163227,30622,27295,46336,42986,8832,162,75
2021-07-12T23:59:59+02:00,427,358,10126,9617,14570,13697,18029,18607,24676,26088,31367,32633,24418,27281,16837,21521,4996,9464,4018,4028,7795,8154,11042,12473,18813,20864,27315,28665,22490,25189,15957,20344,4804,8960,218853,162067,30621,27273,46336,42796,8740,162,75
2021-07-11T23:59:59+02:00,419,340,10096,9588,14553,13677,18012,18597,24656,26080,31346,32615,24406,27271,16835,21519,4996,9462,3949,3955,7676,8054,10895,12345,18690,20764,27214,28551,22447,25141,15936,20319,4802,8957,218661,161101,30621,27268,46335,42597,8689,162,75
2021-07-10T23:59:59+02:00,393,317,9986,9482,14498,13638,17964,18574,24632,26060,31327,32599,24398,27262,16831,21515,4994,9460,3916,3930,7615,8012,10860,12316,18661,20740,27185,28529,22440,25126,15932,20314,4802,8957,218136,160799,30620,27267,46332,42549,8680,162,75
2021-07-09T23:59:59+02:00,333,270,9724,9273,14393,13556,17888,18504,24546,26007,31278,32538,24375,27231,16818,21497,4994,9454,3849,3890,7482,7921,10643,12171,18437,20602,26770,28208,22256,24932,15877,20254,4799,8950,216911,158660,30620,27264,46331,42420,8655,162,75
2021-07-08T23:59:59+02:00,254,203,9531,9130,14292,13480,17794,18432,24486,25957,31195,32480,24348,27200,16805,21479,4990,9449,3693,3764,7174,7732,10289,11942,18092,20320,26465,27951,22083,24774,15809,20181,4792,8934,215813,156284,30617,27219,46318,41850,8595,162,75
2021-07-07T23:59:59+02:00,215,174,9429,9025,14241,13447,17750,18389,24435,25917,31153,32440,24324,27170,16793,21461,4990,9441,3497,3635,6845,7507,9338,11212,17508,19890,26063,27641,21849,24472,15732,20085,4778,8920,215182,153671,30614,25470,46315,41257,8521,162,75
2021-07-06T23:59:59+02:00,193,162,9351,8966,14191,13419,17714,18347,24393,25878,31092,32393,24288,27142,16778,21444,4988,9439,3383,3560,6646,7385,9067,11049,17264,19710,25786,27384,21692,24270,15651,19981,4765,8905,214619,151742,30597,25460,46312,40754,8488,162,75
2021-07-05T23:59:59+02:00,181,147,9264,8885,14151,13377,17681,18297,24357,25848,31047,32342,24264,27120,16770,21430,4987,9437,3331,3525,6517,7306,8918,10928,17122,19571,25615,27229,21549,24103,15601,19928,4754,8895,214077,150678,30597,25451,46309,40268,8440,162,75
2021-07-04T23:59:59+02:00,166,140,9210,8835,14120,13364,17656,18279,24332,25829,31026,32316,24249,27106,16764,21422,4986,9434,3279,3483,6454,7266,8831,10856,17035,19486,25486,27119,21424,23974,15559,19877,4752,8888,213806,150021,30596,25442,46294,39872,8376,162,75
2021-07-03T23:59:59+02:00,163,137,8698,8337,13962,13244,17555,18161,24238,25771,30961,32267,24228,27084,16752,21410,4984,9431,3219,3404,6335,7147,8661,10714,16820,19305,25098,26810,21309,23838,15529,19837,4748,8882,211971,147978,30596,25442,46294,39817,8360,162,75
2021-07-02T23:59:59+02:00,156,133,8129,7865,13818,13135,17463,18084,24168,25701,30901,32205,24190,27042,16746,21390,4982,9426,3108,3296,6065,6992,8404,10472,16450,18978,24626,26386,21081,23565,15459,19755,4742,8879,210129,144909,30596,25440,46290,39492,8357,162,75
2021-07-01T23:59:59+02:00,143,123,8000,7758,13735,13077,17394,18032,24099,25650,30849,32152,24162,27017,16736,21378,4981,9425,2920,3107,5720,6708,7967,10056,15863,18507,23862,25732,20594,23091,15332,19594,4730,8854,209339,140352,30591,25429,46286,38461,8333,162,75
2021-06-30T23:59:59+02:00,126,110,7854,7642,13666,13028,17341,17979,24048,25597,30790,32106,24131,26995,16722,21360,4981,9420,2824,3028,5566,6565,7742,9835,14906,17638,23250,25182,20237,22698,15199,19434,4716,8820,208777,138822,30417,23156,46282,37341,8258,162,75
2021-06-29T23:59:59+02:00,111,97,7787,7549,13623,12989,17302,17934,23995,25536,30740,32047,24110,26969,16712,21344,4978,9416,2765,2984,5437,6467,7588,9701,14738,17466,23009,24948,19978,22373,15100,19334,4704,8800,208155,137703,30415,23144,46279,36251,8228,162,75
2021-06-28T23:59:59+02:00,106,91,7723,7478,13559,12930,17256,17883,23953,25491,30684,32003,24093,26941,16705,21334,4976,9414,2736,2952,5369,6420,7495,9630,14641,17385,22859,24734,19774,22127,15045,19265,4700,8786,207622,137108,30413,23134,46271,35456,8152,162,75
2021-06-27T23:59:59+02:00,92,86,7674,7415,13529,12894,17227,17850,23934,25456,30657,31975,24081,26933,16698,21328,4976,9412,2713,2937,5318,6395,7424,9585,14545,17322,22764,24647,19647,21986,15014,19214,4696,8777,207268,136600,30413,23123,46265,35082,8109,162,75
2021-06-26T23:59:59+02:00,88,82,7170,6859,13135,12595,17114,17747,23870,25397,30621,31940,24073,26916,16694,21317,4975,9411,2612,2828,5132,6207,7224,9395,14001,16867,22104,24014,19499,21843,14969,19161,4694,8769,205092,132994,30413,23123,46265,35062,8109,125,36
2021-06-25T23:59:59+02:00,87,79,6685,6375,12681,12222,16955,17629,23779,25331,30540,31899,24050,26889,16689,21307,4973,9409,2508,2673,4957,6016,6966,9098,13471,16336,21552,23430,19301,21634,14911,19094,4690,8757,202685,129298,30413,23123,46265,34851,8091,125,36
2021-06-24T23:59:59+02:00,77,67,6461,6158,12456,12071,16849,17546,23707,25278,30482,31851,24016,26847,16683,21297,4971,9402,2299,2434,4586,5639,6466,8607,12749,15621,20400,22429,18836,21153,14806,18963,4678,8742,201409,123350,30411,23111,46258,33900,8016,125,36
2021-06-23T23:59:59+02:00,72,65,5886,5658,12294,11959,16730,17432,23633,25231,30419,31801,23982,26824,16676,21283,4967,9398,2262,2382,4523,5517,6374,8456,12516,15332,20157,22170,18537,20824,14709,18849,4667,8725,200899,122329,29072,22962,46248,32712,7966,125,36
2021-06-22T23:59:59+02:00,68,60,5744,5528,12194,11854,16644,17357,23576,25169,30352,31723,23955,26792,16666,21262,4963,9396,2209,2347,4428,5435,6250,8309,11647,14670,19744,21764,18203,20471,14601,18711,4657,8705,199965,121407,29065,21268,46231,31527,7917,125,36
2021-06-21T23:59:59+02:00,65,57,5608,5415,12120,11761,16583,17271,23522,25095,30302,31665,23930,26764,16653,21247,4963,9392,2176,2311,4370,5338,6163,8182,10866,13966,19293,21355,17977,20244,14541,18617,4648,8689,199144,120614,29061,19483,46226,30750,7857,125,36
2021-06-20T23:59:59+02:00,63,55,5490,5289,11957,11578,16518,17147,23471,25030,30260,31609,23914,26743,16647,21232,4958,9387,2158,2282,4329,5298,6093,8133,10762,13886,19181,21228,17820,20053,14475,18534,4644,8682,198134,120078,29057,19480,46220,30156,7812,125,36
2021-06-19T23:59:59+02:00,59,51,5472,5269,11191,10914,16039,16756,23410,24986,30216,31566,23896,26723,16639,21220,4958,9387,2087,2164,4122,5068,5814,7852,10438,13552,18132,20376,17653,19868,14442,18469,4639,8670,195539,115881,29057,19480,46220,30142,7811,125,36
2021-06-18T23:59:59+02:00,56,50,5438,5243,10547,10332,15425,16194,23319,24917,30147,31503,23869,26693,16628,21205,4957,9385,2018,2076,3979,4926,5536,7582,10056,13188,16983,19167,17450,19631,14393,18405,4636,8660,192702,111475,29051,19479,46220,29890,7810,125,36
2021-06-17T23:59:59+02:00,49,41,5318,5140,9865,9824,14936,15803,23220,24829,30066,31409,23829,26647,16613,21184,4956,9382,1888,1969,3722,4680,5148,7218,9516,12698,15798,17975,16990,19141,14252,18231,4623,8636,190137,106351,29049,19471,46217,28974,7667,41,26
2021-06-16T23:59:59+02:00,47,33,5184,5004,9668,9663,14789,15673,23127,24735,29968,31333,23785,26602,16598,21172,4955,9372,1848,1928,3618,4595,5046,7100,8487,11847,15525,17681,16694,18805,14117,18060,4617,8603,188958,105469,29038,17595,46214,28028,7457,41,26
2021-06-15T23:59:59+02:00,41,27,4996,4817,9486,9508,14654,15531,23035,24645,29891,31247,23742,26529,16572,21139,4947,9357,1785,1870,3540,4500,4952,6988,8371,11705,15347,17454,16376,18495,13975,17891,4594,8545,187638,104711,29035,17591,46195,26809,7255,41,26
2021-06-14T23:59:59+02:00,39,24,4919,4753,9392,9399,14576,15442,22964,24571,29821,31186,23710,26490,16557,21121,4944,9351,1762,1847,3503,4476,4911,6956,8271,11642,15209,17320,16196,18291,13884,17794,4589,8538,186893,104485,29029,17588,46189,25987,7107,41,26
2021-06-13T23:59:59+02:00,38,23,4861,4705,9306,9324,14492,15375,22903,24520,29754,31133,23684,26462,16548,21111,4944,9349,1712,1832,3461,4452,4856,6913,8200,11605,15110,17225,16040,18107,13830,17721,4582,8531,186311,104205,29023,17586,46174,25381,6983,41,26
2021-06-12T23:59:59+02:00,36,22,4842,4690,9278,9301,14255,15198,22773,24391,29709,31088,23664,26445,16539,21103,4943,9347,1587,1710,3223,4241,4452,6610,7653,11173,13335,15536,15688,17736,13750,17619,4580,8517,185406,97504,29023,17586,46174,25317,6981,40,26
2021-06-11T23:59:59+02:00,32,21,4788,4636,9197,9248,13936,14975,22577,24243,29613,30997,23627,26400,16521,21091,4942,9344,1484,1575,3039,4030,4153,6246,7142,10628,11700,13652,15212,17162,13636,17472,4565,8503,184043,90596,29020,17585,46174,25086,6911,40,25
2021-06-10T23:59:59+02:00,26,18,4504,4408,8653,8917,12661,13956,22010,23793,29239,30693,23490,26242,16468,21023,4929,9329,1361,1482,2804,3849,3824,5962,6707,10236,10287,12323,14699,16588,13465,17264,4550,8477,178712,86059,29004,17582,46168,23781,6435,40,25
2021-06-09T23:59:59+02:00,23,14,4269,4244,8060,8625,11760,13296,21690,23578,29009,30539,23427,26179,16449,20999,4926,9325,1273,1428,2649,3778,3682,5882,6501,10144,10025,12144,14376,16238,13295,17084,4543,8456,176605,85727,27728,17480,46162,22393,5877,40,25
2021-06-08T23:59:59+02:00,19,11,4139,4144,7658,8399,11274,13006,21464,23399,28809,30386,23368,26105,16417,20957,4920,9316,1195,1401,2513,3720,3523,5815,5605,9396,9551,11781,14040,15829,13069,16845,4529,8434,174854,85372,27356,15326,46138,21124,5403,40,25
2021-06-07T23:59:59+02:00,15,9,4018,4065,7423,8293,10985,12828,21261,23285,28655,30268,23309,26052,16399,20932,4916,9308,1146,1281,2392,3660,3393,5752,5440,9321,9341,11654,13812,15572,12913,16676,4522,8416,173628,85183,27346,15321,46129,19888,4878,40,25
2021-06-06T23:59:59+02:00,13,9,3900,4006,7185,8171,10735,12667,21075,23196,28569,30178,23279,26018,16387,20914,4913,9304,1126,1264,2327,3624,3297,5700,5334,9246,9225,11553,13655,15418,12841,16582,4519,8409,172478,84993,27329,15317,46119,19236,4553,40,25
2021-06-05T23:59:59+02:00,13,9,3871,3969,7147,8131,10558,12511,20447,22687,28407,30031,23229,25973,16373,20895,4913,9300,1094,1163,2161,3171,3065,5161,5164,8914,8445,10603,13006,14578,12728,16435,4508,8399,170436,79610,27329,15317,46117,19103,4543,39,25
2021-06-04T23:59:59+02:00,13,9,3841,3943,7111,8106,10461,12419,20085,22360,28303,29935,23194,25935,16359,20885,4911,9299,1062,1096,2063,2861,2905,4684,5007,8544,7931,9945,11508,12862,12603,16238,4501,8381,169160,73235,27316,15316,46117,19081,4537,39,25
2021-06-03T23:59:59+02:00,8,6,3707,3841,6891,7969,9905,11997,18859,21430,27903,29625,23061,25793,16306,20823,4907,9285,1009,1052,1974,2749,2768,4529,4803,8244,7568,9496,11130,12466,12497,16125,4498,8368,164406,71453,27306,15313,46113,18036,4452,39,25
2021-06-02T23:59:59+02:00,8,6,3700,3833,6879,7952,9895,11986,18671,21250,27832,29576,23038,25771,16300,20814,4904,9283,1005,1045,1962,2719,2747,4510,4592,8060,7032,9008,11093,12425,12482,16110,4494,8362,164341,71345,26761,13820,46112,18014,4445,39,25
2021-06-01T23:59:59+02:00,7,5,3573,3757,6642,7804,9607,11793,18216,20903,27595,29381,22944,25669,16259,20761,4901,9271,968,997,1878,2649,2667,4438,4313,7826,6436,8476,10880,12212,12384,16007,4489,8350,162652,70906,25981,12527,46098,17197,4318,39,25
2021-05-31T23:59:59+02:00,7,5,3526,3712,6553,7736,9471,11694,18090,20812,27505,29305,22877,25608,16242,20733,4896,9264,939,973,1811,2609,2587,4395,4206,7762,6318,8401,10694,12044,12283,15891,4479,8342,161813,70546,25950,12522,46085,16495,4149,39,25
2021-05-30T23:59:59+02:00,7,4,3495,3688,6489,7681,9381,11604,18002,20732,27428,29234,22832,25563,16220,20706,4891,9254,934,966,1800,2599,2574,4382,4177,7737,6265,8359,10633,11965,12249,15848,4474,8333,161114,70503,25945,12519,46068,16206,4045,39,25
2021-05-29T23:59:59+02:00,7,4,3484,3669,6453,7654,9337,11567,17964,20693,27283,29128,22778,25489,16205,20686,4888,9250,898,947,1743,2553,2501,4297,3987,7482,5993,8063,8436,9309,12056,15506,4459,8304,160456,64266,25945,12517,46054,15683,4045,39,25
2021-05-28T23:59:59+02:00,7,4,3421,3614,6322,7577,9197,11436,17807,20562,27100,29005,22712,25412,16184,20669,4887,9249,885,933,1724,2533,2465,4243,3836,7185,5799,7801,5744,6205,11779,15110,4444,8255,159097,57408,25943,12517,46050,14957,4036,39,25
2021-05-27T23:59:59+02:00,7,4,3274,3484,6038,7397,8595,11103,17331,20225,26687,28657,22545,25247,16126,20606,4880,9231,835,875,1642,2438,2348,4109,3413,6215,5376,7204,5583,6032,11701,15036,4438,8238,155622,56926,25885,12470,46043,12216,3848,39,25
2021-05-26T23:59:59+02:00,7,4,3167,3401,5819,7231,8223,10817,16865,19919,26386,28421,22397,25114,16075,20532,4867,9211,818,867,1590,2413,2295,4079,3340,6141,5279,7132,5449,5905,11636,14970,4433,8226,152918,56852,25869,12468,46021,11621,3609,39,25
2021-05-25T23:59:59+02:00,7,4,3076,3338,5677,7117,8026,10655,15863,19140,26032,28067,22239,24960,16023,20452,4860,9201,798,849,1554,2369,2224,4020,3265,6072,5194,7068,5282,5735,11528,14890,4425,8215,151363,56785,23944,12280,46007,11014,3386,37,25
2021-05-24T23:59:59+02:00,7,4,3013,3320,5589,7073,7908,10593,14948,18451,25617,27755,22145,24856,15992,20416,4853,9189,789,847,1532,2352,2180,3984,3219,6024,5117,6988,5182,5628,11449,14814,4424,8209,150638,56751,21875,12204,45997,10578,3182,37,25
2021-05-23T23:59:59+02:00,7,4,3010,3316,5580,7066,7899,10585,14943,18450,25616,27754,22145,24856,15992,20416,4853,9189,787,844,1524,2345,2168,3971,3200,6009,5096,6955,5138,5576,11432,14790,4423,8207,150610,56743,21875,12204,45995,10331,3164,37,25
2021-05-22T23:59:59+02:00,6,4,2974,3274,5507,7020,7799,10498,14745,18289,25336,27511,22045,24770,15959,20373,4850,9185,765,824,1480,2294,2117,3892,3087,5888,4782,6387,4568,4834,10787,13968,4413,8168,149074,53499,21875,12204,45995,9364,3164,37,25
2021-05-21T23:59:59+02:00,4,4,2902,3199,5381,6924,7672,10352,14487,18059,25042,27276,21932,24662,15926,20325,4845,9176,734,771,1412,2166,2015,3626,2904,5555,4302,5488,4155,4296,10045,13027,4348,8042,147137,49759,21874,12204,45990,7766,3134,33,25
2021-05-20T23:59:59+02:00,4,4,2771,3036,5103,6669,7386,9984,14027,17576,24431,26726,21660,24366,15832,20205,4831,9146,720,761,1385,2141,1976,3593,2849,5500,4218,5410,4027,4194,9968,12964,4339,8030,142991,49666,21865,12193,45965,7289,2903,33,25
2021-05-19T23:59:59+02:00,4,4,2719,2984,5006,6530,7243,9802,12881,16540,24168,26439,21563,24236,15787,20144,4823,9139,701,735,1360,2093,1944,3508,2786,5353,4123,5303,3945,4104,9915,12899,4336,8026,141621,49638,19794,12129,45894,6670,2670,33,25
2021-05-18T23:59:59+02:00,4,4,2696,2961,4959,6498,7192,9771,12527,16265,23988,26286,21470,24147,15757,20091,4815,9127,672,677,1305,1964,1871,3306,2688,5145,3994,5106,3720,3827,9833,12819,4326,8016,141346,49618,18940,11130,45850,6108,2389,33,25
2021-05-17T23:59:59+02:00,4,4,2670,2940,4916,6428,7104,9663,12374,16087,23839,26126,21416,24096,15739,20068,4810,9119,664,663,1289,1928,1850,3257,2640,5037,3915,4992,3582,3675,9765,12756,4323,8007,140376,49595,18932,11120,45834,5376,2228,33,25
2021-05-16T23:59:59+02:00,4,4,2658,2926,4893,6361,7066,9580,12314,16013,23787,26066,21392,24079,15729,20054,4807,9116,659,657,1279,1925,1833,3248,2618,5025,3886,4970,3529,3609,9726,12724,4322,8005,139939,49583,18924,11109,45812,5158,2141,33,25
2021-05-15T23:59:59+02:00,4,4,2533,2788,4705,6156,6875,9394,11796,15595,23198,25516,21285,23961,15695,20011,4804,9108,609,594,1196,1838,1694,3094,2330,4717,3438,4459,3197,3181,9563,12519,4298,7976,136549,46621,18923,11109,45807,4833,2116,33,25
2021-05-14T23:59:59+02:00,4,4,2417,2612,4510,5931,6598,9081,11260,15085,22631,24949,21139,23821,15659,19953,4800,9097,546,516,1094,1718,1534,2879,1999,4315,2839,3870,2813,2743,9479,12372,4294,7972,132730,43697,18916,11107,45785,4068,2087,33,25
2021-05-13T23:59:59+02:00,4,4,2235,2325,4188,5548,6171,8607,10700,14397,21599,24038,20856,23547,15599,19854,4793,9082,542,516,1081,1702,1519,2860,1989,4289,2818,3844,2797,2726,9472,12368,4293,7972,126827,43624,18862,11099,45759,3975,2066,33,25
2021-05-12T23:59:59+02:00,4,4,2234,2322,4181,5547,6162,8601,10598,14276,21546,23999,20851,23536,15594,19846,4792,9082,534,494,1045,1647,1470,2781,1906,4203,2759,3785,2716,2631,9421,12295,4293,7972,126784,43621,18536,10272,45759,3972,2063,33,25
2021-05-11T23:59:59+02:00,4,4,2113,2283,4097,5482,6037,8487,10292,14025,21354,23837,20775,23464,15579,19813,4788,9077,509,470,984,1587,1401,2690,1806,4065,2686,3711,2562,2404,9357,12194,4292,7972,125841,43603,18199,9439,45476,3662,1962,33,25
2021-05-10T23:59:59+02:00,4,4,2072,2206,3990,5361,5902,8308,9501,13262,20975,23514,20685,23375,15540,19759,4778,9064,496,441,947,1523,1336,2601,1716,3903,2602,3616,2533,2380,9348,12176,4288,7967,124709,43576,16349,9258,45373,3179,1836,33,25
2021-05-09T23:59:59+02:00,4,4,2040,2191,3956,5321,5850,8260,9435,13193,20905,23441,20652,23334,15526,19732,4775,9050,489,432,926,1480,1310,2553,1682,3841,2564,3573,2524,2368,9338,12159,4288,7959,124267,43517,16345,9255,45278,2944,1746,33,25
2021-05-08T23:59:59+02:00,4,4,1977,2090,3772,5146,5576,8054,9124,12908,19770,22512,20456,23138,15493,19663,4770,9038,416,402,861,1440,1234,2480,1594,3739,2345,3360,1979,1940,9244,12074,4287,7959,120125,42050,16344,9254,45275,2302,1745,6,4
2021-05-07T23:59:59+02:00,4,4,1890,1978,3588,4975,5255,7758,8715,12537,18521,21239,20273,22926,15447,19605,4761,9019,324,343,752,1365,1103,2351,1460,3596,2170,3168,1611,1605,8756,11628,4286,7957,115181,40323,16342,9251,45255,1187,1711,6,4
2021-05-06T23:59:59+02:00,4,4,1706,1869,3302,4723,4804,7353,8073,11973,17280,19995,19939,22548,15340,19442,4751,9008,307,334,731,1336,1063,2305,1411,3512,2103,3100,1575,1550,8739,11597,4280,7954,109323,40303,16335,9245,45021,917,1429,6,4
2021-05-05T23:59:59+02:00,4,3,1636,1839,3221,4636,4727,7249,7942,11822,17124,19849,19819,22429,15264,19346,4729,8912,296,322,689,1284,1002,2230,1329,3362,1994,2983,1482,1451,8322,11029,4274,7936,108564,40267,16192,8117,44851,660,938,6,4
2021-05-04T23:59:59+02:00,4,3,1610,1810,3179,4562,4668,7139,7690,11528,16565,19270,19732,22299,15189,19249,4701,8802,280,309,666,1255,981,2176,1270,3242,1881,2826,1410,1345,8252,10926,4270,7918,107878,40242,14845,7842,44748,397,523,6,4
2021-05-03T23:59:59+02:00,4,3,1602,1806,3171,4548,4630,7117,7437,11296,15872,18675,19668,22214,15163,19215,4695,8792,265,288,644,1173,932,2088,1207,3103,1783,2689,1344,1265,8227,10891,4266,7909,107797,40232,13247,7635,44708,54,150,6,4
2021-05-02T23:59:59+02:00,4,3,1601,1804,3166,4546,4625,7114,7424,11286,15853,18663,19652,22206,15163,19213,4694,8792,265,285,641,1172,927,2085,1197,3097,1775,2682,1330,1258,8226,10886,4265,7909,107771,40209,13244,7633,44684,51,104,6,4
2021-05-01T23:59:59+02:00,4,3,1468,1662,2886,4296,4158,6754,6807,10803,13918,16783,19271,21810,15072,19097,4691,8776,263,285,638,1170,926,2082,1195,3095,1773,2678,1325,1254,8224,10884,4265,7909,100229,40178,13244,7633,44680,51,101,5,4
2021-04-30T23:59:59+02:00,3,3,1345,1512,2670,4073,3828,6358,6239,10208,12127,14744,18813,21271,14968,18955,4677,8766,258,284,631,1163,911,2074,1183,3085,1762,2665,1314,1245,8220,10879,4264,7908,92602,40132,13244,7633,44680,48,30,4,4
2021-04-29T23:59:59+02:00,2,3,1229,1447,2504,3947,3588,6154,5882,9905,10787,13467,18554,20994,14925,18885,4673,8760,257,280,626,1156,899,2068,1163,3080,1732,2629,1288,1221,8214,10870,4264,7908,87914,40100,13235,7500,44540,39,13,4,4
2021-04-28T23:59:59+02:00,2,3,1170,1441,2454,3928,3537,6130,5820,9872,10690,13399,18524,20960,14918,18869,4673,8757,257,279,624,1155,896,2066,1158,3076,1724,2628,1282,1203,7772,10350,4264,7908,87644,40079,13185,6514,44302,35,12,4,3
2021-04-27T23:59:59+02:00,2,3,1122,1414,2353,3884,3473,6103,5701,9817,10573,13323,18491,20921,14905,18854,4672,8755,256,279,622,1148,895,2064,1154,3073,1720,2624,1270,1186,7355,9768,4264,7908,87137,40060,13132,5483,44082,30,11,4,3
2021-04-26T23:59:59+02:00,2,3,1080,1385,2263,3792,3346,6003,5534,9697,10270,13064,18429,20867,14897,18836,4670,8755,255,278,621,1146,889,2061,1147,3070,1702,2614,1255,1173,7346,9748,4264,7908,85801,39973,13122,5462,43955,29,11,4,3
2021-04-25T23:59:59+02:00,2,3,1077,1383,2255,3790,3339,5999,5514,9690,10235,13034,18419,20855,14896,18830,4670,8754,254,278,621,1146,889,2061,1145,3070,1702,2614,1255,1173,7346,9746,4264,7908,85779,39971,13113,5460,43839,29,10,4,3
2021-04-24T23:59:59+02:00,2,2,1034,1266,2068,3252,3069,5384,5321,9278,9403,11989,17714,19959,14782,18671,4662,8743,252,277,620,1144,889,2060,1145,3069,1696,2609,1252,1168,7344,9745,4264,7907,79659,39945,13113,5456,43814,29,9,4,3
2021-04-23T23:59:59+02:00,1,2,1002,1182,1955,2905,2887,4833,5126,8849,8849,11267,16085,18102,14636,18465,4654,8720,252,277,619,1144,887,2058,1144,3069,1695,2608,1247,1163,7340,9743,4264,7906,72641,39931,13112,5445,43754,29,9,4,3
2021-04-22T23:59:59+02:00,1,2,997,1171,1935,2889,2867,4814,5069,8803,8738,11164,16015,18025,14610,18435,4652,8715,250,277,615,1143,884,2057,1136,3057,1680,2588,1223,1141,7335,9735,4264,7906,72595,39917,13056,5335,43238,28,9,4,3
2021-04-21T23:59:59+02:00,1,2,988,1163,1923,2876,2840,4788,5023,8748,8631,11041,15929,17941,14581,18401,4652,8710,245,274,605,1134,870,2027,1126,3032,1669,2563,1210,1128,7111,9417,4263,7906,72555,39910,13000,4632,42670,27,9,4,3
2021-04-20T23:59:59+02:00,1,2,961,1114,1871,2761,2767,4627,4930,8569,8457,10834,15698,17659,14522,18342,4645,8704,232,271,587,1113,844,1997,1098,3006,1634,2522,1191,1115,7103,9412,4262,7905,72519,39889,11871,4367,42061,25,9,4,3
2021-04-19T23:59:59+02:00,1,2,952,1105,1839,2741,2717,4602,4806,8508,8257,10723,15606,17561,14500,18323,4645,8698,226,263,569,1090,826,1965,1080,2963,1589,2467,1173,1096,7096,9409,4260,7904,72119,39855,11850,4087,41604,23,9,4,3
2021-04-18T23:59:59+02:00,1,2,949,1104,1834,2735,2709,4590,4788,8496,8217,10681,15557,17503,14490,18306,4644,8696,226,263,569,1089,825,1965,1080,2963,1589,2466,1173,1095,7094,9408,4259,7904,72073,39849,11847,4085,41369,23,9,4,3
2021-04-17T23:59:59+02:00,0,2,916,1090,1785,2697,2641,4511,4634,8356,7955,10452,13189,14603,14293,17954,4627,8660,224,263,569,1086,821,1959,1068,2956,1579,2446,1136,1053,6762,8992,4234,7856,65257,38896,11847,4074,41248,23,9,4,3
2021-04-16T23:59:59+02:00,0,2,910,1084,1773,2686,2599,4472,4542,8272,7775,10261,10361,11351,14019,17537,4608,8604,222,258,568,1083,816,1955,1058,2953,1571,2434,1125,1039,6756,8987,4231,7853,57989,38818,11845,4058,41009,23,9,4,2
2021-04-15T23:59:59+02:00,0,2,897,1079,1751,2672,2557,4439,4429,8211,7544,10060,10112,11132,13957,17471,4602,8590,220,258,568,1081,815,1953,1055,2950,1568,2431,1120,1035,6754,8985,4231,7853,57965,38804,11843,4041,39684,22,9,4,2
2021-04-14T23:59:59+02:00,0,2,878,1051,1693,2589,2468,4316,4239,8029,7270,9777,9739,10651,13808,17293,4596,8581,195,235,527,1030,792,1886,1019,2870,1518,2370,1094,1005,6750,8976,4231,7852,57933,38788,10895,3534,38139,19,9,4,1
2021-04-13T23:59:59+02:00,0,2,853,1029,1655,2537,2400,4233,4138,7892,7060,9562,9334,10133,13664,17126,4591,8569,159,211,492,981,752,1793,985,2760,1466,2300,1075,970,6734,8965,4230,7852,57889,38724,9949,2979,36927,13,9,4,1
2021-04-12T23:59:59+02:00,0,2,849,1027,1636,2534,2370,4220,4085,7841,6919,9391,9069,9819,13600,17067,4580,8553,148,197,464,941,729,1728,964,2688,1422,2250,1053,953,6718,8945,4227,7847,57831,38608,9919,2644,35799,13,9,4,1
2021-04-11T23:59:59+02:00,0,2,848,1026,1625,2534,2357,4218,4062,7829,6854,9330,8935,9654,13573,17019,4575,8544,148,197,464,939,729,1727,962,2688,1421,2250,1053,953,6716,8945,4227,7847,57819,38602,9917,2643,35236,12,9,4,1
2021-04-10T23:59:59+02:00,0,2,832,1021,1597,2505,2320,4189,3991,7771,6722,9213,8379,8919,12909,16166,4564,8502,145,197,462,936,723,1724,962,2681,1412,2243,1040,937,6247,8447,4212,7831,54485,37537,9916,2641,35188,12,9,4,1
2021-04-09T23:59:59+02:00,0,2,810,992,1557,2457,2253,4109,3838,7612,6375,8882,7857,8261,12095,15141,4494,8365,143,196,460,931,717,1717,954,2671,1397,2233,1018,916,6005,8177,4195,7804,50513,36876,9911,2637,34663,12,9,4,1
2021-04-08T23:59:59+02:00,0,2,801,982,1530,2433,2187,4060,3703,7525,6121,8582,7243,7606,11936,14941,4483,8348,143,193,455,929,712,1710,946,2661,1390,2220,1006,914,6002,8175,4194,7804,50480,36856,9887,2577,32103,12,9,4,1
2021-04-07T23:59:59+02:00,0,2,795,973,1504,2415,2129,4022,3616,7455,5890,8316,6690,6974,11329,14192,4471,8321,124,186,425,882,666,1641,890,2591,1340,2151,985,898,5994,8169,4193,7804,50453,36832,8729,2087,29900,12,8,4,1
2021-04-06T23:59:59+02:00,0,2,790,971,1490,2407,2100,4000,3543,7406,5709,8145,6243,6466,11128,13976,4456,8293,100,165,376,820,621,1566,847,2491,1288,2087,961,882,5977,8156,4191,7800,50382,36806,8546,1503,28186,12,7,4,1
2021-04-05T23:59:59+02:00,0,2,785,967,1474,2399,2076,3991,3492,7380,5566,8035,6041,6251,11061,13890,4450,8283,94,163,375,818,614,1557,839,2476,1275,2068,933,852,4885,6756,4112,7694,50184,33999,8542,1493,27406,12,7,4,1
2021-04-04T23:59:59+02:00,0,2,783,961,1472,2397,2072,3989,3475,7373,5556,8028,6030,6231,11047,13872,4448,8280,94,163,373,816,611,1552,832,2469,1260,2048,910,830,3883,5595,4046,7588,50169,31558,8540,1493,27296,12,7,4,1
2021-04-03T23:59:59+02:00,0,2,731,906,1390,2328,1949,3850,3214,7113,5096,7535,5687,5776,10876,13655,4422,8251,92,163,373,815,611,1550,831,2469,1260,2048,910,830,3883,5592,4046,7587,46936,31548,8540,1493,27294,12,7,4,1
2021-04-02T23:59:59+02:00,0,2,688,871,1335,2260,1851,3736,2958,6853,4582,7056,5297,5317,10779,13492,4417,8245,91,163,373,815,611,1550,829,2469,1258,2045,908,826,3880,5589,4045,7587,44014,31529,8539,1492,27176,12,6,4,1
2021-04-01T23:59:59+02:00,0,2,685,869,1324,2255,1831,3728,2929,6839,4508,6983,5188,5209,10740,13443,4416,8241,91,163,371,811,609,1547,829,2466,1254,2041,898,825,3876,5587,4044,7586,43998,31520,8395,1460,26787,12,6,4,1
2021-03-31T23:59:59+02:00,0,2,683,867,1317,2239,1823,3718,2901,6811,4445,6937,5049,5049,10231,12836,4412,8233,91,163,370,811,609,1547,829,2466,1252,2041,897,825,3876,5586,4044,7585,43986,31514,7268,1460,26290,12,6,3,1
2021-03-30T23:59:59+02:00,0,2,674,864,1299,2219,1793,3689,2866,6776,4360,6847,4882,4855,9706,12136,4405,8218,86,160,369,807,604,1544,824,2460,1244,2039,886,815,3868,5583,4043,7584,43961,31493,6083,1407,25538,10,6,3,1
2021-03-29T23:59:59+02:00,0,2,669,856,1286,2184,1776,3658,2835,6734,4290,6762,4683,4658,9621,12042,4402,8204,86,160,369,805,599,1540,822,2454,1240,2032,878,809,3860,5576,4043,7584,43894,31480,5866,1362,24893,9,6,3,1
2021-03-28T23:59:59+02:00,0,2,666,854,1283,2181,1761,3648,2820,6722,4256,6709,4587,4548,9584,11978,4397,8197,86,160,369,804,599,1540,820,2454,1238,2032,877,809,3859,5576,4043,7584,43872,31478,5857,1357,24455,9,6,3,1
2021-03-27T23:59:59+01:00,0,2,662,849,1274,2176,1745,3632,2792,6692,4093,6566,4011,4095,9355,11731,4384,8178,86,160,367,802,597,1538,818,2451,1230,2026,873,805,3681,5286,3942,7415,41930,30705,5853,1357,24445,9,6,3,1
2021-03-26T23:59:59+01:00,0,2,656,841,1266,2166,1725,3615,2766,6670,4017,6488,3606,3731,8758,11174,4371,8164,86,160,366,801,596,1535,814,2448,1221,2022,860,792,2964,4347,3733,7072,40000,28445,5840,1357,24168,9,6,2,1
2021-03-25T23:59:59+01:00,0,2,649,836,1253,2152,1706,3591,2707,6631,3934,6410,3431,3513,8648,11063,4366,8158,86,160,366,801,596,1535,814,2447,1220,2022,860,792,2963,4346,3732,7071,39987,28439,5733,1357,23322,9,6,2,1
2021-03-24T23:59:59+01:00,0,2,643,829,1220,2126,1661,3546,2629,6563,3778,6260,3113,3151,8241,10514,4357,8146,82,158,354,788,579,1517,781,2413,1170,1990,827,755,2954,4340,3732,7068,39965,28138,4976,1356,21830,8,6,2,1
2021-03-23T23:59:59+01:00,0,2,630,821,1195,2094,1619,3499,2549,6482,3629,6106,2734,2766,8025,10295,4350,8129,77,154,342,766,544,1486,720,2350,1068,1909,744,695,2918,4306,3728,7064,39923,27508,4686,1349,20308,8,6,2,1
2021-03-22T23:59:59+01:00,0,2,606,708,1159,2039,1586,3444,2496,6412,3489,5975,2492,2528,7695,9940,4334,8093,77,153,342,766,544,1484,719,2349,1065,1909,743,692,2914,4301,3727,7061,39455,27483,4362,1349,19173,8,6,2,1
2021-03-21T23:59:59+01:00,0,2,605,705,1153,2031,1575,3434,2479,6397,3452,5941,2350,2364,7602,9828,4326,8079,77,153,342,765,544,1484,719,2349,1065,1909,743,692,2914,4300,3727,7061,39451,27481,4348,1349,18516,8,6,2,1
2021-03-20T23:59:59+01:00,0,2,604,705,1151,2025,1568,3427,2473,6390,3435,5919,2318,2326,7112,9310,4310,8063,77,153,342,765,543,1484,717,2348,1065,1908,743,692,2914,4298,3725,7059,38412,27470,4336,1349,18382,8,6,2,1
2021-03-19T23:59:59+01:00,0,2,597,698,1137,2009,1533,3404,2403,6251,3372,5811,2135,2147,6805,8992,4291,8038,77,153,341,759,539,1481,712,2340,1054,1895,734,685,2491,3696,3311,6313,37808,25224,4320,1349,17489,2,6,2,1
2021-03-18T23:59:59+01:00,0,2,582,682,1117,1979,1506,3374,2363,6183,3299,5722,1983,1951,6687,8873,4285,8027,76,153,341,757,538,1481,711,2336,1051,1894,727,682,2441,3624,3284,6271,37788,25032,4309,1327,16510,2,6,2,1
2021-03-17T23:59:59+01:00,0,1,552,656,1072,1923,1469,3290,2285,6066,3147,5567,1727,1685,6521,8720,4275,8012,75,149,329,730,522,1437,689,2278,1013,1853,710,663,2202,3331,3203,6147,37716,24068,3786,1255,15459,2,6,1,1
2021-03-16T23:59:59+01:00,0,1,508,627,1032,1867,1418,3186,2220,5912,3031,5433,1531,1463,6387,8573,4265,7991,69,136,308,674,492,1360,660,2143,984,1725,661,613,2091,3197,3180,6063,37661,23325,3167,1024,14611,2,5,1,1
2021-03-15T23:59:59+01:00,0,1,496,616,1001,1821,1384,3118,2189,5827,2944,5349,1407,1328,5808,7887,4226,7928,66,129,293,616,477,1240,622,2013,944,1612,633,593,2054,3158,3167,6004,36428,22929,2812,690,14089,2,0,1,1
2021-03-14T23:59:59+01:00,0,1,491,610,991,1809,1381,3101,2173,5809,2910,5322,1364,1278,5416,7440,4203,7910,65,124,289,593,471,1213,616,1957,934,1587,633,593,2054,3158,3166,6002,35613,22923,2807,530,13788,2,0,1,1
2021-03-13T23:59:59+01:00,0,1,470,592,954,1762,1328,3037,1917,5221,2670,4910,1259,1165,4767,6593,4154,7835,65,124,288,590,469,1211,614,1955,933,1583,631,588,1693,2678,2643,5248,33945,20781,2803,530,11886,2,0,1,1
2021-03-12T23:59:59+01:00,0,1,454,571,934,1721,1298,2956,1713,4433,2463,4461,1189,1082,4071,5793,4107,7753,65,122,287,586,469,1208,612,1947,928,1577,628,581,1373,2140,2109,4455,32273,18556,2800,530,9926,1,0,1,1
2021-03-11T23:59:59+01:00,0,1,450,564,926,1710,1283,2939,1688,4399,2427,4425,1115,1027,4029,5757,4104,7749,65,114,281,564,455,1156,603,1898,909,1541,616,568,1367,2123,2100,4406,32241,18307,2706,458,9645,1,0,1,1
2021-03-10T23:59:59+01:00,0,1,429,553,881,1652,1229,2862,1615,4302,2361,4332,1082,1004,4013,5742,4103,7747,65,114,279,560,452,1149,598,1875,909,1536,610,560,1306,2037,2057,4350,32226,18023,2141,433,9540,1,0,1,1
2021-03-09T23:59:59+01:00,0,1,407,537,833,1602,1188,2799,1574,4219,2318,4279,1061,993,4007,5735,4102,7746,63,113,278,559,451,1138,596,1863,903,1531,608,554,1101,1728,1942,4178,32180,17199,1692,406,9528,1,0,1,1
2021-03-08T23:59:59+01:00,0,1,400,526,823,1588,1179,2783,1566,4194,2307,4266,1048,983,3970,5688,4100,7741,62,113,274,554,447,1132,595,1859,899,1529,608,554,1032,1637,1897,4135,32053,16944,1596,382,9513,1,0,1,1
2021-03-07T23:59:59+01:00,0,1,399,523,823,1587,1177,2781,1562,4188,2297,4261,1042,975,3964,5682,4099,7740,59,110,265,532,435,1106,580,1759,864,1454,607,554,928,1508,1847,4067,32037,16586,1557,89,9506,0,0,1,1
2021-03-06T23:59:59+01:00,0,1,391,507,804,1554,1154,2723,1521,4121,2104,3765,1013,938,3791,5411,4002,7579,59,110,265,532,435,1105,580,1759,864,1454,607,554,925,1507,1844,4066,31331,16577,1557,89,8490,0,0,1,1
2021-03-05T23:59:59+01:00,0,1,376,467,771,1450,1104,2506,1446,3908,1891,3095,983,893,3046,4452,3798,7240,59,109,264,529,432,1099,579,1754,860,1451,604,552,886,1448,1821,4028,29035,16386,1556,89,6835,0,0,1,1
2021-03-04T23:59:59+01:00,0,1,361,459,764,1430,1091,2483,1427,3879,1868,3076,970,889,3042,4448,3795,7238,59,108,261,526,428,1083,569,1732,859,1443,602,550,849,1394,1798,3993,29022,16228,1518,26,6680,0,0,1,1
2021-03-03T23:59:59+01:00,0,1,350,427,745,1379,1060,2400,1377,3725,1790,2979,937,845,3032,4442,3795,7235,58,107,258,524,427,1079,567,1723,856,1439,602,549,829,1341,1713,3848,28709,15896,1518,24,6291,0,0,1,1
2021-03-02T23:59:59+01:00,0,1,344,418,729,1355,1012,2355,1308,3641,1674,2883,849,779,2990,4405,3789,7230,58,107,257,520,426,1071,567,1717,856,1435,601,549,829,1341,1713,3848,28072,15871,1455,24,6234,0,0,1,1
2021-03-01T23:59:59+01:00,0,1,340,404,722,1308,999,2297,1288,3559,1648,2834,831,770,2982,4395,3789,7230,58,106,256,516,421,1057,563,1704,847,1427,600,547,733,1189,1659,3768,28032,15427,1406,24,5958,0,0,1,1
2021-02-28T23:59:59+01:00,0,1,335,391,714,1269,986,2221,1276,3472,1626,2755,827,760,2980,4391,3788,7228,58,106,256,516,421,1056,563,1704,845,1427,600,546,636,1065,1613,3688,28021,15077,1403,23,5595,0,0,1,1
2021-02-27T23:59:59+01:00,0,1,326,371,700,1244,966,2184,1241,3403,1603,2702,810,745,2977,4391,3787,7228,58,106,256,516,421,1056,562,1704,844,1427,600,546,636,1064,1613,3688,28019,15074,1403,23,5256,0,0,1,1
2021-02-26T23:59:59+01:00,0,1,301,318,652,1179,902,2066,1151,3237,1499,2563,781,722,2548,3786,3370,6462,58,106,253,514,421,1054,560,1702,841,1421,596,544,629,1052,1604,3669,25756,15001,1403,23,4378,0,0,1,1
2021-02-25T23:59:59+01:00,0,1,296,305,639,1147,881,2024,1132,3171,1481,2518,778,719,2502,3713,3340,6418,56,104,249,506,421,1050,555,1692,838,1410,590,539,552,942,1560,3613,25536,14656,1403,21,4125,0,0,1,1
2021-02-24T23:59:59+01:00,0,1,277,295,588,1101,834,1957,1074,3076,1437,2460,761,700,2263,3411,3258,6288,55,100,245,499,415,1032,546,1670,835,1391,583,528,539,922,1549,3591,24554,14485,1403,15,3823,0,0,1,1
2021-02-23T23:59:59+01:00,0,1,264,275,560,1044,797,1880,1006,2927,1365,2358,710,650,2152,3276,3235,6198,55,98,243,493,415,1016,536,1638,828,1369,575,522,524,875,1538,3547,23766,14257,1398,15,3533,0,0,1,1
2021-02-22T23:59:59+01:00,0,1,260,269,548,982,777,1804,981,2833,1329,2298,687,630,2125,3241,3227,6141,55,97,237,487,413,1003,527,1622,824,1344,561,510,507,850,1532,3497,23377,14051,1398,15,3357,0,0,1,1
2021-02-21T23:59:59+01:00,0,1,257,261,539,957,764,1767,973,2785,1299,2272,687,628,2123,3241,3226,6140,55,97,236,487,413,1003,527,1622,824,1343,561,509,507,850,1532,3496,23371,14047,1398,15,3150,0,0,1,1
2021-02-20T23:59:59+01:00,0,1,173,230,468,908,696,1690,903,2696,1214,2173,672,613,1755,2727,2677,5346,55,97,236,487,413,1003,527,1621,824,1343,561,509,507,850,1532,3496,21121,14046,1398,15,2422,0,0,1,1
2021-02-19T23:59:59+01:00,0,1,82,167,357,827,570,1557,770,2547,1078,2021,656,592,1453,2215,2142,4557,55,97,236,487,413,1002,527,1621,824,1342,561,509,500,847,1531,3490,18940,14028,1398,14,1253,0,0,1,1
2021-02-18T23:59:59+01:00,0,1,79,162,345,777,549,1468,737,2407,1045,1954,641,582,1444,2197,2133,4508,52,90,231,465,399,937,512,1541,805,1268,547,495,494,829,1530,3473,18703,13654,1373,14,952,0,0,1,1
2021-02-17T23:59:59+01:00,0,1,78,154,331,754,540,1435,708,2314,1009,1855,635,572,1386,2110,2087,4459,52,87,229,456,391,899,501,1476,786,1186,534,483,492,827,1530,3473,18445,13388,1300,14,682,0,0,1,1
2021-02-16T23:59:59+01:00,0,1,73,148,316,715,512,1362,676,2206,984,1750,625,565,1142,1766,1969,4282,51,78,228,451,385,869,488,1411,760,1119,513,470,490,827,1527,3472,17539,13137,1062,2,490,0,0,1,1
2021-02-15T23:59:59+01:00,0,1,68,132,290,612,477,1221,621,1993,934,1591,616,563,1059,1660,1918,4220,51,78,226,446,381,863,487,1407,757,1112,513,470,489,824,1526,3469,17214,13099,724,0,37,0,0,1,1
2021-02-14T23:59:59+01:00,0,1,67,125,285,587,472,1192,610,1939,920,1569,616,563,962,1537,1873,4164,51,78,226,446,381,863,487,1405,757,1112,513,470,489,824,1526,3469,16890,13097,569,0,22,0,0,1,1
2021-02-13T23:59:59+01:00,0,1,67,124,285,586,471,1188,609,1937,918,1566,615,562,961,1528,1869,4161,51,78,226,445,379,858,486,1400,755,1111,511,468,472,786,1271,3011,16856,12308,569,0,22,0,0,1,1
2021-02-12T23:59:59+01:00,0,1,66,124,284,585,467,1184,609,1934,915,1565,612,561,922,1477,1849,4121,51,78,226,441,376,849,481,1391,749,1105,504,460,454,747,925,2319,16687,11156,569,0,19,0,0,1,1
2021-02-11T23:59:59+01:00,0,1,66,117,281,574,454,1157,603,1908,908,1553,611,560,880,1419,1827,4084,51,75,211,411,362,802,465,1318,734,1073,501,459,454,747,924,2318,16511,10906,486,0,5,0,0,1,0
2021-02-10T23:59:59+01:00,0,1,65,117,277,571,452,1152,599,1892,903,1549,611,560,871,1403,1806,4040,50,65,177,334,308,699,415,1146,655,979,466,447,449,746,924,2317,16409,10178,458,0,1,0,0,1,0
2021-02-09T23:59:59+01:00,0,1,63,115,271,568,449,1139,598,1878,897,1543,610,559,859,1368,1741,3937,42,53,124,256,232,548,334,944,553,825,431,436,445,745,922,2317,16165,9208,430,0,0,0,0,1,0
2021-02-08T23:59:59+01:00,0,1,62,115,268,559,446,1132,597,1863,891,1535,609,557,758,1218,1687,3855,38,43,86,166,169,410,268,706,492,690,423,429,441,742,921,2317,15747,8342,405,0,0,0,0,1,0
2021-02-07T23:59:59+01:00,0,1,59,112,259,536,431,1101,581,1760,856,1456,608,556,655,1091,1640,3772,37,42,82,164,166,403,263,693,487,679,421,428,441,742,921,2316,15377,8286,96,0,0,0,0,1,0
2021-02-06T23:59:59+01:00,0,1,59,112,258,536,431,1101,579,1759,854,1453,605,554,653,1082,1634,3765,34,41,81,161,163,393,259,685,476,671,413,427,405,694,687,1935,15339,7526,96,0,0,0,0,1,0
2021-02-05T23:59:59+01:00,0,1,59,112,256,533,431,1099,578,1758,852,1451,603,554,643,1075,1628,3754,32,39,77,155,158,385,251,666,459,661,407,427,399,669,299,1313,15290,6398,96,0,0,0,0,1,0
2021-02-04T23:59:59+01:00,0,1,57,110,251,526,425,1083,562,1731,848,1437,596,545,560,958,1580,3696,31,36,73,150,152,374,237,645,442,647,402,421,394,662,297,1308,14937,6272,28,0,0,0,0,1,0
2021-02-03T23:59:59+01:00,0,1,56,105,247,519,424,1063,559,1716,846,1422,592,535,550,948,1577,3683,24,28,59,118,119,275,173,505,333,497,300,321,319,521,226,1047,14816,4866,26,0,0,0,0,1,0
2021-02-02T23:59:59+01:00,0,1,56,103,244,513,424,1045,547,1683,838,1398,579,526,539,903,1568,3639,17,21,40,77,83,181,121,341,218,358,211,215,203,327,162,693,14579,3269,26,0,0,0,0,1,0
2021-02-01T23:59:59+01:00,0,1,56,101,240,505,422,1029,539,1662,834,1375,571,520,522,874,1560,3595,7,11,20,40,45,93,64,168,94,161,99,98,85,152,70,307,14379,1514,26,0,0,0,0,1,0
2021-01-31T23:59:59+01:00,0,1,56,101,239,504,420,1025,537,1657,831,1372,571,519,522,874,1560,3594,7,11,18,36,40,79,60,142,81,146,95,98,84,151,68,306,14357,1422,25,0,0,0,0,1,0
2021-01-30T23:59:59+01:00,0,1,56,101,239,504,420,1025,537,1657,831,1372,571,519,522,874,1560,3594,7,11,18,36,40,79,60,142,81,146,95,97,84,151,68,306,14357,1421,25,0,0,0,0,1,0
2021-01-29T23:59:59+01:00,0,1,56,101,239,504,420,1025,537,1657,831,1372,571,519,522,874,1560,3594,7,11,18,36,40,79,60,142,81,146,95,97,84,151,68,306,14357,1421,25,0,0,0,0,1,0
2021-01-28T23:59:59+01:00,0,1,54,93,235,476,408,959,519,1571,809,1290,558,504,516,857,1558,3580,3,2,4,6,11,13,19,34,21,31,16,20,19,33,17,91,13968,340,19,0,0,0,0,1,0
2021-01-27T23:59:59+01:00,0,1,52,89,235,466,400,920,509,1505,789,1207,546,491,514,855,1558,3580,3,2,4,6,9,13,19,33,21,30,16,20,19,33,17,91,13699,336,17,0,0,0,0,1,0
2021-01-26T23:59:59+01:00,0,1,51,83,231,463,393,891,498,1437,764,1140,524,478,512,855,1558,3580,1,2,4,6,9,12,17,29,17,25,14,18,17,31,17,84,13442,303,16,0,0,0,0,1,0
2021-01-25T23:59:59+01:00,0,1,51,83,228,458,390,885,498,1434,762,1135,524,478,512,854,1558,3578,0,0,0,0,0,0,0,0,0,0,1,1,0,2,0,0,13413,4,15,0,0,0,0,1,0
2021-01-24T23:59:59+01:00,0,1,51,83,228,458,390,885,498,1433,762,1135,524,478,512,854,1558,3578,0,0,0,0,0,0,0,0,0,0,1,1,0,2,0,0,13412,4,15,0,0,0,0,1,0
2021-01-23T23:59:59+01:00,0,1,51,83,228,457,389,881,498,1427,761,1133,521,476,495,816,1305,3110,0,0,0,0,0,0,0,0,0,0,1,1,0,2,0,0,12616,4,15,0,0,0,0,1,0
2021-01-22T23:59:59+01:00,0,1,51,83,227,453,385,871,493,1417,756,1125,515,468,478,775,947,2395,0,0,0,0,0,0,0,0,0,0,1,1,0,2,0,0,11425,4,15,0,0,0,0,0,0
2021-01-21T23:59:59+01:00,0,1,51,80,209,420,358,815,466,1318,730,1091,511,468,478,775,946,2394,0,0,0,0,0,0,0,0,0,0,1,1,0,2,0,0,11096,4,15,0,0,0,0,0,0
2021-01-20T23:59:59+01:00,0,1,49,70,181,349,317,730,424,1164,660,1000,475,457,473,775,946,2393,0,0,0,0,0,0,0,0,0,0,1,1,0,2,0,0,10449,4,15,0,0,0,0,0,0
2021-01-19T23:59:59+01:00,0,1,43,57,135,272,244,571,347,982,570,860,440,445,469,773,946,2393,0,0,0,0,0,0,0,0,0,0,1,0,0,2,0,0,9541,3,7,0,0,0,0,0,0
2021-01-18T23:59:59+01:00,0,1,39,44,86,173,175,421,278,719,499,703,431,438,466,768,944,2393,0,0,0,0,0,0,0,0,0,0,0,0,0,1,0,0,8578,1,0,0,0,0,0,0,0
2021-01-17T23:59:59+01:00,0,1,37,43,83,169,171,413,274,708,494,690,429,438,466,768,944,2392,0,0,0,0,0,0,0,0,0,0,0,0,0,0,0,0,8520,0,0,0,0,0,0,0,0
2021-01-16T23:59:59+01:00,0,1,34,42,81,167,167,404,267,701,479,682,421,437,427,721,704,2007,0,0,0,0,0,0,0,0,0,0,0,0,0,0,0,0,7742,0,0,0,0,0,0,0,0
2021-01-15T23:59:59+01:00,0,1,32,40,78,160,164,398,260,684,465,674,415,436,422,697,310,1376,0,0,0,0,0,0,0,0,0,0,0,0,0,0,0,0,6612,0,0,0,0,0,0,0,0
2021-01-14T23:59:59+01:00,0,1,32,38,77,156,159,393,252,675,454,666,412,434,422,696,310,1376,0,0,0,0,0,0,0,0,0,0,0,0,0,0,0,0,6553,0,0,0,0,0,0,0,0
2021-01-13T23:59:59+01:00,0,0,24,31,61,123,124,298,192,541,346,523,315,333,348,551,239,1107,0,0,0,0,0,0,0,0,0,0,0,0,0,0,0,0,5156,0,0,0,0,0,0,0,0
2021-01-12T23:59:59+01:00,0,0,17,24,45,85,89,210,139,391,236,387,225,227,227,355,173,750,0,0,0,0,0,0,0,0,0,0,0,0,0,0,0,0,3580,0,0,0,0,0,0,0,0
2021-01-11T23:59:59+01:00,0,0,9,15,26,44,59,134,88,220,124,205,112,107,99,172,80,333,0,0,0,0,0,0,0,0,0,0,0,0,0,0,0,0,1827,0,0,0,0,0,0,0,0
2021-01-10T23:59:59+01:00,0,0,8,15,22,41,52,106,80,179,105,172,106,104,95,170,77,333,0,0,0,0,0,0,0,0,0,0,0,0,0,0,0,0,1665,0,0,0,0,0,0,0,0
2021-01-09T23:59:59+01:00,0,0,8,15,22,41,52,106,80,179,105,172,106,103,95,170,77,333,0,0,0,0,0,0,0,0,0,0,0,0,0,0,0,0,1664,0,0,0,0,0,0,0,0
2021-01-08T23:59:59+01:00,0,0,8,14,21,40,50,100,75,168,99,169,103,99,90,161,75,325,0,0,0,0,0,0,0,0,0,0,0,0,0,0,0,0,1597,0,0,0,0,0,0,0,0
2021-01-07T23:59:59+01:00,0,0,3,3,4,7,11,14,20,34,23,34,17,20,20,34,19,95,0,0,0,0,0,0,0,0,0,0,0,0,0,0,0,0,358,0,0,0,0,0,0,0,0
2021-01-06T23:59:59+01:00,0,0,3,2,4,6,9,13,20,33,21,31,17,20,20,34,19,94,0,0,0,0,0,0,0,0,0,0,0,0,0,0,0,0,346,0,0,0,0,0,0,0,0
2021-01-05T23:59:59+01:00,0,0,3,2,4,6,9,13,20,33,21,31,17,20,20,34,19,94,0,0,0,0,0,0,0,0,0,0,0,0,0,0,0,0,346,0,0,0,0,0,0,0,0
2021-01-04T23:59:59+01:00,0,0,0,0,0,0,0,0,1,0,0,0,1,1,0,2,0,0,0,0,0,0,0,0,0,0,0,0,0,0,0,0,0,0,5,0,0,0,0,0,0,0,0
2021-01-03T23:59:59+01:00,0,0,0,0,0,0,0,0,1,0,0,0,1,1,0,2,0,0,0,0,0,0,0,0,0,0,0,0,0,0,0,0,0,0,5,0,0,0,0,0,0,0,0
2021-01-02T23:59:59+01:00,0,0,0,0,0,0,0,0,1,0,0,0,1,1,0,2,0,0,0,0,0,0,0,0,0,0,0,0,0,0,0,0,0,0,5,0,0,0,0,0,0,0,0
2021-01-01T23:59:59+01:00,0,0,0,0,0,0,0,0,1,0,0,0,1,1,0,2,0,0,0,0,0,0,0,0,0,0,0,0,0,0,0,0,0,0,5,0,0,0,0,0,0,0,0
2020-12-31T23:59:59+01:00,0,0,0,0,0,0,0,0,1,0,0,0,1,1,0,2,0,0,0,0,0,0,0,0,0,0,0,0,0,0,0,0,0,0,5,0,0,0,0,0,0,0,0
2020-12-30T23:59:59+01:00,0,0,0,0,0,0,0,0,1,0,0,0,1,1,0,2,0,0,0,0,0,0,0,0,0,0,0,0,0,0,0,0,0,0,5,0,0,0,0,0,0,0,0
2020-12-29T23:59:59+01:00,0,0,0,0,0,0,0,0,1,0,0,0,1,0,0,2,0,0,0,0,0,0,0,0,0,0,0,0,0,0,0,0,0,0,4,0,0,0,0,0,0,0,0
2020-12-28T23:59:59+01:00,0,0,0,0,0,0,0,0,0,0,0,0,1,0,0,1,0,0,0,0,0,0,0,0,0,0,0,0,0,0,0,0,0,0,2,0,0,0,0,0,0,0,0
2020-12-27T23:59:59+01:00,0,0,0,0,0,0,0,0,0,0,0,0,0,0,0,0,0,0,0,0,0,0,0,0,0,0,0,0,0,0,0,0,0,0,0,0,0,0,0,0,0,0,0
