Datum,<15_1_m,<15_1_w,15-24_1_m,15-24_1_w,25-34_1_m,25-34_1_w,35-44_1_m,35-44_1_w,45-54_1_m,45-54_1_w,55-64_1_m,55-64_1_w,65-74_1_m,65-74_1_w,75-84_1_m,75-84_1_w,>84_1_m,>84_1_w,<15_2_m,<15_2_w,15-24_2_m,15-24_2_w,25-34_2_m,25-34_2_w,35-44_2_m,35-44_2_w,45-54_2_m,45-54_2_w,55-64_2_m,55-64_2_w,65-74_2_m,65-74_2_w,75-84_2_m,75-84_2_w,>84_2_m,>84_2_w,bp_1,bp_2,mo_1,mo_2,az_1,az_2,ja,unb_1,unb_2
2021-11-28T23:59:59+01:00,3379,3134,18958,17512,21643,19953,24107,24022,30342,31061,36230,36884,26574,29581,17938,22935,5426,10324,2241,2021,15628,14673,18711,17187,21627,21416,27848,28561,34084,34750,25683,28512,17389,22204,5240,9876,281359,252625,33274,31384,46646,44936,18671,85,35
2021-11-27T23:59:59+01:00,3324,3093,18926,17481,21605,19916,24074,23996,30316,31044,36213,36862,26571,29571,17935,22931,5426,10323,2206,1997,15479,14538,18595,17077,21519,21354,27749,28503,34037,34701,25671,28504,17385,22200,5239,9876,280964,251604,33273,31384,46646,44936,18671,85,35
2021-11-26T23:59:59+01:00,3275,3056,18843,17424,21536,19855,24036,23936,30272,31016,36179,36825,26554,29548,17928,22918,5425,10316,2168,1965,15282,14363,18437,16975,21387,21252,27638,28404,33967,34634,25651,28484,17380,22193,5238,9873,280313,250291,33260,31359,46646,44936,18670,85,35
2021-11-25T23:59:59+01:00,3203,2996,18785,17366,21479,19789,23997,23890,30223,30963,36136,36765,26527,29517,17911,22899,5424,10305,2136,1941,15206,14298,18347,16895,21320,21185,27559,28342,33914,34572,25636,28467,17376,22177,5234,9868,279583,249536,33233,31306,46646,44936,18660,85,35
2021-11-24T23:59:59+01:00,3162,2952,18739,17315,21432,19738,23954,23842,30190,30918,36076,36714,26501,29479,17897,22874,5420,10296,2115,1924,15125,14225,18264,16823,21244,21116,27494,28281,33863,34524,25619,28441,17363,22158,5231,9862,278927,248790,33226,31264,46646,44936,18647,85,35
2021-11-23T23:59:59+01:00,3118,2910,18681,17282,21387,19674,23914,23802,30145,30873,36038,36678,26484,29449,17888,22847,5418,10287,2103,1913,15062,14161,18205,16763,21193,21071,27436,28234,33823,34477,25608,28420,17355,22141,5231,9853,278317,248211,33220,31228,46646,44936,18639,85,35
2021-11-22T23:59:59+01:00,3082,2874,18641,17240,21340,19626,23877,23759,30113,30834,36000,36631,26456,29413,17879,22837,5416,10276,2098,1902,15029,14133,18165,16733,21154,21046,27400,28207,33797,34448,25597,28410,17347,22131,5231,9848,277758,247871,33217,31216,46645,44933,18621,85,35
2021-11-21T23:59:59+01:00,3055,2858,18598,17203,21300,19592,23841,23735,30082,30809,35964,36599,26445,29393,17874,22827,5413,10271,2096,1900,15010,14128,18149,16714,21145,21035,27386,28187,33782,34436,25589,28401,17345,22121,5230,9845,277336,247709,33217,31216,46644,44930,18609,85,35
2021-11-20T23:59:59+01:00,3020,2825,18496,17129,21218,19508,23746,23664,30016,30768,35935,36562,26428,29371,17869,22823,5412,10268,2094,1892,14978,14105,18095,16689,21123,21013,27365,28162,33760,34422,25578,28394,17343,22116,5230,9844,276536,247415,33216,31215,46644,44929,18609,85,35
2021-11-19T23:59:59+01:00,2949,2775,18336,16979,21093,19390,23638,23549,29909,30669,35862,36484,26402,29340,17858,22804,5411,10261,2069,1862,14831,14007,17980,16593,21032,20938,27252,28086,33693,34367,25565,28377,17332,22108,5230,9842,275225,246420,33184,31177,46644,44929,18603,85,35
2021-11-18T23:59:59+01:00,2900,2729,18221,16889,20960,19277,23557,23465,29834,30587,35785,36406,26374,29300,17838,22780,5405,10257,2052,1843,14765,13952,17912,16544,20975,20890,27207,28029,33633,34324,25550,28355,17323,22090,5227,9837,274177,245869,33142,31127,46644,44929,18548,85,35
2021-11-17T23:59:59+01:00,2851,2677,18110,16789,20860,19164,23460,23358,29754,30509,35723,36330,26326,29251,17821,22750,5399,10248,2036,1829,14715,13908,17868,16492,20931,20854,27162,27990,33591,34292,25529,28329,17315,22070,5224,9820,273040,245363,33122,31104,46641,44929,18524,85,35
2021-11-16T23:59:59+01:00,2809,2650,17986,16687,20742,19048,23344,23264,29670,30436,35653,36264,26294,29206,17800,22715,5396,10243,2020,1818,14679,13863,17828,16450,20890,20822,27135,27939,33549,34250,25512,28321,17305,22058,5223,9811,271903,244921,33100,31078,46641,44929,18510,85,35
2021-11-15T23:59:59+01:00,2787,2619,17902,16613,20651,18971,23282,23196,29605,30358,35599,36211,26276,29180,17787,22706,5395,10235,2011,1810,14631,13842,17796,16429,20874,20790,27105,27900,33531,34224,25501,28301,17298,22045,5214,9783,271096,244565,33094,31064,46638,44929,18492,85,35
2021-11-14T23:59:59+01:00,2768,2587,17854,16588,20600,18922,23240,23153,29570,30318,35576,36171,26264,29165,17783,22698,5392,10230,2006,1805,14608,13825,17771,16412,20856,20776,27084,27870,33509,34209,25491,28295,17292,22042,5211,9779,270647,244364,33092,31064,46636,44928,18450,85,35
2021-11-13T23:59:59+01:00,2718,2534,17639,16445,20408,18783,23126,23045,29452,30232,35501,36099,26251,29148,17775,22687,5390,10228,2001,1798,14575,13810,17743,16386,20827,20753,27060,27854,33485,34186,25483,28287,17288,22037,5211,9779,269232,244088,33091,31064,46636,44928,18448,85,35
2021-11-12T23:59:59+01:00,2658,2467,17357,16210,20187,18589,22963,22902,29289,30080,35378,35996,26226,29119,17760,22661,5384,10223,1993,1779,14492,13747,17651,16312,20745,20709,26986,27788,33447,34141,25478,28271,17287,22027,5211,9776,267291,243415,33039,31033,46635,44927,18430,85,35
2021-11-11T23:59:59+01:00,2596,2411,17162,16048,20026,18452,22815,22757,29153,29965,35305,35902,26188,29080,17742,22644,5381,10214,1978,1758,14415,13688,17583,16248,20675,20644,26922,27732,33394,34100,25460,28245,17282,22015,5207,9773,265838,242844,32961,30961,46635,44926,18353,85,35
2021-11-10T23:59:59+01:00,2547,2375,17031,15929,19879,18337,22711,22654,29052,29882,35235,35829,26162,29047,17733,22625,5377,10202,1969,1745,14379,13633,17537,16208,20630,20592,26872,27678,33355,34063,25433,28216,17266,22006,5207,9770,264672,242348,32928,30931,46634,44926,18319,85,35
2021-11-09T23:59:59+01:00,2528,2345,16917,15813,19773,18235,22600,22556,28974,29810,35167,35765,26140,29020,17719,22610,5375,10196,1962,1731,14353,13597,17512,16184,20604,20567,26840,27645,33320,34034,25421,28201,17258,21997,5207,9764,263646,242038,32905,30894,46634,44926,18304,85,35
2021-11-08T23:59:59+01:00,2423,2225,16685,15623,19648,18124,22494,22465,28880,29730,35090,35705,26115,29000,17706,22596,5373,10191,1951,1725,14305,13551,17485,16148,20580,20531,26810,27614,33293,34001,25409,28182,17256,21989,5203,9762,262218,241695,32904,30871,46628,44925,18269,85,35
2021-11-07T23:59:59+01:00,2409,2209,16638,15587,19590,18075,22448,22427,28838,29703,35052,35675,26106,28991,17699,22590,5373,10189,1940,1719,14287,13524,17466,16121,20561,20511,26799,27595,33272,33985,25400,28172,17249,21982,5202,9759,261783,241478,32902,30871,46625,44925,18235,85,35
2021-11-06T23:59:59+01:00,2371,2168,16422,15402,19420,17935,22316,22328,28718,29614,34987,35620,26092,28979,17694,22586,5372,10188,1935,1717,14262,13507,17442,16103,20549,20497,26785,27584,33266,33971,25396,28168,17247,21980,5202,9758,260398,241303,32900,30871,46625,44925,18235,85,35
2021-11-05T23:59:59+01:00,2298,2100,16109,15117,19180,17708,22106,22149,28553,29464,34880,35539,26076,28959,17687,22575,5372,10186,1918,1705,14181,13428,17384,16051,20495,20451,26743,27549,33244,33952,25390,28159,17242,21969,5202,9755,258402,240890,32839,30830,46625,44925,18138,85,35
2021-11-04T23:59:59+01:00,2262,2069,15961,14975,19032,17574,22000,22034,28445,29355,34800,35490,26063,28935,17684,22566,5371,10185,1898,1685,14121,13368,17324,15984,20445,20384,26699,27491,33200,33911,25377,28141,17229,21957,5202,9746,257374,240465,32793,30781,46620,44921,17960,85,35
2021-11-03T23:59:59+01:00,2244,2045,15840,14875,18933,17497,21902,21950,28361,29293,34743,35460,26043,28913,17677,22555,5369,10182,1880,1671,14085,13328,17286,15937,20408,20353,26663,27450,33159,33881,25362,28121,17220,21940,5201,9737,256498,240034,32787,30768,46619,44921,17924,85,35
2021-11-02T23:59:59+01:00,2235,2032,15769,14806,18847,17425,21827,21893,28295,29251,34707,35426,26031,28897,17672,22553,5368,10179,1860,1659,14041,13286,17239,15908,20372,20318,26634,27425,33126,33848,25352,28106,17215,21930,5199,9731,255892,239651,32758,30753,46619,44920,17890,85,35
2021-11-01T23:59:59+01:00,2228,2019,15711,14765,18782,17392,21783,21864,28258,29230,34687,35409,26025,28896,17670,22550,5368,10178,1848,1652,14003,13263,17217,15881,20351,20304,26613,27407,33114,33841,25344,28102,17212,21921,5198,9729,255519,239434,32758,30745,46617,44919,17867,85,35
2021-10-31T23:59:59+01:00,2228,2019,15711,14765,18782,17392,21783,21864,28257,29230,34687,35409,26025,28896,17670,22550,5368,10178,1848,1652,14003,13263,17217,15880,20351,20304,26612,27407,33114,33841,25344,28102,17212,21921,5198,9729,255519,239433,32758,30745,46617,44919,17866,85,35
2021-10-30T23:59:59+02:00,2226,2016,15708,14765,18782,17392,21781,21863,28256,29230,34687,35408,26025,28895,17670,22550,5368,10178,1846,1651,14002,13263,17217,15880,20351,20304,26612,27407,33113,33841,25344,28102,17212,21921,5198,9729,255506,239428,32757,30745,46617,44919,17866,85,35
2021-10-29T23:59:59+02:00,2202,1985,15576,14662,18636,17281,21659,21776,28137,29159,34620,35368,26014,28887,17665,22548,5368,10176,1833,1638,13937,13228,17166,15833,20302,20282,26575,27382,33094,33821,25341,28098,17210,21917,5198,9726,254594,239173,32708,30708,46617,44919,17746,85,35
2021-10-28T23:59:59+02:00,2179,1956,15437,14563,18452,17165,21538,21688,28039,29086,34558,35320,26001,28875,17661,22541,5368,10174,1819,1622,13858,13154,17071,15767,20241,20227,26527,27339,33055,33795,25319,28079,17203,21908,5194,9722,253751,238777,32623,30615,46616,44916,17557,85,35
2021-10-27T23:59:59+02:00,2154,1943,15376,14504,18404,17116,21481,21660,28005,29055,34531,35300,25996,28859,17654,22538,5368,10173,1807,1608,13826,13120,17050,15747,20226,20209,26508,27304,33032,33775,25301,28058,17195,21892,5190,9720,253301,238480,32620,30611,46616,44916,17526,85,35
2021-10-26T23:59:59+02:00,2141,1919,15334,14472,18366,17080,21451,21643,27987,29035,34512,35290,25989,28855,17651,22536,5368,10173,1798,1601,13801,13082,17025,15720,20204,20188,26491,27286,33010,33762,25291,28040,17185,21873,5186,9703,252998,238173,32614,30602,46616,44916,17520,85,35
2021-10-25T23:59:59+02:00,2134,1914,15301,14454,18344,17063,21436,21634,27974,29029,34508,35285,25989,28853,17651,22536,5368,10173,1797,1601,13797,13078,17022,15718,20204,20185,26490,27285,33007,33760,25291,28040,17185,21872,5186,9703,252846,238152,32610,30598,46616,44916,17520,85,35
2021-10-24T23:59:59+02:00,2124,1908,15286,14447,18329,17053,21424,21626,27962,29016,34500,35278,25988,28848,17649,22536,5368,10173,1791,1595,13784,13059,17015,15705,20197,20176,26480,27279,33002,33752,25287,28035,17183,21871,5185,9702,252723,238036,32610,30598,46615,44916,17513,85,35
2021-10-23T23:59:59+02:00,2124,1908,15286,14447,18328,17053,21424,21625,27962,29016,34500,35278,25988,28848,17649,22536,5368,10173,1791,1595,13784,13059,17015,15705,20197,20176,26480,27279,33001,33752,25287,28035,17183,21871,5185,9702,252721,238035,32610,30598,46615,44916,17513,85,35
2021-10-22T23:59:59+02:00,2109,1891,15219,14401,18236,16993,21357,21576,27908,28969,34469,35262,25988,28844,17648,22533,5367,10172,1774,1574,13731,12995,16970,15670,20166,20152,26460,27261,32981,33735,25279,28033,17183,21868,5185,9701,252248,237715,32550,30577,46615,44916,17475,85,35
2021-10-21T23:59:59+02:00,2079,1859,15099,14317,18116,16902,21266,21516,27835,28906,34404,35223,25974,28824,17642,22523,5366,10168,1747,1557,13652,12914,16902,15620,20108,20108,26405,27215,32933,33700,25262,28014,17172,21845,5184,9696,251490,237243,32495,30476,46615,44916,17364,85,35
2021-10-20T23:59:59+02:00,2066,1848,15053,14283,18066,16865,21218,21476,27804,28880,34376,35205,25967,28811,17634,22512,5365,10163,1725,1544,13623,12881,16869,15584,20078,20077,26374,27185,32910,33667,25242,28002,17161,21835,5184,9691,251089,236866,32481,30464,46615,44916,17351,85,35
2021-10-19T23:59:59+02:00,2057,1841,15033,14253,18044,16844,21202,21461,27791,28863,34358,35193,25955,28802,17632,22509,5365,10163,1711,1526,13603,12843,16832,15547,20048,20053,26350,27161,32879,33645,25225,27985,17155,21821,5180,9685,250877,236498,32481,30463,46615,44916,17337,85,35
2021-10-18T23:59:59+02:00,2052,1834,15011,14235,18027,16824,21177,21436,27777,28851,34345,35179,25953,28796,17630,22506,5362,10162,1697,1514,13576,12812,16817,15520,20027,20028,26332,27136,32864,33625,25213,27976,17151,21813,5177,9683,250692,236237,32470,30451,46615,44914,17324,85,35
2021-10-17T23:59:59+02:00,2048,1832,14986,14225,18024,16818,21173,21430,27771,28842,34342,35174,25948,28793,17628,22506,5361,10158,1695,1508,13549,12791,16797,15504,20013,20011,26316,27124,32854,33614,25204,27968,17147,21810,5172,9674,250604,236042,32469,30450,46615,44909,17315,85,35
2021-10-16T23:59:59+02:00,2048,1831,14986,14222,18024,16818,21172,21430,27771,28842,34342,35174,25948,28793,17628,22506,5361,10158,1695,1508,13549,12791,16797,15504,20013,20011,26316,27124,32854,33614,25204,27968,17147,21810,5172,9674,250599,236042,32469,30450,46615,44909,17315,85,35
2021-10-15T23:59:59+02:00,2043,1816,14957,14189,18004,16795,21148,21416,27756,28832,34327,35168,25948,28790,17627,22502,5361,10156,1678,1486,13479,12736,16763,15471,19976,19985,26294,27099,32843,33598,25201,27965,17142,21807,5171,9673,250432,235720,32444,30415,46615,44909,17288,85,35
2021-10-14T23:59:59+02:00,2015,1799,14862,14122,17943,16741,21110,21383,27719,28801,34298,35146,25940,28782,17623,22494,5360,10150,1651,1457,13380,12640,16698,15408,19930,19915,26236,27047,32800,33562,25183,27942,17128,21788,5169,9670,250022,235188,32388,30265,46615,44909,17207,85,35
2021-10-13T23:59:59+02:00,2000,1790,14830,14079,17918,16713,21094,21365,27695,28785,34277,35133,25933,28772,17615,22486,5359,10147,1636,1445,13335,12599,16668,15373,19892,19869,26208,27021,32771,33521,25163,27921,17119,21763,5164,9664,249744,234737,32386,30261,46615,44909,17190,85,35
2021-10-12T23:59:59+02:00,1991,1785,14798,14047,17899,16687,21068,21343,27676,28764,34258,35116,25928,28766,17613,22478,5358,10145,1622,1437,13294,12552,16644,15328,19858,19834,26183,26994,32743,33498,25145,27897,17108,21741,5154,9633,249483,234280,32384,30259,46615,44909,17182,85,35
2021-10-11T23:59:59+02:00,1985,1777,14775,14034,17885,16670,21054,21331,27664,28754,34249,35102,25924,28759,17609,22473,5358,10141,1618,1426,13260,12520,16627,15300,19839,19808,26164,26967,32718,33469,25127,27876,17101,21729,5153,9623,249323,233955,32384,30259,46614,44909,17167,85,35
2021-10-10T23:59:59+02:00,1972,1764,14757,14016,17867,16655,21045,21317,27658,28749,34239,35095,25924,28755,17608,22470,5356,10141,1598,1416,13232,12494,16600,15271,19819,19788,26148,26948,32705,33454,25119,27866,17096,21726,5151,9620,249181,233699,32384,30259,46614,44905,17153,85,35
2021-10-09T23:59:59+02:00,1972,1764,14757,14016,17866,16654,21044,21317,27658,28749,34238,35094,25924,28753,17608,22470,5356,10141,1598,1416,13232,12494,16599,15271,19818,19788,26148,26947,32704,33452,25119,27864,17096,21726,5151,9620,249180,233698,32384,30258,46614,44905,17147,85,35
2021-10-08T23:59:59+02:00,1955,1749,14720,13994,17838,16629,21021,21302,27639,28735,34223,35079,25919,28752,17608,22468,5355,10139,1575,1377,13155,12406,16543,15220,19765,19748,26119,26914,32683,33431,25108,27853,17091,21721,5149,9619,248984,233191,32366,30241,46614,44905,17105,85,35
2021-10-07T23:59:59+02:00,1933,1729,14651,13921,17770,16576,20976,21241,27591,28707,34173,35049,25895,28730,17600,22456,5354,10135,1535,1344,13059,12332,16479,15149,19716,19699,26045,26861,32634,33388,25083,27831,17073,21702,5142,9603,248525,232671,32309,30081,46613,44904,16984,85,35
2021-10-06T23:59:59+02:00,1925,1711,14615,13885,17746,16548,20957,21217,27562,28676,34140,35028,25881,28717,17597,22451,5351,10132,1518,1331,13032,12291,16454,15121,19691,19673,26017,26834,32611,33358,25071,27818,17063,21690,5140,9597,248223,232354,32309,30081,46613,44904,16936,85,35
2021-10-05T23:59:59+02:00,1918,1699,14591,13847,17713,16532,20936,21196,27540,28649,34120,35001,25864,28701,17588,22440,5351,10129,1501,1316,12999,12259,16428,15103,19670,19650,25996,26807,32589,33340,25063,27809,17056,21683,5136,9592,247922,232063,32308,30081,46612,44903,16915,85,35
2021-10-04T23:59:59+02:00,1906,1694,14542,13808,17681,16504,20914,21175,27516,28625,34104,34982,25857,28684,17585,22435,5350,10126,1479,1300,12962,12222,16408,15073,19656,19626,25971,26779,32571,33312,25052,27799,17050,21676,5134,9588,247670,231776,32281,30078,46611,44902,16867,85,35
2021-10-03T23:59:59+02:00,1894,1688,14524,13779,17663,16486,20902,21165,27505,28613,34094,34973,25848,28679,17578,22427,5349,10124,1468,1290,12940,12204,16384,15055,19645,19615,25961,26766,32560,33299,25041,27788,17050,21668,5134,9588,247531,231625,32271,30074,46608,44901,16821,85,35
2021-10-02T23:59:59+02:00,1893,1688,14522,13778,17662,16485,20902,21164,27505,28613,34093,34973,25848,28678,17578,22427,5349,10124,1468,1290,12940,12203,16384,15055,19645,19615,25961,26766,32560,33299,25041,27788,17050,21668,5134,9588,247522,231624,32271,30074,46608,44901,16821,85,35
2021-10-01T23:59:59+02:00,1880,1669,14458,13714,17600,16433,20859,21122,27469,28593,34068,34954,25840,28674,17578,22421,5349,10121,1433,1253,12837,12100,16302,14998,19586,19566,25925,26731,32529,33271,25026,27773,17046,21660,5133,9586,247191,231051,32239,30064,46608,44901,16704,85,35
2021-09-30T23:59:59+02:00,1867,1649,14360,13628,17536,16375,20797,21070,27413,28535,34011,34928,25818,28657,17569,22411,5347,10118,1409,1229,12731,12025,16229,14950,19535,19513,25871,26673,32475,33243,25005,27751,17040,21648,5130,9585,246823,230741,32111,29884,46605,44892,16490,85,35
2021-09-29T23:59:59+02:00,1852,1629,14335,13603,17513,16333,20760,21040,27386,28502,33986,34905,25799,28641,17563,22401,5347,10117,1391,1216,12699,11992,16209,14922,19521,19494,25855,26655,32456,33220,24990,27738,17030,21635,5127,9581,246476,230460,32110,29884,46605,44891,16461,85,35
2021-09-28T23:59:59+02:00,1835,1620,14304,13571,17484,16299,20733,21004,27354,28479,33959,34881,25785,28621,17553,22391,5344,10111,1366,1209,12659,11961,16188,14894,19505,19468,25835,26644,32443,33199,24984,27727,17027,21629,5125,9580,246120,230200,32109,29884,46605,44890,16434,85,35
2021-09-27T23:59:59+02:00,1827,1615,14275,13545,17463,16276,20706,20981,27332,28459,33940,34859,25777,28608,17551,22383,5344,10108,1352,1198,12620,11927,16166,14872,19477,19451,25815,26621,32434,33179,24976,27714,17021,21622,5123,9579,245897,229966,32109,29884,46605,44884,16378,85,35
2021-09-26T23:59:59+02:00,1823,1610,14259,13525,17443,16259,20695,20966,27316,28444,33932,34846,25766,28603,17547,22382,5343,10107,1345,1194,12604,11907,16151,14855,19464,19439,25806,26610,32423,33168,24970,27712,17018,21618,5122,9578,245745,229835,32109,29883,46605,44884,16347,85,35
2021-09-25T23:59:59+02:00,1820,1608,14246,13509,17421,16247,20674,20955,27297,28428,33919,34838,25759,28598,17542,22379,5342,10105,1343,1192,12593,11893,16132,14844,19444,19427,25791,26593,32411,33160,24964,27707,17013,21615,5122,9576,245702,229808,32109,29883,46605,44884,16210,85,35
2021-09-24T23:59:59+02:00,1802,1584,14164,13428,17352,16198,20619,20905,27258,28384,33879,34807,25741,28587,17532,22369,5340,10101,1314,1173,12496,11789,16049,14775,19390,19366,25744,26557,32363,33130,24941,27686,17004,21603,5120,9572,245308,229289,32090,29878,46605,44884,15986,85,35
2021-09-23T23:59:59+02:00,1780,1564,14060,13329,17259,16112,20528,20828,27176,28324,33829,34747,25715,28564,17520,22350,5336,10094,1301,1164,12407,11714,15979,14708,19316,19316,25684,26500,32317,33094,24921,27667,16998,21592,5117,9566,244814,228956,31989,29840,46604,44883,15647,85,35
2021-09-22T23:59:59+02:00,1761,1551,14023,13280,17209,16070,20475,20781,27137,28277,33778,34696,25685,28537,17512,22328,5332,10090,1284,1155,12365,11668,15933,14675,19286,19287,25655,26472,32267,33059,24893,27642,16992,21578,5114,9557,244391,228634,31964,29831,46604,44881,15501,85,35
2021-09-21T23:59:59+02:00,1748,1536,13961,13226,17187,16020,20442,20742,27106,28236,33742,34675,25672,28519,17500,22304,5324,10062,1259,1132,12318,11608,15903,14647,19253,19248,25628,26444,32242,33032,24872,27625,16989,21569,5112,9546,243897,228253,31960,29781,46604,44879,15479,85,35
2021-09-20T23:59:59+02:00,1738,1529,13910,13187,17150,15979,20401,20709,27064,28198,33707,34640,25652,28492,17492,22287,5313,10035,1240,1128,12262,11572,15870,14624,19224,19221,25599,26420,32220,33008,24858,27612,16987,21561,5107,9532,243455,227948,31960,29781,46604,44879,15402,85,35
2021-09-19T23:59:59+02:00,1733,1520,13885,13161,17119,15957,20375,20690,27043,28169,33694,34626,25644,28483,17489,22284,5312,10033,1236,1117,12238,11551,15848,14604,19211,19202,25586,26408,32210,32997,24851,27607,16981,21555,5106,9532,243226,227781,31958,29780,46604,44877,15367,85,35
2021-09-18T23:59:59+02:00,1730,1516,13873,13149,17108,15950,20365,20683,27036,28165,33688,34622,25644,28483,17489,22283,5312,10033,1236,1115,12231,11543,15838,14599,19201,19199,25579,26404,32205,32995,24851,27607,16981,21555,5106,9532,243189,227761,31945,29775,46604,44877,15329,85,35
2021-09-17T23:59:59+02:00,1707,1482,13772,13035,17000,15874,20284,20612,26965,28105,33635,34578,25621,28460,17477,22272,5311,10030,1219,1098,12146,11466,15737,14522,19113,19127,25509,26335,32142,32952,24832,27587,16971,21537,5105,9528,242724,227320,31898,29763,46604,44876,14932,85,35
2021-09-16T23:59:59+02:00,1680,1444,13673,12925,16912,15778,20191,20522,26864,28019,33558,34512,25589,28427,17463,22248,5304,10009,1195,1072,12056,11387,15667,14458,19031,19048,25421,26254,32081,32897,24790,27549,16961,21524,5102,9517,242106,226852,31801,29704,46604,44874,14545,85,35
2021-09-15T23:59:59+02:00,1662,1435,13613,12872,16860,15716,20145,20471,26808,27968,33506,34456,25563,28395,17448,22219,5297,9986,1175,1056,11996,11326,15611,14407,18979,18997,25360,26204,32023,32841,24758,27516,16945,21505,5098,9506,241686,226416,31780,29688,46600,44872,14292,85,35
2021-09-14T23:59:59+02:00,1646,1424,13550,12804,16787,15664,20085,20424,26758,27911,33456,34405,25540,28376,17435,22208,5293,9981,1147,1034,11934,11264,15538,14347,18924,18952,25312,26150,31966,32789,24727,27493,16931,21489,5098,9501,241284,226022,31728,29594,46600,44872,14073,85,35
2021-09-13T23:59:59+02:00,1624,1408,13511,12767,16759,15637,20066,20399,26736,27886,33434,34381,25529,28368,17430,22197,5293,9978,1130,1019,11891,11230,15504,14325,18900,18922,25288,26122,31940,32767,24716,27482,16918,21480,5095,9500,241000,225714,31727,29592,46595,44870,14018,85,35
2021-09-12T23:59:59+02:00,1613,1405,13478,12744,16717,15621,20052,20388,26725,27867,33428,34369,25523,28361,17429,22193,5293,9975,1118,1013,11847,11210,15458,14307,18876,18901,25272,26109,31926,32753,24708,27473,16915,21476,5094,9497,240840,225499,31727,29592,46593,44869,13958,85,35
2021-09-11T23:59:59+02:00,1602,1404,13462,12732,16703,15612,20042,20385,26713,27861,33424,34365,25519,28360,17428,22192,5291,9975,1039,951,11780,11159,15442,14299,18868,18890,25259,26098,31918,32740,24706,27471,16914,21475,5094,9497,240775,225175,31706,29590,46593,44869,13931,85,35
2021-09-10T23:59:59+02:00,1563,1358,13313,12605,16631,15535,19935,20300,26631,27797,33362,34311,25479,28330,17413,22169,5285,9970,1012,926,11659,11056,15357,14216,18759,18806,25166,26041,31844,32683,24664,27441,16898,21455,5089,9492,240177,224619,31688,29579,46593,44869,13462,85,35
2021-09-09T23:59:59+02:00,1540,1337,13243,12540,16577,15485,19882,20261,26578,27730,33320,34271,25451,28312,17408,22156,5281,9963,992,902,11595,10983,15305,14164,18705,18775,25110,26000,31796,32649,24642,27426,16885,21445,5086,9481,239806,224243,31613,29539,46593,44869,13255,85,35
2021-09-08T23:59:59+02:00,1525,1320,13214,12516,16561,15461,19862,20248,26562,27718,33307,34260,25439,28304,17402,22150,5278,9960,980,886,11551,10939,15280,14146,18693,18758,25092,25976,31773,32638,24628,27411,16883,21439,5086,9479,239586,223965,31613,29539,46589,44868,13231,85,35
2021-09-07T23:59:59+02:00,1492,1302,13156,12469,16521,15429,19839,20219,26525,27697,33273,34230,25414,28286,17396,22135,5273,9954,962,877,11492,10874,15226,14093,18656,18725,25045,25931,31721,32611,24600,27388,16875,21422,5081,9477,239352,223657,31529,29424,46589,44868,13072,85,35
2021-09-06T23:59:59+02:00,1477,1294,13126,12435,16500,15406,19820,20199,26508,27682,33262,34221,25412,28274,17393,22131,5270,9954,949,867,11470,10842,15208,14061,18634,18710,25029,25911,31699,32596,24590,27376,16874,21414,5078,9477,239135,223427,31529,29413,46589,44867,13043,85,35
2021-09-05T23:59:59+02:00,1467,1286,13109,12415,16484,15390,19809,20192,26502,27673,33252,34209,25410,28271,17391,22127,5270,9954,942,862,11451,10826,15183,14045,18623,18701,25022,25905,31690,32576,24587,27365,16871,21409,5076,9476,239007,223278,31529,29413,46589,44866,13018,85,35
2021-09-04T23:59:59+02:00,1467,1286,13108,12414,16484,15390,19807,20192,26501,27673,33252,34209,25410,28271,17391,22126,5270,9954,941,862,11451,10824,15181,14045,18618,18701,25021,25903,31690,32574,24586,27365,16871,21409,5076,9476,239005,223267,31529,29412,46589,44866,13014,85,35
2021-09-03T23:59:59+02:00,1440,1270,13006,12317,16427,15335,19769,20153,26459,27646,33215,34192,25392,28260,17387,22115,5268,9953,897,828,11311,10697,15118,13971,18547,18655,24950,25854,31631,32538,24553,27337,16858,21393,5073,9472,238503,222459,31529,29408,46589,44866,12915,85,35
2021-09-02T23:59:59+02:00,1425,1263,12942,12275,16384,15302,19734,20126,26425,27612,33190,34171,25377,28248,17382,22110,5268,9949,892,822,11234,10659,15070,13936,18509,18635,24917,25832,31593,32508,24534,27316,16852,21388,5073,9470,238279,222196,31465,29366,46585,44857,12786,85,35
2021-09-01T23:59:59+02:00,1402,1248,12906,12237,16363,15282,19715,20111,26407,27592,33168,34145,25367,28237,17376,22100,5265,9945,877,800,11193,10624,15050,13908,18489,18615,24896,25810,31568,32475,24519,27302,16844,21382,5071,9468,237979,221866,31465,29364,46584,44856,12770,85,35
2021-08-31T23:59:59+02:00,1370,1226,12851,12177,16317,15246,19682,20066,26361,27543,33128,34110,25351,28216,17370,22087,5261,9941,855,775,11121,10555,15002,13847,18437,18582,24846,25756,31511,32432,24488,27286,16835,21369,5068,9461,237668,221437,31402,29335,46584,44837,12582,84,35
2021-08-30T23:59:59+02:00,1346,1211,12806,12139,16292,15224,19662,20049,26337,27526,33107,34093,25340,28206,17370,22083,5259,9939,847,764,11043,10522,14974,13826,18415,18558,24818,25740,31485,32405,24477,27271,16829,21362,5065,9458,237412,221140,31402,29335,46584,44826,12523,84,35
2021-08-29T23:59:59+02:00,1340,1205,12792,12122,16281,15215,19653,20039,26334,27517,33100,34079,25335,28200,17368,22082,5259,9939,834,755,11025,10484,14963,13809,18399,18544,24805,25730,31476,32393,24468,27259,16827,21357,5065,9458,237307,220961,31402,29334,46584,44822,12499,84,35
2021-08-28T23:59:59+02:00,1333,1191,12760,12101,16266,15203,19642,20025,26327,27507,33091,34073,25333,28195,17367,22079,5259,9938,815,730,10949,10413,14928,13776,18352,18517,24769,25697,31433,32362,24451,27246,16818,21341,5065,9455,237144,220434,31402,29334,46584,44822,12492,84,35
2021-08-27T23:59:59+02:00,1314,1176,12697,12046,16220,15155,19584,19976,26272,27456,33048,34043,25315,28184,17363,22065,5259,9935,812,725,10912,10379,14887,13749,18336,18502,24734,25672,31405,32341,24438,27235,16815,21337,5065,9454,236720,220275,31402,29333,46584,44821,12334,84,35
2021-08-26T23:59:59+02:00,1294,1160,12628,11990,16174,15112,19540,19936,26218,27398,32997,33998,25285,28155,17356,22055,5256,9931,802,710,10844,10329,14839,13705,18289,18473,24689,25635,31359,32302,24416,27218,16808,21328,5065,9450,236350,219958,31343,29318,46584,44814,12136,84,35
2021-08-25T23:59:59+02:00,1277,1145,12605,11948,16153,15086,19518,19920,26191,27380,32962,33969,25266,28137,17349,22048,5255,9928,788,697,10794,10287,14808,13676,18256,18442,24666,25616,31326,32264,24403,27201,16801,21318,5063,9447,236035,219581,31343,29318,46578,44810,12109,84,35
2021-08-24T23:59:59+02:00,1250,1127,12546,11875,16096,15042,19473,19879,26144,27335,32917,33936,25246,28113,17337,22036,5254,9923,766,677,10716,10213,14764,13636,18210,18406,24616,25565,31284,32227,24379,27174,16786,21302,5062,9446,235724,219168,31216,29278,46578,44810,11938,84,35
2021-08-23T23:59:59+02:00,1237,1114,12508,11839,16071,15023,19450,19844,26124,27299,32887,33914,25232,28100,17333,22027,5254,9920,743,661,10660,10160,14734,13598,18172,18372,24589,25535,31249,32194,24366,27154,16779,21299,5060,9445,235423,218763,31215,29278,46577,44807,11887,84,35
2021-08-22T23:59:59+02:00,1229,1107,12493,11817,16056,15007,19443,19825,26112,27288,32876,33898,25220,28094,17331,22025,5251,9920,728,652,10631,10130,14713,13581,18151,18361,24576,25517,31234,32181,24357,27143,16777,21294,5059,9444,235258,218542,31215,29278,46577,44806,11868,84,35
2021-08-21T23:59:59+02:00,1141,1035,12418,11759,16044,14995,19432,19813,26102,27277,32866,33882,25215,28090,17328,22022,5251,9920,717,646,10607,10100,14695,13577,18142,18349,24567,25511,31227,32175,24354,27143,16776,21294,5059,9444,234884,218418,31209,29278,46577,44806,11846,84,35
2021-08-20T23:59:59+02:00,1121,1019,12357,11690,15984,14940,19369,19774,26048,27244,32816,33855,25200,28079,17319,22017,5250,9918,713,640,10552,10063,14653,13541,18102,18323,24532,25492,31197,32158,24345,27136,16770,21291,5059,9443,234383,218134,31209,29278,46577,44806,11757,84,35
2021-08-19T23:59:59+02:00,1095,995,12288,11634,15923,14907,19319,19723,25987,27195,32772,33820,25169,28056,17307,22006,5247,9916,704,628,10456,9985,14584,13503,18046,18285,24464,25450,31130,32114,24304,27117,16761,21274,5058,9440,234089,217699,31117,29269,46576,44797,11503,84,35
2021-08-18T23:59:59+02:00,1083,979,12248,11598,15894,14877,19290,19693,25956,27164,32735,33794,25150,28044,17302,21997,5245,9915,690,617,10401,9917,14535,13479,17996,18256,24417,25413,31071,32075,24282,27099,16755,21261,5054,9434,233769,217241,31116,29261,46575,44786,11430,84,34
2021-08-17T23:59:59+02:00,1056,954,12197,11557,15865,14835,19259,19661,25928,27141,32699,33756,25132,28024,17292,21980,5244,9909,675,593,10307,9835,14481,13431,17942,18201,24367,25372,31011,32032,24254,27075,16744,21241,5052,9427,233466,216642,30991,29201,46575,44782,11382,84,33
2021-08-16T23:59:59+02:00,1044,947,12165,11530,15847,14818,19240,19642,25905,27117,32680,33734,25112,28009,17284,21965,5241,9907,660,580,10251,9767,14456,13388,17917,18163,24323,25337,30974,32001,24227,27041,16729,21227,5052,9424,233236,216196,30990,29201,46575,44776,11311,84,33
2021-08-15T23:59:59+02:00,1036,947,12140,11514,15833,14801,19226,19627,25895,27107,32659,33719,25106,28000,17280,21954,5240,9907,653,572,10203,9732,14418,13365,17894,18140,24298,25323,30953,31975,24209,27033,16724,21219,5051,9422,233076,215902,30989,29201,46574,44771,11277,84,33
2021-08-14T23:59:59+02:00,1035,947,12139,11511,15833,14800,19223,19625,25894,27107,32659,33718,25106,28000,17280,21954,5240,9907,597,511,10037,9512,14312,13274,17819,18094,24249,25291,30913,31942,24194,27020,16721,21216,5049,9421,233068,214897,30989,29200,46574,44770,11272,84,33
2021-08-13T23:59:59+02:00,990,907,11989,11386,15781,14739,19158,19570,25823,27056,32607,33683,25081,27972,17269,21944,5239,9903,589,506,9982,9457,14272,13245,17779,18068,24217,25271,30889,31920,24183,27006,16715,21207,5049,9417,232242,214553,30988,29200,46574,44767,11219,83,33
2021-08-12T23:59:59+02:00,976,885,11932,11325,15732,14699,19121,19544,25777,27032,32561,33654,25056,27956,17260,21938,5239,9900,580,497,9890,9391,14199,13203,17717,18018,24150,25235,30835,31871,24155,26981,16699,21189,5047,9417,232010,214130,30963,29194,46574,44752,10965,83,33
2021-08-11T23:59:59+02:00,962,874,11899,11290,15713,14676,19088,19526,25756,27013,32536,33625,25037,27934,17256,21930,5238,9898,536,464,9816,9329,14145,13162,17670,17974,24110,25213,30795,31823,24125,26949,16683,21176,5046,9411,231716,213556,30963,29190,46573,44724,10924,83,33
2021-08-10T23:59:59+02:00,943,864,11811,11236,15661,14645,19043,19489,25702,26978,32479,33571,25020,27919,17249,21917,5237,9895,523,457,9720,9241,14093,13127,17637,17940,24063,25174,30742,31776,24092,26915,16676,21156,5042,9406,231334,213032,30829,29155,46571,44710,10850,83,33
2021-08-09T23:59:59+02:00,940,847,11783,11201,15645,14629,19021,19476,25670,26956,32450,33541,25012,27910,17243,21909,5237,9892,511,440,9665,9179,14052,13077,17600,17899,24032,25129,30707,31737,24078,26898,16671,21143,5040,9400,231094,212576,30829,29152,46570,44703,10794,83,33
2021-08-08T23:59:59+02:00,929,840,11747,11178,15622,14615,19001,19455,25645,26935,32427,33524,25004,27894,17236,21905,5236,9892,489,431,9588,9123,14003,13048,17573,17869,23999,25094,30675,31706,24065,26879,16663,21129,5039,9397,230899,212173,30829,29151,46570,44702,10711,83,33
2021-08-07T23:59:59+02:00,909,813,11650,11100,15578,14574,18959,19421,25606,26905,32381,33492,24987,27882,17227,21887,5235,9889,420,358,8967,8533,13559,12692,17359,17683,23848,24984,30522,31629,24007,26828,16642,21102,5034,9394,230310,208967,30829,29149,46570,44702,10710,83,33
2021-08-06T23:59:59+02:00,900,810,11620,11075,15564,14560,18948,19415,25591,26889,32372,33485,24983,27878,17222,21885,5235,9888,378,309,8379,7912,13045,12294,17130,17478,23702,24872,30427,31550,23976,26781,16630,21088,5031,9387,230260,205792,30708,29136,46570,44702,10706,83,33
2021-08-05T23:59:59+02:00,897,803,11580,11044,15521,14531,18909,19383,25545,26854,32324,33438,24942,27856,17220,21874,5235,9882,370,303,8324,7848,12996,12242,17081,17437,23638,24832,30351,31496,23929,26739,16616,21070,5029,9378,230033,205370,30707,29131,46568,44693,10452,83,33
2021-08-04T23:59:59+02:00,880,787,11550,11014,15502,14499,18875,19357,25518,26825,32278,33400,24927,27843,17215,21868,5233,9874,348,293,8234,7761,12940,12195,17028,17393,23581,24788,30291,31426,23892,26701,16606,21057,5027,9372,229765,204781,30705,29130,46566,44658,10331,83,33
2021-08-03T23:59:59+02:00,864,770,11503,10974,15477,14477,18842,19336,25492,26796,32243,33365,24907,27824,17205,21863,5229,9873,323,282,8152,7675,12870,12143,16959,17341,23521,24750,30248,31376,23856,26667,16591,21046,5024,9368,229426,204121,30703,29120,46565,44650,10268,83,33
2021-08-02T23:59:59+02:00,855,767,11467,10944,15454,14446,18815,19316,25463,26771,32211,33337,24893,27804,17197,21854,5228,9871,313,275,8055,7583,12792,12082,16900,17276,23464,24678,30197,31318,23837,26644,16570,21036,5022,9363,229145,203409,30702,29119,46565,44642,10202,83,33
2021-08-01T23:59:59+02:00,847,760,11441,10915,15441,14432,18800,19305,25443,26759,32194,33322,24889,27795,17196,21851,5226,9870,300,258,7988,7516,12730,12034,16854,17229,23427,24646,30170,31293,23821,26625,16566,21030,5020,9362,228998,202949,30698,29118,46565,44623,10146,83,33
2021-07-31T23:59:59+02:00,844,759,11438,10909,15439,14429,18796,19301,25442,26758,32191,33321,24889,27794,17196,21851,5226,9870,278,238,7835,7331,11959,11365,16298,16790,23331,24567,30105,31222,23791,26589,16554,21011,5019,9360,228968,199726,30697,29118,46565,44622,10144,83,33
2021-07-30T23:59:59+02:00,843,758,11425,10900,15436,14426,18789,19294,25435,26753,32181,33316,24888,27792,17196,21848,5226,9870,231,198,7554,7092,11416,10918,15819,16359,23193,24460,29996,31110,23754,26544,16537,20989,5019,9356,228900,196647,30696,29117,46563,44610,10138,83,33
2021-07-29T23:59:59+02:00,831,749,11386,10853,15397,14405,18749,19268,25398,26719,32128,33287,24870,27772,17185,21830,5226,9867,141,134,7182,6784,10751,10398,15302,15943,23016,24314,29848,30999,23699,26492,16508,20964,5015,9353,228581,193175,30694,29107,46563,44525,10003,83,33
2021-07-28T23:59:59+02:00,812,735,11339,10800,15373,14376,18718,19240,25372,26691,32101,33262,24854,27754,17180,21818,5225,9863,122,106,7017,6631,10604,10274,15189,15806,22923,24218,29746,30900,23657,26434,16489,20935,5014,9343,228251,191925,30694,29105,46558,44414,9931,83,33
2021-07-27T23:59:59+02:00,803,726,11294,10760,15330,14336,18677,19214,25343,26665,32066,33241,24838,27729,17173,21806,5224,9855,102,93,6796,6416,10442,10159,15044,15674,22819,24108,29639,30788,23605,26370,16473,20907,5011,9331,227930,190769,30694,28777,46557,44378,9820,83,33
2021-07-26T23:59:59+02:00,793,713,11244,10711,15303,14315,18659,19186,25315,26634,32033,33215,24823,27707,17161,21794,5223,9852,94,84,6680,6340,10346,10084,14977,15594,22736,24048,29574,30714,23572,26326,16461,20890,5007,9325,227628,189983,30692,28773,46556,44338,9725,83,33
2021-07-25T23:59:59+02:00,782,703,11215,10683,15282,14290,18639,19162,25288,26609,32012,33197,24806,27696,17157,21785,5222,9850,79,79,6604,6260,10277,10021,14903,15534,22682,23994,29518,30676,23541,26305,16449,20876,5007,9321,227429,189394,30692,28769,46555,44308,9622,83,33
2021-07-24T23:59:59+02:00,758,681,11138,10599,15243,14263,18615,19141,25268,26593,32000,33184,24806,27692,17154,21783,5222,9850,78,78,6203,5912,10127,9908,14527,15251,22458,23835,29400,30592,23505,26267,16432,20859,5004,9317,227049,187034,30691,28765,46555,44306,9615,83,33
2021-07-23T23:59:59+02:00,732,659,11070,10513,15213,14229,18587,19127,25247,26572,31985,33166,24795,27687,17152,21783,5222,9847,75,74,5831,5606,10007,9801,14180,14986,22261,23659,29279,30474,23453,26199,16421,20838,5000,9310,226661,184762,30690,28765,46555,44294,9600,83,33
2021-07-22T23:59:59+02:00,691,619,10915,10348,15115,14140,18500,19078,25167,26518,31912,33102,24759,27646,17138,21765,5218,9842,63,63,5514,5309,9738,9585,13596,14508,21939,23399,29047,30245,23352,26101,16379,20800,4996,9307,225705,181435,30689,28753,46554,44275,9445,83,33
2021-07-21T23:59:59+02:00,671,594,10850,10293,15078,14113,18460,19040,25127,26489,31872,33052,24734,27611,17122,21753,5215,9837,53,57,4906,4844,9295,9329,13212,14278,21706,23243,28860,30097,23287,26024,16353,20777,4994,9304,225274,179663,30679,27488,46551,44108,9327,83,33
2021-07-20T23:59:59+02:00,653,577,10792,10238,15052,14076,18425,19014,25096,26457,31837,33018,24714,27590,17117,21738,5212,9830,48,47,4765,4732,9146,9198,13045,14144,21593,23122,28730,29972,23207,25920,16330,20736,4987,9298,224893,178319,30679,27476,46549,43958,9234,83,33
2021-07-19T23:59:59+02:00,640,564,10753,10207,15021,14052,18401,19005,25067,26431,31804,32989,24696,27567,17111,21727,5210,9827,42,44,4685,4664,9048,9120,12927,14047,21495,23014,28631,29852,23151,25863,16304,20707,4982,9292,224643,177379,30679,27467,46540,43860,9129,83,33
2021-07-18T23:59:59+02:00,625,555,10700,10155,14986,14031,18376,18987,25047,26415,31781,32970,24686,27557,17105,21718,5209,9822,40,42,4577,4563,8912,8999,12800,13907,21408,22923,28558,29773,23122,25833,16295,20694,4979,9291,224367,176367,30679,27452,46540,43806,9058,83,33
2021-07-17T23:59:59+02:00,550,484,10410,9856,14871,13929,18284,18907,24941,26341,31673,32918,24652,27522,17092,21698,5207,9821,39,41,4531,4522,8858,8926,12565,13713,20982,22578,28426,29642,23085,25781,16286,20679,4978,9288,222801,174574,30679,27452,46538,43804,9057,83,33
2021-07-16T23:59:59+02:00,521,447,10275,9735,14811,13888,18232,18855,24905,26308,31653,32893,24643,27507,17089,21691,5207,9818,39,41,4485,4480,8782,8885,12194,13434,20437,22177,28291,29548,23035,25744,16277,20674,4976,9286,222133,172458,30679,27449,46537,43797,9048,83,33
2021-07-15T23:59:59+02:00,489,410,10137,9630,14744,13838,18175,18787,24850,26260,31603,32840,24618,27470,17071,21676,5200,9814,26,31,4272,4343,8454,8676,11678,13033,19329,21328,27873,29204,22864,25573,16212,20601,4966,9270,221399,167749,30677,27436,46536,43596,8919,83,33
2021-07-14T23:59:59+02:00,468,396,10106,9604,14706,13817,18145,18752,24811,26218,31552,32787,24588,27442,17060,21659,5199,9811,22,28,4148,4191,8195,8504,11447,12888,19151,21217,27725,29077,22799,25495,16178,20563,4961,9260,221023,166176,30677,27417,46535,43418,8805,83,33
2021-07-13T23:59:59+02:00,444,382,10056,9551,14676,13788,18118,18718,24774,26197,31516,32745,24572,27411,17049,21647,5198,9808,22,25,4053,4095,8019,8346,11246,12696,19015,21077,27570,28914,22702,25411,16143,20509,4957,9249,220611,164711,30677,27396,46534,43162,8747,83,33
2021-07-12T23:59:59+02:00,432,360,10010,9499,14648,13769,18088,18689,24737,26154,31483,32703,24548,27388,17034,21642,5195,9805,21,22,3947,3996,7847,8225,11087,12559,18899,20956,27448,28796,22629,25350,16116,20483,4956,9244,220236,163543,30676,27377,46533,42971,8657,83,33
2021-07-11T23:59:59+02:00,424,342,9979,9470,14627,13749,18070,18679,24715,26145,31462,32685,24536,27378,17032,21640,5195,9803,18,20,3878,3926,7730,8125,10938,12431,18773,20854,27347,28681,22585,25302,16095,20458,4954,9241,220039,162579,30673,27372,46532,42767,8605,83,33
2021-07-10T23:59:59+02:00,398,319,9866,9367,14573,13709,18019,18656,24690,26125,31443,32669,24528,27369,17028,21636,5193,9801,18,19,3843,3902,7671,8085,10903,12401,18744,20829,27318,28659,22577,25286,16091,20453,4954,9241,219511,162275,30671,27371,46529,42719,8596,83,33
2021-07-09T23:59:59+02:00,338,271,9607,9156,14471,13629,17940,18585,24604,26072,31394,32608,24505,27338,17014,21619,5193,9796,17,18,3776,3863,7533,7994,10684,12252,18518,20690,26901,28340,22392,25092,16036,20393,4951,9234,218287,160122,30671,27366,46528,42591,8572,83,33
2021-07-08T23:59:59+02:00,259,204,9412,9011,14370,13552,17845,18511,24545,26021,31311,32550,24477,27307,17001,21601,5189,9791,15,15,3618,3738,7222,7805,10332,12023,18171,20407,26596,28081,22217,24934,15968,20317,4944,9218,217181,157744,30668,27318,46515,42015,8511,83,33
2021-07-07T23:59:59+02:00,220,176,9324,8907,14331,13521,17808,18470,24492,25984,31269,32510,24452,27277,16988,21583,5189,9783,13,11,3441,3611,6902,7583,9393,11289,17583,19978,26194,27769,21978,24626,15889,20220,4930,9204,216543,155128,30665,25561,46513,41411,8481,83,33
2021-07-06T23:59:59+02:00,198,164,9245,8850,14280,13491,17772,18427,24450,25944,31208,32463,24416,27249,16973,21566,5187,9781,13,10,3324,3538,6698,7458,9122,11125,17337,19796,25917,27513,21821,24423,15808,20116,4917,9189,215975,153191,30651,25548,46510,40907,8446,83,33
2021-07-05T23:59:59+02:00,186,149,9158,8765,14239,13445,17737,18377,24412,25914,31163,32413,24393,27226,16964,21552,5186,9779,13,9,3272,3505,6571,7380,8972,11004,17189,19656,25745,27355,21678,24254,15759,20062,4906,9179,215420,152121,30651,25539,46508,40419,8397,83,33
2021-07-04T23:59:59+02:00,171,142,9106,8715,14206,13432,17710,18359,24386,25893,31142,32387,24378,27212,16958,21544,5185,9776,11,8,3223,3461,6505,7338,8883,10932,17103,19570,25615,27243,21553,24125,15717,20010,4904,9172,215142,151456,30650,25527,46493,40022,8335,83,33
2021-07-03T23:59:59+02:00,168,139,8600,8234,14047,13314,17609,18243,24290,25834,31078,32339,24357,27190,16946,21534,5183,9773,10,8,3164,3383,6385,7218,8709,10788,16884,19383,25226,26931,21437,23987,15687,19970,4901,9166,213337,149395,30649,25527,46493,39965,8317,83,33
2021-07-02T23:59:59+02:00,161,135,8032,7776,13904,13205,17517,18166,24221,25765,31018,32277,24319,27148,16940,21514,5181,9768,9,8,3053,3275,6114,7062,8450,10547,16513,19054,24746,26504,21210,23713,15618,19888,4895,9163,211512,146310,30649,25524,46490,39641,8314,83,33
2021-07-01T23:59:59+02:00,148,125,7904,7673,13820,13146,17448,18113,24153,25714,30966,32224,24291,27123,16930,21502,5180,9767,8,7,2865,3089,5766,6779,8010,10126,15923,18576,23976,25837,20721,23241,15491,19726,4883,9138,210726,141712,30644,25511,46483,38614,8292,83,33
2021-06-30T23:59:59+02:00,130,112,7759,7557,13756,13096,17394,18060,24100,25660,30906,32178,24260,27101,16916,21484,5180,9762,7,7,2769,3014,5610,6637,7783,9904,14964,17704,23360,25285,20361,22847,15358,19565,4869,9104,210160,140171,30469,23236,46479,37487,8221,83,33
2021-06-29T23:59:59+02:00,115,99,7692,7459,13709,13056,17357,18015,24047,25599,30855,32118,24240,27074,16905,21468,5177,9758,5,5,2711,2968,5479,6539,7629,9770,14795,17531,23114,25049,20100,22521,15257,19464,4857,9084,209531,139042,30465,23223,46476,36391,8189,83,33
2021-06-28T23:59:59+02:00,110,93,7627,7388,13641,12993,17310,17964,24005,25554,30798,32074,24223,27046,16898,21458,5175,9756,4,4,2680,2935,5410,6486,7538,9698,14698,17449,22961,24835,19898,22275,15201,19395,4853,9070,208986,138436,30463,23211,46468,35596,8114,83,33
2021-06-27T23:59:59+02:00,96,88,7579,7327,13609,12956,17281,17931,23986,25519,30771,32046,24211,27038,16891,21452,5175,9754,3,3,2658,2921,5362,6461,7465,9652,14601,17384,22865,24748,19771,22132,15170,19344,4849,9061,208632,137921,30462,23199,46462,35225,8072,83,33
2021-06-26T23:59:59+02:00,92,85,7078,6786,13216,12656,17166,17827,23921,25462,30735,32011,24202,27021,16887,21441,5174,9753,3,3,2558,2812,5172,6271,7265,9461,14054,16929,22202,24112,19623,21990,15125,19291,4847,9053,206454,134277,30460,23198,46462,35205,8072,66,19
2021-06-25T23:59:59+02:00,91,82,6598,6305,12762,12283,17005,17708,23831,25397,30654,31971,24179,26994,16882,21431,5172,9750,3,3,2457,2658,4996,6076,7005,9163,13521,16395,21649,23524,19427,21780,15066,19224,4843,9041,204053,130569,30460,23198,46462,34990,8055,66,19
2021-06-24T23:59:59+02:00,81,70,6376,6094,12539,12131,16899,17626,23758,25344,30596,31923,24144,26951,16876,21421,5170,9743,3,3,2253,2424,4626,5695,6506,8675,12796,15680,20496,22519,18963,21298,14961,19093,4831,9026,202783,124619,30458,23187,46455,34042,7981,66,19
2021-06-23T23:59:59+02:00,76,68,5808,5597,12377,12020,16780,17514,23683,25296,30532,31873,24111,26928,16869,21407,5166,9739,3,3,2215,2371,4562,5575,6414,8525,12562,15391,20251,22257,18664,20967,14864,18979,4820,9009,202272,123591,29130,23038,46445,32852,7932,66,19
2021-06-22T23:59:59+02:00,70,63,5668,5467,12276,11914,16692,17440,23623,25234,30463,31794,24083,26895,16859,21386,5162,9737,3,2,2163,2333,4468,5493,6288,8378,11690,14731,19837,21850,18328,20612,14755,18840,4810,8988,201330,122665,29123,21345,46426,31658,7882,66,19
2021-06-21T23:59:59+02:00,67,60,5534,5354,12199,11821,16627,17353,23566,25160,30413,31736,24058,26867,16846,21371,5162,9733,3,2,2130,2298,4408,5396,6201,8250,10908,14022,19383,21440,18100,20382,14693,18743,4801,8971,200504,121860,29117,19557,46421,30875,7820,66,19
2021-06-20T23:59:59+02:00,65,58,5417,5230,12032,11644,16561,17230,23517,25094,30371,31680,24042,26845,16840,21356,5157,9728,3,2,2112,2268,4366,5355,6130,8199,10805,13943,19272,21315,17943,20192,14627,18659,4797,8964,199501,121326,29113,19554,46415,30280,7773,66,19
2021-06-19T23:59:59+02:00,61,54,5400,5211,11262,10980,16081,16835,23455,25049,30327,31637,24024,26825,16832,21344,5157,9728,3,2,2039,2147,4161,5120,5846,7915,10476,13606,18212,20453,17768,19998,14594,18593,4792,8952,196898,117070,29113,19554,46414,30262,7772,66,19
2021-06-18T23:59:59+02:00,58,53,5364,5183,10619,10396,15470,16270,23362,24980,30257,31574,23996,26795,16821,21329,5156,9726,3,2,1969,2057,4019,4977,5568,7644,10094,13241,17057,19240,17565,19759,14545,18527,4789,8942,194055,112648,29105,19553,46414,30008,7770,66,19
2021-06-17T23:59:59+02:00,51,44,5249,5079,9940,9892,14981,15881,23262,24892,30174,31480,23956,26749,16807,21308,5155,9723,3,2,1840,1951,3762,4730,5179,7277,9553,12754,15868,18046,17104,19269,14404,18352,4776,8918,191459,107512,29102,19544,46411,29087,7632,20,13
2021-06-16T23:59:59+02:00,49,36,5118,4948,9742,9726,14835,15751,23168,24798,30075,31404,23912,26705,16792,21296,5154,9713,3,2,1798,1910,3654,4640,5074,7156,8520,11901,15595,17747,16808,18932,14269,18181,4770,8884,190282,106609,29090,17665,46409,28135,7422,20,13
2021-06-15T23:59:59+02:00,43,29,4936,4766,9558,9572,14698,15607,23076,24707,29999,31319,23869,26631,16765,21263,5146,9698,3,2,1739,1854,3571,4544,4980,7038,8404,11758,15413,17517,16489,18621,14127,18012,4747,8825,188963,105834,29087,17661,46390,26913,7223,20,13
2021-06-14T23:59:59+02:00,41,26,4859,4704,9467,9463,14621,15517,23004,24635,29928,31256,23837,26592,16750,21245,5143,9692,3,2,1719,1831,3536,4517,4939,7004,8303,11695,15277,17383,16308,18416,14034,17914,4742,8817,188217,105605,29081,17659,46384,26084,7079,20,13
2021-06-13T23:59:59+02:00,40,25,4802,4655,9384,9389,14536,15451,22942,24584,29861,31203,23811,26564,16741,21235,5143,9690,3,2,1672,1818,3492,4493,4884,6961,8230,11657,15177,17287,16151,18232,13980,17840,4735,8810,187638,105322,29074,17657,46368,25475,6957,20,13
2021-06-12T23:59:59+02:00,38,23,4783,4640,9356,9365,14297,15273,22812,24453,29816,31158,23790,26547,16732,21227,5142,9688,3,2,1550,1695,3256,4283,4477,6661,7682,11226,13398,15597,15797,17859,13899,17738,4733,8795,186725,98616,29074,17656,46368,25411,6955,19,13
2021-06-11T23:59:59+02:00,34,22,4730,4589,9275,9314,13977,15051,22616,24305,29719,31067,23753,26502,16714,21215,5141,9685,3,2,1450,1562,3065,4068,4181,6295,7171,10680,11749,13703,15314,17279,13786,17590,4718,8781,185368,91670,29069,17655,46366,25171,6888,19,13
2021-06-10T23:59:59+02:00,28,19,4445,4367,8728,8986,12700,14026,22047,23851,29345,30762,23617,26343,16662,21147,5128,9670,3,2,1330,1474,2829,3886,3854,6011,6734,10289,10328,12370,14800,16702,13614,17382,4702,8754,180024,87115,29052,17652,46361,23866,6418,17,13
2021-06-09T23:59:59+02:00,25,15,4212,4206,8134,8695,11801,13364,21725,23639,29116,30611,23553,26280,16642,21122,5125,9666,3,2,1245,1420,2673,3813,3713,5930,6525,10195,10061,12191,14474,16350,13442,17202,4695,8733,177912,86773,27783,17547,46355,22469,5865,17,13
2021-06-08T23:59:59+02:00,21,12,4084,4106,7733,8467,11314,13073,21499,23458,28916,30456,23495,26207,16610,21081,5119,9657,3,2,1168,1393,2536,3754,3554,5859,5629,9443,9588,11824,14136,15941,13215,16962,4681,8711,176159,86407,27412,15391,46330,21197,5391,17,13
2021-06-07T23:59:59+02:00,16,10,3964,4030,7493,8360,11023,12894,21295,23345,28761,30337,23437,26153,16592,21056,5115,9649,3,2,1120,1278,2415,3690,3424,5796,5463,9368,9377,11695,13905,15681,13058,16794,4674,8692,174922,86216,27401,15386,46322,19951,4869,17,13
2021-06-06T23:59:59+02:00,14,10,3847,3972,7256,8241,10773,12730,21108,23257,28675,30246,23406,26119,16580,21038,5112,9644,3,2,1100,1261,2351,3655,3327,5741,5356,9293,9258,11595,13750,15525,12985,16700,4671,8685,173771,86020,27383,15380,46312,19299,4546,17,13
2021-06-05T23:59:59+02:00,14,10,3818,3935,7217,8201,10596,12578,20480,22746,28513,30102,23356,26074,16566,21019,5112,9640,3,1,1068,1162,2182,3202,3094,5201,5187,8960,8478,10638,13096,14684,12873,16553,4660,8675,171732,80625,27383,15380,46311,19163,4536,16,13
2021-06-04T23:59:59+02:00,14,10,3788,3908,7178,8174,10498,12486,20115,22416,28409,30006,23321,26036,16552,21010,5110,9639,3,1,1036,1095,2084,2890,2934,4723,5030,8588,7962,9979,11593,12964,12746,16356,4653,8657,170445,74234,27370,15379,46311,19139,4529,16,13
2021-06-03T23:59:59+02:00,9,6,3652,3807,6959,8033,9942,12062,18893,21483,28010,29694,23190,25896,16499,20948,5106,9625,3,1,986,1049,1996,2779,2795,4565,4826,8279,7596,9528,11213,12562,12635,16241,4650,8644,165689,72439,27359,15376,46306,18075,4445,16,13
2021-06-02T23:59:59+02:00,9,6,3643,3799,6946,8016,9930,12051,18704,21302,27938,29645,23167,25875,16493,20939,5103,9623,3,1,980,1041,1984,2750,2772,4546,4613,8094,7058,9039,11176,12520,12620,16226,4646,8638,165618,72328,26814,13880,46306,18050,4436,16,13
2021-06-01T23:59:59+02:00,8,5,3517,3723,6704,7867,9646,11857,18248,20957,27700,29449,23074,25773,16452,20886,5100,9611,3,1,943,993,1898,2680,2692,4471,4334,7860,6460,8503,10962,12306,12522,16126,4641,8626,163922,71879,26037,12587,46290,17229,4313,16,13
2021-05-31T23:59:59+02:00,8,5,3471,3679,6613,7799,9510,11755,18122,20867,27608,29372,23007,25711,16435,20857,5095,9604,3,1,914,965,1828,2637,2612,4428,4226,7796,6338,8425,10774,12135,12421,16010,4631,8618,163074,71510,26008,12580,46277,16516,4144,16,12
2021-05-30T23:59:59+02:00,8,4,3440,3654,6548,7743,9418,11661,18033,20788,27532,29300,22962,25666,16413,20829,5089,9594,3,1,907,957,1817,2628,2598,4414,4197,7771,6285,8383,10713,12055,12387,15966,4626,8609,162363,71465,26002,12577,46260,16221,4042,16,12
2021-05-29T23:59:59+02:00,8,4,3429,3637,6513,7715,9375,11622,17995,20748,27384,29194,22906,25592,16398,20809,5086,9590,2,1,871,938,1760,2582,2526,4330,4006,7515,6010,8084,8502,9385,12193,15624,4611,8578,161700,65194,26002,12575,46247,15696,4041,16,12
2021-05-28T23:59:59+02:00,8,4,3366,3582,6382,7638,9234,11490,17837,20616,27201,29071,22845,25514,16378,20792,5085,9589,2,1,858,925,1741,2558,2488,4275,3854,7219,5815,7819,5783,6254,11921,15222,4595,8529,160342,58277,26000,12575,46243,14963,4032,16,12
2021-05-27T23:59:59+02:00,8,4,3222,3459,6096,7458,8631,11157,17360,20276,26788,28723,22677,25348,16320,20729,5078,9571,2,1,811,868,1655,2461,2369,4141,3431,6246,5391,7219,5622,6078,11840,15147,4589,8512,156871,57786,25940,12528,46235,12213,3844,16,12
2021-05-26T23:59:59+02:00,8,4,3116,3375,5875,7291,8262,10872,16896,19969,26488,28486,22527,25215,16268,20655,5065,9551,2,1,795,858,1602,2435,2317,4109,3357,6170,5294,7147,5486,5951,11774,15079,4584,8500,154172,57701,25921,12526,46213,11619,3603,15,12
2021-05-25T23:59:59+02:00,8,4,3025,3313,5733,7174,8066,10708,15893,19191,26134,28132,22369,25057,16215,20575,5058,9541,2,1,776,841,1565,2388,2245,4048,3280,6098,5208,7082,5319,5781,11666,14998,4576,8488,152609,57627,24002,12336,46195,11010,3377,14,12
2021-05-24T23:59:59+02:00,8,4,2960,3297,5647,7129,7950,10646,14978,18501,25720,27821,22275,24954,16184,20539,5051,9529,2,1,767,839,1545,2371,2203,4011,3235,6049,5132,7003,5217,5674,11584,14923,4575,8482,151888,57588,21929,12260,46185,10576,3178,14,11
2021-05-23T23:59:59+02:00,8,3,2957,3292,5638,7121,7940,10638,14972,18500,25719,27820,22275,24954,16184,20539,5051,9529,2,1,765,836,1537,2364,2190,3998,3216,6034,5111,6970,5172,5622,11568,14900,4574,8480,151855,57580,21929,12260,46183,10329,3160,14,11
2021-05-22T23:59:59+02:00,7,3,2920,3248,5561,7071,7840,10552,14773,18337,25436,27574,22176,24868,16152,20495,5048,9524,2,1,743,816,1490,2311,2138,3917,3103,5911,4793,6394,4600,4872,10919,14077,4564,8441,150320,54331,21929,12259,46183,9351,3140,14,11
2021-05-21T23:59:59+02:00,5,3,2848,3176,5434,6970,7711,10405,14514,18108,25140,27338,22061,24760,16119,20447,5044,9515,2,1,716,763,1421,2182,2036,3648,2918,5578,4313,5499,4182,4331,10174,13136,4498,8315,148373,50579,21927,12259,46177,7756,3108,14,11
2021-05-20T23:59:59+02:00,5,3,2716,3020,5151,6715,7427,10034,14052,17623,24530,26786,21788,24464,16025,20326,5030,9485,1,1,703,753,1395,2158,1999,3614,2864,5521,4231,5420,4054,4227,10096,13073,4489,8303,144216,50482,21917,12248,46152,7279,2882,14,11
2021-05-19T23:59:59+02:00,5,3,2663,2967,5054,6573,7284,9852,12910,16587,24267,26495,21691,24337,15982,20266,5021,9478,1,1,686,727,1369,2110,1966,3528,2801,5375,4138,5311,3973,4138,10044,13009,4486,8299,142835,50451,19851,12181,46080,6663,2656,14,11
2021-05-18T23:59:59+02:00,5,3,2636,2942,5005,6540,7229,9820,12555,16313,24087,26342,21599,24249,15952,20213,5014,9466,1,1,657,669,1313,1982,1890,3327,2702,5166,4009,5115,3750,3861,9960,12929,4477,8289,142547,50426,18999,11179,46035,6106,2376,14,11
2021-05-17T23:59:59+02:00,5,3,2610,2923,4960,6470,7141,9711,12403,16134,23937,26179,21548,24199,15933,20191,5009,9459,0,1,649,655,1297,1946,1869,3277,2653,5059,3930,5000,3614,3709,9890,12866,4474,8282,141572,50399,18991,11169,46018,5371,2221,14,11
2021-05-16T23:59:59+02:00,5,3,2598,2910,4938,6403,7104,9628,12345,16061,23885,26119,21524,24182,15923,20177,5006,9456,0,1,644,651,1287,1942,1852,3268,2631,5048,3900,4977,3560,3642,9851,12834,4473,8280,141137,50381,18981,11158,45998,5154,2137,14,11
2021-05-15T23:59:59+02:00,4,3,2475,2774,4750,6197,6913,9440,11826,15642,23293,25566,21417,24064,15889,20134,5003,9448,0,1,595,588,1204,1852,1717,3116,2345,4739,3448,4468,3230,3214,9687,12630,4449,8251,137739,47425,18980,11158,45993,4828,2112,14,11
2021-05-14T23:59:59+02:00,4,3,2362,2598,4553,5974,6635,9128,11288,15130,22726,24996,21271,23924,15853,20076,4999,9437,0,1,532,512,1101,1731,1556,2900,2015,4334,2847,3880,2843,2775,9602,12481,4445,8247,133917,44488,18973,11155,45970,4065,2083,14,11
2021-05-13T23:59:59+02:00,4,3,2185,2314,4230,5589,6209,8657,10726,14440,21689,24081,20989,23650,15793,19977,4992,9422,0,1,528,512,1088,1716,1539,2882,2005,4310,2830,3859,2826,2761,9595,12477,4444,8247,128016,44435,18917,11146,45944,3969,2059,14,11
2021-05-12T23:59:59+02:00,4,3,2184,2312,4219,5586,6200,8651,10623,14318,21634,24041,20984,23639,15788,19969,4991,9422,0,1,521,490,1052,1662,1489,2803,1921,4223,2771,3800,2745,2666,9544,12404,4444,8247,127961,44431,18593,10319,45944,3966,2056,14,11
2021-05-11T23:59:59+02:00,4,3,2063,2273,4134,5523,6072,8536,10314,14067,21441,23879,20906,23567,15772,19937,4987,9417,0,1,496,466,991,1602,1419,2712,1822,4083,2698,3725,2591,2438,9479,12303,4443,8247,127012,44413,18256,9481,45659,3657,1954,14,11
2021-05-10T23:59:59+02:00,4,3,2024,2197,4027,5400,5934,8358,9523,13302,21062,23558,20815,23477,15731,19883,4977,9404,0,1,484,438,955,1539,1354,2621,1733,3922,2616,3633,2565,2419,9469,12285,4439,8242,125869,44399,16410,9302,45555,3171,1832,13,11
2021-05-09T23:59:59+02:00,4,3,1992,2184,3989,5362,5880,8309,9454,13233,20992,23485,20778,23436,15716,19856,4974,9390,0,1,477,431,932,1495,1328,2572,1699,3860,2578,3590,2556,2406,9458,12268,4439,8234,125419,44339,16405,9299,45457,2932,1743,13,11
2021-05-08T23:59:59+02:00,4,3,1929,2082,3807,5187,5606,8101,9144,12947,19857,22555,20582,23242,15683,19787,4969,9378,0,1,408,402,868,1455,1251,2498,1611,3759,2359,3377,2008,1976,9363,12182,4438,8234,121258,42849,16404,9298,45454,2296,1741,6,6
2021-05-07T23:59:59+02:00,4,3,1843,1969,3626,5018,5286,7805,8732,12572,18604,21280,20398,23029,15639,19730,4960,9359,0,1,322,347,756,1380,1119,2369,1477,3617,2183,3183,1636,1634,8874,11733,4437,8232,116310,41106,16400,9293,45432,1186,1709,6,6
2021-05-06T23:59:59+02:00,4,3,1659,1859,3341,4762,4835,7397,8090,12011,17358,20038,20065,22651,15531,19565,4950,9348,0,1,305,337,737,1350,1079,2322,1428,3532,2115,3115,1601,1578,8857,11702,4431,8229,110448,41084,16393,9287,45194,916,1426,6,6
2021-05-05T23:59:59+02:00,4,3,1589,1829,3255,4674,4756,7290,7959,11860,17204,19893,19945,22530,15455,19468,4928,9252,0,1,295,326,694,1298,1016,2246,1345,3383,2007,2999,1508,1479,8440,11134,4425,8212,109675,41043,16250,8158,45022,660,941,6,6
2021-05-04T23:59:59+02:00,4,3,1562,1799,3206,4595,4695,7178,7709,11564,16641,19310,19857,22397,15379,19370,4898,9138,0,1,279,314,671,1268,995,2192,1287,3263,1894,2840,1435,1372,8369,11030,4420,8194,108957,41016,14900,7882,44917,395,525,6,6
2021-05-03T23:59:59+02:00,4,3,1554,1795,3196,4579,4657,7152,7455,11330,15946,18713,19793,22312,15353,19336,4892,9128,0,1,264,294,649,1184,945,2104,1223,3124,1797,2703,1368,1292,8344,10995,4416,8185,108861,41005,13300,7674,44877,49,154,6,6
2021-05-02T23:59:59+02:00,4,3,1553,1793,3189,4577,4652,7147,7441,11319,15927,18701,19776,22304,15353,19334,4891,9128,0,1,264,291,646,1183,940,2101,1213,3118,1789,2696,1354,1285,8343,10990,4415,8185,108831,40982,13296,7672,44851,46,108,6,6
2021-05-01T23:59:59+02:00,4,3,1423,1650,2912,4328,4185,6791,6822,10838,13990,16820,19394,21905,15262,19218,4888,9112,0,1,262,291,643,1181,939,2098,1211,3116,1787,2692,1349,1280,8341,10988,4415,8185,101294,40950,13296,7672,44845,46,105,5,6
2021-04-30T23:59:59+02:00,3,3,1303,1505,2694,4107,3856,6395,6256,10245,12200,14786,18935,21364,15158,19077,4874,9101,0,1,257,290,636,1174,923,2090,1198,3106,1776,2678,1339,1271,8337,10983,4414,8184,93683,40904,13296,7672,44845,42,33,5,6
2021-04-29T23:59:59+02:00,2,3,1190,1443,2527,3982,3617,6191,5899,9944,10858,13505,18674,21086,15115,19007,4870,9095,0,1,256,286,631,1166,911,2084,1178,3100,1745,2641,1313,1247,8331,10974,4414,8184,88995,40871,13287,7537,44705,32,16,5,6
2021-04-28T23:59:59+02:00,2,3,1137,1437,2476,3962,3566,6167,5836,9911,10758,13437,18642,21052,15107,18991,4870,9092,0,1,256,285,628,1165,908,2082,1173,3096,1737,2640,1306,1228,7885,10452,4414,8184,88723,40847,13237,6545,44466,28,15,5,5
2021-04-27T23:59:59+02:00,2,3,1092,1410,2370,3917,3501,6138,5717,9854,10641,13359,18608,21012,15094,18976,4868,9090,0,1,255,285,626,1157,907,2080,1168,3093,1733,2636,1294,1211,7467,9869,4414,8184,88208,40827,13183,5511,44242,23,14,5,5
2021-04-26T23:59:59+02:00,2,3,1052,1380,2279,3824,3374,6037,5548,9733,10337,13098,18546,20957,15085,18958,4866,9090,0,1,254,284,625,1155,901,2075,1161,3090,1715,2627,1279,1198,7458,9849,4414,8184,86865,40739,13172,5490,44113,22,14,5,5
2021-04-25T23:59:59+02:00,2,3,1049,1378,2271,3820,3367,6032,5528,9724,10302,13067,18536,20943,15084,18952,4866,9089,0,1,253,284,625,1154,901,2074,1159,3090,1715,2627,1279,1198,7458,9847,4414,8184,86838,40736,13164,5487,43994,22,13,4,5
2021-04-24T23:59:59+02:00,2,2,1007,1265,2083,3282,3096,5416,5336,9311,9466,12021,17828,20046,14971,18792,4858,9078,0,1,251,283,623,1153,900,2073,1159,3089,1709,2622,1276,1193,7456,9845,4414,8183,80711,40708,13164,5483,43969,22,12,4,5
2021-04-23T23:59:59+02:00,1,2,974,1181,1971,2936,2913,4864,5139,8882,8910,11299,16195,18182,14822,18586,4850,9055,0,1,251,283,622,1153,898,2071,1157,3089,1708,2621,1271,1188,7452,9843,4414,8182,73675,40694,13163,5472,43909,22,11,4,5
2021-04-22T23:59:59+02:00,1,2,969,1169,1952,2920,2892,4844,5082,8836,8795,11194,16122,18104,14795,18556,4848,9050,0,1,249,283,618,1152,895,2070,1149,3077,1692,2601,1247,1166,7447,9835,4414,8182,73621,40680,13105,5361,43390,21,11,4,5
2021-04-21T23:59:59+02:00,1,2,959,1161,1938,2908,2864,4818,5034,8781,8687,11071,16034,18019,14766,18522,4848,9045,0,1,245,280,608,1143,881,2040,1138,3052,1682,2574,1234,1152,7221,9516,4413,8182,73576,40670,13047,4656,42820,20,11,4,5
2021-04-20T23:59:59+02:00,1,2,932,1113,1886,2794,2791,4655,4940,8602,8513,10862,15801,17737,14707,18463,4841,9039,0,1,232,277,590,1122,855,2008,1109,3026,1647,2533,1214,1138,7212,9511,4412,8182,73537,40649,11918,4389,42209,16,11,4,4
2021-04-19T23:59:59+02:00,1,2,923,1105,1852,2774,2741,4630,4816,8541,8313,10750,15709,17639,14685,18444,4841,9033,0,1,226,269,572,1101,836,1975,1091,2983,1601,2478,1196,1119,7205,9508,4410,8181,73136,40613,11897,4110,41751,14,11,4,4
2021-04-18T23:59:59+02:00,1,2,920,1104,1847,2768,2733,4618,4798,8530,8273,10707,15659,17580,14675,18427,4840,9031,0,1,226,269,572,1100,835,1975,1090,2983,1601,2477,1196,1118,7203,9507,4409,8181,73090,40606,11893,4108,41515,14,11,4,4
2021-04-17T23:59:59+02:00,0,2,888,1089,1798,2729,2665,4539,4643,8385,8008,10478,13286,14673,14476,18073,4823,8995,0,1,224,269,572,1097,831,1968,1078,2976,1591,2457,1156,1075,6870,9092,4384,8133,66249,39648,11893,4097,41393,14,11,4,4
2021-04-16T23:59:59+02:00,0,2,882,1083,1786,2718,2623,4499,4551,8301,7828,10283,10445,11411,14206,17654,4804,8940,0,1,223,265,570,1093,826,1964,1069,2973,1583,2444,1143,1061,6864,9086,4382,8130,58957,39568,11890,4080,41154,14,11,4,4
2021-04-15T23:59:59+02:00,0,2,870,1078,1764,2704,2580,4465,4433,8241,7597,10082,10194,11192,14144,17588,4797,8926,0,1,221,264,570,1091,825,1962,1066,2970,1580,2441,1137,1056,6862,9084,4382,8130,58931,39553,11888,4061,39823,13,11,4,4
2021-04-14T23:59:59+02:00,0,2,852,1051,1705,2623,2490,4341,4243,8057,7322,9798,9820,10707,13995,17407,4791,8914,0,1,197,239,529,1038,802,1895,1030,2890,1529,2378,1111,1026,6857,9076,4382,8129,58894,39537,10941,3546,38268,11,11,4,4
2021-04-13T23:59:59+02:00,0,2,828,1029,1668,2570,2421,4257,4142,7918,7109,9578,9412,10188,13849,17240,4786,8900,0,1,162,216,494,990,761,1801,995,2780,1476,2308,1092,991,6841,9065,4381,8129,58841,39472,9991,2991,37050,5,11,4,4
2021-04-12T23:59:59+02:00,0,2,823,1027,1649,2566,2392,4244,4089,7867,6968,9406,9145,9873,13786,17180,4775,8883,0,1,151,202,466,950,739,1737,975,2708,1432,2258,1070,974,6824,9045,4378,8124,58781,39355,9960,2659,35919,5,11,4,4
2021-04-11T23:59:59+02:00,0,2,822,1026,1638,2566,2378,4241,4066,7855,6903,9344,9012,9708,13759,17132,4770,8874,0,1,151,202,466,948,737,1735,973,2708,1430,2258,1070,974,6822,9045,4378,8124,58767,39345,9958,2658,35356,4,11,4,4
2021-04-10T23:59:59+02:00,0,2,806,1022,1609,2537,2341,4212,3996,7796,6770,9227,8453,8974,13092,16278,4759,8832,0,1,148,201,464,945,731,1732,973,2701,1421,2251,1056,958,6350,8545,4362,8108,55429,38272,9956,2656,35306,4,11,4,4
2021-04-09T23:59:59+02:00,0,2,785,994,1568,2488,2275,4132,3842,7636,6423,8894,7925,8315,12270,15254,4687,8693,0,1,146,199,462,939,724,1724,965,2691,1406,2240,1034,935,6108,8271,4342,8081,51439,37597,9949,2652,34780,4,11,4,4
2021-04-08T23:59:59+02:00,0,2,775,984,1541,2464,2209,4084,3709,7547,6167,8592,7307,7660,12107,15054,4676,8677,0,1,146,197,457,935,719,1717,957,2680,1397,2227,1022,932,6105,8269,4341,8081,51404,37574,9924,2590,32212,4,11,4,4
2021-04-07T23:59:59+02:00,0,2,768,975,1515,2446,2150,4045,3622,7477,5936,8327,6750,7025,11497,14305,4663,8649,0,1,127,190,425,888,673,1648,900,2610,1347,2158,1001,916,6097,8262,4340,8081,51373,37549,8767,2097,29998,4,10,4,4
2021-04-06T23:59:59+02:00,0,2,763,973,1503,2438,2121,4022,3549,7428,5755,8155,6304,6517,11293,14088,4648,8618,0,1,104,169,377,828,628,1573,856,2510,1294,2094,975,899,6077,8247,4338,8077,51304,37517,8582,1513,28278,4,9,4,4
2021-04-05T23:59:59+02:00,0,2,758,969,1487,2430,2095,4012,3498,7402,5611,8044,6099,6299,11226,14001,4642,8608,0,1,98,166,376,826,621,1564,847,2495,1281,2075,947,868,4970,6845,4262,7971,51104,34693,8578,1503,27488,4,9,4,4
2021-04-04T23:59:59+02:00,0,2,756,962,1485,2428,2091,4010,3480,7395,5601,8037,6088,6279,11211,13983,4640,8605,0,1,98,166,374,824,618,1559,840,2488,1266,2056,924,846,3960,5684,4196,7865,51088,32245,8576,1503,27376,4,9,4,4
2021-04-03T23:59:59+02:00,0,2,705,906,1403,2357,1968,3871,3220,7134,5139,7546,5743,5823,11039,13765,4612,8577,0,1,94,166,374,822,618,1557,839,2488,1266,2056,924,846,3960,5681,4196,7864,47848,32232,8576,1503,27373,4,9,4,4
2021-04-02T23:59:59+02:00,0,2,661,872,1347,2289,1870,3757,2967,6873,4621,7067,5350,5362,10937,13599,4607,8571,0,1,94,166,374,822,618,1557,838,2488,1264,2055,923,844,3958,5678,4195,7864,44911,32221,8575,1502,27254,4,8,4,4
2021-04-01T23:59:59+02:00,0,2,658,869,1338,2284,1850,3749,2938,6858,4546,6994,5241,5252,10898,13550,4606,8566,0,1,94,166,372,818,616,1553,838,2485,1260,2051,913,843,3953,5675,4194,7863,44894,32209,8430,1470,26863,4,8,4,4
2021-03-31T23:59:59+02:00,0,2,656,867,1330,2268,1842,3739,2910,6830,4483,6948,5101,5090,10383,12941,4602,8558,0,1,94,166,371,818,616,1553,838,2485,1258,2051,912,843,3953,5674,4194,7862,44881,32203,7297,1470,26361,4,8,3,4
2021-03-30T23:59:59+02:00,0,2,647,864,1311,2248,1813,3710,2873,6795,4397,6859,4932,4896,9856,12239,4595,8544,0,1,89,164,370,814,611,1551,833,2479,1250,2048,902,833,3945,5671,4193,7861,44857,32182,6108,1417,25605,4,8,3,4
2021-03-29T23:59:59+02:00,0,2,642,855,1298,2215,1795,3679,2842,6753,4325,6773,4732,4698,9770,12145,4592,8530,0,1,89,164,369,812,605,1547,830,2472,1244,2040,894,827,3937,5663,4193,7861,44787,32163,5890,1370,24958,3,8,3,4
2021-03-28T23:59:59+02:00,0,2,639,853,1295,2212,1780,3669,2826,6741,4290,6721,4637,4588,9734,12081,4587,8523,0,1,89,164,369,810,605,1547,827,2472,1242,2040,893,827,3936,5663,4193,7861,44765,32161,5881,1363,24521,3,8,3,4
2021-03-27T23:59:59+01:00,0,2,635,848,1285,2208,1763,3652,2798,6711,4127,6577,4058,4132,9505,11835,4574,8504,0,1,89,164,367,808,603,1545,825,2469,1234,2034,889,823,3756,5373,4086,7688,42818,31376,5877,1363,24508,3,8,3,4
2021-03-26T23:59:59+01:00,0,2,630,840,1277,2197,1741,3635,2773,6689,4051,6499,3649,3766,8903,11276,4561,8490,0,1,89,164,367,807,602,1542,821,2466,1225,2030,876,810,3028,4428,3877,7340,40877,29095,5864,1363,24227,3,8,3,4
2021-03-25T23:59:59+01:00,0,2,623,835,1264,2183,1722,3611,2714,6650,3967,6421,3475,3549,8792,11165,4555,8484,0,1,89,164,367,807,602,1541,821,2465,1223,2030,876,809,3027,4427,3876,7339,40863,29087,5756,1363,23382,2,8,3,4
2021-03-24T23:59:59+01:00,0,2,618,827,1231,2157,1677,3566,2636,6581,3810,6269,3156,3185,8381,10614,4546,8471,0,1,85,162,355,794,586,1523,788,2431,1173,1997,842,771,3018,4421,3876,7336,40839,28783,4997,1362,21880,2,8,3,4
2021-03-23T23:59:59+01:00,0,2,606,819,1206,2125,1635,3518,2554,6502,3661,6115,2775,2801,8164,10396,4538,8452,0,1,80,158,343,774,551,1492,727,2367,1072,1915,759,711,2981,4386,3872,7332,40794,28152,4706,1355,20359,2,8,2,4
2021-03-22T23:59:59+01:00,0,2,582,709,1169,2072,1602,3462,2501,6432,3520,5985,2532,2562,7832,10041,4522,8416,0,1,80,157,343,774,551,1490,725,2365,1069,1915,757,707,2977,4380,3870,7329,40325,28121,4384,1355,19222,2,8,2,4
2021-03-21T23:59:59+01:00,0,2,581,706,1163,2063,1590,3452,2484,6417,3482,5951,2390,2397,7739,9929,4513,8401,0,1,80,157,343,773,551,1490,724,2364,1069,1915,757,707,2977,4379,3870,7328,40320,28116,4370,1355,18560,2,8,2,4
2021-03-20T23:59:59+01:00,0,2,580,706,1161,2056,1583,3445,2478,6410,3464,5928,2357,2359,7247,9410,4496,8384,0,1,80,157,343,773,550,1490,722,2363,1069,1913,757,707,2977,4377,3868,7326,39275,28104,4358,1355,18423,2,8,2,4
2021-03-19T23:59:59+01:00,0,2,573,698,1142,2036,1548,3421,2410,6271,3400,5821,2175,2178,6938,9089,4474,8359,0,1,80,157,342,768,546,1487,717,2355,1061,1901,748,700,2547,3776,3445,6572,38665,25836,4341,1355,17519,0,8,2,4
2021-03-18T23:59:59+01:00,0,2,558,681,1122,2007,1521,3391,2370,6203,3325,5732,2021,1982,6817,8970,4468,8348,0,1,79,157,342,767,545,1487,716,2351,1057,1900,741,697,2497,3704,3418,6530,38644,25645,4329,1333,16536,0,7,2,4
2021-03-17T23:59:59+01:00,0,1,529,652,1077,1950,1484,3306,2293,6085,3172,5576,1766,1717,6651,8816,4458,8333,0,1,78,153,330,739,529,1443,694,2293,1019,1859,724,678,2255,3410,3331,6400,38571,24664,3802,1261,15484,0,7,2,4
2021-03-16T23:59:59+01:00,0,1,486,624,1037,1895,1432,3200,2228,5931,3056,5442,1566,1492,6515,8668,4447,8310,0,1,72,138,309,683,499,1367,665,2158,989,1731,674,628,2140,3272,3305,6313,38511,23905,3185,1029,14626,0,6,2,4
2021-03-15T23:59:59+01:00,0,1,474,612,1004,1845,1399,3133,2197,5846,2970,5358,1440,1358,5930,7979,4407,8246,0,1,69,131,295,625,484,1247,626,2027,948,1618,644,607,2102,3233,3290,6249,37270,23499,2833,695,14094,0,0,2,2
2021-03-14T23:59:59+01:00,0,1,469,605,995,1833,1395,3115,2181,5828,2935,5331,1397,1307,5534,7530,4384,8228,0,1,68,126,291,602,478,1220,620,1971,938,1593,644,607,2102,3233,3289,6247,36446,23493,2828,535,13792,0,0,2,2
2021-03-13T23:59:59+01:00,0,1,449,586,958,1783,1342,3051,1924,5241,2694,4917,1291,1194,4872,6680,4336,8154,0,1,68,126,290,599,476,1218,618,1969,937,1589,642,602,1739,2747,2762,5484,34758,21330,2824,535,11889,0,0,2,2
2021-03-12T23:59:59+01:00,0,1,433,565,937,1740,1311,2968,1721,4455,2488,4467,1219,1110,4171,5882,4289,8072,0,1,68,124,289,595,476,1215,616,1961,933,1583,639,596,1410,2199,2217,4688,33078,19073,2821,535,9928,0,0,2,2
2021-03-11T23:59:59+01:00,0,1,429,558,927,1726,1295,2949,1696,4419,2451,4430,1145,1054,4126,5845,4286,8068,0,1,68,116,283,573,461,1163,607,1912,914,1547,627,583,1404,2181,2208,4637,33039,18821,2724,463,9640,0,0,2,1
2021-03-10T23:59:59+01:00,0,1,410,546,881,1667,1239,2871,1622,4322,2384,4337,1111,1031,4110,5828,4285,8066,0,1,68,116,281,569,458,1156,602,1889,914,1542,622,575,1343,2094,2162,4580,33024,18533,2153,438,9532,0,0,2,1
2021-03-09T23:59:59+01:00,0,1,389,530,836,1618,1196,2807,1580,4239,2341,4284,1090,1020,4104,5821,4284,8065,0,1,66,115,280,568,457,1145,600,1876,907,1537,619,569,1137,1782,2044,4401,32978,17694,1707,409,9518,0,0,2,1
2021-03-08T23:59:59+01:00,0,1,382,519,825,1602,1187,2790,1572,4212,2328,4271,1077,1008,4067,5773,4282,8060,0,1,65,115,276,563,453,1139,598,1872,903,1535,619,569,1067,1691,1999,4356,32844,17435,1610,385,9500,0,0,2,1
2021-03-07T23:59:59+01:00,0,1,381,516,824,1601,1185,2788,1569,4205,2318,4266,1070,1000,4061,5767,4281,8059,0,1,63,112,267,541,441,1113,582,1772,868,1460,618,569,962,1560,1947,4285,32827,17068,1570,92,9493,0,0,2,1
2021-03-06T23:59:59+01:00,0,1,373,500,805,1568,1161,2730,1528,4137,2125,3769,1040,963,3887,5494,4179,7894,0,1,63,112,267,541,441,1112,582,1772,868,1460,618,569,959,1559,1944,4284,32108,17059,1570,92,8474,0,0,2,1
2021-03-05T23:59:59+01:00,0,1,360,461,773,1464,1111,2514,1453,3924,1911,3104,1009,918,3130,4527,3974,7550,0,1,63,111,266,538,438,1106,581,1767,864,1456,615,567,920,1501,1921,4242,29787,16864,1569,92,6826,0,0,2,1
2021-03-04T23:59:59+01:00,0,1,347,452,765,1444,1098,2491,1434,3895,1889,3085,995,914,3126,4523,3971,7548,0,1,62,109,263,535,434,1090,571,1745,863,1448,613,565,883,1447,1898,4205,29774,16702,1530,29,6672,0,0,2,1
2021-03-03T23:59:59+01:00,0,1,338,421,746,1393,1068,2408,1384,3740,1809,2988,962,868,3116,4517,3971,7545,0,1,61,108,260,532,433,1086,569,1736,860,1444,613,564,863,1394,1810,4058,29458,16364,1530,27,6285,0,0,2,1
2021-03-02T23:59:59+01:00,0,1,332,413,731,1370,1020,2363,1316,3655,1693,2889,874,803,3073,4478,3965,7540,0,1,61,108,259,528,432,1078,569,1730,860,1440,612,564,863,1394,1810,4058,28819,16339,1466,27,6229,0,0,2,1
2021-03-01T23:59:59+01:00,0,1,328,399,724,1323,1007,2305,1296,3572,1666,2839,855,794,3065,4468,3964,7540,0,1,61,107,258,524,427,1064,565,1717,851,1432,611,562,766,1239,1753,3978,28778,15888,1414,27,5952,0,0,2,1
2021-02-28T23:59:59+01:00,0,1,323,387,716,1284,993,2228,1282,3484,1643,2760,851,784,3063,4464,3963,7537,0,1,61,107,257,524,427,1063,565,1717,849,1432,611,561,669,1114,1705,3897,28762,15533,1410,26,5589,0,0,2,1
2021-02-27T23:59:59+01:00,0,1,314,366,702,1257,974,2192,1247,3415,1620,2707,833,768,3060,4464,3962,7537,0,1,60,107,257,524,427,1063,564,1717,847,1432,611,561,669,1114,1705,3897,28758,15529,1410,26,5249,0,0,2,1
2021-02-26T23:59:59+01:00,0,1,288,315,655,1193,910,2073,1157,3248,1515,2569,804,745,2623,3858,3535,6760,0,1,60,107,254,521,427,1061,562,1715,844,1426,607,559,662,1102,1696,3878,26465,15455,1410,26,4372,0,0,2,1
2021-02-25T23:59:59+01:00,0,1,283,302,641,1163,888,2031,1138,3182,1497,2524,801,741,2576,3786,3505,6716,0,1,58,104,250,513,427,1057,557,1705,841,1415,601,555,585,993,1649,3820,26246,15106,1410,24,4117,0,0,2,1
2021-02-24T23:59:59+01:00,0,1,264,292,590,1117,841,1963,1080,3087,1453,2466,784,722,2335,3484,3415,6578,0,1,57,99,245,506,421,1038,548,1683,838,1395,594,543,571,973,1638,3797,25245,14930,1410,16,3815,0,0,2,1
2021-02-23T23:59:59+01:00,0,1,252,271,561,1061,804,1888,1012,2937,1379,2364,732,672,2220,3344,3389,6485,0,1,57,97,243,500,421,1022,538,1651,830,1373,585,536,555,922,1626,3744,24439,14684,1405,16,3526,0,0,2,1
2021-02-22T23:59:59+01:00,0,1,248,265,548,998,784,1812,986,2843,1343,2304,707,650,2190,3307,3380,6422,0,1,57,96,237,494,419,1009,529,1633,826,1348,571,522,532,896,1620,3688,24033,14462,1405,15,3348,0,0,2,1
2021-02-21T23:59:59+01:00,0,1,245,258,539,973,771,1775,978,2795,1313,2278,707,648,2188,3307,3379,6421,0,1,57,96,236,494,419,1009,529,1633,826,1347,571,521,532,896,1620,3687,24027,14458,1405,15,3142,0,0,2,1
2021-02-20T23:59:59+01:00,0,1,167,228,470,924,702,1698,908,2706,1228,2179,692,633,1814,2789,2823,5617,0,1,57,96,236,494,419,1009,529,1632,826,1347,571,521,532,896,1619,3687,21749,14456,1405,15,2423,0,0,2,1
2021-02-19T23:59:59+01:00,0,1,84,167,358,843,575,1566,776,2557,1092,2026,676,611,1506,2274,2273,4825,0,1,57,96,236,494,419,1008,529,1632,826,1347,571,521,527,894,1617,3681,19540,14440,1405,15,1263,0,0,2,1
2021-02-18T23:59:59+01:00,0,1,81,162,346,793,554,1477,743,2417,1059,1958,660,599,1497,2255,2264,4773,0,1,54,89,230,472,405,941,514,1552,806,1273,557,507,521,876,1614,3659,19296,14055,1379,15,962,0,0,2,1
2021-02-17T23:59:59+01:00,0,1,80,154,332,770,545,1444,714,2324,1022,1858,655,589,1439,2167,2216,4723,0,1,54,86,228,463,397,903,503,1487,787,1191,544,495,519,874,1614,3659,19035,13789,1306,15,690,0,0,2,1
2021-02-16T23:59:59+01:00,0,1,75,149,317,730,517,1370,682,2216,997,1753,644,582,1194,1820,2092,4540,0,1,53,77,227,456,391,873,490,1422,761,1125,523,482,517,874,1611,3658,18113,13538,1067,2,497,0,0,2,1
2021-02-15T23:59:59+01:00,0,1,70,133,291,625,482,1228,624,2003,946,1593,635,580,1110,1713,2040,4475,0,1,53,77,225,451,387,867,489,1418,759,1118,523,482,516,869,1610,3655,17781,13499,729,0,39,0,0,0,1
2021-02-14T23:59:59+01:00,0,1,69,126,286,598,477,1199,613,1949,932,1571,635,580,1011,1589,1993,4418,0,1,53,77,225,451,387,867,489,1416,759,1118,523,482,516,869,1610,3655,17451,13497,573,0,23,0,0,0,1
2021-02-13T23:59:59+01:00,0,1,69,125,286,597,476,1195,612,1947,930,1567,634,579,1010,1580,1989,4415,0,1,53,77,225,450,385,862,488,1411,757,1117,521,480,499,831,1351,3184,17416,12691,573,0,23,0,0,0,1
2021-02-12T23:59:59+01:00,0,1,68,125,285,596,472,1191,612,1944,927,1566,631,578,971,1528,1969,4373,0,1,53,77,225,446,381,853,483,1402,751,1110,514,472,481,790,987,2470,17244,11495,573,0,20,0,0,0,1
2021-02-11T23:59:59+01:00,0,1,67,117,282,583,459,1164,606,1918,920,1554,630,577,928,1470,1947,4334,0,1,53,74,210,415,367,806,466,1328,736,1078,511,471,481,790,986,2469,17063,11242,490,0,4,0,0,0,0
2021-02-10T23:59:59+01:00,0,1,66,117,279,580,457,1159,602,1901,915,1550,630,577,919,1454,1926,4289,0,1,52,64,177,337,313,704,416,1156,656,983,477,459,476,789,986,2468,16959,10514,462,0,1,0,0,0,0
2021-02-09T23:59:59+01:00,0,1,64,115,273,576,454,1146,601,1886,907,1544,629,576,907,1418,1856,4183,0,1,43,53,126,258,237,554,334,954,554,829,441,448,472,788,983,2468,16705,9543,431,0,0,0,0,0,0
2021-02-08T23:59:59+01:00,0,1,63,115,270,567,451,1139,599,1871,900,1536,627,573,804,1265,1799,4101,0,1,38,43,88,169,174,417,271,717,495,694,434,442,469,785,982,2468,16275,8687,406,0,0,0,0,0,0
2021-02-07T23:59:59+01:00,0,1,61,112,260,545,437,1108,583,1768,865,1457,626,572,702,1140,1750,4017,0,1,37,42,84,166,171,410,266,704,490,683,432,441,469,785,982,2467,15905,8630,99,0,0,0,0,0,0
2021-02-06T23:59:59+01:00,0,1,60,112,259,545,437,1108,581,1767,862,1454,623,570,700,1132,1744,4010,0,1,34,41,83,163,168,400,262,696,479,674,424,440,433,737,742,2074,15866,7851,99,0,0,0,0,0,0
2021-02-05T23:59:59+01:00,0,1,60,112,257,541,437,1106,580,1766,860,1452,621,570,690,1125,1738,3997,0,1,32,39,79,159,163,392,254,677,462,664,418,440,427,712,337,1441,15814,6697,99,0,0,0,0,0,0
2021-02-04T23:59:59+01:00,0,1,59,110,252,535,431,1090,564,1739,856,1438,614,560,604,1008,1687,3936,0,1,31,36,74,153,157,381,239,653,445,650,412,432,422,705,334,1434,15453,6559,31,0,0,0,0,0,0
2021-02-03T23:59:59+01:00,0,1,58,105,248,528,430,1071,561,1723,854,1423,610,550,593,998,1684,3922,0,1,24,28,60,122,123,280,175,511,335,500,306,330,337,548,256,1150,15330,5086,29,0,0,0,0,0,0
2021-02-02T23:59:59+01:00,0,1,58,103,245,523,430,1053,549,1691,846,1399,597,540,581,949,1674,3871,0,1,17,21,41,79,87,186,122,345,219,361,215,220,217,344,183,755,15081,3413,29,0,0,0,0,0,0
2021-02-01T23:59:59+01:00,0,1,58,101,241,515,428,1037,541,1669,842,1376,590,534,559,920,1666,3824,0,0,7,11,21,43,48,98,65,168,95,166,101,103,90,160,76,329,14873,1581,29,0,0,0,0,0,0
2021-01-31T23:59:59+01:00,0,1,58,101,240,514,426,1033,539,1664,840,1373,590,533,559,920,1666,3823,0,0,7,11,19,38,43,84,61,142,81,150,96,101,89,159,74,327,14851,1482,29,0,0,0,0,0,0
2021-01-30T23:59:59+01:00,0,1,58,101,240,514,426,1033,539,1664,840,1373,590,533,559,920,1666,3823,0,0,7,11,19,38,43,84,61,142,81,150,96,100,89,159,74,327,14851,1481,29,0,0,0,0,0,0
2021-01-29T23:59:59+01:00,0,1,58,101,240,514,426,1033,539,1664,840,1373,590,533,559,920,1666,3823,0,0,7,11,19,38,43,84,61,142,81,150,96,100,89,159,74,327,14851,1481,29,0,0,0,0,0,0
2021-01-28T23:59:59+01:00,0,1,56,93,236,485,414,966,521,1578,816,1292,577,518,553,903,1663,3804,0,0,3,2,5,6,11,16,19,34,22,33,17,22,21,34,19,99,14453,363,23,0,0,0,0,0,0
2021-01-27T23:59:59+01:00,0,1,54,89,236,475,406,927,511,1512,796,1209,565,505,551,901,1663,3804,0,0,3,2,5,6,9,16,19,33,21,31,17,21,21,34,19,99,14184,356,21,0,0,0,0,0,0
2021-01-26T23:59:59+01:00,0,1,53,83,231,472,399,898,500,1445,771,1142,543,492,549,901,1663,3804,0,0,1,2,5,6,9,15,17,29,17,26,15,18,19,32,19,91,13928,321,19,0,0,0,0,0,0
2021-01-25T23:59:59+01:00,0,1,53,83,228,466,396,892,500,1442,770,1137,543,492,549,898,1663,3802,0,0,0,0,0,0,0,2,0,0,0,0,1,1,0,2,0,0,13898,6,17,0,0,0,0,0,0
2021-01-24T23:59:59+01:00,0,1,53,83,228,466,396,892,500,1441,770,1137,543,492,549,898,1663,3802,0,0,0,0,0,0,0,2,0,0,0,0,1,1,0,2,0,0,13897,6,17,0,0,0,0,0,0
2021-01-23T23:59:59+01:00,0,1,53,83,228,465,395,888,500,1435,769,1135,540,490,532,860,1403,3324,0,0,0,0,0,0,0,1,0,0,0,0,1,1,0,2,0,0,13084,5,17,0,0,0,0,0,0
2021-01-22T23:59:59+01:00,0,1,53,83,227,461,390,878,495,1425,764,1128,534,481,515,818,1024,2583,0,0,0,0,0,0,0,1,0,0,0,0,1,1,0,2,0,0,11844,5,16,0,0,0,0,0,0
2021-01-21T23:59:59+01:00,0,1,53,80,208,427,363,822,467,1325,737,1093,530,481,515,818,1023,2582,0,0,0,0,0,0,0,1,0,0,0,0,1,1,0,2,0,0,11509,5,16,0,0,0,0,0,0
2021-01-20T23:59:59+01:00,0,1,51,70,181,355,322,737,424,1172,667,1003,494,470,510,818,1023,2581,0,0,0,0,0,0,0,1,0,0,0,0,1,1,0,2,0,0,10863,5,16,0,0,0,0,0,0
2021-01-19T23:59:59+01:00,0,1,44,57,137,277,248,579,347,990,577,863,459,458,506,816,1023,2581,0,0,0,0,0,0,0,0,0,0,0,0,1,0,0,2,0,0,9955,3,8,0,0,0,0,0,0
2021-01-18T23:59:59+01:00,0,1,40,44,88,176,179,429,280,727,505,706,451,451,503,812,1021,2581,0,0,0,0,0,0,0,0,0,0,0,0,0,0,0,1,0,0,8994,1,0,0,0,0,0,0,0
2021-01-17T23:59:59+01:00,0,1,37,43,85,173,175,421,276,716,500,693,449,451,503,812,1021,2580,0,0,0,0,0,0,0,0,0,0,0,0,0,0,0,0,0,0,8936,0,0,0,0,0,0,0,0
2021-01-16T23:59:59+01:00,0,1,34,42,83,171,171,412,269,709,485,684,440,449,464,765,774,2183,0,0,0,0,0,0,0,0,0,0,0,0,0,0,0,0,0,0,8136,0,0,0,0,0,0,0,0
2021-01-15T23:59:59+01:00,0,1,32,40,80,166,168,406,262,692,471,676,434,448,459,741,361,1541,0,0,0,0,0,0,0,0,0,0,0,0,0,0,0,0,0,0,6978,0,0,0,0,0,0,0,0
2021-01-14T23:59:59+01:00,0,1,32,38,78,160,163,401,254,679,460,668,431,445,459,740,361,1541,0,0,0,0,0,0,0,0,0,0,0,0,0,0,0,0,0,0,6911,0,0,0,0,0,0,0,0
2021-01-13T23:59:59+01:00,0,0,24,31,62,128,128,304,194,545,351,525,328,343,374,577,282,1246,0,0,0,0,0,0,0,0,0,0,0,0,0,0,0,0,0,0,5442,0,0,0,0,0,0,0,0
2021-01-12T23:59:59+01:00,0,0,17,24,46,89,93,216,140,393,238,389,236,235,247,371,205,845,0,0,0,0,0,0,0,0,0,0,0,0,0,0,0,0,0,0,3784,0,0,0,0,0,0,0,0
2021-01-11T23:59:59+01:00,0,0,9,15,27,49,62,139,88,220,125,208,116,112,106,179,93,374,0,0,0,0,0,0,0,0,0,0,0,0,0,0,0,0,0,0,1922,0,0,0,0,0,0,0,0
2021-01-10T23:59:59+01:00,0,0,8,15,23,44,55,110,80,179,105,175,110,108,102,177,90,374,0,0,0,0,0,0,0,0,0,0,0,0,0,0,0,0,0,0,1755,0,0,0,0,0,0,0,0
2021-01-09T23:59:59+01:00,0,0,8,15,23,44,55,110,80,179,105,175,110,107,102,177,90,374,0,0,0,0,0,0,0,0,0,0,0,0,0,0,0,0,0,0,1754,0,0,0,0,0,0,0,0
2021-01-08T23:59:59+01:00,0,0,8,14,22,43,52,103,75,168,99,172,107,103,97,168,88,364,0,0,0,0,0,0,0,0,0,0,0,0,0,0,0,0,0,0,1683,0,0,0,0,0,0,0,0
2021-01-07T23:59:59+01:00,0,0,3,3,5,7,11,17,20,34,24,36,17,22,23,35,23,107,0,0,0,0,0,0,0,0,0,0,0,0,0,0,0,0,0,0,387,0,0,0,0,0,0,0,0
2021-01-06T23:59:59+01:00,0,0,3,2,5,6,9,16,20,33,21,32,17,21,23,35,23,106,0,0,0,0,0,0,0,0,0,0,0,0,0,0,0,0,0,0,372,0,0,0,0,0,0,0,0
2021-01-05T23:59:59+01:00,0,0,3,2,5,6,9,16,20,33,21,32,17,21,23,35,23,106,0,0,0,0,0,0,0,0,0,0,0,0,0,0,0,0,0,0,372,0,0,0,0,0,0,0,0
2021-01-04T23:59:59+01:00,0,0,0,0,0,0,0,2,1,0,0,0,1,1,0,2,0,0,0,0,0,0,0,0,0,0,0,0,0,0,0,0,0,0,0,0,7,0,0,0,0,0,0,0,0
2021-01-03T23:59:59+01:00,0,0,0,0,0,0,0,2,1,0,0,0,1,1,0,2,0,0,0,0,0,0,0,0,0,0,0,0,0,0,0,0,0,0,0,0,7,0,0,0,0,0,0,0,0
2021-01-02T23:59:59+01:00,0,0,0,0,0,0,0,1,1,0,0,0,1,1,0,2,0,0,0,0,0,0,0,0,0,0,0,0,0,0,0,0,0,0,0,0,6,0,0,0,0,0,0,0,0
2021-01-01T23:59:59+01:00,0,0,0,0,0,0,0,1,1,0,0,0,1,1,0,2,0,0,0,0,0,0,0,0,0,0,0,0,0,0,0,0,0,0,0,0,6,0,0,0,0,0,0,0,0
2020-12-31T23:59:59+01:00,0,0,0,0,0,0,0,1,1,0,0,0,1,1,0,2,0,0,0,0,0,0,0,0,0,0,0,0,0,0,0,0,0,0,0,0,6,0,0,0,0,0,0,0,0
2020-12-30T23:59:59+01:00,0,0,0,0,0,0,0,1,1,0,0,0,1,1,0,2,0,0,0,0,0,0,0,0,0,0,0,0,0,0,0,0,0,0,0,0,6,0,0,0,0,0,0,0,0
2020-12-29T23:59:59+01:00,0,0,0,0,0,0,0,1,1,0,0,0,1,0,0,2,0,0,0,0,0,0,0,0,0,0,0,0,0,0,0,0,0,0,0,0,5,0,0,0,0,0,0,0,0
2020-12-28T23:59:59+01:00,0,0,0,0,0,0,0,1,0,0,0,0,1,0,0,1,0,0,0,0,0,0,0,0,0,0,0,0,0,0,0,0,0,0,0,0,3,0,0,0,0,0,0,0,0
2020-12-27T23:59:59+01:00,0,0,0,0,0,0,0,0,0,0,0,0,0,0,0,0,0,0,0,0,0,0,0,0,0,0,0,0,0,0,0,0,0,0,0,0,0,0,0,0,0,0,0,0,0
