Datum,<15_m,<15_w,15-24_1_m,15-24_1_w,25-34_1_m,25-34_1_w,35-44_1_m,35-44_1_w,45-54_1_m,45-54_1_w,55-64_1_m,55-64_1_w,65-74_1_m,65-74_1_w,75-84_1_m,75-84_1_w,>84_1_m,>84_1_w,<24_2_m,<24_2_w,25-34_2_m,25-34_2_w,35-44_2_m,35-44_2_w,45-54_2_m,45-54_2_w,55-64_2_m,55-64_2_w,65-74_2_m,65-74_2_w,75-84_2_m,75-84_2_w,>84_2_m,>84_2_w,bp_1,bp_2,mo_1,mo_2,az_1,az_2,ja,unb_1,unb_2
2021-10-20T23:59:59+02:00,2059,1845,15086,14329,18028,16837,21175,21446,27760,28826,34328,35183,25946,28785,17619,22508,5365,10163,13652,12935,16835,15553,20034,20039,26327,27124,32856,33636,25206,27952,17134,21824,5183,9674,250774,236468,32453,30425,46599,44888,17396,95,42
2021-10-19T23:59:59+02:00,2050,1839,15067,14301,18008,16817,21159,21433,27748,28809,34308,35169,25933,28775,17616,22501,5364,10163,13633,12897,16801,15516,20004,20015,26304,27100,32824,33612,25188,27934,17126,21807,5178,9667,250570,236104,32453,30424,46599,44888,17372,95,42
2021-10-18T23:59:59+02:00,2045,1832,15045,14283,17990,16797,21135,21410,27734,28797,34295,35156,25931,28769,17614,22498,5361,10162,13607,12867,16785,15489,19983,19991,26286,27075,32809,33592,25176,27926,17122,21799,5175,9665,250389,235847,32441,30412,46599,44886,17359,95,42
2021-10-17T23:59:59+02:00,2041,1830,15026,14273,17987,16791,21131,21404,27728,28788,34292,35151,25926,28766,17612,22498,5360,10159,13582,12847,16765,15473,19969,19974,26271,27067,32800,33581,25167,27918,17118,21798,5172,9660,250308,235669,32440,30412,46599,44880,17350,95,42
2021-10-16T23:59:59+02:00,2041,1829,15026,14271,17987,16791,21130,21404,27728,28788,34292,35151,25926,28766,17612,22498,5360,10159,13582,12847,16765,15473,19969,19974,26271,27067,32800,33581,25167,27918,17118,21798,5172,9660,250304,235669,32440,30412,46599,44880,17350,95,42
2021-10-15T23:59:59+02:00,2036,1814,14995,14238,17968,16769,21105,21390,27713,28778,34278,35145,25926,28763,17611,22494,5360,10156,13514,12794,16734,15439,19931,19949,26249,27044,32789,33565,25164,27915,17113,21795,5171,9659,250137,235356,32415,30377,46599,44880,17322,95,42
2021-10-14T23:59:59+02:00,2009,1797,14904,14172,17908,16716,21068,21358,27677,28748,34249,35123,25918,28755,17607,22486,5359,10150,13416,12698,16668,15378,19885,19880,26191,26993,32749,33529,25146,27892,17099,21776,5169,9656,249736,234829,32359,30227,46599,44880,17244,95,42
2021-10-13T23:59:59+02:00,1994,1788,14872,14127,17884,16687,21052,21339,27653,28732,34228,35110,25910,28744,17599,22478,5358,10147,13371,12658,16640,15343,19849,19834,26163,26968,32720,33488,25126,27871,17089,21750,5164,9649,249452,234380,32357,30223,46599,44880,17228,95,42
2021-10-12T23:59:59+02:00,1985,1783,14843,14094,17865,16660,21025,21317,27636,28710,34208,35093,25904,28737,17595,22472,5357,10144,13330,12612,16616,15300,19815,19799,26138,26941,32692,33465,25109,27848,17078,21728,5154,9618,249189,233928,32355,30221,46598,44880,17220,95,42
2021-10-11T23:59:59+02:00,1978,1775,14821,14081,17851,16643,21011,21305,27624,28701,34198,35079,25900,28730,17591,22467,5357,10140,13295,12581,16600,15272,19796,19775,26121,26913,32666,33437,25091,27827,17071,21716,5153,9608,249029,233608,32355,30221,46597,44880,17205,95,42
2021-10-10T23:59:59+02:00,1966,1762,14803,14063,17834,16628,21002,21291,27618,28698,34187,35072,25900,28726,17590,22464,5354,10140,13268,12558,16573,15244,19776,19755,26105,26896,32653,33422,25083,27817,17066,21713,5151,9605,248889,233359,32355,30221,46597,44876,17191,95,42
2021-10-09T23:59:59+02:00,1966,1762,14803,14063,17833,16627,21001,21291,27618,28698,34186,35071,25900,28724,17590,22464,5354,10140,13268,12558,16572,15244,19775,19755,26105,26895,32652,33420,25083,27815,17066,21713,5151,9605,248888,233358,32355,30220,46597,44876,17185,95,42
2021-10-08T23:59:59+02:00,1949,1747,14766,14041,17805,16603,20978,21275,27599,28684,34172,35057,25895,28723,17590,22462,5353,10138,13191,12470,16518,15193,19722,19715,26076,26863,32631,33399,25072,27804,17061,21708,5149,9604,248694,232854,32337,30203,46597,44876,17143,95,42
2021-10-07T23:59:59+02:00,1927,1727,14696,13968,17739,16550,20933,21214,27552,28655,34122,35027,25871,28701,17582,22450,5352,10134,13094,12396,16456,15122,19674,19667,26004,26812,32583,33355,25047,27782,17043,21689,5141,9586,248235,232336,32279,30043,46596,44875,17024,95,42
2021-10-06T23:59:59+02:00,1918,1709,14660,13934,17716,16522,20915,21190,27522,28624,34088,35006,25857,28689,17577,22445,5349,10131,13067,12355,16431,15094,19649,19642,25976,26786,32560,33325,25035,27769,17033,21677,5139,9580,247933,232021,32279,30043,46596,44875,16976,95,42
2021-10-05T23:59:59+02:00,1911,1697,14636,13899,17683,16506,20895,21168,27500,28598,34068,34979,25840,28673,17568,22435,5349,10128,13034,12323,16405,15076,19628,19618,25955,26759,32538,33307,25029,27760,17026,21670,5135,9575,247638,231732,32278,30043,46595,44874,16954,95,42
2021-10-04T23:59:59+02:00,1899,1692,14591,13862,17652,16478,20876,21147,27476,28573,34052,34959,25833,28656,17565,22430,5348,10124,13000,12286,16385,15045,19615,19593,25931,26731,32521,33279,25018,27750,17020,21662,5133,9571,247384,231442,32254,30040,46594,44873,16912,95,42
2021-10-03T23:59:59+02:00,1887,1686,14571,13834,17635,16462,20865,21138,27468,28562,34042,34950,25824,28651,17558,22422,5347,10122,12978,12268,16361,15028,19605,19583,25921,26718,32510,33266,25007,27739,17020,21654,5133,9571,247249,231291,32245,30036,46591,44872,16869,95,42
2021-10-02T23:59:59+02:00,1886,1686,14569,13833,17634,16461,20865,21137,27468,28562,34041,34950,25824,28650,17558,22422,5347,10122,12978,12267,16361,15028,19605,19583,25921,26718,32510,33266,25007,27739,17020,21654,5133,9571,247240,231290,32245,30036,46591,44872,16869,95,42
2021-10-01T23:59:59+02:00,1873,1667,14508,13773,17573,16411,20823,21096,27437,28544,34016,34932,25816,28647,17558,22417,5347,10119,12876,12163,16281,14970,19546,19535,25885,26683,32479,33238,24992,27724,17016,21646,5132,9569,246930,230718,32213,30026,46591,44872,16753,95,42
2021-09-30T23:59:59+02:00,1860,1647,14406,13689,17507,16354,20762,21043,27380,28486,33958,34905,25794,28631,17549,22407,5345,10116,12765,12088,16205,14922,19497,19482,25830,26625,32424,33210,24971,27701,17010,21634,5129,9568,246566,230407,32085,29846,46588,44864,16530,95,42
2021-09-29T23:59:59+02:00,1846,1627,14382,13666,17484,16313,20725,21014,27353,28454,33932,34883,25774,28615,17543,22397,5345,10115,12733,12055,16184,14894,19484,19463,25815,26607,32406,33187,24956,27688,17000,21621,5126,9564,246224,230128,32085,29846,46588,44863,16501,95,42
2021-09-28T23:59:59+02:00,1829,1618,14354,13634,17455,16279,20698,20979,27321,28431,33905,34858,25760,28595,17533,22387,5342,10109,12694,12023,16162,14866,19469,19437,25795,26596,32393,33166,24950,27677,16997,21615,5124,9563,245871,229868,32084,29846,46588,44862,16474,95,42
2021-09-27T23:59:59+02:00,1821,1613,14326,13609,17436,16257,20673,20956,27299,28412,33886,34837,25752,28582,17531,22379,5342,10106,12656,11989,16141,14844,19443,19421,25775,26574,32384,33146,24942,27664,16991,21608,5122,9562,245653,229636,32084,29846,46588,44856,16422,95,42
2021-09-26T23:59:59+02:00,1817,1608,14311,13591,17416,16240,20662,20941,27284,28398,33878,34824,25741,28577,17527,22378,5341,10105,12640,11969,16126,14827,19430,19409,25766,26563,32373,33135,24936,27662,16988,21604,5121,9561,245506,229505,32084,29845,46588,44856,16391,95,42
2021-09-25T23:59:59+02:00,1814,1606,14298,13575,17398,16230,20641,20931,27265,28382,33865,34816,25734,28572,17522,22375,5340,10103,12629,11955,16110,14818,19410,19398,25751,26546,32361,33127,24930,27657,16983,21601,5121,9559,245464,229478,32084,29845,46588,44856,16260,95,42
2021-09-24T23:59:59+02:00,1796,1582,14217,13495,17330,16178,20586,20881,27226,28339,33827,34785,25716,28561,17512,22365,5338,10099,12531,11854,16027,14752,19356,19337,25704,26511,32315,33097,24907,27636,16974,21589,5119,9555,245070,228963,32065,29841,46588,44856,16039,95,42
2021-09-23T23:59:59+02:00,1775,1562,14113,13396,17239,16092,20494,20805,27145,28282,33779,34725,25689,28538,17500,22346,5334,10092,12441,11779,15958,14686,19282,19289,25646,26454,32269,33061,24887,27617,16968,21578,5116,9550,244582,228635,31965,29803,46588,44856,15700,95,42
2021-09-22T23:59:59+02:00,1756,1550,14076,13346,17189,16050,20443,20758,27107,28235,33728,34674,25659,28511,17492,22324,5330,10088,12399,11733,15912,14653,19252,19260,25617,26426,32220,33027,24859,27592,16962,21564,5112,9541,244163,228315,31940,29794,46588,44854,15553,95,42
2021-09-21T23:59:59+02:00,1743,1535,14013,13293,17167,16001,20410,20719,27077,28195,33694,34653,25646,28494,17480,22300,5322,10060,12351,11673,15883,14625,19219,19221,25590,26398,32195,33000,24838,27575,16959,21555,5110,9530,243675,227933,31936,29745,46588,44852,15531,95,42
2021-09-20T23:59:59+02:00,1733,1528,13960,13254,17130,15961,20369,20687,27035,28156,33659,34619,25626,28467,17472,22283,5311,10033,12297,11637,15850,14603,19190,19195,25562,26375,32173,32976,24825,27562,16956,21547,5105,9516,243236,227636,31935,29745,46588,44852,15452,95,42
2021-09-19T23:59:59+02:00,1728,1519,13935,13229,17099,15939,20342,20668,27014,28128,33646,34606,25618,28458,17469,22280,5310,10031,12272,11617,15828,14583,19176,19176,25549,26364,32163,32966,24819,27557,16950,21541,5104,9516,243007,227470,31934,29744,46588,44850,15418,95,42
2021-09-18T23:59:59+02:00,1726,1515,13923,13217,17088,15932,20332,20661,27007,28124,33640,34602,25618,28458,17469,22279,5310,10031,12265,11609,15818,14578,19166,19173,25542,26360,32158,32964,24819,27557,16950,21541,5104,9516,242971,227451,31921,29739,46588,44850,15380,95,42
2021-09-17T23:59:59+02:00,1703,1481,13820,13103,16980,15857,20251,20590,26937,28064,33587,34558,25595,28435,17457,22268,5309,10028,12178,11530,15717,14501,19078,19101,25473,26293,32096,32921,24800,27537,16940,21523,5103,9512,242506,227010,31874,29727,46588,44849,14983,95,42
2021-09-16T23:59:59+02:00,1676,1443,13721,12993,16892,15762,20160,20500,26836,27977,33512,34492,25563,28402,17443,22244,5302,10007,12089,11450,15647,14438,18997,19022,25384,26211,32035,32866,24758,27499,16930,21510,5100,9501,241892,226544,31777,29667,46588,44847,14596,95,42
2021-09-15T23:59:59+02:00,1658,1434,13661,12941,16840,15700,20114,20449,26780,27926,33460,34436,25537,28370,17428,22215,5295,9984,12028,11388,15593,14387,18945,18971,25323,26162,31977,32810,24725,27466,16914,21491,5096,9490,241473,226108,31756,29651,46584,44845,14343,95,42
2021-09-14T23:59:59+02:00,1642,1423,13597,12873,16767,15649,20054,20401,26730,27870,33410,34385,25516,28351,17415,22204,5291,9979,11965,11325,15520,14327,18892,18926,25275,26108,31920,32757,24694,27443,16900,21475,5096,9485,241074,225714,31704,29557,46584,44845,14123,95,42
2021-09-13T23:59:59+02:00,1620,1407,13559,12836,16739,15621,20035,20376,26708,27845,33390,34361,25506,28344,17410,22193,5291,9976,11922,11291,15487,14304,18869,18896,25250,26080,31893,32734,24684,27433,16887,21466,5093,9484,240791,225403,31703,29555,46579,44843,14071,95,42
2021-09-12T23:59:59+02:00,1609,1404,13527,12813,16697,15605,20021,20365,26697,27827,33384,34349,25500,28337,17409,22189,5291,9973,11879,11271,15441,14286,18845,18875,25234,26067,31879,32720,24676,27424,16884,21462,5092,9481,240632,225188,31703,29555,46577,44842,14012,95,42
2021-09-11T23:59:59+02:00,1598,1403,13511,12801,16683,15596,20011,20362,26685,27821,33380,34345,25496,28336,17408,22188,5289,9973,11812,11220,15425,14278,18837,18864,25221,26056,31871,32707,24674,27422,16883,21461,5092,9481,240566,224864,31683,29553,46577,44842,13985,95,42
2021-09-10T23:59:59+02:00,1559,1357,13362,12673,16611,15518,19904,20277,26602,27757,33318,34290,25456,28305,17392,22165,5283,9968,11691,11114,15339,14195,18728,18780,25127,25999,31797,32649,24632,27391,16866,21441,5087,9476,239967,224305,31665,29542,46577,44842,13511,95,42
2021-09-09T23:59:59+02:00,1536,1336,13291,12607,16557,15466,19850,20240,26550,27690,33276,34250,25428,28287,17387,22152,5279,9961,11628,11041,15288,14143,18673,18749,25071,25958,31751,32615,24610,27376,16853,21431,5084,9465,239596,223932,31589,29503,46577,44842,13303,95,42
2021-09-08T23:59:59+02:00,1521,1319,13262,12583,16541,15442,19830,20227,26534,27678,33263,34239,25416,28279,17381,22146,5276,9958,11583,10997,15262,14125,18661,18732,25053,25933,31730,32604,24596,27361,16851,21425,5084,9463,239376,223653,31589,29503,46573,44841,13279,95,42
2021-09-07T23:59:59+02:00,1488,1301,13204,12536,16501,15410,19807,20198,26497,27657,33229,34209,25392,28261,17375,22130,5271,9952,11525,10932,15208,14072,18624,18699,25006,25888,31678,32577,24568,27338,16843,21408,5079,9461,239143,223346,31504,29388,46573,44841,13120,95,42
2021-09-06T23:59:59+02:00,1473,1292,13175,12501,16478,15386,19788,20177,26480,27642,33218,34200,25389,28248,17372,22126,5268,9952,11504,10900,15189,14039,18602,18683,24990,25868,31656,32562,24557,27325,16842,21400,5076,9461,238923,223118,31504,29377,46573,44840,13087,95,42
2021-09-05T23:59:59+02:00,1463,1284,13159,12482,16461,15370,19777,20170,26474,27633,33208,34188,25387,28245,17370,22122,5268,9952,11485,10884,15163,14023,18591,18674,24983,25862,31647,32542,24554,27314,16839,21395,5074,9460,238797,222969,31504,29377,46573,44839,13061,95,42
2021-09-04T23:59:59+02:00,1463,1284,13158,12481,16461,15370,19775,20170,26473,27633,33208,34188,25387,28245,17370,22121,5268,9952,11485,10882,15161,14023,18586,18674,24982,25860,31647,32540,24553,27314,16839,21395,5074,9460,238795,222958,31504,29376,46573,44839,13057,95,42
2021-09-03T23:59:59+02:00,1436,1268,13055,12384,16404,15318,19737,20131,26431,27606,33171,34171,25369,28234,17366,22110,5266,9951,11344,10754,15095,13947,18515,18627,24911,25809,31588,32504,24520,27286,16826,21379,5071,9456,238295,222140,31504,29372,46573,44839,12958,95,42
2021-09-02T23:59:59+02:00,1421,1261,12991,12342,16361,15285,19703,20105,26397,27572,33146,34150,25354,28222,17361,22105,5266,9947,11268,10714,15047,13912,18477,18607,24878,25787,31550,32474,24501,27265,16820,21374,5071,9454,238073,221875,31440,29331,46569,44830,12829,95,42
2021-09-01T23:59:59+02:00,1398,1246,12955,12304,16340,15265,19684,20090,26379,27552,33125,34125,25344,28211,17355,22095,5263,9943,11227,10679,15027,13884,18457,18587,24857,25764,31525,32442,24487,27251,16812,21368,5069,9452,237774,221545,31440,29329,46568,44829,12814,95,42
2021-08-31T23:59:59+02:00,1366,1224,12900,12244,16295,15229,19651,20046,26334,27503,33086,34091,25328,28190,17349,22082,5259,9939,11155,10610,14979,13823,18405,18555,24807,25710,31467,32399,24456,27235,16803,21355,5066,9445,237467,221116,31377,29300,46568,44810,12626,95,42
2021-08-30T23:59:59+02:00,1342,1209,12859,12206,16270,15207,19631,20029,26311,27486,33064,34074,25317,28180,17349,22078,5257,9937,11077,10578,14952,13802,18383,18531,24779,25694,31440,32372,24445,27220,16797,21348,5063,9442,237216,220822,31377,29299,46568,44799,12566,95,42
2021-08-29T23:59:59+02:00,1336,1203,12845,12190,16259,15198,19622,20019,26308,27477,33057,34060,25312,28174,17347,22077,5257,9937,11059,10541,14942,13785,18367,18517,24766,25685,31432,32360,24436,27208,16795,21343,5063,9442,237112,220647,31377,29299,46568,44795,12542,95,42
2021-08-28T23:59:59+02:00,1329,1189,12813,12168,16244,15186,19611,20005,26301,27467,33048,34054,25310,28169,17346,22074,5257,9936,10983,10469,14908,13752,18320,18490,24730,25652,31389,32329,24419,27195,16786,21327,5063,9439,236949,220121,31377,29299,46568,44795,12534,95,42
2021-08-27T23:59:59+02:00,1310,1174,12750,12112,16198,15138,19552,19955,26246,27418,33005,34024,25292,28158,17342,22060,5257,9933,10946,10435,14868,13726,18304,18474,24695,25628,31361,32308,24406,27184,16783,21323,5063,9438,236524,219964,31377,29298,46568,44794,12376,95,42
2021-08-26T23:59:59+02:00,1290,1158,12681,12055,16152,15095,19507,19915,26192,27361,32954,33979,25262,28129,17335,22050,5254,9930,10876,10385,14821,13685,18258,18445,24650,25590,31315,32269,24384,27167,16775,21314,5063,9434,236156,219649,31318,29284,46568,44787,12176,95,42
2021-08-25T23:59:59+02:00,1273,1143,12658,12013,16132,15069,19485,19900,26165,27345,32919,33950,25244,28111,17328,22043,5253,9927,10827,10342,14790,13656,18225,18414,24628,25571,31282,32231,24371,27150,16768,21304,5061,9431,235846,219273,31318,29284,46562,44783,12149,95,42
2021-08-24T23:59:59+02:00,1246,1125,12598,11942,16075,15025,19440,19859,26118,27300,32874,33917,25224,28087,17316,22031,5252,9922,10748,10268,14746,13615,18179,18378,24577,25520,31240,32194,24347,27123,16753,21288,5060,9430,235535,218858,31193,29244,46562,44783,11977,95,42
2021-08-23T23:59:59+02:00,1233,1112,12559,11906,16050,15006,19419,19824,26097,27264,32844,33894,25210,28074,17312,22022,5252,9919,10693,10214,14716,13577,18141,18344,24550,25490,31205,32161,24334,27103,16746,21285,5058,9429,235233,218453,31192,29244,46561,44780,11926,95,42
2021-08-22T23:59:59+02:00,1225,1105,12544,11884,16035,14990,19412,19805,26085,27253,32833,33878,25199,28068,17310,22020,5249,9919,10664,10185,14695,13562,18121,18333,24537,25473,31190,32148,24326,27092,16744,21280,5057,9428,235068,218237,31192,29244,46561,44779,11908,95,42
2021-08-21T23:59:59+02:00,1137,1033,12469,11826,16023,14978,19402,19793,26075,27242,32823,33862,25194,28064,17307,22017,5249,9919,10640,10155,14678,13558,18113,18321,24528,25467,31183,32142,24323,27092,16743,21280,5057,9428,234694,218114,31186,29244,46561,44779,11887,95,42
2021-08-20T23:59:59+02:00,1117,1017,12408,11757,15964,14924,19340,19754,26021,27209,32773,33835,25179,28053,17298,22012,5248,9917,10585,10117,14636,13522,18073,18295,24493,25448,31153,32125,24314,27085,16737,21277,5057,9427,234195,217828,31186,29244,46561,44779,11799,95,42
2021-08-19T23:59:59+02:00,1091,993,12340,11701,15905,14892,19290,19703,25959,27159,32730,33800,25147,28030,17286,22001,5245,9915,10491,10041,14568,13483,18017,18257,24424,25405,31086,32080,24272,27066,16728,21260,5056,9424,233902,217391,31093,29235,46561,44771,11546,95,42
2021-08-18T23:59:59+02:00,1079,977,12299,11665,15876,14861,19262,19673,25929,27128,32693,33774,25128,28018,17281,21992,5243,9914,10436,9973,14521,13457,17967,18228,24378,25367,31027,32042,24250,27049,16722,21247,5052,9418,233583,216933,31092,29228,46560,44761,11472,95,42
2021-08-17T23:59:59+02:00,1052,952,12248,11623,15847,14819,19231,19641,25901,27105,32657,33736,25111,27998,17271,21975,5242,9909,10342,9891,14468,13409,17914,18174,24328,25326,30967,31998,24223,27025,16711,21227,5050,9411,233281,216334,30966,29168,46560,44758,11425,95,42
2021-08-16T23:59:59+02:00,1040,945,12216,11596,15830,14801,19213,19622,25878,27081,32638,33714,25091,27983,17263,21960,5239,9907,10287,9823,14443,13365,17890,18137,24284,25291,30930,31967,24196,26991,16696,21213,5050,9408,233052,215891,30966,29168,46560,44752,11353,95,42
2021-08-15T23:59:59+02:00,1032,945,12191,11580,15816,14784,19199,19607,25868,27072,32617,33699,25085,27974,17259,21949,5238,9907,10242,9788,14405,13342,17868,18115,24260,25277,30909,31941,24179,26983,16691,21205,5049,9406,232893,215605,30965,29168,46559,44747,11319,95,42
2021-08-14T23:59:59+02:00,1031,945,12190,11576,15816,14783,19196,19605,25867,27072,32617,33698,25085,27974,17259,21949,5238,9907,10076,9568,14299,13251,17793,18068,24211,25245,30869,31908,24164,26970,16688,21202,5047,9405,232884,214599,30965,29167,46559,44746,11314,95,42
2021-08-13T23:59:59+02:00,986,905,12037,11449,15763,14723,19130,19549,25796,27020,32565,33662,25060,27945,17248,21939,5237,9903,10023,9514,14258,13222,17754,18042,24179,25225,30845,31887,24153,26957,16682,21193,5047,9401,232049,214260,30964,29167,46559,44743,11261,93,42
2021-08-12T23:59:59+02:00,972,883,11980,11388,15714,14683,19094,19523,25751,26997,32519,33633,25035,27929,17239,21933,5237,9900,9932,9448,14184,13180,17693,17992,24113,25190,30791,31838,24125,26932,16666,21175,5045,9401,231818,213839,30940,29161,46559,44728,11008,93,42
2021-08-11T23:59:59+02:00,958,872,11945,11355,15695,14660,19061,19505,25729,26978,32494,33604,25016,27906,17235,21925,5236,9898,9859,9386,14132,13140,17646,17948,24072,25168,30751,31790,24095,26900,16650,21162,5044,9395,231524,213270,30939,29157,46558,44700,10966,93,42
2021-08-10T23:59:59+02:00,939,862,11857,11303,15643,14629,19017,19468,25674,26943,32437,33550,24999,27891,17228,21912,5235,9895,9764,9300,14079,13105,17614,17914,24024,25129,30698,31743,24062,26866,16643,21142,5040,9390,231142,212748,30807,29122,46556,44686,10892,93,42
2021-08-09T23:59:59+02:00,937,845,11829,11268,15627,14613,18995,19455,25642,26921,32408,33519,24991,27882,17222,21904,5235,9892,9710,9240,14038,13055,17577,17873,23993,25085,30663,31703,24048,26849,16638,21129,5038,9384,230903,212296,30807,29119,46555,44679,10835,93,42
2021-08-08T23:59:59+02:00,927,838,11793,11245,15606,14599,18975,19434,25617,26901,32386,33502,24983,27866,17215,21900,5234,9892,9635,9184,13989,13027,17550,17843,23960,25050,30631,31672,24035,26830,16630,21115,5037,9381,230712,211895,30807,29118,46555,44678,10753,93,42
2021-08-07T23:59:59+02:00,907,811,11696,11167,15563,14558,18933,19400,25578,26871,32340,33470,24966,27854,17206,21882,5233,9889,9011,8589,13545,12670,17338,17658,23809,24939,30479,31595,23976,26779,16609,21088,5032,9378,230124,208681,30807,29117,46555,44678,10752,93,42
2021-08-06T23:59:59+02:00,898,808,11666,11142,15547,14545,18922,19394,25563,26855,32331,33463,24962,27850,17201,21880,5233,9888,8427,7963,13030,12274,17109,17452,23664,24827,30385,31516,23945,26732,16597,21074,5029,9371,230074,205507,30685,29104,46555,44678,10748,93,42
2021-08-05T23:59:59+02:00,895,801,11626,11111,15505,14516,18881,19362,25517,26820,32283,33416,24921,27828,17199,21869,5233,9882,8372,7899,12981,12222,17059,17410,23600,24787,30309,31461,23898,26690,16583,21056,5027,9362,229846,205083,30684,29099,46554,44669,10493,93,42
2021-08-04T23:59:59+02:00,878,785,11596,11081,15486,14484,18848,19336,25490,26791,32238,33376,24906,27815,17194,21863,5231,9874,8282,7812,12924,12174,17007,17366,23543,24743,30249,31389,23861,26651,16573,21043,5025,9356,229580,204492,30682,29098,46552,44634,10370,93,42
2021-08-03T23:59:59+02:00,862,768,11549,11041,15463,14462,18817,19316,25464,26762,32203,33341,24886,27796,17184,21858,5227,9873,8199,7724,12854,12124,16939,17313,23483,24705,30206,31339,23825,26617,16558,21032,5022,9352,229244,203830,30681,29088,46551,44626,10308,93,42
2021-08-02T23:59:59+02:00,853,765,11514,11010,15441,14430,18790,19296,25435,26737,32171,33313,24872,27776,17176,21849,5226,9871,8103,7631,12774,12064,16879,17249,23426,24633,30156,31281,23807,26594,16537,21022,5020,9347,228964,203121,30681,29087,46551,44618,10240,93,42
2021-08-01T23:59:59+02:00,845,758,11487,10981,15430,14417,18775,19285,25416,26725,32154,33298,24868,27767,17175,21846,5224,9870,8035,7564,12713,12017,16835,17202,23390,24601,30129,31256,23791,26575,16533,21016,5018,9346,228820,202664,30676,29086,46551,44599,10185,93,42
2021-07-31T23:59:59+02:00,842,757,11484,10975,15428,14414,18771,19281,25415,26724,32151,33297,24868,27766,17175,21846,5224,9870,7882,7376,11941,11346,16279,16762,23294,24522,30064,31185,23762,26539,16521,20997,5017,9344,228790,199436,30675,29086,46551,44597,10183,93,42
2021-07-30T23:59:59+02:00,841,756,11471,10966,15425,14411,18764,19275,25408,26719,32141,33292,24867,27764,17175,21843,5224,9870,7601,7133,11399,10898,15799,16333,23157,24415,29955,31072,23725,26494,16504,20975,5017,9339,228722,196353,30674,29085,46549,44584,10178,93,42
2021-07-29T23:59:59+02:00,829,747,11431,10919,15387,14390,18724,19249,25371,26683,32088,33263,24849,27744,17164,21825,5224,9867,7227,6824,10734,10379,15281,15916,22980,24269,29807,30961,23670,26442,16475,20950,5013,9336,228400,192878,30673,29075,46549,44498,10043,93,42
2021-07-28T23:59:59+02:00,810,734,11384,10865,15363,14361,18693,19221,25345,26655,32061,33237,24833,27726,17159,21813,5223,9863,7060,6667,10589,10257,15169,15781,22887,24173,29705,30863,23627,26384,16457,20921,5012,9326,228070,191628,30673,29073,46544,44389,9970,93,42
2021-07-27T23:59:59+02:00,801,725,11339,10825,15320,14321,18652,19195,25316,26629,32025,33215,24817,27701,17152,21801,5222,9855,6838,6452,10427,10142,15025,15649,22783,24064,29597,30750,23575,26320,16441,20894,5009,9314,227749,190474,30673,28745,46543,44353,9857,93,42
2021-07-26T23:59:59+02:00,791,712,11289,10776,15294,14300,18635,19167,25288,26598,31993,33189,24802,27679,17140,21789,5221,9852,6721,6376,10330,10068,14958,15569,22701,24004,29532,30676,23542,26277,16429,20877,5005,9308,227450,189690,30671,28742,46542,44311,9762,93,42
2021-07-25T23:59:59+02:00,780,702,11261,10748,15272,14275,18615,19143,25261,26573,31972,33171,24785,27668,17136,21780,5220,9850,6645,6295,10261,10005,14885,15509,22647,23950,29476,30638,23511,26256,16417,20863,5005,9304,227252,189102,30671,28738,46541,44281,9658,93,42
2021-07-24T23:59:59+02:00,756,680,11184,10665,15233,14247,18591,19122,25241,26557,31960,33158,24785,27664,17133,21778,5220,9850,6246,5941,10113,9890,14509,15226,22423,23792,29358,30554,23475,26218,16400,20846,5002,9300,226872,186740,30671,28735,46541,44279,9650,93,42
2021-07-23T23:59:59+02:00,730,658,11116,10579,15203,14213,18563,19107,25220,26536,31945,33141,24774,27659,17131,21778,5220,9847,5876,5631,9991,9783,14162,14961,22227,23616,29238,30436,23423,26150,16389,20825,4998,9293,226483,184466,30671,28735,46541,44267,9635,93,42
2021-07-22T23:59:59+02:00,689,618,10961,10416,15106,14124,18475,19058,25140,26482,31872,33077,24738,27618,17116,21760,5216,9842,5558,5333,9722,9567,13578,14484,21907,23357,29006,30208,23322,26052,16346,20787,4994,9290,225529,181142,30670,28723,46540,44248,9479,93,42
2021-07-21T23:59:59+02:00,669,593,10896,10361,15069,14096,18435,19020,25100,26452,31833,33027,24713,27584,17100,21748,5213,9837,4942,4866,9280,9312,13194,14254,21675,23202,28820,30059,23257,25976,16321,20764,4992,9287,225098,179368,30659,27455,46537,44081,9362,93,42
2021-07-20T23:59:59+02:00,651,576,10839,10306,15043,14060,18400,18993,25069,26421,31797,32993,24693,27563,17095,21733,5210,9830,4802,4752,9130,9181,13027,14119,21562,23081,28689,29934,23177,25873,16299,20723,4985,9281,224720,178023,30659,27443,46535,43932,9267,93,42
2021-07-19T23:59:59+02:00,638,563,10801,10275,15011,14036,18376,18984,25040,26395,31764,32964,24676,27540,17089,21722,5208,9827,4722,4683,9032,9103,12909,14022,21464,22973,28590,29814,23121,25816,16274,20694,4980,9275,224471,177083,30659,27434,46526,43834,9162,93,42
2021-07-18T23:59:59+02:00,623,554,10748,10224,14976,14016,18351,18966,25020,26379,31741,32945,24666,27529,17083,21713,5207,9822,4614,4581,8898,8982,12782,13882,21378,22882,28517,29735,23092,25786,16265,20681,4977,9274,224196,176072,30659,27420,46526,43780,9091,93,42
2021-07-17T23:59:59+02:00,548,483,10458,9926,14863,13913,18260,18887,24914,26305,31633,32894,24631,27495,17070,21693,5205,9821,4566,4540,8844,8910,12546,13686,20952,22538,28387,29603,23055,25733,16256,20666,4976,9271,222635,174276,30659,27420,46524,43778,9090,93,42
2021-07-16T23:59:59+02:00,519,446,10323,9804,14803,13872,18207,18835,24878,26272,31613,32869,24622,27480,17067,21686,5205,9818,4519,4498,8768,8869,12174,13407,20407,22138,28254,29509,23006,25696,16247,20661,4974,9269,221966,172163,30659,27417,46523,43771,9080,93,42
2021-07-15T23:59:59+02:00,487,409,10185,9698,14735,13824,18151,18766,24823,26224,31563,32816,24597,27443,17049,21671,5198,9814,4307,4359,8439,8661,11658,13005,19299,21291,27837,29164,22836,25526,16182,20588,4964,9253,221235,167460,30657,27403,46522,43570,8948,93,42
2021-07-14T23:59:59+02:00,466,395,10156,9672,14698,13803,18121,18731,24785,26183,31512,32763,24567,27415,17038,21654,5197,9812,4183,4207,8182,8488,11428,12860,19120,21180,27690,29037,22771,25448,16148,20550,4959,9244,220864,165889,30657,27384,46521,43393,8835,93,42
2021-07-13T23:59:59+02:00,442,381,10106,9620,14668,13774,18094,18698,24748,26162,31477,32721,24551,27384,17027,21642,5196,9809,4086,4111,8007,8330,11227,12669,18984,21041,27536,28875,22674,25363,16113,20497,4955,9233,220453,164428,30657,27363,46520,43135,8779,93,42
2021-07-12T23:59:59+02:00,430,359,10060,9569,14641,13756,18064,18669,24711,26120,31443,32677,24527,27361,17012,21637,5193,9806,3980,4010,7836,8208,11068,12532,18868,20920,27413,28755,22600,25301,16086,20471,4954,9228,220081,163258,30656,27342,46519,42943,8687,93,42
2021-07-11T23:59:59+02:00,422,341,10029,9539,14619,13736,18047,18659,24689,26111,31422,32659,24515,27351,17010,21635,5193,9804,3910,3939,7718,8111,10920,12404,18742,20818,27312,28641,22556,25253,16065,20446,4952,9225,219884,162295,30653,27337,46518,42741,8634,93,42
2021-07-10T23:59:59+02:00,396,318,9916,9434,14565,13697,17997,18636,24665,26091,31403,32643,24507,27342,17006,21631,5191,9802,3875,3914,7659,8070,10885,12375,18713,20793,27283,28619,22548,25238,16061,20441,4952,9225,219356,161991,30652,27336,46515,42693,8625,93,42
2021-07-09T23:59:59+02:00,336,271,9657,9224,14464,13617,17919,18565,24579,26038,31354,32582,24484,27311,16992,21613,5191,9796,3808,3874,7522,7979,10667,12226,18488,20654,26867,28299,22363,25044,16006,20380,4949,9218,218135,159840,30652,27332,46514,42564,8600,93,42
2021-07-08T23:59:59+02:00,257,204,9463,9079,14361,13540,17824,18490,24520,25987,31271,32523,24456,27280,16979,21595,5187,9791,3652,3750,7211,7790,10314,11997,18141,20372,26563,28041,22188,24886,15938,20304,4942,9202,217024,157462,30649,27284,46501,41991,8541,93,42
2021-07-07T23:59:59+02:00,218,176,9374,8973,14320,13508,17787,18449,24466,25949,31229,32482,24431,27250,16967,21577,5187,9783,3470,3622,6890,7566,9373,11265,17555,19945,26161,27729,21951,24579,15861,20207,4928,9188,216384,154844,30646,25532,46499,41390,8505,93,42
2021-07-06T23:59:59+02:00,196,164,9294,8916,14269,13478,17751,18407,24424,25910,31168,32435,24395,27222,16952,21560,5185,9781,3353,3550,6685,7442,9103,11101,17309,19763,25884,27472,21794,24376,15780,20103,4915,9173,215818,152906,30631,25521,46496,40886,8470,93,42
2021-07-05T23:59:59+02:00,184,149,9208,8835,14228,13434,17716,18357,24388,25880,31123,32385,24371,27200,16943,21546,5184,9779,3302,3517,6557,7364,8954,10980,17163,19623,25713,27317,21651,24208,15730,20050,4904,9163,215270,151843,30631,25512,46494,40397,8423,93,42
2021-07-04T23:59:59+02:00,169,142,9157,8785,14195,13421,17690,18339,24362,25859,31102,32359,24356,27186,16937,21538,5183,9776,3252,3473,6492,7324,8866,10908,17076,19537,25584,27206,21526,24079,15688,19998,4902,9156,214995,151180,30630,25503,46479,40000,8360,93,42
2021-07-03T23:59:59+02:00,166,139,8651,8294,14036,13301,17590,18222,24267,25801,31038,32311,24335,27164,16925,21528,5181,9773,3192,3393,6372,7204,8692,10765,16858,19352,25195,26895,21411,23941,15658,19958,4898,9150,213180,149120,30629,25503,46479,39944,8342,93,42
2021-07-02T23:59:59+02:00,159,135,8083,7829,13890,13193,17498,18145,24197,25732,30978,32249,24297,27122,16919,21508,5179,9768,3081,3286,6100,7049,8435,10525,16488,19023,24718,26469,21184,23668,15589,19876,4892,9147,211345,146044,30629,25501,46476,39620,8339,93,42
2021-07-01T23:59:59+02:00,146,125,7955,7723,13807,13134,17428,18093,24129,25680,30925,32196,24269,27097,16909,21496,5178,9767,2892,3100,5751,6765,7997,10105,15897,18546,23946,25804,20693,23195,15462,19714,4880,9122,210556,141447,30624,25488,46470,38591,8315,93,42
2021-06-30T23:59:59+02:00,129,112,7809,7604,13742,13084,17376,18040,24077,25626,30865,32150,24238,27075,16895,21478,5178,9762,2795,3024,5595,6622,7769,9883,14938,17675,23331,25253,20333,22801,15329,19553,4866,9088,209989,139906,30450,23213,46466,37464,8243,93,42
2021-06-29T23:59:59+02:00,114,99,7742,7508,13695,13044,17338,17995,24024,25565,30815,32090,24218,27049,16885,21462,5175,9758,2736,2979,5464,6524,7615,9749,14769,17503,23089,25017,20072,22475,15230,19452,4854,9068,209360,138780,30448,23201,46463,36369,8213,93,42
2021-06-28T23:59:59+02:00,109,93,7677,7437,13628,12983,17289,17944,23982,25520,30758,32046,24201,27021,16878,21452,5173,9756,2705,2946,5397,6472,7522,9678,14672,17421,22937,24803,19869,22230,15175,19383,4850,9054,208817,138176,30446,23191,46455,35575,8137,93,42
2021-06-27T23:59:59+02:00,95,88,7629,7374,13596,12946,17260,17911,23963,25485,30731,32018,24189,27013,16871,21446,5173,9754,2683,2932,5347,6447,7449,9632,14576,17357,22841,24716,19742,22087,15144,19332,4846,9045,208461,137663,30446,23179,46449,35203,8094,93,42
2021-06-26T23:59:59+02:00,91,85,7123,6827,13204,12646,17146,17807,23897,25427,30695,31983,24180,26996,16867,21435,5172,9753,2582,2822,5157,6257,7248,9441,14029,16902,22178,24082,19594,21945,15099,19279,4844,9037,206275,134023,30444,23179,46449,35183,8094,73,22
2021-06-25T23:59:59+02:00,90,82,6644,6339,12746,12273,16986,17688,23806,25362,30615,31943,24157,26969,16862,21425,5170,9750,2479,2669,4982,6064,6989,9143,13496,16368,21625,23495,19398,21735,15041,19212,4840,9025,203865,130319,30444,23179,46449,34969,8077,73,22
2021-06-24T23:59:59+02:00,80,70,6423,6126,12521,12121,16880,17606,23732,25309,30557,31895,24123,26927,16856,21415,5168,9743,2272,2433,4612,5686,6489,8655,12772,15654,20472,22491,18934,21253,14936,19081,4828,9010,202593,124373,30442,23169,46442,34016,8003,73,22
2021-06-23T23:59:59+02:00,75,68,5849,5626,12357,12010,16761,17494,23657,25262,30493,31845,24089,26904,16849,21401,5164,9739,2233,2380,4549,5565,6397,8504,12538,15365,20228,22230,18635,20923,14839,18967,4817,8993,202078,123346,29107,23020,46432,32826,7954,73,22
2021-06-22T23:59:59+02:00,70,63,5708,5496,12257,11904,16673,17421,23598,25200,30424,31766,24062,26871,16839,21380,5160,9737,2181,2343,4454,5483,6272,8356,11668,14704,19814,21821,18300,20568,14731,18828,4807,8972,201141,122419,29100,21326,46412,31635,7904,73,22
2021-06-21T23:59:59+02:00,67,60,5572,5382,12180,11811,16609,17334,23541,25126,30374,31708,24037,26843,16826,21365,5160,9733,2148,2307,4394,5386,6185,8228,10886,13998,19360,21411,18074,20338,14670,18732,4798,8955,200313,121617,29094,19540,46407,30853,7842,73,22
2021-06-20T23:59:59+02:00,65,58,5455,5259,12014,11633,16543,17210,23492,25060,30332,31652,24021,26821,16820,21350,5155,9728,2130,2277,4353,5346,6114,8177,10783,13919,19248,21285,17916,20147,14604,18648,4794,8948,199309,121082,29090,19537,46401,30256,7796,73,22
2021-06-19T23:59:59+02:00,61,54,5437,5239,11243,10967,16063,16816,23430,25015,30288,31610,24003,26801,16812,21338,5155,9728,2057,2156,4148,5112,5830,7895,10455,13583,18191,20426,17743,19955,14571,18583,4789,8936,196703,116839,29090,19537,46400,30241,7795,73,22
2021-06-18T23:59:59+02:00,58,53,5401,5211,10598,10382,15449,16251,23338,24946,30218,31547,23976,26771,16801,21323,5154,9726,1987,2066,4007,4969,5552,7625,10072,13218,17039,19215,17540,19717,14522,18518,4786,8926,193856,112423,29082,19536,46400,29989,7793,73,22
2021-06-17T23:59:59+02:00,51,44,5287,5108,9919,9877,14960,15862,23238,24858,30136,31453,23936,26725,16787,21302,5153,9723,1858,1960,3749,4722,5164,7259,9531,12731,15850,18023,17080,19227,14381,18344,4773,8902,191272,107292,29079,19527,46397,29070,7654,18,15
2021-06-16T23:59:59+02:00,49,36,5155,4976,9724,9714,14815,15732,23145,24765,30036,31377,23892,26680,16772,21290,5152,9713,1816,1918,3642,4633,5061,7138,8498,11878,15578,17726,16784,18890,14246,18173,4767,8869,190098,106395,29068,17646,46395,28120,7445,18,15
2021-06-15T23:59:59+02:00,43,30,4973,4794,9540,9559,14679,15588,23053,24674,29960,31292,23849,26607,16746,21257,5144,9698,1756,1863,3561,4536,4966,7021,8382,11735,15397,17496,16464,18579,14104,18004,4745,8810,188782,105622,29065,17642,46376,26898,7246,18,15
2021-06-14T23:59:59+02:00,41,27,4896,4730,9449,9450,14602,15498,22981,24602,29889,31231,23817,26568,16731,21239,5141,9692,1734,1840,3525,4511,4925,6988,8281,11671,15260,17362,16284,18375,14011,17906,4740,8802,188038,105393,29059,17640,46370,26071,7100,18,15
2021-06-13T23:59:59+02:00,40,26,4838,4681,9364,9376,14517,15431,22919,24551,29822,31178,23791,26540,16722,21229,5141,9690,1685,1826,3482,4486,4869,6945,8208,11633,15160,17267,16127,18191,13957,17832,4733,8795,187456,105109,29053,17638,46354,25462,6976,18,15
2021-06-12T23:59:59+02:00,38,24,4819,4666,9337,9353,14278,15254,22789,24421,29777,31133,23770,26523,16713,21221,5140,9688,1562,1703,3245,4276,4462,6644,7660,11203,13381,15577,15773,17818,13877,17730,4731,8780,186547,98401,29053,17638,46354,25398,6974,17,15
2021-06-11T23:59:59+02:00,34,23,4766,4614,9256,9301,13956,15032,22593,24273,29681,31042,23733,26478,16695,21209,5139,9685,1462,1568,3054,4060,4164,6278,7148,10658,11737,13682,15292,17239,13764,17582,4716,8766,185189,91459,29048,17637,46352,25158,6905,17,15
2021-06-10T23:59:59+02:00,28,20,4481,4388,8708,8971,12680,14008,22026,23821,29307,30736,23597,26319,16643,21141,5126,9670,1340,1480,2818,3878,3836,5995,6711,10266,10320,12350,14778,16663,13592,17374,4701,8739,179847,86913,29030,17634,46347,23852,6431,16,15
2021-06-09T23:59:59+02:00,25,16,4248,4225,8116,8679,11778,13347,21705,23609,29077,30584,23534,26256,16623,21116,5123,9666,1253,1425,2665,3806,3694,5914,6504,10172,10055,12170,14453,16312,13420,17194,4694,8718,177733,86574,27761,17529,46341,22458,5877,16,15
2021-06-08T23:59:59+02:00,21,13,4118,4122,7715,8451,11291,13056,21479,23429,28876,30430,23476,26182,16591,21074,5117,9657,1176,1399,2529,3748,3534,5844,5607,9423,9582,11806,14115,15903,13194,16954,4680,8696,175976,86215,27389,15375,46316,21187,5402,16,15
2021-06-07T23:59:59+02:00,16,11,3997,4046,7475,8345,11001,12877,21275,23315,28721,30312,23418,26128,16573,21049,5113,9649,1128,1282,2407,3684,3404,5781,5441,9347,9371,11678,13884,15645,13038,16785,4673,8678,174743,86025,27379,15370,46308,19944,4876,16,15
2021-06-06T23:59:59+02:00,14,11,3880,3988,7238,8226,10751,12714,21088,23227,28635,30220,23387,26094,16561,21031,5110,9644,1108,1265,2343,3649,3307,5727,5334,9272,9252,11576,13728,15491,12965,16691,4670,8671,173592,85829,27361,15364,46298,19292,4553,16,15
2021-06-05T23:59:59+02:00,14,11,3851,3951,7199,8185,10574,12561,20460,22716,28473,30076,23337,26049,16547,21012,5110,9640,1076,1166,2176,3195,3074,5187,5165,8939,8472,10619,13075,14648,12853,16544,4659,8661,171551,80434,27361,15364,46297,19156,4543,15,15
2021-06-04T23:59:59+02:00,14,11,3821,3924,7160,8159,10476,12469,20095,22386,28369,29979,23302,26011,16533,21003,5108,9639,1044,1099,2078,2883,2914,4709,5008,8568,7955,9961,11574,12928,12726,16347,4652,8643,170264,74045,27348,15363,46296,19132,4537,15,15
2021-06-03T23:59:59+02:00,9,7,3685,3822,6941,8020,9921,12045,18871,21455,27971,29669,23168,25869,16480,20941,5104,9625,993,1054,1990,2772,2777,4550,4804,8262,7589,9511,11194,12528,12617,16233,4649,8630,165506,72253,27338,15360,46292,18075,4453,15,15
2021-06-02T23:59:59+02:00,9,7,3677,3814,6928,8002,9910,12034,18682,21274,27900,29620,23145,25848,16474,20932,5101,9623,988,1047,1978,2743,2754,4531,4593,8078,7053,9022,11157,12487,12602,16219,4645,8624,165436,72146,26793,13867,46292,18051,4445,15,15
2021-06-01T23:59:59+02:00,8,6,3549,3739,6686,7854,9626,11839,18227,20929,27662,29423,23051,25746,16433,20879,5098,9611,951,1000,1892,2673,2673,4457,4314,7844,6453,8489,10942,12273,12504,16118,4640,8612,163740,71700,26014,12574,46278,17229,4320,15,15
2021-05-31T23:59:59+02:00,8,6,3503,3694,6595,7786,9490,11737,18101,20839,27570,29346,22984,25684,16416,20850,5093,9604,921,973,1823,2630,2594,4414,4206,7780,6332,8414,10755,12103,12403,16002,4630,8604,162892,71332,25984,12567,46265,16522,4151,15,15
2021-05-30T23:59:59+02:00,8,5,3472,3669,6531,7730,9399,11644,18012,20760,27494,29275,22938,25639,16394,20823,5087,9594,914,964,1812,2620,2581,4402,4177,7755,6279,8372,10693,12023,12369,15959,4625,8595,162186,71289,25978,12564,46248,16227,4048,15,15
2021-05-29T23:59:59+02:00,8,5,3461,3650,6496,7703,9355,11605,17974,20720,27346,29169,22883,25565,16379,20803,5084,9590,878,945,1755,2574,2509,4318,3987,7500,6005,8073,8487,9361,12176,15617,4610,8566,161522,65034,25978,12562,46234,15704,4048,15,15
2021-05-28T23:59:59+02:00,8,5,3398,3595,6365,7626,9215,11473,17816,20588,27163,29047,22822,25487,16359,20785,5083,9589,865,932,1736,2551,2473,4263,3835,7204,5811,7809,5773,6243,11901,15218,4594,8517,160166,58138,25976,12562,46229,14973,4039,15,15
2021-05-27T23:59:59+02:00,8,5,3253,3471,6079,7446,8613,11140,17340,20250,26750,28699,22654,25322,16301,20722,5076,9571,817,874,1651,2454,2355,4129,3413,6232,5390,7209,5611,6068,11820,15144,4588,8500,156695,57654,25917,12515,46223,12222,3851,15,15
2021-05-26T23:59:59+02:00,8,5,3146,3386,5859,7279,8243,10855,16876,19944,26450,28461,22504,25189,16250,20648,5063,9551,800,864,1598,2429,2302,4098,3340,6157,5291,7137,5475,5941,11754,15076,4583,8488,153994,57572,25899,12513,46201,11626,3609,15,15
2021-05-25T23:59:59+02:00,8,5,3055,3324,5717,7163,8047,10691,15875,19167,26096,28106,22345,25032,16198,20568,5056,9541,781,847,1561,2381,2231,4038,3264,6086,5205,7074,5308,5771,11646,14995,4575,8476,152435,57502,23979,12323,46184,11017,3384,13,15
2021-05-24T23:59:59+02:00,8,5,2992,3308,5630,7118,7931,10629,14961,18478,25681,27795,22251,24927,16167,20532,5049,9529,772,845,1540,2364,2189,4001,3219,6038,5128,6994,5206,5663,11564,14919,4574,8470,151713,57464,21908,12247,46175,10579,3183,13,15
2021-05-23T23:59:59+02:00,8,4,2989,3303,5621,7110,7922,10621,14956,18477,25680,27794,22251,24927,16167,20532,5049,9529,770,842,1532,2357,2176,3988,3200,6023,5107,6961,5161,5611,11548,14895,4573,8468,151682,57456,21908,12247,46173,10331,3165,13,15
2021-05-22T23:59:59+02:00,7,4,2952,3259,5541,7058,7822,10534,14757,18314,25397,27548,22151,24840,16134,20488,5046,9524,748,822,1482,2302,2124,3906,3088,5901,4790,6387,4590,4863,10900,14071,4563,8429,150144,54209,21908,12247,46173,9358,3139,13,15
2021-05-21T23:59:59+02:00,5,4,2880,3186,5415,6959,7695,10387,14498,18085,25102,27312,22036,24732,16101,20440,5041,9515,719,769,1413,2173,2022,3637,2904,5568,4309,5492,4173,4324,10154,13129,4498,8303,148200,50458,21907,12247,46167,7761,3108,12,15
2021-05-20T23:59:59+02:00,5,4,2748,3027,5133,6703,7410,10017,14036,17602,24491,26761,21763,24436,16007,20319,5027,9485,705,758,1386,2149,1984,3603,2850,5513,4227,5413,4045,4221,10077,13066,4489,8291,144043,50362,21897,12235,46142,7285,2881,12,15
2021-05-19T23:59:59+02:00,5,4,2694,2975,5035,6561,7267,9835,12893,16566,24226,26470,21666,24306,15962,20258,5018,9478,688,732,1360,2101,1951,3517,2787,5366,4132,5305,3963,4129,10023,13001,4486,8287,142661,50331,19830,12169,46070,6667,2647,12,15
2021-05-18T23:59:59+02:00,5,4,2667,2951,4986,6528,7214,9803,12538,16291,24046,26317,21574,24217,15932,20205,5010,9466,659,674,1303,1973,1877,3316,2688,5158,4002,5108,3740,3851,9940,12921,4476,8277,142375,50307,18977,11167,46025,6109,2366,12,15
2021-05-17T23:59:59+02:00,5,4,2641,2932,4941,6458,7126,9695,12385,16112,23896,26154,21520,24167,15913,20182,5005,9458,651,660,1287,1937,1856,3269,2640,5050,3923,4994,3601,3699,9872,12858,4473,8269,141400,50284,18969,11157,46008,5378,2206,12,15
2021-05-16T23:59:59+02:00,5,4,2629,2919,4918,6391,7088,9612,12326,16038,23844,26093,21496,24150,15903,20168,5002,9455,646,655,1277,1934,1839,3260,2618,5038,3894,4970,3547,3632,9833,12826,4472,8267,140964,50269,18960,11146,45986,5160,2119,12,15
2021-05-15T23:59:59+02:00,4,4,2505,2782,4729,6185,6896,9424,11807,15619,23253,25544,21389,24032,15869,20125,4999,9447,596,593,1196,1845,1704,3107,2332,4730,3443,4459,3215,3203,9669,12621,4448,8238,137567,47310,18959,11146,45981,4835,2094,12,15
2021-05-14T23:59:59+02:00,4,4,2388,2606,4533,5962,6618,9112,11269,15107,22686,24974,21243,23892,15833,20067,4995,9436,534,515,1094,1724,1543,2892,2002,4326,2841,3870,2829,2766,9584,12472,4444,8234,133742,44377,18952,11144,45957,4069,2066,12,15
2021-05-13T23:59:59+02:00,4,4,2208,2321,4212,5580,6192,8641,10708,14418,21650,24059,20961,23618,15773,19968,4988,9421,530,515,1081,1709,1528,2874,1993,4302,2825,3849,2812,2752,9577,12468,4443,8234,127839,44325,18899,11135,45932,3974,2044,12,15
2021-05-12T23:59:59+02:00,4,4,2207,2319,4204,5579,6183,8635,10606,14296,21596,24019,20956,23607,15768,19960,4987,9421,523,493,1045,1654,1479,2795,1910,4215,2766,3790,2731,2657,9526,12395,4443,8234,127791,44322,18575,10308,45932,3971,2041,12,15
2021-05-11T23:59:59+02:00,4,4,2085,2280,4120,5516,6056,8520,10297,14045,21403,23857,20879,23535,15753,19927,4983,9416,498,469,984,1594,1409,2704,1811,4075,2693,3715,2577,2429,9461,12294,4442,8234,126843,44304,18238,9470,45648,3662,1939,12,15
2021-05-10T23:59:59+02:00,4,4,2044,2202,4013,5393,5920,8341,9509,13283,21023,23537,20788,23445,15715,19873,4973,9403,486,441,948,1530,1344,2614,1722,3913,2610,3623,2552,2410,9451,12276,4438,8229,125702,44292,16397,9289,45543,3176,1816,12,15
2021-05-09T23:59:59+02:00,4,4,2012,2189,3978,5354,5867,8293,9440,13214,20953,23464,20752,23404,15700,19846,4970,9389,479,433,925,1486,1318,2565,1688,3851,2572,3580,2543,2398,9440,12259,4438,8221,125254,44232,16393,9286,45447,2937,1727,12,15
2021-05-08T23:59:59+02:00,4,4,1949,2086,3796,5179,5593,8087,9130,12929,19820,22535,20557,23211,15667,19777,4965,9377,407,404,861,1446,1241,2492,1600,3749,2352,3367,1996,1970,9346,12173,4437,8221,121099,42751,16392,9285,45444,2298,1726,5,3
2021-05-07T23:59:59+02:00,4,4,1862,1972,3615,5010,5273,7791,8718,12555,18569,21260,20373,22998,15622,19720,4956,9358,321,346,751,1371,1109,2363,1466,3607,2176,3174,1626,1629,8857,11724,4436,8219,116152,41013,16388,9280,45422,1187,1693,5,3
2021-05-06T23:59:59+02:00,4,4,1678,1863,3329,4754,4822,7384,8077,11993,17326,20019,20040,22621,15514,19555,4946,9347,304,337,730,1341,1069,2316,1417,3523,2110,3106,1591,1574,8840,11693,4430,8216,110294,40993,16380,9274,45186,917,1411,5,3
2021-05-05T23:59:59+02:00,4,3,1608,1834,3245,4667,4743,7279,7949,11842,17174,19875,19921,22502,15438,19463,4925,9250,294,326,688,1290,1008,2242,1335,3374,2004,2991,1499,1476,8423,11129,4425,8198,109526,40956,16238,8145,45015,661,938,5,3
2021-05-04T23:59:59+02:00,4,3,1581,1805,3199,4589,4684,7168,7699,11546,16612,19298,19834,22371,15362,19365,4895,9136,278,313,665,1260,987,2188,1277,3254,1891,2834,1427,1370,8352,11025,4420,8180,108818,40929,14892,7869,44911,396,525,5,3
2021-05-03T23:59:59+02:00,4,3,1573,1802,3189,4574,4646,7143,7445,11312,15918,18702,19770,22285,15335,19331,4889,9126,263,293,643,1177,938,2100,1214,3115,1793,2697,1361,1289,8326,10990,4416,8171,108726,40919,13294,7662,44871,52,151,5,3
2021-05-02T23:59:59+02:00,4,3,1572,1800,3182,4572,4641,7140,7431,11302,15899,18691,19753,22277,15335,19329,4888,9126,263,290,640,1176,933,2097,1204,3109,1785,2691,1347,1282,8325,10985,4415,8171,108698,40896,13291,7660,44845,49,106,5,3
2021-05-01T23:59:59+02:00,4,3,1440,1656,2904,4323,4174,6783,6812,10820,13962,16810,19371,21879,15244,19213,4885,9110,261,290,637,1174,932,2094,1202,3107,1783,2687,1342,1278,8323,10983,4415,8171,101156,40865,13291,7660,44839,49,103,4,3
2021-04-30T23:59:59+02:00,3,3,1320,1510,2686,4102,3844,6387,6245,10228,12176,14776,18914,21339,15140,19071,4871,9099,256,289,630,1167,917,2086,1189,3097,1772,2674,1332,1269,8319,10978,4414,8170,93549,40820,13291,7660,44839,46,31,4,3
2021-04-29T23:59:59+02:00,2,3,1203,1448,2521,3978,3603,6184,5888,9927,10835,13499,18653,21062,15097,19001,4867,9093,255,285,625,1159,905,2080,1169,3092,1742,2637,1306,1245,8313,10969,4414,8170,88865,40787,13282,7527,44699,36,14,4,3
2021-04-28T23:59:59+02:00,2,3,1147,1442,2470,3958,3552,6160,5825,9894,10738,13430,18621,21028,15090,18985,4867,9090,255,284,623,1158,902,2078,1164,3088,1734,2636,1299,1226,7867,10446,4414,8170,88594,40764,13232,6534,44459,32,13,4,2
2021-04-27T23:59:59+02:00,2,3,1102,1415,2365,3914,3487,6132,5706,9838,10621,13353,18587,20988,15077,18970,4865,9088,254,284,621,1150,901,2076,1159,3085,1730,2632,1287,1209,7449,9864,4414,8170,88082,40744,13179,5501,44236,27,12,4,2
2021-04-26T23:59:59+02:00,2,3,1060,1386,2275,3821,3360,6032,5538,9717,10316,13095,18525,20933,15068,18952,4863,9088,253,283,620,1148,895,2072,1152,3082,1712,2623,1272,1196,7440,9844,4414,8170,86743,40657,13168,5480,44107,26,12,4,2
2021-04-25T23:59:59+02:00,2,3,1057,1384,2267,3819,3353,6027,5518,9709,10282,13064,18514,20921,15067,18946,4863,9087,252,283,620,1148,895,2072,1150,3082,1712,2623,1272,1196,7440,9842,4414,8170,86720,40655,13159,5478,43989,26,11,4,2
2021-04-24T23:59:59+02:00,2,2,1014,1271,2078,3281,3082,5411,5326,9297,9447,12017,17806,20023,14954,18786,4855,9076,251,282,619,1147,895,2071,1150,3081,1706,2618,1269,1191,7438,9840,4414,8169,80591,40630,13159,5474,43964,26,10,4,2
2021-04-23T23:59:59+02:00,1,2,981,1187,1966,2933,2900,4859,5130,8868,8893,11295,16175,18159,14805,18580,4847,9053,251,282,618,1147,893,2069,1149,3081,1705,2617,1264,1186,7434,9838,4414,8168,73558,40616,13158,5463,43904,26,10,4,2
2021-04-22T23:59:59+02:00,1,2,976,1175,1946,2917,2880,4839,5072,8822,8781,11191,16102,18082,14778,18550,4845,9048,249,282,614,1146,890,2068,1141,3069,1689,2597,1240,1164,7429,9830,4414,8168,73507,40602,13100,5352,43386,25,10,4,2
2021-04-21T23:59:59+02:00,1,2,966,1167,1932,2904,2852,4813,5026,8767,8673,11068,16016,17998,14749,18516,4845,9043,244,279,604,1137,876,2038,1131,3044,1679,2571,1227,1150,7204,9512,4413,8168,73463,40594,13042,4648,42819,24,10,4,2
2021-04-20T23:59:59+02:00,1,2,939,1119,1880,2790,2779,4650,4932,8588,8498,10859,15783,17716,14690,18457,4838,9037,231,276,586,1116,850,2006,1102,3018,1644,2530,1207,1137,7195,9507,4412,8167,73424,40573,11913,4381,42207,20,10,4,1
2021-04-19T23:59:59+02:00,1,2,930,1111,1848,2770,2729,4625,4808,8527,8298,10747,15691,17618,14668,18438,4838,9031,225,268,568,1095,832,1973,1084,2975,1598,2475,1189,1118,7188,9504,4410,8166,73025,40538,11892,4102,41749,18,10,4,1
2021-04-18T23:59:59+02:00,1,2,927,1110,1843,2764,2721,4613,4790,8516,8258,10704,15641,17559,14658,18421,4837,9029,225,268,568,1094,831,1973,1083,2975,1598,2474,1189,1117,7186,9503,4409,8166,72979,40531,11888,4100,41513,18,10,4,1
2021-04-17T23:59:59+02:00,0,2,895,1095,1794,2726,2653,4534,4636,8375,7995,10475,13272,14659,14459,18067,4820,8995,223,268,568,1091,827,1966,1071,2968,1588,2454,1150,1074,6853,9089,4384,8118,66159,39575,11888,4089,41391,18,10,4,1
2021-04-16T23:59:59+02:00,0,2,889,1089,1782,2716,2611,4494,4544,8291,7815,10281,10431,11410,14187,17650,4801,8940,222,264,567,1087,822,1962,1062,2965,1580,2441,1139,1059,6847,9083,4382,8115,58881,39496,11886,4073,41152,18,10,4,1
2021-04-15T23:59:59+02:00,0,2,877,1084,1760,2702,2568,4461,4426,8230,7586,10080,10180,11192,14125,17584,4794,8926,220,263,567,1085,821,1960,1059,2962,1577,2438,1134,1054,6845,9081,4382,8115,58857,39481,11884,4055,39822,17,10,4,1
2021-04-14T23:59:59+02:00,0,2,859,1057,1701,2619,2479,4337,4236,8046,7311,9798,9806,10707,13976,17403,4788,8914,196,238,526,1034,798,1893,1023,2882,1527,2375,1108,1024,6840,9072,4382,8114,58822,39465,10936,3542,38267,15,10,4,1
2021-04-13T23:59:59+02:00,0,2,835,1035,1664,2567,2412,4254,4135,7908,7098,9578,9399,10189,13830,17236,4783,8900,160,214,491,986,758,1800,988,2772,1474,2305,1089,989,6824,9061,4381,8114,58775,39401,9986,2986,37050,9,10,4,1
2021-04-12T23:59:59+02:00,0,2,830,1033,1645,2563,2383,4241,4083,7857,6957,9406,9133,9874,13766,17176,4772,8883,149,200,463,946,735,1735,968,2700,1430,2255,1067,972,6807,9041,4378,8109,58717,39284,9955,2652,35918,9,10,4,1
2021-04-11T23:59:59+02:00,0,2,829,1032,1634,2563,2369,4238,4060,7845,6892,9344,8999,9709,13739,17128,4767,8874,149,200,463,944,734,1733,966,2700,1429,2255,1067,972,6805,9041,4378,8109,58703,39276,9953,2651,35354,8,10,4,1
2021-04-10T23:59:59+02:00,0,2,813,1028,1605,2534,2332,4209,3990,7787,6760,9227,8442,8975,13072,16276,4756,8832,146,200,461,941,728,1730,966,2693,1420,2248,1053,956,6334,8542,4362,8093,55368,38206,9952,2649,35306,8,10,4,1
2021-04-09T23:59:59+02:00,0,2,791,1000,1564,2485,2266,4129,3837,7627,6413,8894,7914,8316,12250,15250,4685,8693,144,198,459,935,721,1722,957,2683,1405,2237,1031,934,6092,8270,4342,8066,51377,37533,9945,2645,34780,8,10,4,1
2021-04-08T23:59:59+02:00,0,2,781,990,1537,2461,2200,4080,3703,7538,6160,8593,7298,7660,12088,15050,4674,8677,144,196,454,931,716,1715,949,2672,1396,2224,1019,931,6089,8268,4341,8066,51342,37510,9920,2583,32216,8,10,4,1
2021-04-07T23:59:59+02:00,0,2,774,981,1511,2443,2141,4042,3616,7468,5929,8328,6741,7026,11478,14301,4661,8649,125,189,423,884,670,1646,892,2602,1346,2155,998,915,6081,8262,4340,8066,51312,37486,8762,2091,30004,8,9,4,1
2021-04-06T23:59:59+02:00,0,2,769,979,1497,2435,2112,4019,3543,7419,5748,8156,6295,6518,11275,14084,4646,8618,102,168,375,825,625,1571,848,2502,1293,2091,973,898,6062,8247,4338,8062,51243,37457,8577,1507,28283,8,8,4,1
2021-04-05T23:59:59+02:00,0,2,764,975,1481,2427,2086,4009,3492,7393,5604,8045,6090,6301,11208,13997,4640,8608,96,166,374,823,618,1562,840,2487,1280,2072,945,867,4957,6844,4260,7956,51043,34634,8573,1497,27494,8,8,4,1
2021-04-04T23:59:59+02:00,0,2,762,969,1479,2425,2082,4007,3474,7386,5594,8038,6079,6281,11194,13979,4638,8605,96,166,372,821,615,1557,833,2480,1265,2053,922,845,3947,5683,4194,7850,51028,32186,8571,1497,27383,8,8,4,1
2021-04-03T23:59:59+02:00,0,2,710,913,1398,2354,1959,3868,3214,7126,5133,7546,5734,5824,11022,13760,4610,8577,94,166,372,820,615,1555,832,2480,1265,2053,922,845,3947,5680,4194,7849,47786,32176,8571,1497,27381,8,8,4,1
2021-04-02T23:59:59+02:00,0,2,668,879,1343,2286,1861,3754,2961,6865,4615,7066,5342,5364,10921,13594,4605,8571,93,166,372,820,615,1555,831,2480,1263,2052,919,842,3944,5677,4193,7849,44853,32160,8570,1496,27263,8,7,4,1
2021-04-01T23:59:59+02:00,0,2,665,876,1333,2281,1841,3746,2932,6851,4541,6993,5233,5254,10882,13545,4604,8566,93,166,370,816,613,1552,831,2477,1259,2048,909,841,3939,5674,4192,7848,44836,32149,8426,1464,26872,8,7,4,1
2021-03-31T23:59:59+02:00,0,2,663,874,1326,2264,1833,3736,2904,6823,4478,6947,5093,5092,10368,12936,4600,8558,93,166,369,816,613,1552,831,2477,1257,2048,908,841,3939,5673,4192,7847,44825,32143,7293,1464,26369,8,7,3,1
2021-03-30T23:59:59+02:00,0,2,654,871,1308,2244,1804,3707,2867,6788,4392,6858,4924,4898,9840,12235,4593,8543,88,163,368,812,608,1550,826,2471,1249,2045,898,831,3931,5670,4191,7846,44800,32122,6104,1410,25614,8,7,3,1
2021-03-29T23:59:59+02:00,0,2,649,863,1295,2210,1788,3676,2836,6746,4320,6772,4724,4700,9754,12141,4590,8529,88,163,368,810,603,1546,824,2465,1244,2037,890,825,3923,5662,4191,7846,44731,32108,5887,1363,24967,7,7,3,1
2021-03-28T23:59:59+02:00,0,2,646,861,1292,2207,1774,3666,2820,6734,4285,6720,4629,4590,9718,12077,4585,8522,88,163,368,809,603,1546,822,2465,1242,2037,889,825,3922,5662,4191,7846,44709,32106,5878,1358,24531,7,7,3,1
2021-03-27T23:59:59+01:00,0,2,642,856,1282,2203,1757,3649,2792,6704,4121,6577,4051,4135,9489,11831,4572,8503,88,163,366,807,601,1544,820,2462,1234,2031,885,821,3743,5371,4084,7673,42762,31321,5874,1358,24520,7,7,3,1
2021-03-26T23:59:59+01:00,0,2,637,848,1274,2192,1735,3632,2767,6682,4045,6499,3643,3768,8886,11271,4559,8489,88,163,366,806,600,1541,816,2459,1224,2027,872,808,3019,4428,3875,7325,40818,29045,5861,1358,24240,7,7,3,1
2021-03-25T23:59:59+01:00,0,2,630,842,1261,2178,1716,3608,2708,6642,3961,6421,3469,3549,8775,11160,4553,8483,88,163,366,806,600,1540,816,2458,1222,2027,872,808,3018,4427,3874,7324,40804,29037,5753,1358,23391,7,7,3,1
2021-03-24T23:59:59+01:00,0,2,624,835,1228,2152,1671,3563,2630,6573,3804,6270,3149,3184,8364,10609,4544,8470,84,161,354,793,584,1522,783,2424,1172,1995,839,770,3009,4421,3874,7321,40780,28735,4994,1357,21888,7,7,3,1
2021-03-23T23:59:59+01:00,0,2,612,827,1203,2121,1629,3515,2548,6493,3655,6116,2768,2799,8147,10390,4536,8451,79,157,342,772,549,1491,722,2361,1071,1913,756,710,2972,4386,3870,7317,40735,28104,4703,1350,20365,7,7,2,1
2021-03-22T23:59:59+01:00,0,2,589,717,1166,2068,1596,3459,2495,6423,3514,5986,2526,2561,7816,10035,4520,8415,79,156,342,772,549,1489,720,2359,1068,1913,754,706,2968,4381,3869,7314,40267,28075,4381,1350,19231,7,7,2,1
2021-03-21T23:59:59+01:00,0,2,588,714,1160,2059,1585,3449,2478,6408,3476,5952,2384,2397,7723,9923,4511,8400,79,156,342,771,549,1489,720,2359,1068,1913,754,706,2968,4380,3869,7313,40263,28072,4367,1350,18570,7,7,2,1
2021-03-20T23:59:59+01:00,0,2,587,714,1158,2052,1578,3442,2472,6401,3458,5930,2351,2359,7232,9406,4494,8383,79,156,342,771,548,1489,718,2358,1068,1911,754,706,2968,4378,3867,7311,39221,28060,4355,1350,18434,7,7,2,1
2021-03-19T23:59:59+01:00,0,2,580,706,1140,2033,1543,3418,2404,6264,3394,5823,2169,2175,6923,9085,4472,8358,79,156,341,765,544,1486,713,2350,1059,1898,745,699,2540,3774,3443,6557,38610,25790,4339,1350,17531,2,7,2,1
2021-03-18T23:59:59+01:00,0,2,565,689,1120,2002,1516,3388,2364,6196,3319,5734,2016,1978,6802,8965,4466,8347,78,156,341,764,543,1486,712,2346,1055,1897,738,696,2490,3702,3416,6516,38589,25600,4328,1328,16544,2,6,2,1
2021-03-17T23:59:59+01:00,0,1,536,660,1075,1947,1479,3303,2286,6078,3167,5578,1762,1711,6636,8812,4456,8332,77,152,329,737,527,1442,690,2288,1017,1856,721,677,2249,3406,3328,6386,38517,24618,3800,1256,15494,2,6,2,1
2021-03-16T23:59:59+01:00,0,1,492,631,1035,1892,1428,3199,2221,5924,3052,5444,1563,1486,6501,8664,4445,8309,71,137,308,681,497,1366,661,2153,987,1728,671,626,2135,3268,3302,6299,38460,23859,3183,1024,14637,2,5,2,1
2021-03-15T23:59:59+01:00,0,1,480,620,1002,1843,1394,3131,2191,5839,2965,5360,1437,1351,5917,7976,4405,8245,68,130,294,623,482,1246,623,2023,947,1615,642,605,2097,3228,3287,6236,37221,23453,2828,691,14106,2,0,2,1
2021-03-14T23:59:59+01:00,0,1,475,613,993,1831,1390,3113,2175,5821,2931,5333,1394,1301,5520,7529,4382,8227,67,125,290,600,476,1219,617,1967,937,1590,642,605,2097,3228,3286,6234,36399,23447,2823,531,13805,2,0,2,1
2021-03-13T23:59:59+01:00,0,1,457,595,956,1783,1337,3049,1919,5233,2691,4918,1288,1188,4858,6679,4333,8152,67,125,289,597,474,1217,615,1965,936,1586,640,601,1735,2743,2759,5475,34714,21291,2819,531,11902,2,0,2,1
2021-03-12T23:59:59+01:00,0,1,441,574,935,1740,1306,2966,1716,4447,2485,4469,1216,1105,4160,5881,4286,8070,67,123,288,593,474,1214,613,1956,932,1580,637,594,1407,2198,2214,4679,33036,19037,2816,531,9944,1,0,2,1
2021-03-11T23:59:59+01:00,0,1,437,567,926,1725,1291,2948,1691,4411,2448,4432,1142,1049,4116,5844,4283,8066,67,115,282,571,460,1162,604,1907,913,1544,625,581,1401,2180,2205,4628,32998,18785,2720,459,9657,1,0,2,1
2021-03-10T23:59:59+01:00,0,1,417,555,880,1666,1235,2871,1617,4314,2381,4339,1108,1026,4100,5827,4282,8064,67,115,280,567,457,1155,599,1884,913,1539,620,573,1340,2093,2160,4571,32983,18498,2149,434,9549,1,0,2,1
2021-03-09T23:59:59+01:00,0,1,396,539,835,1617,1192,2807,1575,4231,2338,4286,1087,1015,4094,5820,4281,8062,65,114,279,566,456,1144,597,1872,907,1534,617,567,1134,1782,2042,4393,32936,17661,1703,407,9535,1,0,2,1
2021-03-08T23:59:59+01:00,0,1,389,528,825,1602,1184,2790,1568,4205,2326,4273,1074,1004,4057,5772,4279,8057,64,114,275,561,452,1138,596,1868,903,1532,617,567,1065,1691,1997,4348,32808,17404,1606,383,9518,1,0,2,1
2021-03-07T23:59:59+01:00,0,1,388,524,825,1601,1182,2788,1565,4198,2316,4268,1067,996,4051,5766,4278,8056,62,111,266,539,440,1112,580,1768,868,1457,616,567,961,1561,1945,4279,32792,17041,1566,91,9510,0,0,2,1
2021-03-06T23:59:59+01:00,0,1,380,508,806,1568,1158,2729,1524,4131,2122,3770,1037,959,3878,5493,4176,7891,62,111,266,539,440,1111,580,1768,868,1457,616,567,958,1560,1942,4278,32074,17032,1566,91,8489,0,0,2,1
2021-03-05T23:59:59+01:00,0,1,366,469,774,1462,1108,2513,1449,3919,1908,3103,1006,914,3123,4528,3971,7548,62,110,265,536,437,1105,579,1763,864,1454,613,565,919,1502,1919,4237,29757,16839,1565,91,6838,0,0,2,1
2021-03-04T23:59:59+01:00,0,1,353,460,766,1442,1095,2490,1430,3890,1885,3084,992,910,3119,4524,3968,7546,61,109,262,533,433,1089,569,1741,863,1446,611,563,882,1448,1896,4200,29744,16678,1526,28,6683,0,0,2,1
2021-03-03T23:59:59+01:00,0,1,344,427,747,1391,1065,2407,1380,3735,1806,2987,959,864,3109,4518,3968,7543,60,108,259,530,432,1085,567,1732,860,1442,611,562,862,1395,1807,4054,29429,16340,1526,26,6294,0,0,2,1
2021-03-02T23:59:59+01:00,0,1,338,418,731,1367,1017,2362,1312,3651,1690,2888,871,798,3066,4479,3962,7538,60,108,258,526,431,1077,567,1726,860,1438,610,562,862,1395,1807,4053,28789,16314,1461,26,6237,0,0,2,1
2021-03-01T23:59:59+01:00,0,1,334,404,724,1320,1004,2304,1292,3568,1663,2839,852,789,3058,4469,3962,7538,60,107,257,522,426,1063,563,1713,851,1430,609,560,766,1240,1750,3973,28749,15864,1409,26,5961,0,0,2,1
2021-02-28T23:59:59+01:00,0,1,329,391,716,1281,990,2227,1280,3481,1640,2760,848,779,3056,4465,3961,7535,60,107,256,522,426,1062,563,1713,849,1430,609,559,669,1115,1703,3892,28735,15510,1406,25,5597,0,0,2,1
2021-02-27T23:59:59+01:00,0,1,320,371,702,1254,971,2191,1245,3412,1617,2707,830,763,3053,4465,3960,7535,60,107,256,522,426,1062,562,1713,847,1430,609,559,669,1114,1703,3892,28731,15506,1406,25,5258,0,0,2,1
2021-02-26T23:59:59+01:00,0,1,294,318,655,1189,907,2072,1155,3246,1512,2568,801,740,2617,3858,3532,6755,60,107,253,519,426,1060,560,1711,844,1424,605,557,662,1102,1694,3873,26434,15432,1406,25,4378,0,0,2,1
2021-02-25T23:59:59+01:00,0,1,289,305,641,1159,886,2030,1136,3180,1494,2523,798,737,2570,3786,3502,6712,58,105,249,511,426,1056,555,1701,841,1413,599,553,585,993,1647,3815,26216,15084,1406,23,4125,0,0,2,1
2021-02-24T23:59:59+01:00,0,1,270,295,590,1113,839,1962,1078,3085,1451,2465,782,718,2331,3484,3412,6574,57,100,244,504,420,1037,546,1679,838,1393,592,541,571,973,1636,3792,25220,14908,1406,15,3822,0,0,2,1
2021-02-23T23:59:59+01:00,0,1,257,274,561,1057,802,1887,1010,2935,1377,2363,730,668,2217,3344,3386,6482,57,98,242,498,420,1021,536,1647,830,1371,583,534,555,922,1624,3739,24416,14662,1401,15,3532,0,0,2,1
2021-02-22T23:59:59+01:00,0,1,253,268,548,994,782,1811,984,2841,1341,2303,705,646,2187,3308,3377,6419,57,97,236,492,418,1008,527,1629,826,1346,569,521,533,896,1618,3684,24011,14442,1401,15,3354,0,0,2,1
2021-02-21T23:59:59+01:00,0,1,250,260,539,969,769,1774,976,2793,1311,2277,705,644,2185,3308,3376,6418,57,97,235,492,418,1008,527,1629,826,1345,569,520,533,896,1618,3683,24005,14438,1401,15,3147,0,0,2,1
2021-02-20T23:59:59+01:00,0,1,169,230,469,920,700,1697,906,2704,1226,2177,690,629,1811,2790,2821,5615,57,97,235,492,418,1008,527,1628,826,1345,569,520,533,896,1617,3682,21729,14435,1401,15,2423,0,0,2,1
2021-02-19T23:59:59+01:00,0,1,84,167,358,839,574,1565,773,2555,1090,2026,674,608,1503,2275,2271,4821,57,97,235,492,418,1007,527,1628,826,1345,569,520,527,894,1615,3676,19519,14418,1401,15,1262,0,0,2,1
2021-02-18T23:59:59+01:00,0,1,81,162,346,789,553,1476,740,2415,1057,1958,658,597,1494,2256,2262,4769,54,90,229,470,404,940,512,1548,806,1271,555,506,521,876,1612,3654,19275,14033,1376,15,961,0,0,2,1
2021-02-17T23:59:59+01:00,0,1,80,154,332,766,544,1443,711,2322,1020,1858,653,587,1436,2168,2214,4719,54,87,227,461,396,902,501,1483,787,1189,542,495,519,874,1612,3654,19014,13768,1303,15,689,0,0,2,1
2021-02-16T23:59:59+01:00,0,1,75,148,317,726,516,1370,679,2214,995,1753,642,580,1191,1821,2090,4536,53,78,226,455,390,872,488,1418,761,1122,521,482,517,874,1609,3653,18092,13517,1064,2,496,0,0,2,1
2021-02-15T23:59:59+01:00,0,1,70,132,291,622,481,1228,623,2001,945,1594,633,578,1108,1714,2038,4471,53,78,224,450,386,866,487,1414,759,1115,521,482,516,869,1608,3650,17762,13478,726,0,40,0,0,2,1
2021-02-14T23:59:59+01:00,0,1,69,125,286,596,476,1199,612,1947,931,1572,633,578,1010,1590,1991,4414,53,78,224,450,386,866,487,1412,759,1115,521,482,516,869,1608,3650,17433,13476,571,0,24,0,0,2,1
2021-02-13T23:59:59+01:00,0,1,69,124,286,595,475,1195,611,1945,929,1569,632,577,1009,1581,1987,4411,53,78,224,449,384,861,486,1407,757,1114,519,480,499,831,1348,3182,17399,12672,571,0,24,0,0,2,1
2021-02-12T23:59:59+01:00,0,1,68,124,285,594,471,1191,611,1942,926,1568,629,576,970,1530,1967,4370,53,78,224,445,381,852,481,1398,751,1107,512,472,481,790,985,2472,17229,11482,571,0,21,0,0,2,1
2021-02-11T23:59:59+01:00,0,1,67,117,282,581,458,1164,605,1916,919,1556,628,575,927,1472,1945,4331,53,75,209,414,367,805,465,1324,736,1075,509,471,481,790,984,2471,17049,11230,488,0,5,0,0,2,0
2021-02-10T23:59:59+01:00,0,1,66,117,278,578,456,1159,601,1899,914,1552,628,575,918,1456,1924,4288,52,65,175,336,313,703,415,1152,657,981,474,459,476,789,984,2470,16947,10502,460,0,1,0,0,2,0
2021-02-09T23:59:59+01:00,0,1,64,115,272,574,453,1146,600,1885,907,1546,627,574,906,1420,1854,4184,43,53,124,257,236,552,333,950,556,828,439,448,472,788,981,2470,16695,9531,431,0,0,0,0,2,0
2021-02-08T23:59:59+01:00,0,1,63,115,269,565,450,1139,598,1870,900,1538,625,571,803,1267,1797,4102,38,43,86,168,173,416,269,712,497,693,431,442,469,785,980,2470,16265,8673,406,0,0,0,0,2,0
2021-02-07T23:59:59+01:00,0,1,61,112,259,542,436,1108,582,1767,865,1459,624,570,701,1141,1749,4018,37,42,82,165,170,409,264,699,492,682,429,441,469,785,980,2469,15895,8616,98,0,0,0,0,2,0
2021-02-06T23:59:59+01:00,0,1,61,112,258,542,436,1108,580,1766,862,1456,621,568,699,1132,1743,4011,34,41,81,162,167,399,260,691,481,673,421,440,433,737,740,2078,15856,7839,98,0,0,0,0,2,0
2021-02-05T23:59:59+01:00,0,1,61,112,256,538,436,1106,579,1765,860,1454,619,568,689,1125,1737,3998,32,39,77,158,162,391,252,672,464,663,415,440,427,712,336,1444,15804,6685,98,0,0,0,0,2,0
2021-02-04T23:59:59+01:00,0,1,59,110,251,532,430,1090,563,1738,856,1440,612,558,604,1008,1686,3937,31,36,73,152,156,380,238,650,447,649,410,432,422,705,334,1437,15443,6553,30,0,0,0,0,2,0
2021-02-03T23:59:59+01:00,0,1,58,105,247,525,429,1070,560,1722,854,1425,608,548,593,998,1683,3923,24,28,59,121,123,280,175,508,337,499,304,330,337,548,256,1153,15319,5083,28,0,0,0,0,2,0
2021-02-02T23:59:59+01:00,0,1,58,103,244,520,429,1052,548,1689,845,1401,595,538,581,949,1673,3872,17,21,40,78,87,186,122,343,220,360,214,220,217,344,182,759,15069,3411,28,0,0,0,0,1,0
2021-02-01T23:59:59+01:00,0,1,58,101,240,512,427,1036,540,1667,841,1378,588,532,559,920,1665,3825,7,11,20,42,48,97,65,168,95,164,100,103,90,160,76,330,14861,1576,28,0,0,0,0,1,0
2021-01-31T23:59:59+01:00,0,1,58,101,239,511,425,1032,538,1662,839,1375,588,531,559,920,1665,3824,7,11,18,38,43,83,61,142,81,148,95,101,89,159,74,328,14839,1478,28,0,0,0,0,1,0
2021-01-30T23:59:59+01:00,0,1,58,101,239,511,425,1032,538,1662,839,1375,588,531,559,920,1665,3824,7,11,18,38,43,83,61,142,81,148,95,100,89,159,74,328,14839,1477,28,0,0,0,0,1,0
2021-01-29T23:59:59+01:00,0,1,58,101,239,511,425,1032,538,1662,839,1375,588,531,559,920,1665,3824,7,11,18,38,43,83,61,142,81,148,95,100,89,159,74,328,14839,1477,28,0,0,0,0,1,0
2021-01-28T23:59:59+01:00,0,1,56,93,235,482,413,965,520,1576,815,1293,575,516,553,903,1662,3805,3,2,4,6,11,15,19,34,22,32,16,22,21,34,19,99,14440,359,22,0,0,0,0,1,0
2021-01-27T23:59:59+01:00,0,1,54,89,235,472,405,926,510,1510,795,1210,563,504,551,901,1662,3805,3,2,4,6,9,15,19,33,21,30,16,21,21,34,19,99,14172,352,20,0,0,0,0,1,0
2021-01-26T23:59:59+01:00,0,1,53,83,230,469,398,897,499,1443,770,1143,541,491,549,901,1662,3805,1,2,4,6,9,14,17,29,17,25,14,18,19,32,19,91,13916,317,18,0,0,0,0,1,0
2021-01-25T23:59:59+01:00,0,1,53,83,227,464,395,891,499,1440,769,1138,541,491,549,898,1662,3803,0,0,0,0,0,1,0,0,0,0,1,1,0,2,0,0,13887,5,16,0,0,0,0,1,0
2021-01-24T23:59:59+01:00,0,1,53,83,227,464,395,891,499,1439,769,1138,541,491,549,898,1662,3803,0,0,0,0,0,1,0,0,0,0,1,1,0,2,0,0,13886,5,16,0,0,0,0,1,0
2021-01-23T23:59:59+01:00,0,1,53,83,227,463,394,887,499,1433,768,1136,538,489,532,860,1401,3325,0,0,0,0,0,1,0,0,0,0,1,1,0,2,0,0,13072,5,16,0,0,0,0,1,0
2021-01-22T23:59:59+01:00,0,1,53,83,226,459,390,877,494,1423,763,1128,532,481,515,818,1022,2586,0,0,0,0,0,1,0,0,0,0,1,1,0,2,0,0,11835,5,16,0,0,0,0,0,0
2021-01-21T23:59:59+01:00,0,1,53,80,207,425,363,821,467,1323,737,1094,528,481,515,818,1021,2585,0,0,0,0,0,1,0,0,0,0,1,1,0,2,0,0,11503,5,16,0,0,0,0,0,0
2021-01-20T23:59:59+01:00,0,1,51,70,179,353,322,736,424,1169,667,1003,492,470,510,818,1021,2584,0,0,0,0,0,1,0,0,0,0,1,1,0,2,0,0,10854,5,16,0,0,0,0,0,0
2021-01-19T23:59:59+01:00,0,1,44,57,135,275,248,577,347,987,577,863,457,458,506,816,1021,2584,0,0,0,0,0,0,0,0,0,0,1,0,0,2,0,0,9945,3,8,0,0,0,0,0,0
2021-01-18T23:59:59+01:00,0,1,40,44,86,175,179,426,279,724,506,706,448,451,503,812,1019,2584,0,0,0,0,0,0,0,0,0,0,0,0,0,1,0,0,8983,1,0,0,0,0,0,0,0
2021-01-17T23:59:59+01:00,0,1,37,43,83,171,175,418,275,713,501,693,446,451,503,812,1019,2583,0,0,0,0,0,0,0,0,0,0,0,0,0,0,0,0,8924,0,0,0,0,0,0,0,0
2021-01-16T23:59:59+01:00,0,1,34,42,81,169,171,409,268,706,486,684,438,449,464,765,773,2186,0,0,0,0,0,0,0,0,0,0,0,0,0,0,0,0,8126,0,0,0,0,0,0,0,0
2021-01-15T23:59:59+01:00,0,1,32,40,78,164,168,403,261,689,472,676,432,448,459,741,360,1543,0,0,0,0,0,0,0,0,0,0,0,0,0,0,0,0,6967,0,0,0,0,0,0,0,0
2021-01-14T23:59:59+01:00,0,1,32,38,77,158,163,398,253,678,461,668,429,445,459,740,360,1543,0,0,0,0,0,0,0,0,0,0,0,0,0,0,0,0,6903,0,0,0,0,0,0,0,0
2021-01-13T23:59:59+01:00,0,0,24,31,61,126,128,302,193,544,352,525,326,343,374,577,281,1248,0,0,0,0,0,0,0,0,0,0,0,0,0,0,0,0,5435,0,0,0,0,0,0,0,0
2021-01-12T23:59:59+01:00,0,0,17,24,45,87,93,214,139,393,239,389,234,235,247,371,203,848,0,0,0,0,0,0,0,0,0,0,0,0,0,0,0,0,3778,0,0,0,0,0,0,0,0
2021-01-11T23:59:59+01:00,0,0,9,15,26,47,62,137,88,220,126,208,116,112,106,179,92,375,0,0,0,0,0,0,0,0,0,0,0,0,0,0,0,0,1918,0,0,0,0,0,0,0,0
2021-01-10T23:59:59+01:00,0,0,8,15,22,44,55,109,80,179,106,175,110,108,102,177,89,375,0,0,0,0,0,0,0,0,0,0,0,0,0,0,0,0,1754,0,0,0,0,0,0,0,0
2021-01-09T23:59:59+01:00,0,0,8,15,22,44,55,109,80,179,106,175,110,107,102,177,89,375,0,0,0,0,0,0,0,0,0,0,0,0,0,0,0,0,1753,0,0,0,0,0,0,0,0
2021-01-08T23:59:59+01:00,0,0,8,14,21,43,52,102,75,168,100,172,107,103,97,168,87,365,0,0,0,0,0,0,0,0,0,0,0,0,0,0,0,0,1682,0,0,0,0,0,0,0,0
2021-01-07T23:59:59+01:00,0,0,3,3,4,7,11,16,20,34,24,36,17,22,23,35,23,107,0,0,0,0,0,0,0,0,0,0,0,0,0,0,0,0,385,0,0,0,0,0,0,0,0
2021-01-06T23:59:59+01:00,0,0,3,2,4,6,9,15,20,33,21,32,17,21,23,35,23,106,0,0,0,0,0,0,0,0,0,0,0,0,0,0,0,0,370,0,0,0,0,0,0,0,0
2021-01-05T23:59:59+01:00,0,0,3,2,4,6,9,15,20,33,21,32,17,21,23,35,23,106,0,0,0,0,0,0,0,0,0,0,0,0,0,0,0,0,370,0,0,0,0,0,0,0,0
2021-01-04T23:59:59+01:00,0,0,0,0,0,0,0,1,1,0,0,0,1,1,0,2,0,0,0,0,0,0,0,0,0,0,0,0,0,0,0,0,0,0,6,0,0,0,0,0,0,0,0
2021-01-03T23:59:59+01:00,0,0,0,0,0,0,0,1,1,0,0,0,1,1,0,2,0,0,0,0,0,0,0,0,0,0,0,0,0,0,0,0,0,0,6,0,0,0,0,0,0,0,0
2021-01-02T23:59:59+01:00,0,0,0,0,0,0,0,1,1,0,0,0,1,1,0,2,0,0,0,0,0,0,0,0,0,0,0,0,0,0,0,0,0,0,6,0,0,0,0,0,0,0,0
2021-01-01T23:59:59+01:00,0,0,0,0,0,0,0,1,1,0,0,0,1,1,0,2,0,0,0,0,0,0,0,0,0,0,0,0,0,0,0,0,0,0,6,0,0,0,0,0,0,0,0
2020-12-31T23:59:59+01:00,0,0,0,0,0,0,0,1,1,0,0,0,1,1,0,2,0,0,0,0,0,0,0,0,0,0,0,0,0,0,0,0,0,0,6,0,0,0,0,0,0,0,0
2020-12-30T23:59:59+01:00,0,0,0,0,0,0,0,1,1,0,0,0,1,1,0,2,0,0,0,0,0,0,0,0,0,0,0,0,0,0,0,0,0,0,6,0,0,0,0,0,0,0,0
2020-12-29T23:59:59+01:00,0,0,0,0,0,0,0,1,1,0,0,0,1,0,0,2,0,0,0,0,0,0,0,0,0,0,0,0,0,0,0,0,0,0,5,0,0,0,0,0,0,0,0
2020-12-28T23:59:59+01:00,0,0,0,0,0,0,0,1,0,0,0,0,1,0,0,1,0,0,0,0,0,0,0,0,0,0,0,0,0,0,0,0,0,0,3,0,0,0,0,0,0,0,0
2020-12-27T23:59:59+01:00,0,0,0,0,0,0,0,0,0,0,0,0,0,0,0,0,0,0,0,0,0,0,0,0,0,0,0,0,0,0,0,0,0,0,0,0,0,0,0,0,0,0,0
