Datum,<15_m,<15_w,15-24_1_m,15-24_1_w,25-34_1_m,25-34_1_w,35-44_1_m,35-44_1_w,45-54_1_m,45-54_1_w,55-64_1_m,55-64_1_w,65-74_1_m,65-74_1_w,75-84_1_m,75-84_1_w,>84_1_m,>84_1_w,<24_2_m,<24_2_w,25-34_2_m,25-34_2_w,35-44_2_m,35-44_2_w,45-54_2_m,45-54_2_w,55-64_2_m,55-64_2_w,65-74_2_m,65-74_2_w,75-84_2_m,75-84_2_w,>84_2_m,>84_2_w,bp_1,bp_2,mo_1,mo_2,az_1,az_2,ja,unb_1,unb_2
2021-08-25T23:59:59+02:00,1252,1133,12700,12038,16019,14979,19424,19815,26108,27298,32825,33887,25129,28026,17156,21920,5056,9582,10863,10359,14672,13574,18157,18314,24545,25481,31165,32125,24258,27037,16645,21177,4907,9160,234373,217822,31264,29219,46388,44630,12171,151,65
2021-08-24T23:59:59+02:00,1225,1117,12645,11969,15966,14938,19381,19776,26066,27253,32782,33854,25109,28003,17144,21910,5055,9577,10786,10287,14629,13534,18113,18279,24495,25433,31123,32088,24234,27010,16630,21163,4906,9159,234072,217415,31154,29181,46388,44630,12005,151,65
2021-08-23T23:59:59+02:00,1212,1105,12608,11932,15942,14921,19360,19743,26045,27221,32754,33833,25095,27991,17140,21901,5055,9574,10733,10238,14602,13498,18076,18245,24468,25404,31088,32057,24221,26991,16623,21160,4904,9158,233785,217026,31153,29181,46388,44628,11955,151,65
2021-08-22T23:59:59+02:00,1206,1098,12593,11911,15926,14905,19353,19724,26033,27211,32743,33820,25085,27985,17138,21899,5052,9574,10704,10209,14583,13482,18056,18234,24456,25388,31073,32045,24212,26981,16621,21155,4904,9157,233627,216816,31153,29180,46388,44627,11937,151,65
2021-08-21T23:59:59+02:00,1122,1027,12518,11854,15914,14894,19345,19713,26023,27200,32733,33804,25081,27980,17135,21896,5052,9574,10680,10179,14567,13478,18049,18223,24447,25382,31065,32039,24209,26980,16620,21155,4904,9157,233264,216696,31147,29179,46388,44627,11915,151,65
2021-08-20T23:59:59+02:00,1102,1011,12458,11785,15856,14844,19284,19675,25969,27167,32683,33777,25066,27969,17126,21891,5051,9572,10626,10141,14527,13443,18008,18196,24412,25364,31036,32023,24201,26973,16614,21152,4904,9156,232771,216415,31147,29178,46388,44627,11829,151,65
2021-08-19T23:59:59+02:00,1077,987,12392,11728,15798,14811,19234,19628,25908,27117,32641,33743,25034,27946,17114,21880,5048,9570,10537,10065,14459,13402,17954,18160,24345,25321,30970,31979,24160,26955,16605,21134,4903,9153,232481,215987,31056,29168,46388,44619,11580,151,65
2021-08-18T23:59:59+02:00,1065,970,12351,11693,15770,14781,19206,19598,25878,27087,32606,33718,25016,27934,17109,21871,5046,9569,10483,9999,14412,13377,17906,18132,24299,25285,30911,31941,24138,26938,16599,21121,4899,9148,232169,215537,31056,29163,46387,44609,11505,151,65
2021-08-17T23:59:59+02:00,1040,945,12301,11652,15741,14741,19173,19568,25850,27065,32572,33680,24998,27915,17099,21854,5045,9564,10390,9918,14362,13331,17852,18076,24250,25245,30850,31898,24114,26915,16588,21101,4897,9141,231875,214949,30933,29101,46387,44608,11457,151,65
2021-08-16T23:59:59+02:00,1029,938,12269,11628,15725,14723,19156,19551,25827,27041,32553,33658,24978,27900,17091,21839,5042,9562,10333,9852,14340,13288,17829,18040,24206,25210,30814,31867,24090,26884,16573,21087,4897,9138,231651,214515,30933,29100,46387,44604,11388,151,65
2021-08-15T23:59:59+02:00,1021,938,12244,11614,15712,14706,19141,19536,25817,27032,32532,33644,24972,27891,17087,21828,5041,9562,10288,9817,14308,13266,17811,18019,24184,25197,30794,31841,24073,26876,16568,21079,4896,9136,231493,214243,30932,29100,46386,44599,11356,151,65
2021-08-14T23:59:59+02:00,1020,938,12243,11610,15712,14704,19138,19534,25817,27032,32532,33643,24972,27891,17087,21828,5041,9562,10120,9597,14202,13176,17736,17972,24137,25166,30754,31808,24058,26863,16565,21076,4894,9135,231484,213239,30932,29099,46386,44598,11351,151,65
2021-08-13T23:59:59+02:00,976,898,12093,11482,15658,14650,19074,19477,25746,26980,32479,33607,24947,27862,17076,21818,5040,9558,10068,9544,14161,13148,17697,17947,24105,25146,30730,31787,24048,26850,16559,21067,4894,9131,230659,212905,30931,29099,46386,44595,11298,147,65
2021-08-12T23:59:59+02:00,963,877,12037,11421,15614,14612,19038,19450,25702,26959,32434,33578,24922,27846,17068,21813,5040,9555,9976,9475,14087,13106,17636,17899,24039,25113,30678,31740,24020,26825,16543,21049,4892,9131,230442,212488,30909,29093,46386,44580,11045,147,65
2021-08-11T23:59:59+02:00,949,866,12004,11388,15594,14589,19009,19430,25681,26940,32411,33550,24904,27825,17064,21806,5039,9553,9903,9413,14033,13067,17590,17855,23998,25092,30638,31692,23990,26793,16527,21036,4891,9126,230159,211920,30909,29089,46385,44554,11002,147,65
2021-08-10T23:59:59+02:00,931,856,11917,11337,15542,14560,18966,19393,25627,26906,32355,33497,24887,27811,17057,21793,5038,9550,9808,9332,13984,13031,17559,17822,23951,25053,30585,31646,23957,26761,16521,21018,4887,9121,229786,211413,30778,29054,46383,44541,10929,147,65
2021-08-09T23:59:59+02:00,929,840,11891,11303,15527,14545,18944,19381,25595,26885,32327,33466,24880,27803,17053,21785,5038,9547,9754,9271,13949,12981,17521,17781,23922,25009,30550,31606,23943,26744,16516,21005,4885,9116,229560,210969,30778,29051,46382,44534,10872,147,65
2021-08-08T23:59:59+02:00,919,833,11856,11280,15505,14532,18924,19360,25570,26865,32305,33450,24872,27788,17046,21781,5037,9547,9678,9216,13905,12955,17494,17751,23889,24975,30518,31575,23930,26725,16508,20991,4884,9113,229373,210576,30778,29050,46382,44533,10790,147,65
2021-08-07T23:59:59+02:00,900,806,11760,11203,15462,14491,18884,19327,25531,26835,32259,33418,24855,27776,17037,21763,5036,9544,9060,8616,13467,12604,17282,17567,23738,24864,30368,31499,23873,26674,16487,20964,4879,9110,228792,207384,30778,29050,46382,44533,10788,147,65
2021-08-06T23:59:59+02:00,890,803,11730,11176,15445,14478,18874,19321,25517,26819,32250,33412,24851,27772,17032,21761,5036,9543,8479,7988,12953,12210,17055,17364,23598,24753,30273,31420,23842,26627,16475,20950,4876,9104,228743,204228,30656,29037,46382,44533,10782,147,65
2021-08-05T23:59:59+02:00,887,796,11691,11145,15408,14451,18833,19291,25471,26783,32206,33365,24811,27750,17030,21750,5036,9538,8422,7923,12909,12160,17005,17322,23535,24713,30199,31366,23795,26586,16462,20932,4874,9095,228526,203809,30655,29032,46382,44524,10532,147,65
2021-08-04T23:59:59+02:00,870,780,11661,11115,15389,14419,18803,19268,25444,26754,32160,33326,24796,27737,17025,21745,5034,9530,8333,7834,12850,12113,16953,17280,23479,24669,30140,31295,23758,26547,16452,20919,4872,9089,228266,203221,30653,29031,46381,44489,10409,147,65
2021-08-03T23:59:59+02:00,854,761,11614,11077,15370,14399,18773,19248,25418,26726,32128,33293,24776,27718,17016,21740,5030,9529,8250,7745,12783,12063,16886,17230,23420,24632,30101,31246,23722,26513,16437,20908,4869,9085,227941,202568,30651,29021,46381,44482,10350,147,65
2021-08-02T23:59:59+02:00,845,758,11579,11046,15350,14369,18747,19228,25390,26701,32097,33266,24762,27699,17008,21731,5029,9527,8155,7652,12703,12003,16829,17167,23363,24561,30054,31189,23704,26490,16416,20898,4867,9080,227669,201866,30650,29020,46381,44474,10285,147,65
2021-08-01T23:59:59+02:00,838,751,11554,11017,15339,14356,18732,19217,25371,26689,32080,33251,24758,27691,17007,21728,5027,9526,8084,7585,12642,11956,16788,17121,23327,24530,30027,31164,23689,26471,16412,20892,4865,9079,227528,201411,30646,29019,46381,44456,10230,147,65
2021-07-31T23:59:59+02:00,835,750,11551,11011,15337,14353,18730,19213,25370,26688,32077,33250,24758,27690,17007,21728,5027,9526,7931,7396,11878,11283,16236,16685,23232,24451,29963,31093,23660,26435,16400,20873,4864,9077,227500,198198,30645,29019,46381,44455,10228,147,65
2021-07-30T23:59:59+02:00,834,749,11537,11002,15334,14350,18725,19208,25363,26683,32067,33245,24757,27688,17007,21726,5027,9526,7646,7156,11332,10839,15759,16258,23095,24344,29854,30981,23623,26390,16384,20851,4864,9072,227434,195120,30644,29018,46379,44442,10224,147,65
2021-07-29T23:59:59+02:00,822,740,11497,10955,15296,14329,18685,19183,25327,26648,32014,33216,24739,27668,16996,21709,5027,9524,7272,6846,10667,10326,15244,15846,22919,24199,29707,30871,23569,26338,16355,20826,4860,9069,227117,191660,30643,29010,46379,44357,10089,147,65
2021-07-28T23:59:59+02:00,803,728,11449,10903,15272,14299,18654,19156,25301,26621,31988,33192,24725,27650,16991,21697,5026,9520,7106,6689,10522,10206,15132,15711,22828,24104,29607,30775,23526,26282,16337,20797,4859,9059,226795,190421,30642,29008,46374,44248,10017,147,65
2021-07-27T23:59:59+02:00,794,719,11404,10865,15232,14259,18614,19130,25273,26595,31951,33170,24709,27625,16985,21686,5025,9512,6885,6476,10364,10089,14988,15577,22725,23998,29499,30662,23475,26218,16321,20770,4857,9048,226482,189273,30642,28681,46373,44215,9904,147,65
2021-07-26T23:59:59+02:00,784,707,11355,10820,15207,14238,18599,19103,25245,26566,31919,33144,24694,27604,16973,21674,5024,9509,6767,6399,10270,10012,14922,15499,22643,23938,29434,30588,23442,26175,16309,20753,4853,9042,226194,188487,30640,28678,46372,44173,9812,147,65
2021-07-25T23:59:59+02:00,773,697,11327,10792,15187,14212,18579,19079,25218,26542,31899,33126,24677,27593,16969,21665,5023,9507,6691,6317,10202,9948,14849,15439,22588,23884,29379,30550,23412,26153,16297,20739,4853,9038,225998,187898,30639,28674,46371,44143,9710,147,65
2021-07-24T23:59:59+02:00,749,675,11247,10709,15148,14185,18556,19057,25198,26527,31886,33113,24677,27589,16966,21663,5023,9507,6293,5958,10059,9834,14476,15158,22364,23727,29262,30466,23376,26115,16280,20722,4850,9034,225617,185543,30638,28673,46371,44141,9702,147,65
2021-07-23T23:59:59+02:00,723,653,11180,10627,15120,14152,18526,19042,25176,26508,31870,33096,24666,27584,16964,21663,5023,9504,5924,5648,9939,9728,14129,14894,22168,23554,29142,30349,23324,26047,16269,20701,4846,9027,225234,183276,30637,28673,46371,44130,9688,147,65
2021-07-22T23:59:59+02:00,682,613,11026,10463,15022,14064,18439,18994,25095,26454,31798,33032,24630,27543,16949,21645,5019,9499,5604,5350,9671,9514,13547,14418,21851,23294,28911,30122,23224,25950,16225,20664,4842,9024,224284,179962,30635,28662,46370,44111,9531,147,65
2021-07-21T23:59:59+02:00,662,588,10962,10409,14987,14037,18400,18957,25056,26425,31760,32982,24605,27510,16933,21633,5017,9494,4986,4884,9232,9263,13170,14189,21618,23140,28724,29973,23159,25874,16200,20641,4840,9021,223859,178201,30628,27393,46368,43944,9415,147,65
2021-07-20T23:59:59+02:00,644,571,10904,10355,14961,14001,18364,18930,25026,26393,31724,32949,24585,27489,16928,21619,5014,9487,4841,4772,9079,9131,13006,14056,21505,23019,28594,29850,23080,25771,16178,20601,4833,9015,223483,176859,30628,27381,46366,43795,9320,147,65
2021-07-19T23:59:59+02:00,631,559,10867,10324,14932,13981,18342,18922,24999,26368,31691,32920,24568,27466,16922,21608,5012,9484,4761,4702,8983,9054,12891,13959,21407,22913,28495,29730,23024,25714,16153,20572,4828,9009,223247,175921,30628,27373,46357,43699,9217,147,65
2021-07-18T23:59:59+02:00,616,550,10813,10272,14897,13960,18317,18905,24979,26351,31668,32901,24559,27456,16916,21599,5011,9479,4653,4599,8848,8933,12764,13820,21321,22822,28423,29651,22996,25685,16144,20559,4825,9008,222970,174910,30628,27359,46357,43646,9147,147,65
2021-07-17T23:59:59+02:00,544,480,10528,9975,14786,13862,18228,18828,24874,26277,31561,32852,24526,27422,16903,21579,5009,9478,4607,4557,8796,8861,12530,13628,20898,22482,28294,29520,22959,25633,16135,20544,4824,9005,221435,173133,30628,27359,46356,43644,9146,147,65
2021-07-16T23:59:59+02:00,515,443,10395,9855,14727,13822,18174,18777,24842,26244,31541,32828,24517,27407,16900,21572,5009,9475,4559,4515,8720,8821,12156,13349,20356,22086,28161,29426,22910,25596,16126,20539,4822,9003,220778,171025,30627,27357,46356,43637,9135,147,65
2021-07-15T23:59:59+02:00,485,406,10256,9750,14661,13773,18117,18710,24789,26196,31491,32775,24493,27371,16882,21556,5002,9471,4346,4376,8395,8614,11638,12948,19252,21243,27745,29083,22741,25427,16061,20466,4812,8987,220053,166332,30626,27344,46355,43441,9003,147,65
2021-07-14T23:59:59+02:00,464,393,10227,9725,14627,13753,18088,18675,24753,26155,31440,32722,24463,27343,16871,21539,5001,9469,4222,4225,8140,8441,11409,12803,19074,21132,27600,28957,22676,25349,16027,20428,4809,8978,219688,164766,30626,27326,46355,43267,8892,147,65
2021-07-13T23:59:59+02:00,440,378,10177,9672,14598,13725,18062,18642,24718,26134,31406,32681,24447,27313,16860,21528,5000,9467,4125,4130,7965,8282,11209,12612,18941,20994,27447,28796,22579,25264,15992,20375,4805,8967,219284,163311,30626,27305,46354,43009,8837,147,65
2021-07-12T23:59:59+02:00,427,357,10131,9622,14572,13706,18031,18612,24683,26092,31372,32636,24422,27290,16845,21523,4997,9464,4018,4031,7798,8161,11050,12477,18826,20872,27325,28675,22505,25203,15965,20349,4804,8962,218911,162149,30625,27283,46354,42819,8745,147,65
2021-07-11T23:59:59+02:00,419,339,10101,9592,14555,13686,18014,18602,24663,26084,31351,32618,24410,27280,16843,21521,4997,9462,3949,3958,7679,8061,10903,12349,18702,20772,27224,28561,22462,25155,15944,20324,4802,8959,218718,161182,30625,27278,46353,42620,8694,147,65
2021-07-10T23:59:59+02:00,393,316,9991,9486,14500,13647,17966,18579,24639,26064,31332,32602,24402,27271,16839,21517,4995,9460,3916,3933,7618,8019,10868,12320,18673,20748,27195,28539,22455,25140,15940,20319,4802,8959,218193,160880,30624,27277,46350,42572,8685,147,65
2021-07-09T23:59:59+02:00,333,269,9729,9277,14395,13565,17890,18509,24553,26011,31283,32541,24379,27240,16826,21499,4995,9454,3849,3893,7485,7928,10651,12175,18448,20610,26780,28218,22271,24946,15885,20259,4799,8952,216968,158740,30624,27274,46349,42443,8660,147,65
2021-07-08T23:59:59+02:00,254,202,9535,9134,14294,13489,17796,18437,24493,25961,31200,32483,24352,27209,16813,21481,4991,9449,3693,3767,7176,7739,10297,11946,18103,20328,26475,27961,22098,24788,15817,20186,4792,8936,215869,156364,30621,27228,46336,41873,8600,147,65
2021-07-07T23:59:59+02:00,215,173,9433,9029,14243,13455,17753,18394,24441,25921,31158,32443,24328,27179,16801,21463,4991,9441,3497,3638,6847,7514,9345,11216,17519,19898,26073,27651,21864,24486,15740,20090,4778,8922,215237,153751,30618,25478,46333,41280,8526,147,65
2021-07-06T23:59:59+02:00,193,161,9355,8970,14193,13427,17717,18352,24399,25882,31097,32396,24292,27151,16786,21446,4989,9439,3383,3563,6648,7392,9074,11053,17275,19718,25796,27394,21707,24284,15659,19986,4765,8907,214674,151822,30601,25468,46330,40777,8493,147,65
2021-07-05T23:59:59+02:00,181,146,9268,8889,14153,13385,17683,18302,24363,25852,31052,32345,24268,27129,16778,21432,4988,9437,3331,3528,6519,7313,8924,10932,17133,19579,25625,27239,21564,24117,15609,19933,4754,8897,214131,150759,30601,25459,46327,40289,8445,147,65
2021-07-04T23:59:59+02:00,166,139,9214,8839,14122,13372,17657,18284,24338,25833,31031,32319,24253,27115,16772,21424,4987,9434,3279,3486,6456,7273,8836,10860,17046,19494,25496,27129,21439,23988,15567,19882,4752,8890,213859,150101,30600,25450,46312,39893,8381,147,65
2021-07-03T23:59:59+02:00,163,136,8702,8341,13964,13252,17556,18166,24244,25775,30966,32270,24232,27093,16760,21412,4985,9431,3219,3407,6337,7154,8666,10718,16830,19313,25108,26820,21324,23851,15537,19842,4748,8884,212024,148056,30600,25450,46312,39838,8365,147,65
2021-07-02T23:59:59+02:00,156,132,8133,7869,13820,13143,17464,18089,24174,25705,30906,32208,24194,27051,16754,21392,4983,9426,3108,3299,6067,6998,8409,10476,16460,18985,24635,26396,21096,23578,15467,19760,4742,8881,210182,144984,30600,25448,46308,39513,8362,147,65
2021-07-01T23:59:59+02:00,143,122,8004,7762,13737,13085,17395,18037,24105,25654,30853,32155,24166,27026,16744,21380,4982,9425,2920,3110,5720,6714,7972,10060,15873,18513,23871,25740,20609,23104,15340,19599,4730,8856,209392,140423,30595,25436,46303,38482,8338,147,65
2021-06-30T23:59:59+02:00,126,109,7858,7645,13668,13036,17342,17984,24054,25601,30794,32109,24135,27004,16730,21362,4982,9420,2824,3031,5566,6570,7747,9839,14916,17643,23258,25190,20251,22710,15207,19438,4716,8822,208829,138890,30421,23163,46299,37359,8263,147,65
2021-06-29T23:59:59+02:00,111,96,7791,7552,13625,12997,17303,17939,24001,25540,30744,32050,24114,26978,16720,21346,4979,9416,2765,2987,5437,6472,7593,9705,14748,17471,23017,24956,19992,22385,15108,19338,4704,8802,208207,137771,30419,23151,46296,36269,8233,147,65
2021-06-28T23:59:59+02:00,106,90,7727,7481,13561,12938,17257,17888,23959,25495,30688,32006,24097,26950,16713,21336,4977,9414,2736,2955,5369,6425,7500,9634,14651,17390,22867,24742,19788,22139,15053,19269,4700,8788,207674,137176,30417,23141,46288,35474,8157,147,65
2021-06-27T23:59:59+02:00,92,85,7678,7417,13531,12902,17228,17855,23940,25460,30661,31978,24085,26942,16706,21330,4977,9412,2713,2940,5318,6400,7429,9589,14555,17327,22772,24655,19661,21998,15022,19218,4696,8779,207319,136668,30417,23130,46282,35100,8114,147,65
2021-06-26T23:59:59+02:00,88,82,7174,6861,13137,12602,17115,17752,23876,25401,30625,31943,24077,26925,16702,21319,4976,9411,2612,2831,5132,6212,7229,9399,14010,16872,22112,24022,19513,21855,14977,19165,4694,8771,205141,133057,30417,23130,46282,35080,8114,112,30
2021-06-25T23:59:59+02:00,87,79,6689,6377,12683,12229,16956,17634,23785,25335,30544,31902,24054,26898,16697,21309,4974,9409,2508,2675,4957,6020,6971,9102,13480,16341,21560,23437,19315,21646,14919,19098,4690,8759,202734,129359,30417,23130,46282,34868,8096,112,30
2021-06-24T23:59:59+02:00,77,67,6465,6160,12458,12078,16850,17551,23713,25282,30486,31854,24020,26856,16691,21299,4972,9402,2299,2436,4586,5642,6470,8611,12758,15626,20408,22436,18850,21165,14814,18967,4678,8744,201458,123409,30415,23118,46275,33917,8021,112,30
2021-06-23T23:59:59+02:00,72,65,5890,5660,12296,11966,16731,17437,23639,25235,30423,31804,23986,26833,16684,21285,4968,9398,2262,2384,4523,5520,6378,8460,12525,15337,20165,22177,18551,20836,14717,18853,4667,8727,200948,122388,29076,22969,46265,32729,7971,112,30
2021-06-22T23:59:59+02:00,68,60,5748,5530,12196,11860,16645,17362,23581,25173,30356,31726,23959,26801,16674,21264,4964,9396,2209,2349,4428,5438,6254,8313,11656,14675,19752,21769,18217,20483,14609,18715,4657,8707,200013,121464,29069,21275,46247,31544,7922,112,30
2021-06-21T23:59:59+02:00,65,57,5612,5417,12122,11767,16584,17276,23527,25099,30306,31668,23934,26773,16661,21249,4964,9392,2176,2313,4370,5341,6167,8186,10875,13971,19301,21359,17991,20256,14549,18620,4648,8691,199192,120670,29065,19490,46242,30766,7862,112,30
2021-06-20T23:59:59+02:00,63,55,5494,5291,11959,11584,16519,17151,23476,25034,30264,31612,23918,26752,16655,21234,4959,9387,2158,2283,4329,5301,6097,8136,10771,13891,19189,21232,17834,20065,14483,18537,4644,8684,198182,120133,29061,19487,46236,30172,7816,112,30
2021-06-19T23:59:59+02:00,59,51,5476,5271,11193,10920,16040,16760,23415,24990,30220,31569,23900,26732,16647,21222,4959,9387,2087,2165,4122,5072,5816,7855,10446,13557,18138,20380,17666,19880,14450,18472,4639,8672,195587,115931,29061,19487,46236,30158,7815,112,30
2021-06-18T23:59:59+02:00,56,50,5442,5245,10549,10337,15426,16197,23324,24921,30151,31506,23873,26702,16636,21207,4958,9385,2018,2077,3979,4928,5538,7585,10064,13193,16989,19171,17463,19643,14401,18408,4636,8662,192748,111523,29055,19486,46236,29906,7814,112,30
2021-06-17T23:59:59+02:00,49,41,5322,5142,9869,9829,14938,15806,23225,24833,30070,31412,23833,26656,16621,21186,4957,9382,1888,1970,3722,4682,5150,7221,9525,12703,15803,17980,17003,19153,14260,18234,4623,8638,190179,106398,29053,19478,46233,28990,7671,35,22
2021-06-16T23:59:59+02:00,47,33,5188,5006,9672,9668,14791,15676,23132,24739,29972,31336,23789,26611,16606,21174,4956,9372,1848,1929,3618,4597,5048,7103,8495,11851,15530,17686,16707,18817,14125,18063,4617,8605,189000,105516,29042,17600,46230,28044,7461,35,22
2021-06-15T23:59:59+02:00,41,27,5000,4819,9490,9513,14656,15534,23040,24649,29895,31250,23746,26538,16580,21141,4948,9357,1785,1871,3540,4502,4954,6990,8379,11709,15352,17459,16389,18506,13983,17894,4594,8547,187680,104756,29039,17596,46211,26825,7259,35,22
2021-06-14T23:59:59+02:00,39,24,4923,4755,9396,9404,14578,15445,22969,24575,29825,31189,23714,26499,16565,21123,4945,9351,1762,1848,3503,4478,4913,6958,8279,11646,15214,17325,16209,18302,13892,17797,4589,8540,186935,104530,29033,17593,46205,26003,7111,35,22
2021-06-13T23:59:59+02:00,38,23,4865,4707,9310,9329,14495,15378,22908,24524,29758,31136,23688,26471,16556,21113,4945,9349,1712,1833,3461,4454,4857,6915,8208,11609,15115,17230,16053,18118,13838,17724,4582,8533,186354,104249,29027,17591,46190,25397,6987,35,22
2021-06-12T23:59:59+02:00,36,22,4846,4692,9282,9306,14258,15201,22778,24395,29713,31091,23668,26454,16547,21105,4944,9347,1587,1711,3223,4243,4453,6612,7660,11177,13340,15541,15701,17747,13758,17622,4580,8519,185449,97547,29027,17591,46190,25333,6985,34,22
2021-06-11T23:59:59+02:00,32,21,4792,4638,9201,9253,13939,14978,22582,24247,29617,31000,23631,26409,16529,21093,4943,9344,1484,1576,3039,4032,4154,6248,7149,10632,11703,13657,15224,17172,13644,17475,4565,8505,184086,90635,29024,17590,46190,25102,6915,34,21
2021-06-10T23:59:59+02:00,26,18,4507,4410,8657,8922,12664,13958,22015,23796,29243,30695,23494,26251,16476,21025,4930,9329,1361,1483,2804,3851,3825,5964,6714,10240,10290,12327,14711,16597,13473,17267,4550,8478,178751,86095,29008,17587,46184,23797,6439,34,21
2021-06-09T23:59:59+02:00,23,14,4272,4245,8064,8630,11762,13298,21695,23581,29013,30541,23431,26188,16457,21001,4927,9325,1273,1429,2649,3779,3682,5884,6508,10148,10028,12148,14388,16247,13303,17087,4543,8457,176643,85762,27731,17484,46178,22409,5881,34,21
2021-06-08T23:59:59+02:00,19,11,4141,4145,7662,8404,11276,13008,21469,23402,28813,30388,23372,26114,16425,20959,4921,9316,1195,1402,2513,3721,3523,5817,5611,9399,9554,11785,14052,15838,13077,16848,4529,8435,174891,85407,27359,15328,46154,21140,5407,34,21
2021-06-07T23:59:59+02:00,15,9,4020,4066,7426,8298,10987,12830,21266,23288,28659,30270,23313,26061,16407,20934,4917,9308,1146,1282,2392,3661,3393,5754,5446,9323,9344,11658,13823,15580,12921,16679,4522,8417,173664,85217,27349,15323,46145,19902,4882,34,21
2021-06-06T23:59:59+02:00,13,9,3902,4007,7188,8176,10737,12669,21080,23199,28573,30180,23283,26027,16395,20916,4914,9304,1126,1265,2327,3625,3297,5702,5340,9248,9228,11557,13666,15426,12849,16585,4519,8410,172514,85027,27332,15319,46135,19250,4557,34,21
2021-06-05T23:59:59+02:00,13,9,3873,3970,7150,8136,10560,12513,20452,22690,28411,30034,23233,25982,16381,20897,4914,9300,1094,1164,2161,3172,3065,5163,5170,8916,8448,10606,13015,14586,12736,16438,4508,8400,170472,79642,27332,15319,46134,19116,4547,33,21
2021-06-04T23:59:59+02:00,13,9,3843,3944,7114,8111,10463,12421,20090,22363,28307,29938,23198,25944,16367,20887,4912,9299,1062,1097,2063,2862,2905,4686,5013,8546,7934,9948,11517,12869,12611,16241,4501,8382,169196,73266,27319,15318,46134,19094,4541,33,21
2021-06-03T23:59:59+02:00,8,6,3708,3842,6893,7973,9907,11999,18864,21433,27907,29628,23065,25802,16314,20825,4908,9285,1009,1053,1974,2750,2768,4530,4809,8245,7571,9499,11139,12471,12504,16128,4498,8369,164439,71484,27309,15315,46130,18044,4456,33,21
2021-06-02T23:59:59+02:00,8,6,3701,3834,6881,7956,9896,11988,18676,21253,27836,29579,23042,25780,16308,20816,4905,9283,1005,1046,1962,2720,2747,4511,4598,8061,7035,9011,11102,12430,12489,16113,4494,8363,164373,71376,26764,13822,46129,18022,4449,33,21
2021-06-01T23:59:59+02:00,7,5,3574,3758,6644,7808,9608,11795,18221,20906,27599,29384,22948,25678,16267,20763,4902,9271,968,998,1878,2650,2667,4439,4319,7827,6439,8479,10889,12217,12391,16010,4489,8351,162684,70937,25984,12529,46115,17205,4322,33,21
2021-05-31T23:59:59+02:00,7,5,3527,3713,6555,7740,9472,11696,18095,20815,27509,29307,22881,25617,16250,20735,4897,9264,939,974,1811,2610,2587,4396,4212,7763,6321,8404,10703,12049,12290,15894,4479,8343,161844,70577,25953,12524,46102,16503,4153,33,21
2021-05-30T23:59:59+02:00,7,4,3496,3689,6491,7685,9382,11605,18007,20735,27432,29236,22836,25572,16228,20708,4891,9254,934,967,1800,2600,2574,4383,4183,7738,6267,8362,10642,11970,12256,15851,4474,8334,161143,70534,25948,12521,46085,16213,4049,33,21
2021-05-29T23:59:59+02:00,7,4,3485,3670,6455,7658,9338,11568,17969,20695,27287,29130,22782,25498,16213,20688,4888,9250,898,948,1743,2554,2501,4298,3993,7483,5994,8065,8445,9314,12063,15509,4459,8305,160484,64295,25948,12519,46071,15690,4049,33,21
2021-05-28T23:59:59+02:00,7,4,3422,3615,6324,7581,9198,11437,17812,20564,27104,29007,22718,25421,16192,20671,4887,9249,885,934,1724,2534,2465,4244,3841,7186,5800,7803,5749,6207,11786,15112,4444,8256,159127,57429,25946,12519,46067,14963,4040,33,21
2021-05-27T23:59:59+02:00,7,4,3275,3485,6039,7401,8596,11104,17336,20226,26691,28660,22552,25256,16134,20608,4880,9231,835,876,1642,2439,2348,4110,3418,6215,5377,7206,5588,6034,11707,15038,4438,8239,155653,56947,25887,12472,46060,12220,3852,33,21
2021-05-26T23:59:59+02:00,7,4,3168,3402,5820,7235,8224,10818,16870,19920,26390,28424,22403,25123,16083,20534,4867,9211,818,868,1590,2414,2295,4080,3345,6141,5280,7134,5453,5907,11642,14972,4433,8227,152949,56873,25871,12470,46038,11625,3612,33,21
2021-05-25T23:59:59+02:00,7,4,3077,3339,5678,7121,8027,10656,15868,19142,26036,28070,22245,24969,16031,20454,4860,9201,799,850,1554,2370,2224,4021,3270,6072,5195,7070,5286,5737,11534,14892,4425,8216,151394,56806,23947,12283,46024,11018,3389,31,21
2021-05-24T23:59:59+02:00,7,4,3014,3321,5590,7077,7909,10594,14953,18453,25621,27758,22150,24865,16000,20418,4853,9189,790,848,1532,2353,2180,3985,3223,6024,5118,6990,5185,5629,11455,14816,4424,8210,150669,56770,21878,12207,46014,10582,3184,31,21
2021-05-23T23:59:59+02:00,7,4,3011,3317,5581,7070,7900,10586,14948,18452,25620,27757,22150,24865,16000,20418,4853,9189,788,845,1524,2346,2168,3972,3204,6009,5097,6957,5141,5577,11438,14792,4423,8208,150641,56762,21878,12207,46012,10335,3166,31,21
2021-05-22T23:59:59+02:00,6,4,2975,3275,5508,7024,7800,10499,14749,18291,25340,27514,22050,24779,15967,20375,4850,9185,766,825,1480,2295,2117,3893,3090,5888,4782,6389,4571,4835,10793,13970,4413,8169,149104,53516,21878,12207,46012,9368,3166,31,21
2021-05-21T23:59:59+02:00,4,4,2903,3200,5382,6928,7673,10353,14491,18061,25046,27279,21937,24671,15934,20327,4845,9176,735,772,1412,2167,2015,3627,2907,5555,4302,5489,4158,4296,10050,13029,4348,8043,147164,49774,21877,12207,46007,7769,3136,30,21
2021-05-20T23:59:59+02:00,4,4,2772,3037,5103,6673,7387,9985,14031,17578,24435,26729,21665,24374,15840,20207,4831,9146,721,762,1385,2142,1976,3594,2852,5500,4218,5411,4030,4193,9973,12966,4339,8031,143017,49681,21868,12196,45982,7292,2904,30,21
2021-05-19T23:59:59+02:00,4,4,2720,2985,5006,6533,7244,9803,12885,16542,24172,26442,21568,24244,15795,20146,4823,9139,702,736,1360,2094,1944,3509,2789,5353,4123,5304,3948,4103,9920,12901,4336,8027,141646,49653,19797,12132,45911,6673,2671,30,21
2021-05-18T23:59:59+02:00,4,4,2697,2962,4959,6501,7193,9772,12531,16267,23992,26289,21475,24155,15765,20093,4815,9127,673,678,1305,1965,1871,3307,2691,5145,3994,5107,3723,3826,9838,12821,4326,8017,141371,49633,18943,11133,45867,6111,2390,30,21
2021-05-17T23:59:59+02:00,4,4,2671,2941,4916,6431,7105,9664,12378,16089,23843,26129,21421,24104,15746,20070,4810,9119,665,664,1289,1929,1850,3258,2643,5037,3915,4993,3585,3674,9770,12758,4323,8008,140401,49610,18935,11123,45850,5379,2229,30,21
2021-05-16T23:59:59+02:00,4,4,2659,2927,4893,6364,7067,9581,12318,16015,23791,26069,21397,24087,15736,20056,4807,9116,660,658,1279,1926,1833,3249,2621,5025,3886,4971,3531,3608,9731,12726,4322,8006,139964,49597,18927,11112,45828,5161,2142,30,21
2021-05-15T23:59:59+02:00,4,4,2534,2789,4705,6159,6876,9395,11800,15597,23202,25519,21290,23969,15702,20013,4804,9108,610,595,1196,1839,1694,3095,2333,4717,3438,4460,3199,3180,9568,12521,4298,7977,136574,46635,18926,11112,45823,4836,2117,30,21
2021-05-14T23:59:59+02:00,4,4,2418,2612,4510,5934,6599,9082,11264,15087,22635,24952,21143,23829,15666,19955,4800,9097,547,517,1094,1719,1534,2879,2002,4315,2839,3871,2814,2742,9484,12374,4294,7973,132753,43709,18919,11110,45801,4071,2088,30,21
2021-05-13T23:59:59+02:00,4,4,2236,2325,4188,5551,6172,8608,10704,14399,21603,24040,20860,23555,15606,19856,4793,9082,543,517,1081,1703,1519,2860,1992,4289,2818,3845,2798,2725,9477,12370,4293,7973,126849,43636,18865,11102,45775,3978,2067,30,21
2021-05-12T23:59:59+02:00,4,4,2235,2322,4181,5550,6163,8602,10602,14278,21550,24001,20855,23544,15601,19848,4792,9082,535,495,1045,1648,1470,2781,1909,4202,2759,3786,2717,2630,9426,12297,4293,7973,126806,43633,18539,10274,45775,3975,2064,30,21
2021-05-11T23:59:59+02:00,4,4,2114,2283,4097,5485,6038,8488,10296,14027,21358,23839,20779,23472,15586,19815,4788,9077,510,471,984,1588,1401,2690,1809,4064,2686,3712,2563,2403,9362,12196,4292,7973,125863,43615,18202,9441,45492,3665,1963,30,21
2021-05-10T23:59:59+02:00,4,4,2073,2206,3990,5363,5903,8309,9505,13264,20979,23516,20689,23383,15547,19761,4778,9064,497,442,947,1524,1336,2601,1719,3903,2602,3617,2535,2379,9352,12178,4288,7968,124730,43589,16352,9261,45389,3181,1837,30,21
2021-05-09T23:59:59+02:00,4,4,2041,2191,3956,5323,5850,8261,9439,13195,20909,23443,20656,23342,15533,19734,4775,9050,490,433,926,1481,1310,2553,1685,3841,2564,3574,2526,2367,9342,12161,4288,7960,124287,43530,16348,9258,45294,2946,1747,30,21
2021-05-08T23:59:59+02:00,4,4,1978,2090,3772,5148,5576,8055,9128,12910,19773,22514,20460,23147,15500,19665,4770,9038,417,403,861,1441,1234,2480,1597,3739,2345,3361,1981,1940,9248,12076,4287,7960,120142,42060,16347,9257,45291,2304,1746,6,4
2021-05-07T23:59:59+02:00,4,4,1891,1978,3588,4977,5255,7759,8719,12539,18524,21241,20277,22935,15454,19608,4761,9019,325,344,752,1366,1103,2351,1463,3596,2170,3169,1613,1605,8760,11629,4286,7958,115199,40332,16345,9254,45271,1189,1712,6,4
2021-05-06T23:59:59+02:00,4,4,1707,1869,3302,4725,4804,7354,8077,11975,17283,19997,19943,22557,15347,19445,4751,9008,308,335,731,1337,1063,2305,1414,3512,2103,3101,1577,1550,8743,11598,4280,7955,109341,40312,16338,9248,45037,919,1430,6,4
2021-05-05T23:59:59+02:00,4,3,1637,1839,3221,4638,4727,7250,7945,11824,17127,19851,19823,22438,15271,19349,4729,8912,297,323,689,1285,1002,2230,1330,3362,1994,2984,1484,1451,8326,11030,4274,7937,108582,40275,16195,8120,44867,662,938,6,4
2021-05-04T23:59:59+02:00,4,3,1611,1810,3179,4564,4668,7140,7693,11530,16568,19272,19736,22308,15196,19252,4701,8802,281,310,666,1256,981,2176,1271,3242,1881,2827,1412,1345,8255,10927,4270,7919,107896,40250,14848,7844,44764,399,523,6,4
2021-05-03T23:59:59+02:00,4,3,1603,1806,3171,4550,4630,7118,7440,11298,15875,18677,19672,22223,15170,19218,4695,8792,266,289,644,1174,932,2088,1208,3103,1783,2690,1346,1265,8230,10892,4266,7910,107815,40240,13250,7637,44724,56,150,6,4
2021-05-02T23:59:59+02:00,4,3,1602,1804,3166,4548,4625,7115,7427,11288,15856,18665,19656,22215,15170,19216,4694,8792,266,286,641,1173,927,2085,1198,3097,1775,2683,1332,1258,8229,10887,4265,7910,107789,40217,13247,7635,44700,53,104,6,4
2021-05-01T23:59:59+02:00,4,3,1469,1662,2886,4298,4158,6755,6809,10805,13921,16785,19275,21819,15079,19100,4691,8776,264,286,638,1171,926,2082,1196,3095,1773,2679,1327,1254,8227,10885,4265,7910,100246,40186,13247,7635,44696,53,101,5,4
2021-04-30T23:59:59+02:00,3,3,1346,1512,2670,4075,3828,6359,6241,10210,12130,14746,18817,21279,14975,18958,4677,8766,259,285,631,1164,911,2074,1184,3085,1762,2666,1316,1245,8223,10880,4264,7909,92618,40140,13247,7635,44696,50,30,4,4
2021-04-29T23:59:59+02:00,2,3,1230,1447,2504,3949,3588,6155,5884,9907,10790,13469,18558,21002,14932,18888,4673,8760,258,281,626,1157,899,2068,1164,3080,1732,2630,1290,1221,8217,10871,4264,7909,87930,40108,13238,7502,44556,41,13,4,4
2021-04-28T23:59:59+02:00,2,3,1171,1441,2454,3930,3537,6131,5822,9874,10693,13401,18528,20968,14925,18872,4673,8757,258,280,624,1156,896,2066,1159,3076,1724,2629,1284,1203,7775,10351,4264,7909,87660,40087,13188,6516,44318,37,12,4,3
2021-04-27T23:59:59+02:00,2,3,1123,1414,2353,3886,3473,6104,5703,9819,10576,13325,18495,20929,14912,18857,4672,8755,257,280,622,1149,895,2064,1154,3073,1720,2625,1272,1186,7358,9769,4264,7909,87153,40067,13135,5485,44098,32,11,4,3
2021-04-26T23:59:59+02:00,2,3,1081,1385,2263,3794,3346,6004,5536,9699,10273,13066,18433,20875,14903,18839,4670,8755,256,279,621,1147,889,2061,1147,3070,1702,2615,1257,1173,7349,9749,4264,7909,85816,39980,13125,5464,43971,31,11,4,3
2021-04-25T23:59:59+02:00,2,3,1078,1383,2255,3792,3339,6000,5516,9692,10238,13036,18423,20863,14902,18833,4670,8754,255,279,621,1147,889,2061,1145,3070,1702,2615,1257,1173,7349,9747,4264,7909,85794,39978,13116,5462,43855,31,10,4,3
2021-04-24T23:59:59+02:00,2,2,1035,1266,2068,3254,3069,5385,5323,9280,9406,11991,17718,19967,14788,18674,4662,8743,253,278,620,1145,889,2060,1145,3069,1696,2610,1254,1168,7347,9746,4264,7908,79674,39952,13116,5458,43830,31,9,4,3
2021-04-23T23:59:59+02:00,1,2,1003,1182,1955,2907,2887,4834,5128,8851,8852,11269,16089,18109,14642,18468,4654,8720,253,278,619,1145,887,2058,1144,3069,1695,2609,1249,1163,7343,9744,4264,7907,72655,39938,13115,5447,43770,31,9,4,3
2021-04-22T23:59:59+02:00,1,2,998,1171,1935,2891,2867,4815,5071,8805,8740,11166,16018,18032,14616,18438,4652,8715,251,278,615,1144,884,2057,1136,3057,1680,2589,1225,1141,7338,9736,4264,7907,72607,39924,13059,5337,43254,30,9,4,3
2021-04-21T23:59:59+02:00,1,2,989,1163,1923,2878,2840,4789,5025,8750,8633,11043,15932,17948,14587,18404,4652,8710,246,275,605,1135,870,2027,1126,3032,1669,2564,1212,1128,7114,9418,4263,7907,72567,39917,13003,4634,42686,29,9,4,3
2021-04-20T23:59:59+02:00,1,2,962,1114,1871,2763,2767,4628,4932,8571,8459,10836,15701,17666,14528,18345,4645,8704,233,272,587,1114,844,1997,1097,3006,1634,2522,1192,1115,7106,9413,4262,7906,72531,39896,11874,4369,42077,25,9,4,2
2021-04-19T23:59:59+02:00,1,2,953,1105,1839,2743,2717,4603,4808,8510,8259,10725,15609,17568,14506,18326,4645,8698,227,264,569,1091,826,1965,1079,2963,1589,2467,1174,1096,7099,9410,4260,7905,72131,39862,11853,4089,41620,23,9,4,2
2021-04-18T23:59:59+02:00,1,2,950,1104,1834,2737,2709,4591,4790,8498,8219,10683,15560,17510,14496,18309,4644,8696,227,264,569,1090,825,1965,1079,2963,1589,2466,1174,1095,7097,9409,4259,7905,72085,39856,11850,4087,41385,23,9,4,2
2021-04-17T23:59:59+02:00,0,2,917,1090,1785,2699,2641,4512,4636,8358,7957,10454,13192,14610,14299,17957,4627,8660,225,264,569,1087,821,1959,1067,2956,1579,2446,1137,1053,6765,8993,4234,7857,65269,38903,11850,4076,41264,23,9,4,2
2021-04-16T23:59:59+02:00,0,2,911,1084,1773,2688,2599,4473,4544,8274,7777,10263,10362,11357,14026,17540,4608,8604,223,259,568,1084,816,1955,1057,2953,1571,2434,1126,1039,6759,8988,4231,7854,57999,38825,11848,4060,41025,23,9,4,1
2021-04-15T23:59:59+02:00,0,2,898,1079,1751,2674,2557,4440,4431,8213,7546,10062,10113,11138,13964,17474,4602,8590,221,259,568,1082,815,1953,1054,2950,1568,2431,1121,1035,6757,8986,4231,7854,57975,38811,11846,4043,39700,22,9,4,1
2021-04-14T23:59:59+02:00,0,2,879,1052,1693,2591,2468,4317,4240,8030,7272,9779,9739,10656,13815,17295,4596,8581,196,235,527,1031,792,1886,1019,2870,1518,2370,1095,1005,6753,8977,4231,7853,57942,38795,10898,3535,38152,19,9,4,1
2021-04-13T23:59:59+02:00,0,2,854,1030,1655,2539,2400,4234,4139,7893,7062,9564,9334,10138,13671,17128,4591,8569,160,211,492,982,752,1793,985,2760,1466,2300,1076,970,6737,8966,4230,7853,57898,38731,9952,2980,36940,13,9,4,1
2021-04-12T23:59:59+02:00,0,2,850,1028,1636,2536,2370,4221,4086,7842,6921,9392,9069,9824,13607,17069,4580,8553,149,197,464,942,729,1728,964,2688,1422,2250,1054,953,6721,8946,4227,7848,57840,38615,9922,2645,35811,13,9,4,1
2021-04-11T23:59:59+02:00,0,2,849,1027,1625,2536,2357,4219,4063,7830,6856,9331,8935,9659,13580,17021,4575,8544,149,197,464,940,729,1727,962,2688,1421,2250,1054,953,6719,8946,4227,7848,57828,38609,9920,2644,35248,12,9,4,1
2021-04-10T23:59:59+02:00,0,2,833,1022,1597,2507,2320,4190,3992,7772,6724,9214,8379,8924,12916,16168,4564,8502,146,197,462,937,723,1724,962,2681,1412,2243,1041,937,6250,8448,4212,7832,54494,37544,9919,2642,35200,12,9,4,1
2021-04-09T23:59:59+02:00,0,2,811,993,1557,2459,2253,4110,3839,7613,6377,8883,7857,8266,12101,15143,4494,8365,144,196,460,932,717,1717,954,2671,1397,2233,1019,916,6008,8178,4195,7805,50521,36883,9914,2638,34675,12,9,4,1
2021-04-08T23:59:59+02:00,0,2,802,983,1530,2435,2187,4061,3704,7526,6123,8583,7243,7611,11942,14943,4483,8348,144,193,455,929,712,1710,946,2661,1390,2220,1007,914,6005,8176,4194,7805,50488,36863,9890,2577,32115,12,9,4,1
2021-04-07T23:59:59+02:00,0,2,796,974,1504,2417,2129,4023,3617,7456,5891,8317,6690,6979,11335,14194,4471,8321,125,186,425,882,666,1641,890,2591,1340,2151,986,898,5997,8170,4193,7805,50461,36839,8732,2087,29911,12,8,4,1
2021-04-06T23:59:59+02:00,0,2,791,972,1490,2409,2100,4001,3544,7407,5710,8146,6243,6471,11133,13978,4456,8293,101,165,376,820,621,1566,847,2491,1288,2087,962,882,5979,8157,4191,7801,50390,36812,8548,1503,28197,12,7,4,1
2021-04-05T23:59:59+02:00,0,2,786,968,1474,2401,2076,3992,3493,7381,5567,8036,6041,6256,11066,13892,4450,8283,95,163,375,818,614,1557,839,2476,1275,2068,934,852,4887,6757,4112,7695,50192,34005,8544,1493,27417,12,7,4,1
2021-04-04T23:59:59+02:00,0,2,784,962,1472,2399,2072,3990,3476,7374,5557,8029,6030,6236,11052,13874,4448,8280,95,163,373,816,611,1552,832,2469,1260,2048,911,830,3885,5596,4046,7589,50177,31564,8542,1493,27307,12,7,4,1
2021-04-03T23:59:59+02:00,0,2,732,907,1390,2330,1949,3851,3215,7114,5097,7536,5687,5781,10881,13657,4422,8251,93,163,373,815,611,1550,831,2469,1260,2048,911,830,3885,5593,4046,7588,46944,31554,8542,1493,27305,12,7,4,1
2021-04-02T23:59:59+02:00,0,2,689,872,1335,2262,1851,3737,2959,6854,4583,7057,5297,5322,10784,13494,4417,8245,92,163,373,815,611,1550,829,2469,1258,2045,909,826,3882,5590,4045,7588,44022,31535,8541,1492,27187,12,6,4,1
2021-04-01T23:59:59+02:00,0,2,686,870,1324,2256,1831,3729,2930,6840,4509,6984,5188,5213,10745,13445,4416,8241,92,163,371,811,609,1547,829,2466,1254,2041,899,825,3878,5588,4044,7587,44005,31526,8397,1460,26797,12,6,4,1
2021-03-31T23:59:59+02:00,0,2,684,868,1317,2240,1823,3719,2902,6812,4446,6938,5049,5053,10236,12838,4412,8233,92,163,370,811,609,1547,829,2466,1252,2041,898,825,3878,5587,4044,7586,43993,31520,7270,1460,26300,12,6,3,1
2021-03-30T23:59:59+02:00,0,2,675,865,1299,2220,1793,3690,2866,6777,4361,6848,4882,4859,9711,12138,4405,8218,87,160,369,807,604,1544,824,2460,1244,2039,887,815,3870,5584,4043,7585,43967,31499,6085,1407,25548,10,6,3,1
2021-03-29T23:59:59+02:00,0,2,670,857,1286,2185,1776,3659,2835,6735,4291,6763,4683,4662,9625,12044,4402,8204,87,160,369,805,599,1540,822,2454,1240,2032,879,809,3862,5577,4043,7585,43899,31486,5868,1362,24903,9,6,3,1
2021-03-28T23:59:59+02:00,0,2,667,855,1283,2182,1761,3649,2820,6723,4257,6710,4587,4552,9588,11980,4397,8197,87,160,369,804,599,1540,820,2454,1238,2032,878,809,3861,5577,4043,7585,43877,31484,5859,1357,24465,9,6,3,1
2021-03-27T23:59:59+01:00,0,2,663,850,1274,2177,1745,3633,2792,6693,4094,6567,4011,4098,9359,11733,4384,8178,87,160,367,802,597,1538,818,2451,1230,2026,874,805,3683,5287,3942,7416,41934,30711,5855,1357,24455,9,6,3,1
2021-03-26T23:59:59+01:00,0,2,657,842,1266,2167,1725,3616,2766,6671,4018,6489,3606,3734,8762,11175,4371,8164,87,160,366,801,596,1535,814,2448,1221,2022,861,792,2966,4348,3733,7073,40003,28451,5842,1357,24178,9,6,2,1
2021-03-25T23:59:59+01:00,0,2,650,837,1253,2153,1706,3592,2707,6632,3935,6411,3431,3516,8652,11064,4366,8158,87,160,366,801,596,1535,814,2447,1220,2022,861,792,2965,4347,3732,7072,39990,28445,5735,1357,23332,9,6,2,1
2021-03-24T23:59:59+01:00,0,2,644,830,1220,2127,1661,3547,2629,6564,3779,6261,3113,3154,8245,10514,4357,8146,83,158,354,788,579,1517,781,2413,1170,1990,828,755,2956,4341,3732,7069,39968,28144,4978,1356,21839,8,6,2,1
2021-03-23T23:59:59+01:00,0,2,631,822,1195,2095,1619,3500,2548,6483,3630,6107,2734,2769,8029,10295,4350,8129,78,154,342,766,544,1486,720,2350,1068,1909,745,695,2920,4307,3728,7065,39926,27514,4688,1349,20317,8,6,1,1
2021-03-22T23:59:59+01:00,0,2,607,709,1159,2040,1586,3445,2495,6413,3490,5976,2492,2531,7699,9940,4334,8093,78,153,342,766,544,1484,719,2349,1065,1909,744,692,2916,4302,3727,7062,39458,27489,4364,1349,19182,8,6,1,1
2021-03-21T23:59:59+01:00,0,2,606,706,1153,2032,1575,3435,2478,6398,3452,5942,2350,2367,7606,9828,4326,8079,78,153,342,765,544,1484,719,2349,1065,1909,744,692,2916,4301,3727,7062,39454,27487,4350,1349,18524,8,6,1,1
2021-03-20T23:59:59+01:00,0,2,605,706,1151,2026,1568,3428,2472,6391,3435,5920,2318,2329,7116,9310,4310,8063,78,153,342,765,543,1484,717,2348,1065,1908,744,692,2916,4299,3725,7060,38415,27476,4338,1349,18390,8,6,1,1
2021-03-19T23:59:59+01:00,0,2,598,699,1137,2010,1533,3404,2402,6252,3372,5812,2135,2147,6808,8992,4291,8038,78,153,341,759,539,1481,712,2340,1054,1895,735,685,2493,3697,3311,6314,37811,25230,4322,1349,17492,2,6,1,1
2021-03-18T23:59:59+01:00,0,2,583,683,1117,1980,1506,3374,2362,6184,3299,5723,1983,1951,6689,8873,4285,8027,77,153,341,757,538,1481,711,2336,1051,1894,728,682,2443,3625,3284,6272,37791,25038,4311,1327,16512,2,6,1,1
2021-03-17T23:59:59+01:00,0,1,553,656,1072,1924,1469,3290,2285,6067,3147,5568,1727,1685,6523,8720,4275,8012,76,149,329,730,522,1437,689,2278,1013,1853,711,663,2203,3331,3203,6148,37719,24072,3787,1255,15461,2,6,1,1
2021-03-16T23:59:59+01:00,0,1,509,627,1032,1868,1418,3186,2220,5913,3031,5434,1531,1463,6389,8573,4265,7991,70,136,308,674,492,1360,660,2143,984,1725,662,613,2092,3197,3180,6064,37664,23329,3168,1024,14613,2,5,1,1
2021-03-15T23:59:59+01:00,0,1,497,616,1001,1822,1384,3118,2189,5828,2944,5350,1407,1328,5810,7887,4226,7928,67,129,293,616,477,1240,622,2013,944,1612,634,593,2055,3158,3167,6005,36431,22933,2813,690,14091,2,0,1,1
2021-03-14T23:59:59+01:00,0,1,492,610,991,1810,1381,3101,2173,5810,2910,5323,1364,1278,5418,7440,4203,7910,66,124,289,593,471,1213,616,1957,934,1587,634,593,2055,3158,3166,6003,35616,22927,2808,530,13790,2,0,1,1
2021-03-13T23:59:59+01:00,0,1,471,592,954,1763,1328,3037,1917,5221,2670,4910,1259,1165,4769,6593,4154,7835,66,124,288,590,469,1211,614,1955,933,1583,632,588,1694,2678,2643,5249,33948,20785,2804,530,11886,2,0,1,1
2021-03-12T23:59:59+01:00,0,1,455,571,934,1722,1298,2956,1713,4433,2463,4461,1189,1082,4073,5793,4107,7753,66,122,287,586,469,1208,612,1947,928,1577,629,581,1374,2140,2109,4455,32276,18559,2801,530,9926,1,0,1,1
2021-03-11T23:59:59+01:00,0,1,451,564,926,1710,1283,2939,1688,4399,2427,4425,1115,1027,4031,5757,4104,7749,66,114,281,564,455,1156,603,1898,909,1541,617,568,1368,2123,2100,4406,32244,18310,2706,458,9645,1,0,1,1
2021-03-10T23:59:59+01:00,0,1,430,553,881,1652,1229,2862,1615,4302,2361,4332,1082,1004,4015,5742,4103,7747,66,114,279,560,452,1149,598,1875,909,1536,611,560,1307,2037,2057,4350,32229,18026,2141,433,9540,1,0,1,1
2021-03-09T23:59:59+01:00,0,1,408,537,833,1602,1188,2799,1574,4219,2318,4279,1061,993,4009,5735,4102,7746,64,113,278,559,451,1138,596,1863,903,1531,609,554,1102,1728,1942,4178,32183,17202,1692,406,9528,1,0,1,1
2021-03-08T23:59:59+01:00,0,1,401,526,823,1588,1179,2783,1566,4194,2307,4266,1048,983,3972,5688,4100,7741,63,113,274,554,447,1132,595,1859,899,1529,609,554,1033,1637,1897,4135,32056,16947,1596,382,9513,1,0,1,1
2021-03-07T23:59:59+01:00,0,1,400,523,823,1587,1177,2781,1562,4188,2297,4261,1042,975,3966,5682,4099,7740,60,110,265,532,435,1106,580,1759,864,1454,608,554,929,1508,1847,4067,32040,16589,1557,89,9506,0,0,1,1
2021-03-06T23:59:59+01:00,0,1,392,507,804,1554,1154,2723,1521,4121,2104,3765,1013,938,3793,5411,4002,7579,60,110,265,532,435,1105,580,1759,864,1454,608,554,926,1507,1844,4066,31334,16580,1557,89,8490,0,0,1,1
2021-03-05T23:59:59+01:00,0,1,377,467,771,1450,1104,2506,1446,3908,1891,3095,983,893,3048,4452,3798,7240,60,109,264,529,432,1099,579,1754,860,1451,605,552,887,1448,1821,4028,29038,16389,1556,89,6835,0,0,1,1
2021-03-04T23:59:59+01:00,0,1,362,459,764,1430,1091,2483,1427,3879,1868,3076,970,889,3044,4448,3795,7238,60,108,261,526,428,1083,569,1732,859,1443,603,550,850,1394,1798,3993,29025,16231,1518,26,6680,0,0,1,1
2021-03-03T23:59:59+01:00,0,1,351,427,745,1379,1060,2400,1377,3725,1790,2979,937,845,3034,4442,3795,7235,59,107,258,524,427,1079,567,1723,856,1439,603,549,830,1341,1713,3848,28712,15899,1518,24,6291,0,0,1,1
2021-03-02T23:59:59+01:00,0,1,345,418,729,1355,1012,2355,1308,3641,1674,2883,849,779,2992,4405,3789,7230,59,107,257,520,426,1071,567,1717,856,1435,602,549,830,1341,1713,3848,28075,15874,1455,24,6234,0,0,1,1
2021-03-01T23:59:59+01:00,0,1,341,404,722,1308,999,2297,1288,3559,1648,2834,831,770,2984,4395,3789,7230,59,106,256,516,421,1057,563,1704,847,1427,601,547,734,1189,1659,3768,28035,15430,1406,24,5958,0,0,1,1
2021-02-28T23:59:59+01:00,0,1,336,391,714,1269,986,2221,1276,3472,1626,2755,827,760,2982,4391,3788,7228,59,106,256,516,421,1056,563,1704,845,1427,601,546,637,1065,1613,3688,28024,15080,1403,23,5595,0,0,1,1
2021-02-27T23:59:59+01:00,0,1,327,371,700,1244,966,2184,1241,3403,1603,2702,810,745,2979,4391,3787,7228,59,106,256,516,421,1056,562,1704,844,1427,601,546,637,1064,1613,3688,28022,15077,1403,23,5256,0,0,1,1
2021-02-26T23:59:59+01:00,0,1,302,318,652,1179,902,2066,1151,3237,1499,2563,781,722,2550,3786,3370,6462,59,106,253,514,421,1054,560,1702,841,1421,597,544,630,1052,1604,3669,25759,15004,1403,23,4378,0,0,1,1
2021-02-25T23:59:59+01:00,0,1,297,305,639,1147,881,2024,1132,3171,1481,2518,778,719,2504,3713,3340,6418,57,104,249,506,421,1050,555,1692,838,1410,591,539,553,942,1560,3613,25539,14659,1403,21,4125,0,0,1,1
2021-02-24T23:59:59+01:00,0,1,278,295,588,1101,834,1957,1074,3076,1437,2460,761,700,2264,3411,3258,6288,56,100,245,499,415,1032,546,1670,835,1391,584,528,540,922,1549,3591,24556,14488,1403,15,3823,0,0,1,1
2021-02-23T23:59:59+01:00,0,1,265,275,560,1044,797,1880,1006,2927,1365,2358,710,650,2153,3276,3235,6198,56,98,243,493,415,1016,536,1638,828,1369,575,522,525,875,1538,3547,23768,14259,1398,15,3533,0,0,1,1
2021-02-22T23:59:59+01:00,0,1,261,269,548,982,777,1804,981,2833,1329,2298,687,630,2126,3241,3227,6141,56,97,237,487,413,1003,527,1622,824,1344,561,510,507,850,1532,3497,23379,14052,1398,15,3357,0,0,1,1
2021-02-21T23:59:59+01:00,0,1,258,261,539,957,764,1767,973,2785,1299,2272,687,628,2124,3241,3226,6140,56,97,236,487,413,1003,527,1622,824,1343,561,509,507,850,1532,3496,23373,14048,1398,15,3150,0,0,1,1
2021-02-20T23:59:59+01:00,0,1,174,230,468,908,696,1690,903,2696,1214,2173,672,613,1756,2727,2677,5346,56,97,236,487,413,1003,527,1621,824,1343,561,509,507,850,1532,3496,21123,14047,1398,15,2422,0,0,1,1
2021-02-19T23:59:59+01:00,0,1,83,167,357,827,570,1557,770,2547,1078,2021,656,592,1454,2215,2142,4557,56,97,236,487,413,1002,527,1621,824,1342,561,509,500,847,1531,3490,18942,14029,1398,14,1253,0,0,1,1
2021-02-18T23:59:59+01:00,0,1,80,162,345,777,549,1468,737,2407,1045,1954,641,582,1445,2197,2133,4508,53,90,231,465,399,937,512,1541,805,1268,547,495,494,829,1530,3473,18705,13655,1373,14,952,0,0,1,1
2021-02-17T23:59:59+01:00,0,1,79,154,331,754,540,1435,708,2314,1009,1855,635,572,1387,2110,2087,4459,53,87,229,456,391,899,501,1476,786,1186,534,483,492,827,1530,3473,18447,13389,1300,14,682,0,0,1,1
2021-02-16T23:59:59+01:00,0,1,74,148,316,715,512,1362,676,2206,984,1750,625,565,1143,1766,1969,4282,52,78,228,451,385,869,488,1411,760,1119,513,470,490,827,1527,3472,17541,13138,1062,2,490,0,0,1,1
2021-02-15T23:59:59+01:00,0,1,69,132,290,612,477,1221,621,1993,934,1591,616,563,1060,1660,1918,4220,52,78,226,446,381,863,487,1407,757,1112,513,470,489,824,1526,3469,17216,13100,724,0,37,0,0,1,1
2021-02-14T23:59:59+01:00,0,1,68,125,285,587,472,1192,610,1939,920,1569,616,563,963,1537,1873,4164,52,78,226,446,381,863,487,1405,757,1112,513,470,489,824,1526,3469,16892,13098,569,0,22,0,0,1,1
2021-02-13T23:59:59+01:00,0,1,68,124,285,586,471,1188,609,1937,918,1566,615,562,962,1528,1869,4161,52,78,226,445,379,858,486,1400,755,1111,511,468,472,786,1271,3011,16858,12309,569,0,22,0,0,1,1
2021-02-12T23:59:59+01:00,0,1,67,124,284,585,467,1184,609,1934,915,1565,612,561,923,1477,1849,4121,52,78,226,441,376,849,481,1391,749,1105,504,460,454,747,925,2319,16689,11157,569,0,19,0,0,1,1
2021-02-11T23:59:59+01:00,0,1,67,117,281,574,454,1157,603,1908,908,1553,611,560,881,1419,1827,4084,52,75,211,411,362,802,465,1318,734,1073,501,459,454,747,924,2318,16513,10907,486,0,5,0,0,1,0
2021-02-10T23:59:59+01:00,0,1,66,117,277,571,452,1152,599,1892,903,1549,611,560,872,1403,1806,4040,51,65,177,334,308,699,415,1146,655,979,466,447,449,746,924,2317,16411,10179,458,0,1,0,0,1,0
2021-02-09T23:59:59+01:00,0,1,64,115,271,568,449,1139,598,1878,897,1543,610,559,860,1368,1741,3937,43,53,124,256,232,548,334,944,553,825,431,436,445,745,922,2317,16167,9209,430,0,0,0,0,1,0
2021-02-08T23:59:59+01:00,0,1,63,115,268,559,446,1132,597,1863,891,1535,609,557,759,1218,1687,3855,38,43,86,166,169,410,268,706,492,690,423,429,441,742,921,2317,15749,8342,405,0,0,0,0,1,0
2021-02-07T23:59:59+01:00,0,1,60,112,259,536,431,1101,581,1760,856,1456,608,556,656,1091,1640,3772,37,42,82,164,166,403,263,693,487,679,421,428,441,742,921,2316,15379,8286,96,0,0,0,0,1,0
2021-02-06T23:59:59+01:00,0,1,60,112,258,536,431,1101,579,1759,854,1453,605,554,654,1082,1634,3765,34,41,81,161,163,393,259,685,476,671,413,427,405,694,687,1935,15341,7526,96,0,0,0,0,1,0
2021-02-05T23:59:59+01:00,0,1,60,112,256,533,431,1099,578,1758,852,1451,603,554,644,1075,1628,3754,32,39,77,155,158,385,251,666,459,661,407,427,399,669,299,1313,15292,6398,96,0,0,0,0,1,0
2021-02-04T23:59:59+01:00,0,1,58,110,251,526,425,1083,562,1731,848,1437,596,545,560,958,1580,3696,31,36,73,150,152,374,237,645,442,647,402,421,394,662,297,1308,14938,6272,28,0,0,0,0,1,0
2021-02-03T23:59:59+01:00,0,1,57,105,247,519,424,1063,559,1716,846,1422,592,535,550,948,1577,3683,24,28,59,118,119,275,173,505,333,497,300,321,319,521,226,1047,14817,4866,26,0,0,0,0,1,0
2021-02-02T23:59:59+01:00,0,1,57,103,244,513,424,1045,547,1683,838,1398,579,526,539,903,1568,3639,17,21,40,77,83,181,121,341,218,358,211,215,203,327,162,693,14580,3269,26,0,0,0,0,1,0
2021-02-01T23:59:59+01:00,0,1,57,101,240,505,422,1029,539,1662,834,1375,571,520,522,874,1560,3595,7,11,20,40,45,93,64,168,94,161,99,98,85,152,70,307,14380,1514,26,0,0,0,0,1,0
2021-01-31T23:59:59+01:00,0,1,57,101,239,504,420,1025,537,1657,831,1372,571,519,522,874,1560,3594,7,11,18,36,40,79,60,142,81,146,95,98,84,151,68,306,14358,1422,25,0,0,0,0,1,0
2021-01-30T23:59:59+01:00,0,1,57,101,239,504,420,1025,537,1657,831,1372,571,519,522,874,1560,3594,7,11,18,36,40,79,60,142,81,146,95,97,84,151,68,306,14358,1421,25,0,0,0,0,1,0
2021-01-29T23:59:59+01:00,0,1,57,101,239,504,420,1025,537,1657,831,1372,571,519,522,874,1560,3594,7,11,18,36,40,79,60,142,81,146,95,97,84,151,68,306,14358,1421,25,0,0,0,0,1,0
2021-01-28T23:59:59+01:00,0,1,55,93,235,476,408,959,519,1571,809,1290,558,504,516,857,1558,3580,3,2,4,6,11,13,19,34,21,31,16,20,19,33,17,91,13969,340,19,0,0,0,0,1,0
2021-01-27T23:59:59+01:00,0,1,53,89,235,466,400,920,509,1505,789,1207,546,491,514,855,1558,3580,3,2,4,6,9,13,19,33,21,30,16,20,19,33,17,91,13700,336,17,0,0,0,0,1,0
2021-01-26T23:59:59+01:00,0,1,52,83,231,463,393,891,498,1437,764,1140,524,478,512,855,1558,3580,1,2,4,6,9,12,17,29,17,25,14,18,17,31,17,84,13443,303,16,0,0,0,0,1,0
2021-01-25T23:59:59+01:00,0,1,52,83,228,458,390,885,498,1434,762,1135,524,478,512,854,1558,3578,0,0,0,0,0,0,0,0,0,0,1,1,0,2,0,0,13414,4,15,0,0,0,0,1,0
2021-01-24T23:59:59+01:00,0,1,52,83,228,458,390,885,498,1433,762,1135,524,478,512,854,1558,3578,0,0,0,0,0,0,0,0,0,0,1,1,0,2,0,0,13413,4,15,0,0,0,0,1,0
2021-01-23T23:59:59+01:00,0,1,52,83,228,457,389,881,498,1427,761,1133,521,476,495,816,1305,3110,0,0,0,0,0,0,0,0,0,0,1,1,0,2,0,0,12617,4,15,0,0,0,0,1,0
2021-01-22T23:59:59+01:00,0,1,52,83,227,453,385,871,493,1417,756,1125,515,468,478,775,947,2395,0,0,0,0,0,0,0,0,0,0,1,1,0,2,0,0,11426,4,15,0,0,0,0,0,0
2021-01-21T23:59:59+01:00,0,1,52,80,209,420,358,815,466,1318,730,1091,511,468,478,775,946,2394,0,0,0,0,0,0,0,0,0,0,1,1,0,2,0,0,11097,4,15,0,0,0,0,0,0
2021-01-20T23:59:59+01:00,0,1,50,70,181,349,317,730,424,1164,660,1000,475,457,473,775,946,2393,0,0,0,0,0,0,0,0,0,0,1,1,0,2,0,0,10450,4,15,0,0,0,0,0,0
2021-01-19T23:59:59+01:00,0,1,44,57,135,272,244,571,347,982,570,860,440,445,469,773,946,2393,0,0,0,0,0,0,0,0,0,0,1,0,0,2,0,0,9542,3,7,0,0,0,0,0,0
2021-01-18T23:59:59+01:00,0,1,40,44,86,173,175,421,278,719,499,703,431,438,466,768,944,2393,0,0,0,0,0,0,0,0,0,0,0,0,0,1,0,0,8579,1,0,0,0,0,0,0,0
2021-01-17T23:59:59+01:00,0,1,37,43,83,169,171,413,274,708,494,690,429,438,466,768,944,2392,0,0,0,0,0,0,0,0,0,0,0,0,0,0,0,0,8520,0,0,0,0,0,0,0,0
2021-01-16T23:59:59+01:00,0,1,34,42,81,167,167,404,267,701,479,682,421,437,427,721,704,2007,0,0,0,0,0,0,0,0,0,0,0,0,0,0,0,0,7742,0,0,0,0,0,0,0,0
2021-01-15T23:59:59+01:00,0,1,32,40,78,160,164,398,260,684,465,674,415,436,422,697,310,1376,0,0,0,0,0,0,0,0,0,0,0,0,0,0,0,0,6612,0,0,0,0,0,0,0,0
2021-01-14T23:59:59+01:00,0,1,32,38,77,156,159,393,252,675,454,666,412,434,422,696,310,1376,0,0,0,0,0,0,0,0,0,0,0,0,0,0,0,0,6553,0,0,0,0,0,0,0,0
2021-01-13T23:59:59+01:00,0,0,24,31,61,123,124,298,192,541,346,523,315,333,348,551,239,1107,0,0,0,0,0,0,0,0,0,0,0,0,0,0,0,0,5156,0,0,0,0,0,0,0,0
2021-01-12T23:59:59+01:00,0,0,17,24,45,85,89,210,139,391,236,387,225,227,227,355,173,750,0,0,0,0,0,0,0,0,0,0,0,0,0,0,0,0,3580,0,0,0,0,0,0,0,0
2021-01-11T23:59:59+01:00,0,0,9,15,26,44,59,134,88,220,124,205,112,107,99,172,80,333,0,0,0,0,0,0,0,0,0,0,0,0,0,0,0,0,1827,0,0,0,0,0,0,0,0
2021-01-10T23:59:59+01:00,0,0,8,15,22,41,52,106,80,179,105,172,106,104,95,170,77,333,0,0,0,0,0,0,0,0,0,0,0,0,0,0,0,0,1665,0,0,0,0,0,0,0,0
2021-01-09T23:59:59+01:00,0,0,8,15,22,41,52,106,80,179,105,172,106,103,95,170,77,333,0,0,0,0,0,0,0,0,0,0,0,0,0,0,0,0,1664,0,0,0,0,0,0,0,0
2021-01-08T23:59:59+01:00,0,0,8,14,21,40,50,100,75,168,99,169,103,99,90,161,75,325,0,0,0,0,0,0,0,0,0,0,0,0,0,0,0,0,1597,0,0,0,0,0,0,0,0
2021-01-07T23:59:59+01:00,0,0,3,3,4,7,11,14,20,34,23,34,17,20,20,34,19,95,0,0,0,0,0,0,0,0,0,0,0,0,0,0,0,0,358,0,0,0,0,0,0,0,0
2021-01-06T23:59:59+01:00,0,0,3,2,4,6,9,13,20,33,21,31,17,20,20,34,19,94,0,0,0,0,0,0,0,0,0,0,0,0,0,0,0,0,346,0,0,0,0,0,0,0,0
2021-01-05T23:59:59+01:00,0,0,3,2,4,6,9,13,20,33,21,31,17,20,20,34,19,94,0,0,0,0,0,0,0,0,0,0,0,0,0,0,0,0,346,0,0,0,0,0,0,0,0
2021-01-04T23:59:59+01:00,0,0,0,0,0,0,0,0,1,0,0,0,1,1,0,2,0,0,0,0,0,0,0,0,0,0,0,0,0,0,0,0,0,0,5,0,0,0,0,0,0,0,0
2021-01-03T23:59:59+01:00,0,0,0,0,0,0,0,0,1,0,0,0,1,1,0,2,0,0,0,0,0,0,0,0,0,0,0,0,0,0,0,0,0,0,5,0,0,0,0,0,0,0,0
2021-01-02T23:59:59+01:00,0,0,0,0,0,0,0,0,1,0,0,0,1,1,0,2,0,0,0,0,0,0,0,0,0,0,0,0,0,0,0,0,0,0,5,0,0,0,0,0,0,0,0
2021-01-01T23:59:59+01:00,0,0,0,0,0,0,0,0,1,0,0,0,1,1,0,2,0,0,0,0,0,0,0,0,0,0,0,0,0,0,0,0,0,0,5,0,0,0,0,0,0,0,0
2020-12-31T23:59:59+01:00,0,0,0,0,0,0,0,0,1,0,0,0,1,1,0,2,0,0,0,0,0,0,0,0,0,0,0,0,0,0,0,0,0,0,5,0,0,0,0,0,0,0,0
2020-12-30T23:59:59+01:00,0,0,0,0,0,0,0,0,1,0,0,0,1,1,0,2,0,0,0,0,0,0,0,0,0,0,0,0,0,0,0,0,0,0,5,0,0,0,0,0,0,0,0
2020-12-29T23:59:59+01:00,0,0,0,0,0,0,0,0,1,0,0,0,1,0,0,2,0,0,0,0,0,0,0,0,0,0,0,0,0,0,0,0,0,0,4,0,0,0,0,0,0,0,0
2020-12-28T23:59:59+01:00,0,0,0,0,0,0,0,0,0,0,0,0,1,0,0,1,0,0,0,0,0,0,0,0,0,0,0,0,0,0,0,0,0,0,2,0,0,0,0,0,0,0,0
2020-12-27T23:59:59+01:00,0,0,0,0,0,0,0,0,0,0,0,0,0,0,0,0,0,0,0,0,0,0,0,0,0,0,0,0,0,0,0,0,0,0,0,0,0,0,0,0,0,0,0
