Datum,<15_m,<15_w,15-24_1_m,15-24_1_w,25-34_1_m,25-34_1_w,35-44_1_m,35-44_1_w,45-54_1_m,45-54_1_w,55-64_1_m,55-64_1_w,65-74_1_m,65-74_1_w,75-84_1_m,75-84_1_w,>84_1_m,>84_1_w,<24_2_m,<24_2_w,25-34_2_m,25-34_2_w,35-44_2_m,35-44_2_w,45-54_2_m,45-54_2_w,55-64_2_m,55-64_2_w,65-74_2_m,65-74_2_w,75-84_2_m,75-84_2_w,>84_2_m,>84_2_w,bp_1,bp_2,mo_1,mo_2,az_1,az_2,ja,unb_1,unb_2
2021-09-07T23:59:59+02:00,1467,1291,13255,12583,16399,15324,19756,20113,26455,27617,33151,34165,25287,28186,17206,22007,5074,9608,11568,10962,15106,13980,18565,18610,24939,25817,31579,32496,24476,27240,16723,21287,4927,9191,237784,222027,31479,29339,46420,44735,13130,131,53
2021-09-06T23:59:59+02:00,1451,1285,13225,12550,16377,15302,19738,20093,26439,27602,33140,34156,25284,28173,17203,22003,5072,9608,11547,10931,15087,13950,18545,18594,24923,25797,31559,32481,24465,27227,16722,21281,4924,9191,237570,221804,31479,29329,46420,44734,13101,131,53
2021-09-05T23:59:59+02:00,1441,1279,13210,12532,16360,15286,19729,20086,26433,27595,33130,34144,25281,28171,17201,21999,5072,9608,11526,10915,15063,13934,18535,18585,24917,25792,31550,32463,24462,27217,16719,21276,4922,9190,237451,221663,31479,29329,46420,44733,13076,131,53
2021-09-04T23:59:59+02:00,1441,1279,13209,12531,16360,15286,19727,20086,26432,27595,33130,34144,25281,28171,17201,21998,5072,9608,11526,10913,15061,13934,18530,18585,24916,25790,31550,32461,24461,27217,16719,21276,4922,9190,237449,221652,31479,29328,46420,44733,13072,131,53
2021-09-03T23:59:59+02:00,1414,1263,13113,12430,16305,15237,19693,20047,26392,27569,33094,34127,25263,28161,17197,21987,5070,9607,11390,10788,14999,13865,18462,18539,24845,25743,31490,32426,24429,27189,16706,21260,4919,9186,236967,220864,31478,29323,46420,44733,12973,131,53
2021-09-02T23:59:59+02:00,1399,1257,13048,12388,16263,15207,19659,20023,26358,27536,33069,34107,25250,28149,17192,21983,5070,9603,11315,10747,14953,13834,18426,18521,24813,25722,31452,32397,24410,27168,16700,21255,4919,9184,236744,220602,31416,29282,46417,44724,12853,131,53
2021-09-01T23:59:59+02:00,1376,1241,13011,12348,16243,15186,19640,20009,26340,27518,33048,34082,25241,28139,17186,21974,5067,9599,11274,10713,14931,13806,18406,18501,24793,25699,31428,32367,24396,27156,16693,21249,4917,9182,236452,220278,31411,29280,46416,44723,12838,131,53
2021-08-31T23:59:59+02:00,1345,1219,12957,12288,16200,15149,19606,19967,26295,27470,33010,34049,25225,28118,17180,21962,5063,9596,11201,10643,14883,13747,18352,18470,24745,25646,31372,32324,24365,27141,16685,21236,4914,9175,236156,219855,31348,29249,46416,44707,12648,131,53
2021-08-30T23:59:59+02:00,1321,1205,12920,12251,16175,15128,19585,19949,26271,27453,32988,34033,25214,28108,17180,21958,5061,9594,11124,10610,14856,13727,18330,18448,24717,25630,31345,32297,24354,27127,16680,21229,4911,9173,235912,219567,31348,29249,46416,44696,12587,131,53
2021-08-29T23:59:59+02:00,1317,1199,12907,12235,16163,15119,19576,19940,26268,27445,32981,34019,25209,28102,17178,21957,5061,9594,11107,10574,14844,13710,18315,18434,24704,25622,31337,32285,24345,27116,16678,21224,4911,9173,235812,219395,31348,29249,46416,44692,12563,131,53
2021-08-28T23:59:59+02:00,1310,1187,12875,12213,16149,15108,19564,19926,26261,27436,32972,34013,25207,28097,17177,21954,5061,9593,11032,10502,14810,13677,18269,18407,24668,25589,31294,32254,24328,27103,16669,21208,4911,9170,235654,218871,31347,29249,46416,44692,12555,131,53
2021-08-27T23:59:59+02:00,1291,1172,12811,12157,16102,15061,19506,19879,26206,27387,32930,33983,25189,28085,17173,21940,5061,9590,10995,10469,14772,13653,18253,18392,24633,25565,31266,32233,24315,27092,16666,21204,4911,9169,235231,218718,31347,29248,46416,44692,12398,131,53
2021-08-26T23:59:59+02:00,1272,1156,12740,12100,16056,15018,19463,19839,26152,27331,32880,33937,25159,28056,17166,21932,5058,9587,10927,10420,14726,13612,18208,18363,24592,25529,31222,32194,24293,27076,16660,21195,4911,9165,234865,218414,31287,29234,46416,44685,12203,131,53
2021-08-25T23:59:59+02:00,1254,1140,12716,12057,16036,14993,19442,19824,26125,27315,32845,33909,25141,28037,17159,21925,5057,9584,10879,10377,14695,13584,18174,18332,24572,25511,31189,32156,24280,27060,16653,21185,4909,9162,234556,218045,31287,29233,46409,44681,12176,131,53
2021-08-24T23:59:59+02:00,1227,1122,12655,11987,15983,14951,19397,19784,26079,27270,32800,33876,25121,28013,17147,21915,5056,9579,10799,10304,14652,13542,18128,18296,24522,25463,31147,32119,24256,27033,16638,21171,4908,9161,234249,217629,31163,29194,46409,44681,12010,131,53
2021-08-23T23:59:59+02:00,1214,1109,12618,11950,15957,14932,19376,19751,26058,27237,32771,33854,25107,28001,17143,21906,5056,9576,10745,10254,14623,13505,18090,18262,24495,25434,31112,32087,24243,27014,16631,21168,4906,9160,233954,217233,31162,29194,46409,44679,11960,131,53
2021-08-22T23:59:59+02:00,1208,1102,12603,11929,15941,14916,19369,19732,26046,27227,32760,33839,25096,27995,17141,21904,5053,9576,10716,10225,14603,13489,18070,18251,24483,25418,31097,32074,24234,27004,16629,21163,4905,9159,233793,217020,31162,29193,46409,44678,11942,131,53
2021-08-21T23:59:59+02:00,1124,1031,12528,11872,15929,14905,19361,19721,26036,27216,32750,33823,25092,27990,17138,21901,5053,9576,10692,10195,14587,13485,18063,18240,24474,25412,31089,32068,24231,27003,16628,21163,4905,9159,233430,216900,31156,29192,46409,44678,11920,131,53
2021-08-20T23:59:59+02:00,1104,1015,12468,11803,15871,14855,19300,19683,25982,27183,32700,33796,25077,27979,17129,21896,5052,9574,10638,10157,14547,13450,18022,18213,24439,25394,31060,32052,24223,26996,16622,21160,4905,9158,232937,216619,31156,29191,46409,44678,11834,131,53
2021-08-19T23:59:59+02:00,1079,991,12402,11746,15813,14823,19250,19636,25921,27133,32658,33762,25045,27956,17117,21885,5049,9572,10548,10081,14478,13409,17968,18177,24373,25351,30994,32009,24182,26978,16613,21142,4904,9155,232648,216191,31065,29181,46409,44670,11585,131,53
2021-08-18T23:59:59+02:00,1067,974,12361,11711,15785,14793,19222,19606,25891,27103,32623,33737,25027,27944,17112,21876,5047,9571,10494,10015,14431,13384,17920,18148,24327,25314,30935,31971,24160,26961,16607,21129,4900,9149,232336,215738,31065,29176,46408,44660,11510,131,53
2021-08-17T23:59:59+02:00,1042,949,12310,11670,15756,14753,19189,19576,25863,27081,32588,33699,25009,27925,17102,21859,5046,9566,10401,9933,14380,13338,17866,18092,24277,25274,30874,31928,24135,26937,16596,21109,4898,9142,232041,215147,30941,29114,46408,44657,11462,131,53
2021-08-16T23:59:59+02:00,1031,942,12278,11646,15739,14735,19172,19558,25840,27057,32569,33677,24989,27910,17094,21844,5043,9564,10344,9867,14356,13295,17842,18056,24233,25239,30837,31897,24108,26905,16581,21095,4898,9139,231816,214708,30941,29113,46408,44651,11392,131,53
2021-08-15T23:59:59+02:00,1023,942,12253,11632,15726,14718,19158,19543,25830,27048,32548,33663,24983,27901,17090,21833,5042,9564,10299,9832,14323,13273,17823,18035,24211,25226,30817,31871,24091,26897,16576,21087,4897,9137,231659,214434,30940,29113,46407,44646,11360,131,53
2021-08-14T23:59:59+02:00,1022,942,12252,11628,15726,14716,19155,19541,25830,27048,32548,33662,24983,27901,17090,21833,5042,9564,10131,9612,14217,13183,17748,17988,24164,25195,30777,31838,24076,26884,16573,21084,4895,9136,231650,213430,30940,29112,46407,44645,11355,131,53
2021-08-13T23:59:59+02:00,978,902,12101,11500,15672,14662,19091,19484,25759,26996,32495,33626,24958,27872,17079,21823,5041,9560,10079,9559,14176,13155,17709,17963,24132,25175,30753,31817,24066,26871,16567,21075,4895,9132,230823,213096,30939,29112,46407,44642,11302,128,53
2021-08-12T23:59:59+02:00,965,881,12045,11439,15628,14623,19054,19457,25715,26975,32449,33597,24933,27856,17071,21818,5041,9557,9987,9490,14102,13113,17648,17915,24066,25142,30701,31770,24038,26846,16551,21057,4893,9132,230603,212679,30917,29106,46407,44627,11049,128,53
2021-08-11T23:59:59+02:00,951,870,12012,11405,15608,14600,19025,19437,25694,26956,32426,33569,24915,27835,17067,21811,5040,9555,9914,9428,14048,13074,17601,17870,24025,25121,30660,31722,24008,26814,16535,21044,4892,9127,230319,212110,30917,29102,46406,44599,11006,128,53
2021-08-10T23:59:59+02:00,933,860,11924,11354,15556,14570,18982,19400,25639,26922,32369,33515,24898,27821,17060,21798,5039,9552,9819,9347,13999,13038,17570,17836,23978,25082,30607,31676,23975,26781,16528,21026,4888,9122,229941,211600,30786,29067,46404,44586,10933,128,53
2021-08-09T23:59:59+02:00,931,843,11897,11318,15540,14554,18960,19388,25607,26901,32341,33484,24891,27812,17054,21790,5039,9549,9765,9286,13964,12988,17532,17795,23948,25038,30572,31636,23961,26764,16523,21013,4886,9117,229706,211155,30786,29064,46403,44579,10876,128,53
2021-08-08T23:59:59+02:00,921,836,11860,11295,15518,14541,18940,19367,25582,26881,32319,33467,24883,27797,17047,21786,5038,9549,9689,9231,13919,12961,17505,17766,23915,25003,30540,31605,23948,26745,16515,20999,4885,9114,229516,210760,30786,29063,46403,44578,10794,128,53
2021-08-07T23:59:59+02:00,901,809,11764,11217,15475,14500,18899,19334,25543,26851,32273,33435,24866,27785,17038,21768,5037,9546,9070,8630,13481,12610,17293,17582,23764,24892,30389,31529,23891,26694,16494,20972,4880,9111,228932,207565,30786,29063,46403,44578,10792,128,53
2021-08-06T23:59:59+02:00,891,806,11734,11190,15458,14487,18889,19328,25529,26835,32264,33428,24862,27781,17033,21766,5037,9545,8489,8002,12967,12216,17066,17379,23622,24781,30294,31450,23860,26647,16482,20958,4877,9105,228882,204407,30664,29050,46403,44578,10786,128,53
2021-08-05T23:59:59+02:00,888,799,11695,11159,15419,14460,18848,19297,25483,26799,32218,33381,24822,27759,17031,21755,5037,9539,8432,7937,12923,12166,17016,17337,23558,24741,30219,31395,23813,26606,16469,20940,4875,9096,228659,203985,30663,29045,46403,44569,10536,128,53
2021-08-04T23:59:59+02:00,871,783,11665,11129,15400,14428,18817,19272,25456,26770,32172,33342,24807,27746,17026,21749,5035,9531,8343,7848,12864,12119,16964,17295,23502,24697,30159,31324,23776,26567,16459,20927,4873,9090,228395,203396,30661,29044,46402,44534,10413,128,53
2021-08-03T23:59:59+02:00,855,764,11618,11090,15381,14407,18787,19252,25430,26742,32138,33307,24787,27727,17017,21744,5031,9530,8260,7759,12797,12070,16897,17244,23443,24660,30119,31275,23740,26533,16444,20916,4870,9086,228065,202744,30659,29034,46402,44526,10353,128,53
2021-08-02T23:59:59+02:00,846,761,11583,11059,15360,14375,18761,19232,25402,26717,32107,33280,24773,27708,17009,21735,5030,9528,8165,7666,12717,12010,16840,17181,23386,24589,30072,31218,23722,26510,16423,20906,4868,9081,227790,202042,30658,29033,46402,44518,10288,128,53
2021-08-01T23:59:59+02:00,839,754,11558,11030,15349,14362,18746,19221,25384,26705,32090,33265,24769,27700,17008,21732,5028,9527,8094,7599,12656,11963,16799,17135,23350,24558,30045,31193,23707,26491,16419,20900,4866,9080,227650,201587,30654,29032,46402,44500,10233,128,53
2021-07-31T23:59:59+02:00,836,753,11555,11024,15347,14359,18744,19217,25383,26704,32087,33264,24769,27699,17008,21732,5028,9527,7941,7410,11891,11290,16246,16698,23255,24479,29981,31122,23678,26455,16407,20881,4865,9078,227622,198371,30653,29032,46402,44499,10231,128,53
2021-07-30T23:59:59+02:00,835,752,11541,11015,15344,14356,18739,19212,25376,26699,32077,33259,24768,27697,17008,21729,5028,9527,7656,7170,11345,10846,15769,16271,23118,24372,29872,31010,23641,26410,16391,20859,4865,9073,227555,195293,30652,29031,46400,44486,10227,128,53
2021-07-29T23:59:59+02:00,823,743,11501,10968,15306,14335,18699,19186,25340,26664,32024,33230,24750,27677,16997,21712,5028,9524,7281,6860,10679,10330,15254,15858,22942,24226,29725,30900,23587,26358,16362,20834,4861,9070,227237,191828,30651,29023,46400,44400,10091,128,53
2021-07-28T23:59:59+02:00,804,731,11453,10915,15282,14305,18667,19159,25314,26637,31998,33205,24736,27659,16992,21700,5027,9520,7115,6703,10534,10210,15142,15723,22850,24130,29625,30804,23544,26302,16344,20805,4860,9060,226912,190587,30650,29021,46395,44291,10019,128,53
2021-07-27T23:59:59+02:00,795,722,11408,10877,15242,14265,18627,19133,25286,26611,31961,33183,24720,27634,16986,21689,5026,9512,6894,6490,10376,10093,14998,15589,22747,24023,29517,30691,23493,26238,16328,20778,4858,9049,226599,189438,30650,28694,46394,44258,9906,128,53
2021-07-26T23:59:59+02:00,785,709,11359,10831,15217,14244,18611,19106,25258,26582,31929,33157,24705,27612,16974,21677,5025,9509,6776,6413,10282,10016,14932,15511,22665,23962,29452,30617,23460,26195,16316,20761,4854,9043,226307,188651,30648,28691,46393,44216,9814,128,53
2021-07-25T23:59:59+02:00,774,699,11331,10803,15196,14218,18591,19082,25231,26558,31909,33139,24688,27601,16970,21668,5024,9507,6700,6331,10214,9952,14859,15451,22610,23908,29397,30579,23430,26174,16304,20747,4854,9039,226110,188062,30647,28687,46392,44186,9712,128,53
2021-07-24T23:59:59+02:00,750,677,11251,10719,15157,14191,18568,19060,25211,26543,31896,33126,24688,27597,16967,21666,5024,9507,6301,5971,10071,9838,14486,15170,22386,23751,29280,30495,23394,26136,16287,20730,4851,9035,225728,185705,30646,28686,46392,44184,9704,128,53
2021-07-23T23:59:59+02:00,724,655,11184,10636,15129,14158,18538,19045,25189,26523,31880,33109,24677,27592,16965,21666,5024,9504,5932,5660,9951,9732,14139,14906,22190,23578,29160,30378,23342,26068,16276,20709,4847,9028,225343,183437,30645,28686,46392,44173,9690,128,53
2021-07-22T23:59:59+02:00,683,615,11030,10472,15031,14070,18451,18997,25108,26469,31808,33045,24641,27551,16950,21648,5020,9499,5612,5360,9683,9518,13557,14430,21873,23318,28929,30151,23242,25971,16232,20672,4843,9025,224393,180121,30643,28675,46391,44154,9533,128,53
2021-07-21T23:59:59+02:00,663,590,10966,10418,14996,14043,18411,18960,25069,26440,31769,32995,24616,27517,16934,21636,5018,9494,4994,4894,9244,9267,13180,14201,21640,23163,28742,30002,23177,25895,16207,20649,4841,9022,223966,178359,30636,27406,46388,43987,9417,128,53
2021-07-20T23:59:59+02:00,645,573,10908,10364,14970,14007,18375,18933,25039,26408,31733,32961,24596,27496,16929,21622,5015,9487,4849,4782,9091,9135,13016,14068,21527,23042,28612,29878,23098,25792,16185,20609,4834,9016,223589,177016,30636,27394,46386,43838,9322,128,53
2021-07-19T23:59:59+02:00,632,561,10871,10333,14941,13987,18352,18925,25012,26383,31700,32932,24579,27473,16923,21611,5013,9484,4769,4712,8995,9058,12901,13971,21429,22936,28513,29758,23042,25735,16160,20580,4829,9010,223352,176078,30636,27386,46377,43742,9219,128,53
2021-07-18T23:59:59+02:00,617,552,10817,10281,14905,13966,18327,18908,24992,26366,31677,32913,24569,27463,16917,21602,5012,9479,4661,4609,8860,8937,12774,13832,21343,22845,28440,29679,23014,25706,16151,20567,4826,9009,223074,175067,30636,27372,46377,43689,9148,128,53
2021-07-17T23:59:59+02:00,544,481,10530,9984,14794,13866,18236,18830,24886,26291,31570,32862,24536,27429,16904,21582,5010,9478,4612,4566,8806,8865,12539,13637,20920,22504,28310,29546,22976,25653,16142,20552,4825,9006,221526,173274,30636,27372,46376,43687,9147,128,53
2021-07-16T23:59:59+02:00,515,444,10397,9863,14735,13826,18182,18779,24853,26258,31550,32838,24527,27414,16901,21575,5010,9475,4564,4524,8730,8825,12164,13358,20377,22106,28177,29452,22927,25616,16133,20547,4823,9004,220868,171162,30635,27370,46375,43680,9136,128,53
2021-07-15T23:59:59+02:00,485,406,10258,9758,14669,13777,18125,18712,24799,26210,31500,32785,24502,27377,16883,21559,5003,9471,4351,4384,8405,8618,11646,12957,19273,21263,27761,29109,22758,25447,16068,20474,4813,8988,220139,166469,30634,27357,46374,43483,9004,128,53
2021-07-14T23:59:59+02:00,464,393,10229,9733,14634,13757,18095,18677,24763,26169,31449,32732,24472,27349,16872,21542,5002,9469,4227,4233,8150,8445,11417,12812,19095,21152,27616,28983,22693,25369,16034,20436,4810,8979,219773,164903,30634,27339,46373,43309,8893,128,53
2021-07-13T23:59:59+02:00,440,378,10179,9680,14605,13729,18069,18644,24728,26148,31415,32691,24456,27319,16861,21531,5001,9467,4130,4138,7975,8286,11217,12621,18962,21014,27463,28821,22596,25284,15999,20383,4806,8968,219369,163447,30634,27318,46372,43051,8838,128,53
2021-07-12T23:59:59+02:00,427,357,10133,9630,14579,13710,18038,18614,24692,26106,31381,32646,24431,27296,16846,21526,4998,9464,4023,4039,7807,8165,11057,12486,18847,20892,27341,28700,22522,25223,15972,20357,4805,8963,218995,162283,30633,27296,46372,42861,8746,128,53
2021-07-11T23:59:59+02:00,419,339,10103,9600,14561,13690,18021,18604,24672,26098,31360,32628,24419,27286,16844,21524,4998,9462,3954,3966,7688,8065,10910,12358,18723,20792,27240,28586,22479,25175,15951,20332,4803,8960,218801,161316,30633,27291,46371,42662,8695,128,53
2021-07-10T23:59:59+02:00,393,316,9993,9494,14506,13651,17973,18581,24648,26078,31341,32612,24411,27277,16840,21520,4996,9460,3921,3941,7627,8023,10875,12329,18694,20768,27211,28564,22472,25160,15947,20327,4803,8960,218276,161014,30632,27290,46368,42614,8686,128,53
2021-07-09T23:59:59+02:00,333,269,9731,9285,14401,13569,17897,18511,24562,26025,31292,32551,24388,27246,16827,21502,4996,9454,3854,3901,7494,7932,10658,12184,18469,20630,26796,28242,22288,24966,15892,20267,4800,8953,217051,158873,30632,27287,46367,42485,8661,128,53
2021-07-08T23:59:59+02:00,254,202,9537,9142,14300,13493,17803,18439,24502,25974,31209,32493,24361,27215,16814,21484,4992,9449,3698,3775,7184,7743,10304,11954,18123,20348,26491,27985,22115,24807,15824,20194,4793,8937,215951,156493,30629,27241,46354,41915,8601,128,53
2021-07-07T23:59:59+02:00,215,173,9435,9037,14249,13459,17760,18396,24450,25934,31167,32453,24337,27186,16802,21466,4992,9441,3502,3646,6855,7518,9352,11223,17537,19918,26089,27675,21879,24504,15747,20098,4779,8923,215319,153878,30626,25491,46352,41318,8527,128,53
2021-07-06T23:59:59+02:00,193,161,9357,8978,14199,13431,17724,18354,24408,25895,31106,32406,24300,27158,16787,21449,4990,9439,3388,3571,6655,7396,9081,11060,17292,19738,25812,27418,21722,24302,15666,19994,4766,8908,214755,151947,30609,25481,46349,40815,8494,128,53
2021-07-05T23:59:59+02:00,181,146,9270,8897,14159,13388,17690,18304,24372,25865,31061,32355,24276,27136,16779,21435,4989,9437,3336,3536,6526,7317,8931,10939,17150,19599,25641,27263,21579,24135,15616,19941,4755,8898,214210,150884,30609,25472,46347,40327,8446,128,53
2021-07-04T23:59:59+02:00,166,139,9216,8847,14128,13375,17664,18286,24347,25845,31040,32329,24261,27122,16773,21427,4988,9434,3284,3492,6463,7277,8843,10867,17064,19514,25512,27153,21454,24006,15574,19889,4753,8891,213937,150224,30608,25463,46332,39931,8382,128,53
2021-07-03T23:59:59+02:00,163,136,8704,8349,13970,13255,17563,18168,24253,25787,30975,32280,24240,27100,16761,21415,4986,9431,3224,3412,6344,7158,8671,10725,16848,19332,25124,26844,21339,23869,15544,19849,4749,8885,212102,148176,30608,25463,46332,39875,8366,128,53
2021-07-02T23:59:59+02:00,156,132,8135,7877,13826,13146,17472,18091,24183,25717,30915,32218,24202,27058,16755,21395,4984,9426,3113,3304,6074,7002,8414,10483,16478,19003,24650,26420,21111,23596,15474,19767,4743,8882,210260,145102,30608,25461,46329,39550,8363,128,53
2021-07-01T23:59:59+02:00,143,122,8006,7770,13743,13088,17403,18039,24114,25666,30862,32165,24174,27033,16745,21383,4983,9425,2925,3115,5726,6718,7977,10067,15891,18531,23885,25765,20624,23122,15347,19606,4731,8857,209470,140540,30603,25449,46324,38519,8339,128,53
2021-06-30T23:59:59+02:00,126,109,7860,7653,13674,13039,17350,17986,24063,25613,30803,32119,24143,27011,16731,21365,4983,9420,2829,3036,5572,6574,7752,9846,14933,17661,23272,25215,20266,22728,15214,19445,4717,8823,208907,139007,30429,23175,46320,37396,8264,128,53
2021-06-29T23:59:59+02:00,111,96,7793,7560,13631,13000,17311,17941,24010,25552,30753,32060,24122,26985,16721,21349,4980,9416,2770,2992,5443,6476,7598,9712,14765,17489,23031,24981,20007,22403,15115,19344,4705,8803,208285,137888,30427,23163,46317,36305,8234,128,53
2021-06-28T23:59:59+02:00,106,90,7729,7489,13567,12941,17265,17890,23968,25507,30697,32016,24105,26957,16714,21339,4978,9414,2741,2960,5375,6429,7505,9641,14668,17408,22880,24767,19803,22157,15060,19275,4701,8789,207752,137292,30425,23153,46309,35510,8158,128,53
2021-06-27T23:59:59+02:00,92,85,7680,7425,13537,12905,17236,17857,23949,25472,30670,31988,24093,26949,16707,21333,4978,9412,2718,2945,5324,6404,7434,9596,14572,17344,22785,24680,19675,22015,15029,19224,4697,8780,207397,136781,30425,23142,46303,35136,8115,128,53
2021-06-26T23:59:59+02:00,88,82,7176,6869,13143,12605,17123,17754,23884,25413,30634,31953,24085,26932,16703,21322,4977,9411,2617,2836,5137,6216,7234,9406,14026,16889,22125,24046,19527,21872,14984,19171,4695,8772,205212,133160,30425,23142,46303,35116,8115,99,25
2021-06-25T23:59:59+02:00,87,79,6691,6385,12689,12232,16964,17636,23793,25347,30553,31913,24062,26906,16698,21312,4975,9409,2513,2680,4962,6024,6976,9108,13495,16357,21573,23460,19329,21661,14926,19104,4691,8760,202807,129458,30425,23142,46303,34902,8097,99,25
2021-06-24T23:59:59+02:00,77,67,6467,6168,12464,12081,16858,17553,23721,25294,30495,31865,24028,26864,16692,21302,4973,9402,2304,2441,4591,5646,6475,8617,12772,15642,20422,22458,18864,21179,14821,18973,4679,8745,201531,123507,30423,23130,46296,33950,8022,99,25
2021-06-23T23:59:59+02:00,72,65,5892,5668,12302,11969,16739,17439,23647,25247,30431,31815,23994,26841,16685,21288,4969,9398,2267,2389,4528,5524,6383,8466,12539,15353,20178,22199,18565,20850,14724,18859,4668,8728,201020,122485,29084,22981,46286,32762,7972,99,25
2021-06-22T23:59:59+02:00,68,60,5750,5537,12202,11863,16653,17364,23589,25185,30363,31737,23967,26809,16675,21267,4965,9396,2214,2354,4433,5442,6259,8319,11669,14691,19765,21791,18231,20497,14616,18721,4658,8708,200084,121562,29077,21287,46267,31575,7923,99,25
2021-06-21T23:59:59+02:00,65,57,5614,5423,12128,11770,16592,17278,23535,25111,30313,31679,23942,26781,16662,21252,4965,9392,2181,2318,4375,5345,6172,8192,10888,13986,19313,21381,18005,20270,14556,18626,4649,8692,199262,120766,29073,19502,46262,30797,7863,99,25
2021-06-20T23:59:59+02:00,63,55,5495,5297,11965,11587,16527,17153,23484,25046,30271,31623,23926,26760,16656,21237,4960,9387,2163,2288,4334,5305,6102,8142,10784,13907,19201,21254,17848,20079,14490,18543,4645,8685,198251,120231,29069,19499,46256,30202,7817,99,25
2021-06-19T23:59:59+02:00,59,51,5477,5277,11198,10923,16047,16761,23423,25002,30227,31580,23908,26740,16648,21225,4960,9387,2091,2167,4126,5075,5820,7860,10458,13573,18147,20402,17680,19893,14457,18478,4640,8673,195654,116016,29069,19499,46255,30188,7816,99,25
2021-06-18T23:59:59+02:00,56,50,5443,5251,10554,10340,15433,16198,23332,24933,30158,31517,23881,26710,16637,21210,4959,9385,2022,2079,3983,4931,5542,7590,10076,13209,16995,19193,17477,19656,14408,18414,4637,8663,192815,111605,29063,19498,46255,29936,7815,99,25
2021-06-17T23:59:59+02:00,49,41,5323,5148,9874,9832,14945,15807,23233,24845,30077,31423,23841,26664,16622,21189,4958,9382,1891,1972,3726,4685,5154,7226,9537,12720,15809,18000,17017,19166,14267,18240,4624,8639,190238,106478,29061,19490,46252,29019,7672,30,18
2021-06-16T23:59:59+02:00,47,33,5189,5012,9677,9671,14798,15677,23140,24751,29979,31347,23797,26619,16607,21177,4957,9372,1850,1930,3622,4600,5052,7108,8506,11868,15536,17705,16721,18830,14132,18069,4618,8606,189059,105596,29050,17610,46249,28071,7462,30,18
2021-06-15T23:59:59+02:00,41,27,5001,4825,9495,9516,14663,15535,23048,24661,29902,31261,23754,26546,16581,21144,4949,9357,1787,1872,3544,4505,4958,6994,8390,11726,15358,17477,16403,18519,13990,17900,4595,8548,187739,104835,29047,17606,46230,26851,7260,30,18
2021-06-14T23:59:59+02:00,39,24,4924,4761,9401,9407,14585,15446,22977,24587,29832,31200,23722,26507,16566,21126,4946,9351,1764,1849,3507,4481,4917,6962,8290,11663,15220,17343,16223,18315,13899,17803,4590,8541,186994,104609,29041,17603,46224,26029,7112,30,18
2021-06-13T23:59:59+02:00,38,23,4866,4713,9315,9332,14502,15379,22916,24536,29765,31147,23696,26479,16557,21116,4946,9349,1714,1834,3465,4457,4861,6919,8219,11626,15121,17248,16067,18131,13845,17729,4583,8534,186413,104327,29035,17601,46209,25423,6988,30,18
2021-06-12T23:59:59+02:00,36,22,4847,4698,9287,9309,14265,15202,22786,24407,29721,31102,23676,26462,16548,21108,4945,9347,1589,1711,3227,4246,4457,6616,7671,11194,13345,15559,15715,17760,13765,17627,4581,8519,185509,97622,29035,17601,46209,25359,6986,29,18
2021-06-11T23:59:59+02:00,32,21,4793,4644,9206,9256,13946,14979,22589,24259,29625,31010,23639,26417,16530,21096,4944,9344,1486,1576,3043,4034,4158,6252,7160,10649,11707,13674,15238,17183,13651,17480,4566,8505,184145,90704,29032,17600,46208,25128,6916,29,18
2021-06-10T23:59:59+02:00,26,18,4508,4416,8662,8925,12671,13959,22022,23808,29251,30705,23502,26259,16477,21028,4931,9329,1363,1483,2807,3853,3829,5968,6723,10256,10293,12343,14725,16608,13480,17272,4551,8478,178810,86158,29016,17597,46202,23823,6440,29,18
2021-06-09T23:59:59+02:00,23,14,4273,4251,8069,8633,11769,13299,21701,23593,29021,30551,23439,26195,16458,21004,4928,9325,1275,1429,2652,3781,3686,5888,6516,10163,10030,12164,14402,16258,13310,17092,4544,8457,176701,85824,27739,17494,46195,22433,5882,29,18
2021-06-08T23:59:59+02:00,19,11,4142,4151,7667,8407,11283,13009,21475,23414,28821,30398,23380,26121,16426,20962,4922,9316,1197,1402,2516,3723,3526,5821,5619,9414,9556,11800,14066,15849,13084,16853,4530,8435,174949,85468,27367,15337,46171,21164,5408,29,18
2021-06-07T23:59:59+02:00,15,9,4021,4072,7430,8301,10994,12831,21272,23300,28667,30280,23321,26068,16408,20937,4918,9308,1148,1282,2395,3663,3396,5758,5453,9338,9346,11673,13836,15591,12928,16684,4523,8417,173721,85277,27357,15332,46162,19925,4883,29,18
2021-06-06T23:59:59+02:00,13,9,3903,4013,7192,8179,10744,12670,21086,23211,28581,30189,23291,26034,16396,20919,4915,9304,1127,1265,2330,3627,3300,5706,5346,9263,9229,11571,13679,15437,12856,16590,4520,8410,172571,85084,27340,15328,46152,19273,4557,29,18
2021-06-05T23:59:59+02:00,13,9,3874,3976,7153,8139,10567,12515,20458,22702,28419,30044,23241,25989,16382,20900,4915,9300,1095,1164,2163,3174,3068,5166,5176,8931,8448,10618,13027,14597,12743,16443,4509,8400,170530,79693,27340,15328,46151,19139,4547,28,18
2021-06-04T23:59:59+02:00,13,9,3844,3950,7117,8114,10470,12423,20096,22374,28315,29948,23206,25951,16368,20890,4913,9299,1063,1097,2065,2864,2908,4689,5019,8561,7934,9960,11528,12880,12618,16246,4502,8382,169253,73316,27327,15327,46151,19117,4541,28,18
2021-06-03T23:59:59+02:00,8,6,3709,3847,6896,7976,9914,12001,18870,21444,27915,29638,23073,25809,16315,20828,4909,9285,1010,1053,1976,2752,2771,4532,4815,8257,7572,9511,11150,12481,12510,16133,4499,8369,164495,71532,27317,15324,46147,18064,4456,28,18
2021-06-02T23:59:59+02:00,8,6,3702,3839,6884,7959,9903,11990,18682,21264,27844,29589,23050,25787,16309,20819,4906,9283,1006,1046,1964,2722,2750,4513,4604,8073,7036,9023,11113,12440,12495,16118,4495,8363,164429,71424,26772,13831,46146,18042,4449,28,18
2021-06-01T23:59:59+02:00,7,5,3575,3763,6647,7811,9615,11797,18227,20917,27607,29394,22956,25685,16268,20766,4903,9271,969,998,1879,2652,2670,4441,4325,7839,6438,8491,10900,12227,12397,16015,4490,8351,162740,70983,25992,12538,46132,17224,4322,28,18
2021-05-31T23:59:59+02:00,7,5,3528,3718,6558,7743,9479,11698,18101,20826,27517,29317,22889,25624,16251,20738,4898,9264,940,974,1812,2612,2590,4398,4218,7775,6319,8416,10714,12059,12296,15898,4480,8343,161900,70623,25961,12533,46119,16520,4153,28,18
2021-05-30T23:59:59+02:00,7,4,3497,3694,6494,7688,9389,11607,18013,20746,27440,29246,22844,25579,16229,20711,4892,9254,934,967,1801,2602,2577,4386,4189,7750,6266,8374,10652,11979,12262,15855,4475,8334,161199,70579,25956,12530,46102,16230,4049,28,18
2021-05-29T23:59:59+02:00,7,4,3486,3675,6458,7661,9345,11570,17975,20706,27295,29140,22790,25505,16214,20691,4889,9250,898,948,1744,2556,2504,4301,3999,7495,5993,8076,8454,9322,12069,15513,4460,8305,160540,64337,25956,12528,46088,15707,4049,28,18
2021-05-28T23:59:59+02:00,7,4,3423,3620,6327,7584,9205,11439,17818,20575,27112,29017,22727,25428,16193,20674,4888,9249,885,934,1725,2536,2468,4247,3847,7198,5799,7813,5753,6211,11792,15116,4445,8256,159184,57461,25954,12528,46084,14980,4040,28,18
2021-05-27T23:59:59+02:00,7,4,3276,3490,6042,7404,8603,11106,17342,20237,26699,28670,22561,25263,16135,20611,4881,9231,835,876,1643,2441,2351,4113,3424,6224,5376,7215,5591,6037,11713,15042,4439,8239,155710,56980,25895,12481,46077,12230,3852,28,18
2021-05-26T23:59:59+02:00,7,4,3169,3407,5823,7238,8231,10820,16876,19931,26398,28434,22412,25130,16084,20537,4868,9211,818,868,1591,2416,2298,4083,3351,6150,5279,7143,5456,5910,11648,14976,4434,8227,153006,56906,25879,12479,46055,11635,3612,28,18
2021-05-25T23:59:59+02:00,7,4,3078,3344,5681,7124,8034,10658,15874,19153,26044,28080,22253,24975,16032,20457,4861,9201,799,850,1555,2372,2227,4024,3276,6080,5194,7079,5289,5740,11540,14896,4426,8216,151451,56839,23955,12291,46039,11028,3389,26,18
2021-05-24T23:59:59+02:00,7,4,3015,3326,5593,7080,7916,10596,14959,18464,25629,27768,22158,24871,16001,20421,4854,9189,790,848,1533,2355,2183,3988,3229,6032,5117,6999,5188,5632,11460,14820,4425,8210,150726,56802,21886,12215,46029,10592,3184,26,18
2021-05-23T23:59:59+02:00,7,4,3012,3322,5584,7073,7907,10588,14954,18463,25628,27767,22158,24871,16001,20421,4854,9189,788,845,1525,2348,2171,3975,3210,6017,5096,6966,5143,5580,11443,14796,4424,8208,150698,56794,21886,12215,46027,10344,3166,26,18
2021-05-22T23:59:59+02:00,6,4,2976,3280,5511,7027,7807,10501,14755,18302,25348,27524,22058,24785,15968,20378,4851,9185,766,826,1481,2297,2120,3896,3096,5895,4781,6398,4573,4838,10797,13974,4414,8169,149161,53548,21886,12215,46027,9376,3166,26,18
2021-05-21T23:59:59+02:00,4,4,2904,3205,5385,6930,7680,10355,14496,18072,25054,27289,21945,24677,15935,20330,4846,9176,735,773,1413,2169,2018,3629,2912,5562,4301,5498,4160,4299,10054,13032,4349,8043,147220,49805,21885,12215,46021,7775,3136,25,18
2021-05-20T23:59:59+02:00,4,4,2773,3042,5106,6675,7394,9987,14036,17589,24443,26739,21674,24380,15841,20210,4832,9146,721,763,1386,2144,1979,3596,2857,5507,4218,5420,4032,4196,9977,12969,4340,8031,143074,49713,21876,12204,45996,7298,2904,25,18
2021-05-19T23:59:59+02:00,4,4,2721,2990,5009,6535,7251,9805,12889,16553,24180,26452,21577,24250,15796,20149,4824,9139,702,737,1361,2096,1947,3511,2794,5360,4123,5312,3950,4106,9924,12904,4337,8027,141702,49685,19805,12139,45925,6679,2671,25,18
2021-05-18T23:59:59+02:00,4,4,2697,2967,4962,6503,7200,9774,12535,16277,24000,26299,21484,24161,15766,20096,4816,9127,673,679,1306,1967,1874,3309,2696,5152,3994,5114,3725,3829,9842,12824,4327,8017,141426,49664,18950,11140,45881,6117,2390,25,18
2021-05-17T23:59:59+02:00,4,4,2671,2946,4919,6433,7112,9666,12382,16099,23851,26138,21430,24110,15747,20073,4811,9119,665,665,1290,1931,1853,3260,2648,5044,3915,5000,3586,3677,9774,12761,4324,8008,140455,49641,18942,11130,45864,5384,2229,25,18
2021-05-16T23:59:59+02:00,4,4,2659,2932,4896,6366,7074,9583,12322,16025,23799,26078,21406,24093,15737,20059,4808,9116,660,659,1280,1928,1836,3251,2626,5032,3886,4978,3532,3610,9735,12729,4323,8006,140018,49628,18934,11119,45842,5165,2142,25,18
2021-05-15T23:59:59+02:00,4,4,2534,2794,4709,6160,6883,9396,11804,15607,23210,25528,21299,23975,15703,20016,4805,9108,610,596,1197,1841,1699,3097,2338,4724,3438,4467,3200,3182,9572,12524,4299,7977,136627,46668,18933,11119,45837,4840,2117,25,18
2021-05-14T23:59:59+02:00,4,4,2418,2617,4514,5935,6606,9083,11268,15095,22643,24960,21152,23834,15667,19958,4801,9097,547,518,1094,1721,1538,2881,2006,4321,2839,3877,2815,2744,9488,12377,4295,7973,132804,43738,18926,11117,45813,4074,2088,25,18
2021-05-13T23:59:59+02:00,4,4,2237,2330,4192,5552,6179,8609,10708,14407,21612,24047,20869,23560,15607,19859,4794,9082,543,518,1081,1705,1523,2862,1996,4295,2818,3851,2799,2727,9481,12373,4294,7973,126901,43665,18872,11109,45787,3981,2067,25,18
2021-05-12T23:59:59+02:00,4,4,2236,2327,4184,5551,6170,8603,10606,14286,21559,24008,20864,23549,15602,19851,4793,9082,535,496,1045,1650,1474,2783,1913,4208,2759,3792,2718,2632,9430,12300,4294,7973,126857,43662,18546,10281,45787,3978,2064,25,18
2021-05-11T23:59:59+02:00,4,4,2115,2288,4100,5486,6045,8489,10300,14035,21367,23846,20788,23477,15587,19818,4789,9077,510,472,984,1590,1405,2692,1813,4070,2686,3718,2565,2404,9366,12199,4293,7973,125914,43645,18209,9447,45504,3668,1963,25,18
2021-05-10T23:59:59+02:00,4,4,2073,2211,3993,5364,5910,8310,9509,13272,20987,23523,20698,23388,15548,19764,4779,9064,498,444,948,1526,1340,2603,1723,3908,2602,3623,2537,2381,9356,12181,4289,7968,124779,43623,16359,9267,45401,3183,1837,25,18
2021-05-09T23:59:59+02:00,4,4,2041,2196,3959,5324,5857,8262,9443,13203,20917,23450,20665,23347,15534,19737,4776,9050,491,435,927,1483,1314,2555,1689,3846,2564,3580,2528,2369,9346,12164,4289,7960,124336,43564,16355,9264,45306,2948,1747,25,18
2021-05-08T23:59:59+02:00,4,4,1978,2093,3775,5149,5583,8056,9133,12918,19781,22521,20469,23153,15501,19668,4771,9038,418,405,862,1443,1238,2482,1601,3744,2345,3367,1983,1940,9252,12079,4288,7960,120186,42089,16354,9263,45303,2306,1746,6,4
2021-05-07T23:59:59+02:00,4,4,1891,1981,3591,4978,5261,7760,8723,12547,18531,21248,20286,22941,15455,19611,4762,9019,325,346,753,1368,1105,2352,1467,3601,2170,3174,1615,1605,8763,11632,4287,7958,115240,40360,16352,9258,45283,1188,1712,6,4
2021-05-06T23:59:59+02:00,4,4,1707,1872,3305,4726,4810,7355,8081,11983,17290,20004,19952,22563,15348,19447,4752,9008,308,337,732,1339,1065,2306,1418,3517,2103,3106,1579,1550,8746,11601,4281,7955,109381,40340,16345,9252,45049,918,1430,6,4
2021-05-05T23:59:59+02:00,4,3,1637,1842,3224,4639,4733,7251,7949,11832,17134,19858,19832,22444,15272,19351,4730,8912,297,325,690,1287,1004,2231,1334,3367,1994,2989,1486,1451,8329,11033,4275,7937,108622,40303,16202,8124,44879,661,938,6,4
2021-05-04T23:59:59+02:00,4,3,1611,1813,3182,4565,4674,7141,7697,11538,16575,19279,19745,22314,15197,19254,4702,8802,281,312,667,1258,983,2177,1275,3247,1881,2832,1414,1345,8258,10930,4271,7919,107936,40278,14855,7848,44776,398,523,6,4
2021-05-03T23:59:59+02:00,4,3,1603,1809,3174,4551,4636,7119,7444,11306,15882,18684,19681,22229,15171,19220,4696,8792,266,291,645,1176,934,2089,1212,3108,1783,2695,1348,1265,8233,10895,4267,7910,107855,40268,13257,7641,44736,55,150,6,4
2021-05-02T23:59:59+02:00,4,3,1602,1807,3169,4549,4631,7116,7431,11296,15863,18672,19665,22221,15171,19218,4695,8792,266,288,642,1175,929,2086,1202,3102,1775,2688,1334,1258,8232,10890,4266,7910,107829,40245,13254,7639,44712,52,104,6,4
2021-05-01T23:59:59+02:00,4,3,1469,1665,2889,4299,4164,6756,6813,10813,13926,16792,19284,21825,15080,19102,4692,8776,264,288,639,1173,928,2083,1200,3100,1773,2684,1329,1254,8230,10888,4266,7910,100284,40214,13254,7639,44708,52,101,5,4
2021-04-30T23:59:59+02:00,3,3,1346,1515,2673,4076,3834,6360,6245,10218,12135,14753,18826,21285,14976,18960,4678,8766,259,287,632,1166,913,2075,1188,3090,1762,2671,1318,1245,8226,10883,4265,7909,92656,40168,13254,7639,44708,49,30,4,4
2021-04-29T23:59:59+02:00,2,3,1230,1450,2507,3950,3593,6156,5888,9915,10793,13476,18567,21008,14933,18890,4674,8760,258,283,627,1159,901,2069,1168,3085,1732,2635,1292,1221,8220,10874,4265,7909,87966,40136,13245,7506,44567,40,13,4,4
2021-04-28T23:59:59+02:00,2,3,1171,1444,2457,3931,3542,6132,5826,9882,10696,13408,18537,20974,14926,18874,4674,8757,258,282,625,1158,898,2067,1163,3081,1724,2634,1286,1203,7778,10354,4265,7909,87696,40115,13195,6520,44329,36,12,4,3
2021-04-27T23:59:59+02:00,2,3,1123,1417,2355,3887,3477,6105,5707,9827,10579,13332,18504,20935,14913,18859,4673,8755,257,282,623,1151,897,2065,1158,3078,1720,2630,1274,1186,7361,9772,4265,7909,87187,40095,13142,5489,44109,31,11,4,3
2021-04-26T23:59:59+02:00,2,3,1081,1388,2265,3795,3350,6005,5540,9707,10276,13073,18442,20881,14904,18841,4671,8755,256,281,622,1149,891,2062,1151,3075,1702,2620,1259,1173,7352,9752,4265,7909,85850,40008,13132,5468,43982,30,11,4,3
2021-04-25T23:59:59+02:00,2,3,1078,1386,2257,3793,3343,6001,5520,9700,10241,13043,18432,20869,14903,18835,4671,8754,255,281,622,1149,891,2062,1149,3075,1702,2620,1259,1173,7352,9750,4265,7909,85828,40006,13123,5466,43866,30,10,4,3
2021-04-24T23:59:59+02:00,2,2,1035,1269,2069,3256,3073,5385,5327,9288,9409,11997,17726,19973,14789,18676,4663,8743,253,280,621,1147,891,2061,1149,3074,1696,2615,1256,1168,7350,9749,4265,7908,79705,39980,13123,5462,43841,30,9,4,3
2021-04-23T23:59:59+02:00,1,2,1003,1185,1956,2909,2890,4834,5132,8859,8855,11275,16096,18115,14643,18470,4655,8720,253,280,620,1147,889,2059,1148,3074,1695,2614,1251,1163,7346,9747,4265,7907,72684,39966,13122,5451,43781,30,9,4,3
2021-04-22T23:59:59+02:00,1,2,998,1174,1936,2893,2870,4815,5075,8813,8743,11172,16025,18038,14617,18440,4653,8715,251,280,616,1146,886,2058,1140,3062,1680,2594,1227,1142,7341,9739,4265,7907,72636,39953,13066,5341,43265,29,9,4,3
2021-04-21T23:59:59+02:00,1,2,989,1166,1924,2880,2843,4789,5029,8758,8636,11049,15939,17954,14588,18406,4653,8710,246,277,606,1137,872,2028,1130,3037,1669,2569,1214,1129,7117,9421,4264,7907,72596,39946,13010,4638,42697,28,9,4,3
2021-04-20T23:59:59+02:00,1,2,962,1117,1872,2765,2770,4628,4936,8579,8462,10842,15708,17672,14529,18347,4646,8704,233,274,588,1116,846,1998,1101,3011,1634,2527,1194,1116,7109,9416,4263,7906,72560,39925,11881,4373,42088,24,9,4,2
2021-04-19T23:59:59+02:00,1,2,953,1108,1840,2745,2720,4603,4812,8518,8262,10731,15616,17574,14507,18328,4646,8698,227,266,570,1093,828,1966,1083,2968,1588,2472,1176,1097,7102,9413,4261,7905,72160,39890,11860,4093,41631,22,9,4,2
2021-04-18T23:59:59+02:00,1,2,950,1107,1835,2739,2712,4591,4794,8506,8222,10689,15567,17516,14497,18311,4645,8696,227,266,570,1092,827,1966,1082,2968,1588,2471,1176,1096,7100,9412,4260,7905,72114,39883,11857,4091,41396,22,9,4,2
2021-04-17T23:59:59+02:00,0,2,917,1093,1786,2701,2644,4512,4640,8365,7960,10460,13198,14616,14300,17958,4628,8660,225,266,570,1089,823,1960,1070,2961,1578,2451,1139,1054,6768,8996,4235,7857,65296,38930,11857,4080,41274,22,9,4,2
2021-04-16T23:59:59+02:00,0,2,911,1087,1774,2690,2602,4473,4548,8281,7780,10268,10363,11363,14027,17541,4609,8604,223,261,569,1086,818,1956,1060,2958,1570,2438,1128,1040,6762,8991,4232,7854,58020,38851,11855,4064,41035,22,9,4,1
2021-04-15T23:59:59+02:00,0,2,898,1082,1752,2676,2560,4440,4434,8220,7549,10067,10114,11144,13965,17475,4603,8590,221,260,569,1084,817,1954,1057,2955,1567,2435,1123,1036,6760,8989,4232,7854,57996,38837,11853,4046,39709,21,9,4,1
2021-04-14T23:59:59+02:00,0,2,879,1055,1694,2593,2471,4317,4243,8037,7275,9784,9739,10661,13816,17296,4597,8581,196,235,528,1033,794,1887,1022,2875,1517,2374,1097,1007,6756,8980,4232,7853,57963,38821,10905,3537,38159,19,9,4,1
2021-04-13T23:59:59+02:00,0,2,854,1033,1656,2541,2403,4234,4142,7900,7065,9567,9334,10142,13672,17129,4592,8569,160,211,493,984,754,1794,988,2765,1465,2304,1078,972,6740,8969,4231,7853,57919,38757,9958,2982,36945,13,9,4,1
2021-04-12T23:59:59+02:00,0,2,850,1031,1637,2538,2373,4221,4089,7849,6924,9395,9069,9828,13608,17070,4581,8553,149,197,465,944,731,1729,967,2693,1421,2254,1056,955,6724,8949,4228,7848,57861,38641,9928,2647,35816,13,9,4,1
2021-04-11T23:59:59+02:00,0,2,849,1030,1626,2538,2360,4219,4066,7837,6859,9334,8935,9663,13581,17022,4576,8544,149,197,465,942,731,1728,965,2693,1420,2254,1056,955,6722,8949,4228,7848,57849,38635,9926,2646,35253,12,9,4,1
2021-04-10T23:59:59+02:00,0,2,833,1025,1598,2509,2323,4190,3995,7779,6727,9217,8379,8928,12917,16169,4565,8502,146,197,463,939,725,1725,965,2686,1411,2247,1043,939,6252,8451,4213,7832,54515,37569,9925,2644,35205,12,9,4,1
2021-04-09T23:59:59+02:00,0,2,811,996,1558,2461,2256,4110,3842,7620,6380,8885,7857,8270,12101,15143,4495,8365,144,196,461,934,719,1718,957,2676,1396,2237,1021,918,6010,8181,4196,7805,50541,36908,9918,2640,34680,12,9,4,1
2021-04-08T23:59:59+02:00,0,2,802,986,1531,2437,2190,4061,3707,7533,6126,8585,7243,7615,11942,14943,4484,8348,144,193,456,931,714,1711,949,2666,1389,2224,1009,916,6007,8179,4195,7805,50508,36888,9894,2579,32120,12,9,4,1
2021-04-07T23:59:59+02:00,0,2,796,977,1505,2419,2132,4023,3620,7463,5894,8319,6690,6983,11335,14194,4472,8321,125,186,425,884,668,1642,893,2596,1339,2155,988,900,5999,8173,4194,7805,50481,36864,8736,2088,29916,12,8,4,1
2021-04-06T23:59:59+02:00,0,2,791,975,1491,2411,2103,4001,3547,7414,5713,8147,6244,6475,11133,13978,4457,8293,101,165,376,822,623,1567,849,2496,1287,2091,964,884,5981,8160,4192,7801,50411,36837,8552,1503,28201,12,7,4,1
2021-04-05T23:59:59+02:00,0,2,786,971,1475,2403,2079,3992,3496,7388,5570,8037,6042,6260,11066,13892,4451,8283,95,163,375,820,616,1558,841,2481,1274,2072,936,853,4888,6760,4113,7695,50213,34028,8548,1493,27421,12,7,4,1
2021-04-04T23:59:59+02:00,0,2,784,965,1473,2401,2075,3990,3479,7381,5560,8030,6031,6240,11052,13874,4449,8280,95,163,373,818,613,1553,834,2474,1259,2052,913,831,3886,5599,4047,7589,50198,31587,8546,1493,27311,12,7,4,1
2021-04-03T23:59:59+02:00,0,2,732,910,1391,2332,1952,3851,3218,7121,5100,7537,5688,5785,10881,13657,4423,8251,93,163,373,817,613,1551,833,2474,1259,2052,913,831,3886,5596,4047,7588,46965,31577,8546,1493,27309,12,7,4,1
2021-04-02T23:59:59+02:00,0,2,689,875,1336,2264,1854,3737,2962,6860,4586,7058,5298,5326,10784,13494,4418,8245,92,163,373,817,613,1551,831,2474,1257,2049,911,827,3883,5593,4046,7588,44042,31558,8545,1492,27191,12,6,4,1
2021-04-01T23:59:59+02:00,0,2,686,873,1325,2258,1834,3729,2933,6846,4512,6985,5189,5217,10745,13445,4417,8241,92,163,371,813,611,1548,831,2471,1253,2045,901,826,3879,5591,4045,7587,44025,31549,8401,1460,26801,12,6,4,1
2021-03-31T23:59:59+02:00,0,2,684,871,1318,2242,1826,3719,2905,6818,4449,6939,5050,5057,10236,12838,4413,8233,92,163,370,813,611,1548,831,2471,1251,2045,900,826,3879,5590,4045,7586,44013,31543,7274,1460,26304,12,6,3,1
2021-03-30T23:59:59+02:00,0,2,675,868,1300,2222,1796,3690,2868,6783,4363,6849,4883,4863,9711,12138,4406,8218,87,160,369,809,606,1545,826,2465,1243,2043,889,816,3871,5587,4044,7585,43986,31522,6089,1407,25551,10,6,3,1
2021-03-29T23:59:59+02:00,0,2,670,860,1287,2187,1779,3659,2837,6741,4292,6764,4684,4666,9625,12044,4403,8204,87,160,369,807,601,1541,824,2459,1239,2036,881,810,3863,5580,4044,7585,43917,31509,5872,1362,24906,9,6,3,1
2021-03-28T23:59:59+02:00,0,2,667,858,1284,2184,1764,3649,2822,6729,4258,6711,4588,4556,9588,11980,4398,8197,87,160,369,806,601,1541,822,2459,1237,2036,880,810,3862,5580,4044,7585,43895,31507,5863,1357,24468,9,6,3,1
2021-03-27T23:59:59+01:00,0,2,663,853,1275,2179,1748,3633,2794,6699,4095,6568,4012,4101,9359,11733,4385,8178,87,160,367,804,599,1539,820,2456,1229,2030,876,806,3684,5290,3943,7416,41951,30734,5859,1357,24458,9,6,3,1
2021-03-26T23:59:59+01:00,0,2,657,844,1267,2169,1727,3616,2768,6677,4019,6490,3607,3737,8762,11175,4372,8164,87,160,366,803,598,1536,816,2453,1220,2026,863,793,2967,4351,3734,7073,40019,28474,5846,1357,24180,9,6,2,1
2021-03-25T23:59:59+01:00,0,2,650,839,1254,2155,1708,3592,2709,6638,3936,6412,3432,3519,8652,11064,4367,8158,87,160,366,803,598,1536,816,2452,1219,2026,863,793,2966,4350,3733,7072,40006,28468,5739,1357,23334,9,6,2,1
2021-03-24T23:59:59+01:00,0,2,644,832,1221,2129,1663,3547,2631,6570,3779,6262,3114,3157,8245,10514,4358,8146,83,158,354,790,581,1518,783,2418,1169,1993,830,756,2957,4344,3733,7069,39984,28166,4982,1356,21840,8,6,2,1
2021-03-23T23:59:59+01:00,0,2,631,824,1196,2097,1621,3500,2550,6489,3630,6108,2735,2772,8029,10295,4351,8129,78,154,342,768,546,1487,722,2355,1067,1912,747,696,2921,4310,3729,7065,39941,27536,4692,1349,20319,8,6,1,1
2021-03-22T23:59:59+01:00,0,2,607,711,1160,2042,1588,3445,2497,6419,3490,5978,2493,2534,7699,9940,4335,8093,78,153,342,768,546,1485,720,2353,1064,1912,745,692,2917,4305,3728,7062,39473,27507,4368,1349,19185,8,6,1,1
2021-03-21T23:59:59+01:00,0,2,606,708,1154,2034,1577,3435,2480,6404,3452,5944,2351,2370,7606,9828,4327,8079,78,153,342,767,546,1485,720,2353,1064,1912,745,692,2917,4304,3728,7062,39469,27505,4354,1349,18527,8,6,1,1
2021-03-20T23:59:59+01:00,0,2,605,708,1152,2028,1570,3428,2474,6397,3435,5922,2319,2332,7116,9311,4311,8063,78,153,342,767,545,1485,718,2352,1064,1911,745,692,2917,4302,3726,7060,38431,27494,4342,1349,18393,8,6,1,1
2021-03-19T23:59:59+01:00,0,2,598,701,1138,2012,1535,3404,2404,6257,3372,5814,2137,2149,6808,8993,4292,8038,78,153,341,761,541,1482,713,2344,1053,1898,736,685,2494,3700,3312,6314,37826,25248,4326,1349,17495,2,6,1,1
2021-03-18T23:59:59+01:00,0,2,583,685,1118,1982,1508,3374,2364,6189,3299,5725,1985,1953,6689,8874,4286,8027,77,153,341,759,540,1482,712,2340,1050,1897,729,682,2444,3628,3285,6272,37806,25056,4315,1327,16515,2,6,1,1
2021-03-17T23:59:59+01:00,0,1,553,656,1073,1926,1471,3290,2287,6072,3147,5570,1729,1687,6523,8721,4276,8012,76,149,329,732,524,1438,690,2282,1012,1856,712,663,2204,3333,3204,6148,37734,24089,3789,1255,15464,2,6,1,1
2021-03-16T23:59:59+01:00,0,1,509,627,1033,1870,1420,3186,2222,5918,3031,5436,1533,1465,6389,8574,4266,7991,70,136,308,676,494,1361,661,2147,983,1728,663,613,2093,3199,3181,6064,37679,23346,3170,1024,14616,2,5,1,1
2021-03-15T23:59:59+01:00,0,1,497,616,1002,1824,1386,3118,2191,5833,2944,5352,1409,1330,5810,7887,4227,7928,67,129,293,618,479,1241,623,2017,943,1615,635,593,2056,3160,3168,6005,36446,22950,2815,690,14093,2,0,1,1
2021-03-14T23:59:59+01:00,0,1,492,610,992,1812,1383,3101,2175,5815,2910,5325,1366,1280,5418,7440,4204,7910,66,124,289,595,473,1214,617,1961,933,1590,635,593,2056,3160,3167,6003,35631,22944,2810,530,13792,2,0,1,1
2021-03-13T23:59:59+01:00,0,1,471,592,955,1765,1330,3037,1919,5226,2670,4911,1261,1167,4769,6593,4155,7835,66,124,288,592,471,1212,615,1959,932,1586,633,588,1695,2680,2644,5249,33963,20802,2806,530,11887,2,0,1,1
2021-03-12T23:59:59+01:00,0,1,455,571,935,1724,1300,2956,1715,4437,2463,4462,1191,1084,4073,5793,4108,7753,66,122,287,588,471,1209,613,1951,927,1580,630,581,1374,2140,2110,4455,32291,18573,2803,530,9926,1,0,1,1
2021-03-11T23:59:59+01:00,0,1,451,564,927,1712,1285,2939,1690,4403,2427,4426,1117,1029,4031,5757,4105,7749,66,114,281,566,457,1157,604,1902,908,1544,618,568,1368,2123,2101,4406,32259,18324,2708,458,9645,1,0,1,1
2021-03-10T23:59:59+01:00,0,1,430,553,881,1654,1231,2862,1617,4306,2361,4333,1084,1006,4015,5742,4104,7747,66,114,279,562,454,1150,599,1879,908,1539,612,560,1307,2037,2058,4350,32244,18040,2142,433,9540,1,0,1,1
2021-03-09T23:59:59+01:00,0,1,408,537,833,1604,1190,2799,1575,4223,2318,4280,1063,995,4009,5735,4103,7746,64,113,278,561,453,1139,597,1867,902,1534,610,554,1102,1728,1943,4178,32198,17216,1692,406,9528,1,0,1,1
2021-03-08T23:59:59+01:00,0,1,401,526,823,1590,1181,2783,1567,4198,2307,4267,1050,984,3972,5688,4101,7741,63,113,274,556,449,1133,596,1863,898,1532,610,554,1033,1637,1898,4135,32070,16961,1596,382,9513,1,0,1,1
2021-03-07T23:59:59+01:00,0,1,400,523,823,1589,1179,2781,1563,4192,2297,4262,1044,976,3966,5682,4100,7740,60,110,265,534,437,1107,581,1763,863,1457,609,554,929,1508,1848,4067,32054,16603,1557,89,9506,0,0,1,1
2021-03-06T23:59:59+01:00,0,1,392,507,804,1556,1156,2723,1522,4125,2104,3766,1015,939,3793,5411,4003,7579,60,110,265,534,437,1106,581,1763,863,1457,609,554,926,1507,1845,4066,31347,16594,1557,89,8491,0,0,1,1
2021-03-05T23:59:59+01:00,0,1,377,467,771,1452,1106,2506,1447,3912,1891,3096,985,894,3048,4452,3799,7240,60,109,264,531,434,1100,580,1758,859,1454,606,552,887,1448,1822,4028,29051,16403,1556,89,6836,0,0,1,1
2021-03-04T23:59:59+01:00,0,1,362,459,764,1432,1093,2483,1428,3883,1868,3077,972,890,3044,4448,3796,7238,60,108,261,528,430,1084,570,1736,858,1446,604,550,850,1394,1799,3993,29038,16245,1518,26,6681,0,0,1,1
2021-03-03T23:59:59+01:00,0,1,351,427,745,1381,1062,2400,1378,3729,1790,2980,939,846,3034,4442,3796,7235,59,107,258,526,429,1080,568,1727,855,1442,604,549,830,1341,1714,3848,28725,15913,1518,24,6292,0,0,1,1
2021-03-02T23:59:59+01:00,0,1,345,418,729,1357,1014,2355,1309,3645,1674,2884,851,780,2992,4405,3790,7230,59,107,257,522,428,1072,568,1721,855,1438,603,549,830,1341,1714,3848,28088,15888,1455,24,6235,0,0,1,1
2021-03-01T23:59:59+01:00,0,1,341,404,722,1310,1001,2297,1289,3563,1648,2835,833,771,2984,4395,3790,7230,59,106,256,518,423,1058,564,1708,846,1430,602,547,734,1189,1660,3768,28048,15444,1406,24,5959,0,0,1,1
2021-02-28T23:59:59+01:00,0,1,336,391,714,1271,988,2221,1277,3476,1626,2756,829,761,2982,4391,3789,7228,59,106,256,518,423,1057,564,1708,844,1430,602,546,637,1065,1614,3688,28037,15094,1403,23,5596,0,0,1,1
2021-02-27T23:59:59+01:00,0,1,327,371,700,1246,968,2184,1242,3407,1603,2703,812,746,2979,4391,3788,7228,59,106,256,518,423,1057,563,1708,843,1430,602,546,637,1064,1614,3688,28035,15091,1403,23,5257,0,0,1,1
2021-02-26T23:59:59+01:00,0,1,302,318,652,1181,904,2066,1152,3241,1499,2564,783,723,2550,3786,3371,6462,59,106,253,516,423,1055,561,1706,840,1424,598,544,630,1052,1605,3669,25772,15018,1403,23,4379,0,0,1,1
2021-02-25T23:59:59+01:00,0,1,297,305,639,1149,883,2024,1133,3175,1481,2519,780,720,2504,3713,3341,6418,57,104,249,508,423,1051,556,1696,837,1413,592,539,553,942,1561,3613,25552,14673,1403,21,4126,0,0,1,1
2021-02-24T23:59:59+01:00,0,1,278,295,588,1103,836,1957,1075,3080,1437,2461,763,701,2264,3411,3259,6288,56,100,245,501,417,1033,547,1674,834,1393,585,528,540,922,1550,3591,24569,14501,1403,15,3824,0,0,1,1
2021-02-23T23:59:59+01:00,0,1,265,275,560,1046,799,1880,1007,2930,1365,2359,712,651,2153,3276,3236,6198,56,98,243,495,417,1017,537,1642,827,1371,576,522,525,875,1539,3547,23781,14272,1398,15,3533,0,0,1,1
2021-02-22T23:59:59+01:00,0,1,261,269,548,984,779,1804,981,2835,1329,2299,688,630,2126,3241,3228,6141,56,97,237,489,415,1004,528,1625,823,1346,562,510,507,850,1533,3497,23388,14064,1398,15,3357,0,0,1,1
2021-02-21T23:59:59+01:00,0,1,258,261,539,959,766,1767,973,2787,1299,2273,688,628,2124,3241,3227,6140,56,97,236,489,415,1004,528,1625,823,1345,562,509,507,850,1533,3496,23382,14060,1398,15,3150,0,0,1,1
2021-02-20T23:59:59+01:00,0,1,174,230,468,910,698,1690,903,2698,1214,2174,673,613,1756,2727,2678,5346,56,97,236,489,415,1004,528,1624,823,1345,562,509,507,850,1533,3496,21132,14059,1398,15,2422,0,0,1,1
2021-02-19T23:59:59+01:00,0,1,83,167,357,829,572,1557,770,2549,1078,2022,657,592,1454,2215,2143,4557,56,97,236,489,415,1003,528,1624,823,1344,562,509,501,848,1532,3490,18951,14043,1398,14,1253,0,0,1,1
2021-02-18T23:59:59+01:00,0,1,80,162,345,779,551,1468,737,2409,1045,1955,642,582,1445,2197,2134,4508,53,90,231,467,401,938,513,1544,804,1270,548,495,495,830,1531,3473,18714,13669,1373,14,952,0,0,1,1
2021-02-17T23:59:59+01:00,0,1,79,154,331,756,542,1435,708,2316,1009,1856,636,572,1387,2110,2088,4459,53,87,229,458,393,900,502,1479,785,1188,535,483,493,828,1531,3473,18456,13403,1300,14,682,0,0,1,1
2021-02-16T23:59:59+01:00,0,1,74,148,316,717,514,1362,676,2208,984,1751,626,565,1143,1766,1970,4282,52,78,228,453,387,870,489,1414,759,1121,514,470,491,828,1528,3472,17550,13152,1062,2,490,0,0,1,1
2021-02-15T23:59:59+01:00,0,1,69,132,290,614,479,1221,621,1995,934,1592,617,563,1060,1660,1919,4220,52,78,226,448,383,864,488,1410,756,1114,514,470,490,825,1527,3469,17225,13114,724,0,37,0,0,1,1
2021-02-14T23:59:59+01:00,0,1,68,125,285,589,474,1192,610,1941,920,1570,617,563,963,1537,1874,4164,52,78,226,448,383,864,488,1408,756,1114,514,470,490,825,1527,3469,16901,13112,569,0,22,0,0,1,1
2021-02-13T23:59:59+01:00,0,1,68,124,285,588,473,1188,609,1939,918,1567,616,562,962,1528,1870,4161,52,78,226,447,381,859,487,1403,754,1113,512,468,473,787,1272,3011,16867,12323,569,0,22,0,0,1,1
2021-02-12T23:59:59+01:00,0,1,67,124,284,587,469,1184,609,1936,915,1566,613,561,923,1477,1850,4121,52,78,226,443,378,850,482,1394,748,1107,505,460,455,748,925,2319,16698,11170,569,0,19,0,0,1,1
2021-02-11T23:59:59+01:00,0,1,67,117,281,576,456,1157,603,1910,908,1554,612,560,881,1419,1828,4084,52,75,211,413,364,803,466,1321,733,1075,502,459,455,748,924,2318,16522,10920,486,0,5,0,0,1,0
2021-02-10T23:59:59+01:00,0,1,66,117,277,573,454,1152,599,1894,903,1550,612,560,872,1403,1807,4040,51,65,177,336,310,700,416,1149,654,981,467,447,450,747,924,2317,16420,10192,458,0,1,0,0,1,0
2021-02-09T23:59:59+01:00,0,1,64,115,271,570,451,1139,598,1880,897,1544,611,559,860,1368,1742,3937,43,53,124,258,234,549,335,947,552,827,432,436,446,746,922,2317,16176,9222,430,0,0,0,0,1,0
2021-02-08T23:59:59+01:00,0,1,63,115,268,561,448,1132,597,1865,891,1536,610,557,759,1218,1688,3855,38,43,86,168,171,411,269,709,492,692,424,429,442,743,921,2317,15758,8356,405,0,0,0,0,1,0
2021-02-07T23:59:59+01:00,0,1,60,112,259,538,433,1101,581,1762,856,1457,609,556,656,1091,1641,3772,37,42,82,166,168,404,264,696,487,681,422,428,442,743,921,2316,15388,8300,96,0,0,0,0,1,0
2021-02-06T23:59:59+01:00,0,1,60,112,258,538,433,1101,579,1761,854,1454,606,554,654,1082,1635,3765,34,41,81,163,165,394,260,688,476,673,414,427,406,695,687,1935,15350,7540,96,0,0,0,0,1,0
2021-02-05T23:59:59+01:00,0,1,60,112,256,535,433,1099,578,1760,852,1452,604,554,644,1075,1629,3754,32,39,77,157,160,386,252,669,459,663,408,427,400,670,299,1313,15301,6412,96,0,0,0,0,1,0
2021-02-04T23:59:59+01:00,0,1,58,110,251,528,427,1083,562,1733,848,1438,597,545,560,958,1581,3696,31,36,73,152,154,375,238,648,442,649,403,421,395,663,297,1308,14947,6286,28,0,0,0,0,1,0
2021-02-03T23:59:59+01:00,0,1,57,105,247,521,426,1063,559,1718,846,1423,593,535,550,948,1578,3683,24,28,59,120,121,276,174,507,333,499,301,321,320,522,226,1047,14826,4879,26,0,0,0,0,1,0
2021-02-02T23:59:59+01:00,0,1,57,103,244,515,426,1045,547,1685,838,1399,580,526,539,903,1569,3639,17,21,40,79,85,182,122,342,218,360,212,215,204,328,162,693,14589,3281,26,0,0,0,0,1,0
2021-02-01T23:59:59+01:00,0,1,57,101,240,507,424,1029,539,1664,834,1376,572,520,522,874,1561,3595,7,11,20,42,47,94,65,168,94,163,100,98,85,153,70,307,14389,1524,26,0,0,0,0,1,0
2021-01-31T23:59:59+01:00,0,1,57,101,239,506,422,1025,537,1659,831,1373,572,519,522,874,1561,3594,7,11,18,38,42,80,61,142,81,148,96,98,84,152,68,306,14367,1432,25,0,0,0,0,1,0
2021-01-30T23:59:59+01:00,0,1,57,101,239,506,422,1025,537,1659,831,1373,572,519,522,874,1561,3594,7,11,18,38,42,80,61,142,81,148,96,97,84,152,68,306,14367,1431,25,0,0,0,0,1,0
2021-01-29T23:59:59+01:00,0,1,57,101,239,506,422,1025,537,1659,831,1373,572,519,522,874,1561,3594,7,11,18,38,42,80,61,142,81,148,96,97,84,152,68,306,14367,1431,25,0,0,0,0,1,0
2021-01-28T23:59:59+01:00,0,1,55,93,235,478,410,959,519,1573,809,1291,559,504,516,857,1559,3580,3,2,4,6,11,13,19,34,21,31,16,20,19,34,17,91,13978,341,19,0,0,0,0,1,0
2021-01-27T23:59:59+01:00,0,1,53,89,235,468,402,920,509,1507,789,1208,547,491,514,855,1559,3580,3,2,4,6,9,13,19,33,21,30,16,20,19,34,17,91,13709,337,17,0,0,0,0,1,0
2021-01-26T23:59:59+01:00,0,1,52,83,231,465,395,891,498,1439,764,1141,525,478,512,855,1559,3580,1,2,4,6,9,12,17,29,17,25,14,18,17,32,17,84,13452,304,16,0,0,0,0,1,0
2021-01-25T23:59:59+01:00,0,1,52,83,228,460,392,885,498,1436,762,1136,525,478,512,854,1559,3578,0,0,0,0,0,0,0,0,0,0,1,1,0,2,0,0,13423,4,15,0,0,0,0,1,0
2021-01-24T23:59:59+01:00,0,1,52,83,228,460,392,885,498,1435,762,1136,525,478,512,854,1559,3578,0,0,0,0,0,0,0,0,0,0,1,1,0,2,0,0,13422,4,15,0,0,0,0,1,0
2021-01-23T23:59:59+01:00,0,1,52,83,228,459,391,881,498,1429,761,1134,522,476,495,816,1306,3110,0,0,0,0,0,0,0,0,0,0,1,1,0,2,0,0,12626,4,15,0,0,0,0,1,0
2021-01-22T23:59:59+01:00,0,1,52,83,227,455,387,871,493,1419,756,1126,516,468,478,775,947,2395,0,0,0,0,0,0,0,0,0,0,1,1,0,2,0,0,11434,4,15,0,0,0,0,0,0
2021-01-21T23:59:59+01:00,0,1,52,80,209,422,360,815,466,1320,730,1092,512,468,478,775,946,2394,0,0,0,0,0,0,0,0,0,0,1,1,0,2,0,0,11105,4,15,0,0,0,0,0,0
2021-01-20T23:59:59+01:00,0,1,50,70,181,351,319,730,424,1166,660,1001,476,457,473,775,946,2393,0,0,0,0,0,0,0,0,0,0,1,1,0,2,0,0,10458,4,15,0,0,0,0,0,0
2021-01-19T23:59:59+01:00,0,1,44,57,135,274,246,571,347,984,570,861,441,445,469,773,946,2393,0,0,0,0,0,0,0,0,0,0,1,0,0,2,0,0,9550,3,7,0,0,0,0,0,0
2021-01-18T23:59:59+01:00,0,1,40,44,86,175,177,421,278,721,499,704,432,438,466,768,944,2393,0,0,0,0,0,0,0,0,0,0,0,0,0,1,0,0,8587,1,0,0,0,0,0,0,0
2021-01-17T23:59:59+01:00,0,1,37,43,83,171,173,413,274,710,494,691,430,438,466,768,944,2392,0,0,0,0,0,0,0,0,0,0,0,0,0,0,0,0,8528,0,0,0,0,0,0,0,0
2021-01-16T23:59:59+01:00,0,1,34,42,81,169,169,404,267,703,479,683,422,437,427,721,704,2007,0,0,0,0,0,0,0,0,0,0,0,0,0,0,0,0,7750,0,0,0,0,0,0,0,0
2021-01-15T23:59:59+01:00,0,1,32,40,78,162,166,398,260,686,465,675,416,436,422,697,310,1376,0,0,0,0,0,0,0,0,0,0,0,0,0,0,0,0,6620,0,0,0,0,0,0,0,0
2021-01-14T23:59:59+01:00,0,1,32,38,77,158,161,393,252,676,454,667,413,434,422,696,310,1376,0,0,0,0,0,0,0,0,0,0,0,0,0,0,0,0,6560,0,0,0,0,0,0,0,0
2021-01-13T23:59:59+01:00,0,0,24,31,61,125,126,298,192,542,346,524,316,333,348,551,239,1107,0,0,0,0,0,0,0,0,0,0,0,0,0,0,0,0,5163,0,0,0,0,0,0,0,0
2021-01-12T23:59:59+01:00,0,0,17,24,45,87,91,210,139,391,236,388,226,227,227,355,173,750,0,0,0,0,0,0,0,0,0,0,0,0,0,0,0,0,3586,0,0,0,0,0,0,0,0
2021-01-11T23:59:59+01:00,0,0,9,15,26,46,61,134,88,220,124,206,113,107,99,172,80,333,0,0,0,0,0,0,0,0,0,0,0,0,0,0,0,0,1833,0,0,0,0,0,0,0,0
2021-01-10T23:59:59+01:00,0,0,8,15,22,43,54,106,80,179,105,173,107,104,95,170,77,333,0,0,0,0,0,0,0,0,0,0,0,0,0,0,0,0,1671,0,0,0,0,0,0,0,0
2021-01-09T23:59:59+01:00,0,0,8,15,22,43,54,106,80,179,105,173,107,103,95,170,77,333,0,0,0,0,0,0,0,0,0,0,0,0,0,0,0,0,1670,0,0,0,0,0,0,0,0
2021-01-08T23:59:59+01:00,0,0,8,14,21,42,52,100,75,168,99,170,104,99,90,161,75,325,0,0,0,0,0,0,0,0,0,0,0,0,0,0,0,0,1603,0,0,0,0,0,0,0,0
2021-01-07T23:59:59+01:00,0,0,3,3,4,7,11,14,20,34,23,34,17,20,20,34,19,95,0,0,0,0,0,0,0,0,0,0,0,0,0,0,0,0,358,0,0,0,0,0,0,0,0
2021-01-06T23:59:59+01:00,0,0,3,2,4,6,9,13,20,33,21,31,17,20,20,34,19,94,0,0,0,0,0,0,0,0,0,0,0,0,0,0,0,0,346,0,0,0,0,0,0,0,0
2021-01-05T23:59:59+01:00,0,0,3,2,4,6,9,13,20,33,21,31,17,20,20,34,19,94,0,0,0,0,0,0,0,0,0,0,0,0,0,0,0,0,346,0,0,0,0,0,0,0,0
2021-01-04T23:59:59+01:00,0,0,0,0,0,0,0,0,1,0,0,0,1,1,0,2,0,0,0,0,0,0,0,0,0,0,0,0,0,0,0,0,0,0,5,0,0,0,0,0,0,0,0
2021-01-03T23:59:59+01:00,0,0,0,0,0,0,0,0,1,0,0,0,1,1,0,2,0,0,0,0,0,0,0,0,0,0,0,0,0,0,0,0,0,0,5,0,0,0,0,0,0,0,0
2021-01-02T23:59:59+01:00,0,0,0,0,0,0,0,0,1,0,0,0,1,1,0,2,0,0,0,0,0,0,0,0,0,0,0,0,0,0,0,0,0,0,5,0,0,0,0,0,0,0,0
2021-01-01T23:59:59+01:00,0,0,0,0,0,0,0,0,1,0,0,0,1,1,0,2,0,0,0,0,0,0,0,0,0,0,0,0,0,0,0,0,0,0,5,0,0,0,0,0,0,0,0
2020-12-31T23:59:59+01:00,0,0,0,0,0,0,0,0,1,0,0,0,1,1,0,2,0,0,0,0,0,0,0,0,0,0,0,0,0,0,0,0,0,0,5,0,0,0,0,0,0,0,0
2020-12-30T23:59:59+01:00,0,0,0,0,0,0,0,0,1,0,0,0,1,1,0,2,0,0,0,0,0,0,0,0,0,0,0,0,0,0,0,0,0,0,5,0,0,0,0,0,0,0,0
2020-12-29T23:59:59+01:00,0,0,0,0,0,0,0,0,1,0,0,0,1,0,0,2,0,0,0,0,0,0,0,0,0,0,0,0,0,0,0,0,0,0,4,0,0,0,0,0,0,0,0
2020-12-28T23:59:59+01:00,0,0,0,0,0,0,0,0,0,0,0,0,1,0,0,1,0,0,0,0,0,0,0,0,0,0,0,0,0,0,0,0,0,0,2,0,0,0,0,0,0,0,0
2020-12-27T23:59:59+01:00,0,0,0,0,0,0,0,0,0,0,0,0,0,0,0,0,0,0,0,0,0,0,0,0,0,0,0,0,0,0,0,0,0,0,0,0,0,0,0,0,0,0,0
