Datum,<15_m,<15_w,15-24_1_m,15-24_1_w,25-34_1_m,25-34_1_w,35-44_1_m,35-44_1_w,45-54_1_m,45-54_1_w,55-64_1_m,55-64_1_w,65-74_1_m,65-74_1_w,75-84_1_m,75-84_1_w,>84_1_m,>84_1_w,<24_2_m,<24_2_w,25-34_2_m,25-34_2_w,35-44_2_m,35-44_2_w,45-54_2_m,45-54_2_w,55-64_2_m,55-64_2_w,65-74_2_m,65-74_2_w,75-84_2_m,75-84_2_w,>84_2_m,>84_2_w,bp_1,bp_2,mo_1,mo_2,az_1,az_2,ja,unb_1,unb_2
2021-07-26T23:59:59+02:00,774,698,11305,10764,15156,14179,18542,19048,25188,26534,31872,33085,24663,27562,16942,21656,5019,9504,6720,6358,10217,9957,14852,15435,22548,23856,29337,30475,23350,26091,16260,20712,4845,9029,225572,187824,30601,28616,46299,43907,9762,257,99
2021-07-25T23:59:59+02:00,764,688,11278,10739,15137,14154,18522,19024,25162,26512,31853,33067,24647,27552,16938,21647,5018,9502,6646,6280,10152,9894,14780,15375,22495,23804,29282,30438,23321,26069,16249,20698,4845,9025,225383,187247,30600,28612,46298,43877,9666,257,99
2021-07-24T23:59:59+02:00,740,667,11200,10656,15099,14127,18499,19002,25142,26498,31840,33054,24647,27548,16935,21645,5018,9502,6249,5922,10010,9780,14411,15096,22273,23648,29167,30355,23285,26031,16232,20681,4842,9021,225006,184906,30599,28611,46298,43875,9659,257,99
2021-07-23T23:59:59+02:00,714,645,11134,10575,15072,14094,18470,18987,25120,26479,31824,33037,24636,27543,16933,21645,5018,9499,5883,5613,9890,9674,14065,14834,22079,23477,29047,30238,23233,25963,16221,20660,4838,9014,224626,182650,30598,28611,46298,43864,9646,257,99
2021-07-22T23:59:59+02:00,673,606,10984,10414,14975,14007,18385,18939,25040,26425,31752,32973,24601,27502,16918,21627,5014,9494,5565,5318,9622,9464,13485,14362,21762,23218,28818,30011,23135,25866,16178,20623,4834,9011,223690,179355,30596,28601,46297,43846,9489,257,99
2021-07-21T23:59:59+02:00,653,582,10920,10360,14942,13980,18346,18903,25004,26396,31714,32926,24577,27471,16903,21616,5012,9489,4950,4853,9184,9215,13109,14134,21534,23065,28632,29863,23070,25790,16153,20600,4832,9008,223278,177607,30589,27336,46296,43679,9374,257,99
2021-07-20T23:59:59+02:00,635,565,10863,10306,14916,13946,18311,18876,24974,26365,31679,32894,24557,27450,16898,21602,5009,9482,4807,4742,9031,9083,12948,14002,21421,22944,28504,29740,22991,25687,16131,20561,4825,9002,222909,176272,30589,27324,46293,43532,9280,257,99
2021-07-19T23:59:59+02:00,622,553,10826,10275,14887,13926,18292,18869,24949,26340,31646,32866,24540,27427,16892,21591,5007,9479,4728,4672,8935,9009,12836,13907,21326,22838,28405,29620,22935,25630,16106,20532,4820,8996,222674,175340,30589,27316,46284,43436,9183,257,99
2021-07-18T23:59:59+02:00,608,544,10773,10224,14852,13907,18267,18852,24929,26323,31623,32848,24531,27417,16886,21582,5007,9475,4621,4569,8801,8889,12710,13770,21240,22747,28334,29543,22908,25601,16097,20519,4817,8995,222403,174337,30589,27302,46284,43383,9115,257,99
2021-07-17T23:59:59+02:00,536,474,10490,9929,14742,13809,18179,18775,24824,26249,31518,32799,24499,27383,16874,21562,5005,9474,4577,4528,8749,8818,12477,13580,20823,22412,28206,29413,22871,25549,16088,20504,4816,8992,220877,172580,30589,27302,46284,43381,9114,257,99
2021-07-16T23:59:59+02:00,507,438,10358,9811,14684,13769,18125,18724,24793,26216,31498,32777,24490,27368,16871,21555,5005,9471,4529,4486,8674,8778,12103,13303,20282,22019,28074,29321,22822,25512,16079,20499,4814,8990,220228,170482,30588,27300,46284,43374,9103,257,99
2021-07-15T23:59:59+02:00,477,400,10220,9707,14618,13719,18068,18656,24743,26168,31447,32725,24465,27332,16853,21539,4998,9467,4319,4349,8350,8572,11585,12902,19180,21176,27659,28979,22652,25343,16014,20426,4804,8974,219505,165800,30587,27287,46283,43178,8970,257,99
2021-07-14T23:59:59+02:00,456,387,10192,9682,14584,13699,18039,18620,24707,26127,31397,32672,24436,27304,16842,21522,4997,9465,4197,4201,8096,8405,11356,12758,19002,21066,27515,28854,22587,25265,15980,20388,4801,8965,219142,164249,30587,27269,46283,43006,8859,257,99
2021-07-13T23:59:59+02:00,432,373,10143,9630,14555,13672,18017,18587,24672,26106,31363,32633,24420,27274,16831,21511,4996,9463,4103,4107,7921,8247,11156,12568,18869,20930,27362,28693,22490,25181,15945,20335,4797,8954,218748,162802,30587,27248,46282,42749,8804,257,99
2021-07-12T23:59:59+02:00,419,352,10100,9581,14530,13654,17986,18557,24638,26066,31329,32590,24395,27252,16816,21506,4993,9460,3996,4008,7753,8125,10999,12433,18756,20810,27240,28574,22416,25120,15918,20309,4796,8949,218386,161644,30586,27227,46282,42559,8713,257,99
2021-07-11T23:59:59+02:00,411,334,10071,9553,14513,13634,17969,18547,24618,26058,31308,32572,24383,27242,16814,21504,4993,9458,3927,3935,7634,8026,10853,12305,18633,20710,27139,28462,22374,25072,15897,20284,4794,8946,218196,160683,30586,27222,46281,42360,8662,257,99
2021-07-10T23:59:59+02:00,385,311,9963,9448,14459,13595,17923,18524,24594,26038,31290,32556,24375,27233,16810,21500,4991,9456,3903,3910,7590,7987,10824,12276,18608,20686,27112,28440,22367,25057,15893,20279,4794,8946,217675,160383,30585,27221,46281,42351,8653,257,99
2021-07-09T23:59:59+02:00,326,264,9701,9240,14355,13515,17847,18454,24508,25985,31241,32495,24352,27203,16797,21482,4991,9450,3836,3870,7457,7897,10607,12131,18384,20548,26698,28121,22183,24866,15838,20219,4791,8939,216456,158250,30585,27218,46280,42223,8628,257,99
2021-07-08T23:59:59+02:00,249,197,9511,9100,14255,13439,17753,18384,24448,25935,31159,32439,24325,27172,16784,21464,4987,9445,3681,3746,7149,7708,10254,11903,18041,20266,26393,27864,22011,24708,15770,20146,4784,8923,215372,155881,30582,27173,46267,41654,8568,257,99
2021-07-07T23:59:59+02:00,211,168,9410,8998,14204,13408,17709,18343,24398,25895,31118,32399,24301,27142,16773,21446,4987,9437,3486,3618,6821,7486,9309,11177,17461,19837,25992,27558,21778,24407,15693,20050,4770,8909,214753,153284,30579,25432,46264,41065,8494,257,99
2021-07-06T23:59:59+02:00,189,156,9333,8941,14153,13380,17673,18301,24359,25856,31057,32354,24265,27114,16758,21429,4985,9435,3372,3543,6623,7364,9039,11014,17219,19657,25718,27303,21623,24205,15612,19946,4758,8894,214197,151365,30562,25422,46261,40564,8461,257,99
2021-07-05T23:59:59+02:00,177,142,9247,8860,14115,13338,17640,18251,24323,25826,31012,32303,24241,27092,16750,21415,4984,9433,3321,3508,6495,7285,8890,10893,17078,19519,25548,27148,21480,24038,15563,19894,4747,8884,213659,150307,30562,25413,46258,40079,8413,257,99
2021-07-04T23:59:59+02:00,162,135,9193,8810,14083,13326,17617,18233,24298,25807,30992,32278,24226,27078,16744,21407,4983,9430,3269,3466,6432,7245,8803,10822,16993,19435,25420,27039,21356,23910,15522,19843,4745,8877,213392,149652,30561,25404,46242,39689,8350,257,99
2021-07-03T23:59:59+02:00,159,132,8682,8313,13925,13206,17516,18116,24204,25749,30927,32229,24205,27056,16732,21395,4981,9427,3209,3387,6314,7126,8635,10682,16779,19253,25032,26731,21241,23774,15492,19803,4741,8871,211560,147615,30561,25404,46242,39634,8334,257,99
2021-07-02T23:59:59+02:00,152,128,8113,7841,13781,13097,17424,18039,24135,25678,30867,32167,24167,27014,16726,21375,4979,9422,3098,3280,6044,6971,8378,10441,16410,18926,24561,26308,21013,23502,15422,19721,4735,8868,209718,144553,30561,25402,46238,39309,8331,257,98
2021-07-01T23:59:59+02:00,140,118,7986,7735,13699,13040,17355,17988,24066,25627,30816,32116,24139,26990,16716,21363,4978,9421,2911,3092,5699,6687,7944,10026,15824,18456,23802,25658,20529,23030,15295,19561,4723,8843,208936,140018,30557,25391,46235,38279,8308,257,97
2021-06-30T23:59:59+02:00,123,105,7839,7621,13632,12992,17302,17936,24016,25574,30758,32072,24110,26968,16702,21346,4978,9416,2815,3013,5547,6544,7720,9805,14868,17589,23192,25111,20172,22638,15163,19401,4709,8809,208386,138496,30383,23119,46231,37163,8233,257,97
2021-06-29T23:59:59+02:00,108,92,7772,7531,13589,12954,17263,17892,23964,25513,30709,32013,24089,26942,16692,21330,4975,9412,2756,2969,5419,6446,7566,9671,14700,17418,22951,24879,19914,22313,15064,19301,4697,8789,207771,137381,30381,23107,46228,36074,8203,257,97
2021-06-28T23:59:59+02:00,103,86,7708,7460,13525,12895,17217,17841,23923,25468,30653,31969,24072,26914,16685,21320,4973,9410,2727,2937,5351,6399,7473,9600,14603,17337,22801,24666,19710,22067,15009,19232,4693,8775,207239,136787,30379,23097,46220,35279,8127,257,97
2021-06-27T23:59:59+02:00,89,81,7660,7398,13495,12859,17188,17809,23904,25433,30626,31941,24060,26906,16678,21315,4973,9408,2704,2923,5300,6374,7402,9555,14507,17274,22706,24579,19583,21926,14978,19181,4689,8766,206889,136280,30379,23086,46214,34905,8084,257,97
2021-06-26T23:59:59+02:00,85,78,7158,6846,13103,12561,17076,17709,23841,25373,30590,31906,24052,26889,16674,21304,4972,9407,2603,2814,5114,6186,7203,9366,13963,16820,22049,23947,19436,21785,14933,19128,4687,8758,204738,132698,30379,23086,46214,34885,8084,209,44
2021-06-25T23:59:59+02:00,84,76,6673,6363,12652,12192,16917,17591,23751,25306,30509,31866,24030,26862,16669,21294,4970,9405,2500,2659,4942,5995,6945,9073,13437,16291,21498,23366,19239,21578,14875,19061,4683,8746,202342,129023,30379,23086,46214,34674,8066,209,44
2021-06-24T23:59:59+02:00,74,64,6451,6148,12429,12042,16811,17508,23679,25254,30451,31819,23996,26820,16665,21284,4968,9398,2292,2420,4571,5618,6446,8582,12718,15576,20348,22365,18776,21100,14771,18930,4671,8731,201077,123085,30377,23074,46207,33726,7991,209,44
2021-06-23T23:59:59+02:00,69,62,5878,5649,12267,11930,16692,17394,23606,25207,30388,31769,23962,26797,16658,21270,4964,9394,2255,2369,4508,5497,6355,8432,12486,15287,20105,22107,18477,20772,14674,18816,4660,8714,200569,122069,29039,22926,46198,32539,7941,209,44
2021-06-22T23:59:59+02:00,66,58,5736,5521,12169,11825,16606,17319,23548,25145,30321,31691,23936,26765,16648,21249,4960,9392,2202,2334,4413,5415,6232,8285,11619,14626,19694,21702,18145,20420,14566,18678,4650,8694,199639,121154,29032,21234,46183,31355,7892,209,44
2021-06-21T23:59:59+02:00,63,55,5600,5410,12095,11733,16546,17235,23494,25072,30271,31633,23912,26737,16635,21234,4960,9388,2169,2298,4355,5318,6145,8159,10838,13923,19245,21293,17919,20190,14506,18584,4641,8678,198826,120362,29028,19451,46178,30576,7832,209,44
2021-06-20T23:59:59+02:00,61,53,5483,5284,11932,11550,16481,17112,23443,25006,30229,31578,23896,26717,16629,21219,4955,9383,2151,2270,4314,5278,6075,8111,10734,13843,19133,21166,17762,20000,14440,18501,4637,8671,197818,119828,29024,19448,46172,29982,7788,209,44
2021-06-19T23:59:59+02:00,57,49,5465,5264,11170,10892,16006,16725,23383,24962,30185,31535,23878,26697,16621,21207,4955,9383,2081,2153,4109,5049,5798,7833,10410,13513,18086,20315,17595,19816,14407,18436,4632,8659,195242,115649,29024,19448,46172,29968,7787,209,44
2021-06-18T23:59:59+02:00,54,48,5431,5238,10530,10315,15398,16167,23293,24893,30116,31472,23850,26667,16610,21192,4954,9381,2012,2066,3966,4907,5520,7564,10031,13150,16941,19111,17394,19579,14359,18372,4629,8649,192424,111261,29018,19447,46172,29716,7786,209,44
2021-06-17T23:59:59+02:00,47,39,5313,5135,9851,9812,14910,15781,23194,24807,30035,31378,23810,26621,16596,21171,4953,9378,1883,1959,3710,4663,5134,7201,9489,12662,15757,17920,16935,19090,14218,18198,4616,8625,189938,106149,29016,19439,46169,28800,7644,64,32
2021-06-16T23:59:59+02:00,45,31,5179,5000,9654,9652,14765,15652,23102,24713,29938,31302,23766,26577,16581,21159,4952,9368,1843,1918,3606,4579,5032,7083,8462,11812,15484,17627,16640,18754,14083,18028,4610,8592,188767,105270,29005,17566,46166,27855,7434,64,32
2021-06-15T23:59:59+02:00,40,26,4992,4814,9475,9497,14630,15510,23010,24623,29861,31216,23723,26504,16555,21126,4944,9353,1781,1860,3529,4485,4939,6971,8346,11670,15307,17401,16323,18446,13942,17859,4587,8534,187453,104516,29003,17562,46146,26641,7233,64,32
2021-06-14T23:59:59+02:00,38,23,4916,4750,9382,9390,14552,15421,22941,24549,29791,31156,23691,26465,16540,21108,4941,9347,1758,1837,3492,4461,4898,6939,8247,11607,15169,17267,16143,18242,13852,17762,4582,8527,186712,104291,28999,17559,46140,25819,7086,64,32
2021-06-13T23:59:59+02:00,37,22,4858,4702,9296,9315,14468,15354,22880,24499,29724,31104,23665,26437,16531,21098,4941,9345,1708,1822,3450,4437,4844,6896,8176,11571,15070,17172,15987,18058,13798,17689,4575,8520,186132,104013,28993,17557,46125,25213,6962,64,32
2021-06-12T23:59:59+02:00,35,21,4839,4687,9268,9292,14233,15181,22751,24370,29681,31060,23645,26420,16522,21090,4940,9343,1583,1700,3212,4226,4440,6593,7630,11141,13295,15484,15635,17687,13718,17587,4573,8506,185237,97316,28993,17557,46125,25149,6960,63,32
2021-06-11T23:59:59+02:00,31,20,4785,4633,9187,9239,13915,14960,22555,24222,29585,30969,23607,26375,16504,21078,4939,9340,1480,1567,3028,4018,4141,6229,7123,10597,11665,13610,15160,17113,13604,17440,4558,8492,183876,90434,28990,17556,46125,24918,6890,63,31
2021-06-10T23:59:59+02:00,25,17,4501,4405,8642,8908,12642,13943,21988,23774,29213,30666,23470,26217,16451,21010,4926,9325,1357,1476,2793,3837,3812,5946,6691,10208,10254,12283,14647,16540,13434,17233,4543,8466,178550,85903,28975,17554,46119,23620,6416,63,31
2021-06-09T23:59:59+02:00,22,13,4266,4241,8049,8617,11744,13285,21669,23560,28983,30515,23407,26154,16432,20986,4923,9321,1269,1422,2640,3766,3670,5868,6486,10116,9992,12104,14327,16195,13264,17053,4536,8448,176450,85573,27704,17452,46113,22246,5858,62,31
2021-06-08T23:59:59+02:00,18,10,4136,4141,7647,8391,11258,12995,21443,23381,28784,30362,23348,26080,16400,20944,4917,9312,1191,1396,2505,3709,3512,5801,5591,9372,9524,11745,13997,15794,13040,16818,4522,8426,174699,85224,27333,15304,46089,21004,5384,62,31
2021-06-07T23:59:59+02:00,14,8,4017,4062,7416,8285,10970,12817,21241,23267,28631,30246,23290,26027,16383,20919,4913,9304,1142,1277,2384,3649,3382,5739,5428,9298,9319,11621,13776,15543,12888,16656,4516,8408,173486,85037,27323,15301,46080,19802,4859,62,31
2021-06-06T23:59:59+02:00,12,8,3899,4003,7178,8163,10721,12656,21055,23178,28545,30156,23259,25993,16371,20901,4910,9300,1122,1260,2320,3613,3286,5687,5322,9223,9203,11520,13619,15389,12816,16562,4513,8401,172336,84848,27306,15297,46070,19150,4534,62,31
2021-06-05T23:59:59+02:00,12,8,3871,3966,7140,8123,10544,12499,20431,22671,28384,30011,23209,25948,16357,20882,4910,9296,1090,1159,2156,3161,3054,5151,5152,8893,8424,10573,12971,14551,12703,16415,4502,8391,170303,79478,27306,15297,46068,19019,4524,61,31
2021-06-04T23:59:59+02:00,12,8,3842,3940,7104,8098,10447,12407,20070,22344,28280,29915,23174,25910,16343,20872,4908,9295,1058,1092,2058,2852,2894,4674,4995,8524,7911,9915,11473,12837,12579,16218,4495,8373,169029,73109,27293,15296,46068,18997,4518,61,31
2021-06-03T23:59:59+02:00,7,5,3708,3838,6885,7961,9891,11985,18844,21414,27882,29605,23040,25768,16290,20810,4904,9281,1005,1047,1970,2741,2758,4519,4791,8224,7551,9467,11096,12442,12473,16105,4492,8360,164275,71326,27283,15293,46064,17959,4435,61,31
2021-06-02T23:59:59+02:00,7,5,3701,3830,6873,7944,9881,11974,18656,21234,27811,29556,23017,25747,16284,20801,4901,9279,1001,1040,1958,2711,2737,4500,4580,8041,7016,8979,11059,12401,12458,16090,4488,8354,164210,71218,26738,13802,46064,17937,4428,61,31
2021-06-01T23:59:59+02:00,7,5,3574,3754,6636,7797,9593,11781,18201,20887,27574,29361,22923,25645,16243,20748,4898,9267,964,992,1874,2641,2657,4428,4301,7808,6420,8448,10847,12188,12360,15987,4483,8342,162524,70779,25958,12510,46050,17122,4301,61,31
2021-05-31T23:59:59+02:00,7,5,3527,3709,6547,7730,9457,11682,18075,20796,27484,29285,22856,25584,16226,20720,4893,9260,935,968,1807,2601,2577,4386,4195,7744,6302,8373,10661,12020,12259,15872,4473,8334,161685,70420,25928,12505,46037,16422,4132,61,31
2021-05-30T23:59:59+02:00,7,4,3496,3685,6483,7676,9369,11592,17988,20717,27407,29215,22811,25539,16204,20693,4888,9250,931,961,1798,2593,2566,4374,4167,7719,6251,8332,10600,11943,12225,15830,4468,8325,160987,70378,25923,12502,46024,16135,4040,50,31
2021-05-29T23:59:59+02:00,7,4,3485,3666,6447,7649,9325,11555,17950,20678,27262,29110,22756,25465,16189,20673,4885,9246,895,942,1741,2547,2493,4289,3978,7465,5979,8037,8411,9292,12034,15489,4453,8296,160329,64157,25923,12500,46010,15615,4040,50,31
2021-05-28T23:59:59+02:00,7,4,3422,3611,6316,7572,9185,11424,17793,20547,27081,28989,22690,25390,16168,20656,4884,9245,882,928,1722,2527,2457,4236,3827,7168,5785,7776,5726,6192,11757,15093,4438,8247,158976,57312,25921,12500,46006,14889,4031,50,31
2021-05-27T23:59:59+02:00,7,4,3275,3481,6033,7392,8584,11092,17317,20210,26668,28642,22523,25225,16110,20593,4877,9227,832,870,1640,2432,2340,4102,3404,6204,5362,7184,5566,6019,11679,15020,4432,8230,155505,56830,25863,12454,45999,12160,3843,50,31
2021-05-26T23:59:59+02:00,7,4,3168,3398,5814,7226,8212,10806,16851,19904,26367,28406,22375,25092,16059,20519,4864,9207,815,862,1588,2407,2287,4072,3331,6130,5265,7114,5434,5892,11614,14954,4427,8218,152801,56758,25847,12452,45977,11567,3604,50,31
2021-05-25T23:59:59+02:00,7,4,3077,3335,5672,7113,8015,10644,15850,19125,26014,28052,22217,24939,16007,20439,4857,9197,795,844,1552,2363,2216,4013,3256,6063,5181,7050,5268,5724,11506,14874,4419,8207,151249,56694,23923,12265,45963,10962,3381,48,31
2021-05-24T23:59:59+02:00,7,4,3014,3317,5585,7069,7897,10583,14937,18436,25599,27740,22123,24836,15976,20403,4850,9185,787,842,1530,2346,2172,3978,3211,6016,5104,6970,5169,5617,11427,14798,4418,8201,150525,56662,21855,12189,45954,10527,3179,48,31
2021-05-23T23:59:59+02:00,7,4,3011,3313,5576,7062,7888,10575,14932,18435,25598,27739,22123,24836,15976,20403,4850,9185,785,839,1523,2339,2160,3965,3192,6001,5083,6937,5125,5565,11410,14774,4417,8199,150497,56654,21855,12189,45952,10281,3161,48,31
2021-05-22T23:59:59+02:00,6,4,2975,3271,5503,7016,7788,10488,14734,18274,25319,27497,22024,24750,15943,20360,4847,9181,763,818,1480,2287,2109,3886,3079,5881,4771,6371,4555,4823,10766,13953,4407,8160,148964,53411,21855,12189,45952,9319,3161,48,31
2021-05-21T23:59:59+02:00,4,4,2903,3196,5377,6920,7662,10342,14477,18044,25026,27262,21910,24642,15910,20311,4842,9172,732,765,1412,2159,2007,3621,2897,5548,4297,5480,4145,4287,10025,13014,4342,8034,147030,49682,21854,12189,45947,7734,3131,42,31
2021-05-20T23:59:59+02:00,4,4,2772,3033,5099,6665,7376,9976,14018,17561,24415,26714,21640,24347,15817,20192,4828,9142,718,755,1385,2134,1968,3588,2844,5495,4214,5404,4019,4185,9950,12951,4333,8023,142888,49593,21845,12178,45928,7265,2900,42,31
2021-05-19T23:59:59+02:00,4,4,2720,2981,5002,6526,7233,9794,12872,16527,24152,26427,21543,24217,15772,20131,4820,9135,699,729,1360,2086,1936,3503,2781,5349,4119,5298,3938,4095,9897,12887,4330,8019,141518,49565,19775,12114,45858,6650,2667,42,31
2021-05-18T23:59:59+02:00,4,4,2697,2958,4955,6494,7184,9764,12518,16252,23972,26275,21450,24128,15742,20078,4812,9123,670,672,1305,1957,1864,3302,2684,5141,3990,5101,3713,3818,9815,12807,4320,8009,141243,49545,18922,11116,45815,6089,2388,42,31
2021-05-17T23:59:59+02:00,4,4,2671,2937,4912,6424,7096,9656,12366,16074,23823,26115,21396,24077,15724,20055,4807,9115,662,658,1289,1921,1843,3253,2636,5033,3911,4987,3577,3667,9748,12744,4317,8000,140273,49523,18914,11106,45800,5360,2227,42,31
2021-05-16T23:59:59+02:00,4,4,2659,2923,4889,6357,7058,9573,12306,16000,23771,26055,21372,24060,15714,20041,4804,9112,657,652,1279,1918,1826,3244,2614,5021,3882,4965,3526,3601,9709,12712,4316,7998,139836,49512,18906,11095,45778,5143,2140,42,31
2021-05-15T23:59:59+02:00,4,4,2533,2783,4701,6152,6867,9387,11789,15584,23184,25505,21266,23942,15680,19998,4801,9104,607,590,1196,1831,1688,3090,2326,4714,3434,4455,3194,3174,9546,12507,4292,7969,136450,46554,18905,11095,45772,4819,2115,42,31
2021-05-14T23:59:59+02:00,4,4,2417,2607,4506,5927,6590,9074,11253,15075,22617,24938,21121,23803,15644,19940,4797,9093,544,513,1094,1711,1529,2875,1995,4310,2835,3868,2809,2737,9462,12360,4288,7965,132634,43629,18898,11093,45750,4057,2086,42,31
2021-05-13T23:59:59+02:00,4,4,2234,2320,4184,5544,6163,8600,10695,14389,21585,24026,20838,23529,15584,19841,4790,9078,540,513,1081,1695,1514,2856,1985,4284,2813,3842,2793,2719,9455,12356,4287,7965,126732,43554,18845,11085,45724,3964,2065,42,31
2021-05-12T23:59:59+02:00,4,4,2233,2317,4177,5543,6154,8594,10594,14268,21532,23987,20833,23518,15579,19833,4789,9078,532,491,1045,1640,1465,2777,1902,4198,2754,3783,2712,2624,9404,12283,4287,7965,126690,43551,18519,10258,45724,3961,2062,42,31
2021-05-11T23:59:59+02:00,4,4,2112,2278,4093,5478,6029,8480,10289,14018,21340,23825,20757,23447,15564,19800,4785,9073,507,467,984,1580,1396,2686,1802,4060,2681,3709,2558,2397,9340,12182,4286,7965,125748,43533,18182,9425,45443,3651,1961,42,31
2021-05-10T23:59:59+02:00,4,4,2071,2202,3986,5356,5894,8301,9498,13255,20961,23502,20667,23358,15525,19746,4775,9060,494,438,946,1515,1330,2596,1712,3898,2597,3614,2529,2373,9331,12164,4282,7960,124614,43502,16334,9242,45340,3170,1835,42,31
2021-05-09T23:59:59+02:00,4,4,2039,2187,3952,5316,5842,8253,9432,13186,20891,23429,20634,23317,15510,19719,4772,9046,487,429,925,1472,1304,2548,1678,3836,2559,3571,2520,2361,9321,12147,4282,7952,124171,43443,16330,9239,45245,2935,1745,42,31
2021-05-08T23:59:59+02:00,4,4,1976,2086,3768,5141,5569,8047,9121,12901,19758,22500,20438,23122,15477,19650,4767,9034,414,399,860,1432,1228,2476,1590,3734,2340,3359,1976,1934,9227,12062,4281,7952,120042,41985,16329,9238,45242,2294,1744,6,4
2021-05-07T23:59:59+02:00,4,4,1888,1974,3584,4970,5249,7751,8712,12530,18510,21229,20256,22910,15432,19592,4758,9015,323,340,751,1358,1098,2347,1456,3590,2168,3167,1609,1600,8739,11616,4280,7950,115104,40263,16327,9235,45221,1181,1710,6,4
2021-05-06T23:59:59+02:00,4,4,1704,1865,3298,4718,4799,7347,8070,11966,17270,19986,19922,22532,15325,19429,4748,9004,306,331,730,1329,1058,2301,1408,3506,2101,3099,1573,1545,8722,11585,4274,7947,109250,40244,16320,9229,44987,911,1428,6,4
2021-05-05T23:59:59+02:00,4,3,1634,1835,3218,4631,4722,7243,7939,11815,17114,19840,19802,22413,15249,19333,4726,8908,295,319,688,1277,997,2226,1326,3356,1992,2982,1480,1447,8308,11017,4268,7929,108492,40208,16177,8105,44817,654,937,6,4
2021-05-04T23:59:59+02:00,4,3,1608,1806,3176,4557,4663,7133,7687,11521,16556,19261,19716,22283,15175,19236,4698,8798,279,306,665,1249,976,2172,1267,3237,1879,2825,1408,1341,8239,10914,4264,7911,107807,40183,14831,7829,44714,394,523,6,4
2021-05-03T23:59:59+02:00,4,3,1600,1802,3168,4543,4625,7111,7434,11290,15864,18665,19652,22198,15149,19202,4692,8788,264,285,643,1167,928,2084,1204,3099,1781,2688,1342,1261,8214,10879,4260,7902,107725,40174,13235,7622,44674,52,150,6,4
2021-05-02T23:59:59+02:00,4,3,1599,1799,3163,4541,4621,7108,7421,11280,15845,18653,19636,22190,15149,19200,4691,8788,264,283,640,1166,923,2081,1194,3093,1773,2681,1328,1254,8213,10874,4259,7902,107698,40152,13233,7620,44650,49,104,6,4
2021-05-01T23:59:59+02:00,4,3,1466,1657,2883,4291,4154,6748,6804,10797,13911,16773,19255,21794,15058,19084,4688,8772,262,283,637,1164,922,2078,1192,3092,1771,2677,1323,1250,8211,10872,4259,7902,100157,40122,13233,7620,44646,49,101,5,4
2021-04-30T23:59:59+02:00,3,3,1343,1507,2668,4068,3824,6352,6237,10202,12120,14735,18797,21255,14954,18942,4674,8762,257,282,630,1157,907,2070,1180,3082,1759,2663,1312,1241,8207,10867,4258,7902,92533,40075,13233,7620,44646,46,30,4,4
2021-04-29T23:59:59+02:00,2,3,1227,1442,2502,3942,3584,6148,5880,9899,10780,13458,18538,20978,14911,18872,4670,8756,256,278,625,1150,895,2064,1160,3077,1729,2627,1286,1217,8201,10858,4258,7902,87845,40043,13224,7487,44506,37,13,4,4
2021-04-28T23:59:59+02:00,2,3,1168,1436,2452,3923,3534,6124,5818,9866,10683,13390,18508,20944,14904,18856,4670,8753,256,277,623,1149,892,2062,1156,3073,1721,2626,1280,1199,7759,10338,4258,7902,87576,40022,13174,6502,44268,33,12,4,3
2021-04-27T23:59:59+02:00,2,3,1120,1410,2351,3879,3470,6097,5699,9811,10566,13314,18475,20906,14891,18841,4669,8751,255,277,621,1142,891,2060,1152,3070,1717,2622,1269,1182,7342,9758,4258,7902,87071,40003,13121,5473,44048,29,11,4,3
2021-04-26T23:59:59+02:00,2,3,1078,1381,2261,3787,3343,5997,5532,9691,10263,13055,18413,20852,14883,18823,4667,8751,254,276,620,1141,885,2057,1145,3067,1699,2612,1254,1169,7333,9738,4258,7902,85735,39917,13111,5452,43921,28,11,4,3
2021-04-25T23:59:59+02:00,2,3,1075,1378,2253,3785,3336,5993,5512,9684,10228,13025,18403,20840,14882,18817,4667,8750,253,276,620,1141,885,2057,1143,3067,1699,2612,1254,1169,7333,9736,4258,7902,85712,39915,13102,5450,43805,28,10,4,3
2021-04-24T23:59:59+02:00,2,2,1032,1261,2067,3248,3066,5381,5318,9272,9397,11980,17697,19946,14768,18658,4659,8739,252,275,619,1140,885,2056,1143,3066,1693,2607,1251,1164,7331,9735,4258,7901,79597,39891,13102,5446,43781,28,9,4,3
2021-04-23T23:59:59+02:00,1,2,1000,1178,1954,2901,2884,4830,5123,8843,8844,11259,16068,18090,14623,18452,4651,8716,252,275,618,1140,883,2054,1142,3066,1692,2606,1246,1159,7327,9733,4258,7900,72584,39877,13101,5435,43721,28,9,4,3
2021-04-22T23:59:59+02:00,1,2,995,1167,1934,2885,2864,4811,5066,8797,8733,11156,15998,18013,14597,18422,4649,8711,250,275,614,1139,880,2053,1134,3054,1677,2586,1222,1137,7322,9725,4258,7900,72538,39863,13045,5325,43205,27,9,4,3
2021-04-21T23:59:59+02:00,1,2,986,1159,1922,2872,2837,4785,5020,8742,8626,11033,15912,17929,14568,18388,4649,8706,245,272,604,1130,866,2024,1124,3029,1666,2561,1209,1124,7099,9408,4257,7900,72498,39856,12989,4625,42637,26,9,4,3
2021-04-20T23:59:59+02:00,1,2,959,1110,1870,2757,2764,4624,4927,8563,8452,10826,15681,17648,14510,18329,4642,8700,232,269,586,1109,840,1994,1096,3003,1631,2520,1190,1111,7091,9403,4256,7899,72462,39835,11860,4360,42030,24,9,4,3
2021-04-19T23:59:59+02:00,1,2,950,1101,1838,2737,2714,4599,4803,8502,8252,10715,15589,17550,14488,18310,4642,8694,226,261,568,1086,822,1962,1078,2960,1586,2465,1172,1092,7084,9400,4254,7898,72062,39801,11839,4080,41573,22,9,4,3
2021-04-18T23:59:59+02:00,1,2,947,1100,1833,2731,2706,4587,4785,8490,8212,10673,15540,17492,14478,18293,4641,8692,226,261,568,1085,821,1962,1078,2960,1586,2464,1172,1091,7082,9399,4253,7898,72016,39795,11836,4078,41338,22,9,4,3
2021-04-17T23:59:59+02:00,0,2,914,1086,1784,2693,2638,4508,4631,8350,7950,10445,13177,14592,14281,17941,4624,8656,224,261,568,1082,817,1956,1066,2953,1576,2444,1135,1050,6751,8983,4228,7850,65206,38844,11836,4067,41217,22,9,4,3
2021-04-16T23:59:59+02:00,0,2,908,1080,1772,2682,2596,4470,4539,8266,7770,10254,10352,11341,14007,17525,4605,8600,222,256,567,1079,812,1952,1056,2950,1568,2432,1124,1037,6745,8978,4225,7847,57944,38767,11834,4051,40978,22,9,4,2
2021-04-15T23:59:59+02:00,0,2,895,1075,1750,2668,2554,4437,4427,8205,7539,10053,10103,11122,13945,17459,4599,8586,220,256,567,1077,811,1950,1053,2947,1565,2429,1119,1033,6743,8976,4225,7847,57921,38753,11832,4034,39653,21,9,4,2
2021-04-14T23:59:59+02:00,0,2,876,1047,1692,2585,2465,4314,4237,8023,7266,9770,9730,10641,13796,17281,4593,8577,195,233,526,1026,788,1883,1018,2867,1515,2368,1093,1003,6739,8967,4225,7846,57889,38737,10884,3527,38109,19,9,4,1
2021-04-13T23:59:59+02:00,0,2,851,1025,1654,2533,2397,4231,4136,7887,7056,9555,9325,10124,13652,17114,4588,8565,159,209,491,977,748,1790,984,2757,1463,2298,1074,968,6723,8956,4224,7846,57846,38673,9938,2972,36898,13,9,4,1
2021-04-12T23:59:59+02:00,0,2,847,1023,1635,2530,2367,4218,4083,7836,6916,9384,9060,9809,13588,17055,4577,8549,148,195,463,938,725,1725,963,2685,1419,2248,1052,952,6707,8936,4221,7841,57788,38557,9907,2639,35771,13,9,4,1
2021-04-11T23:59:59+02:00,0,2,846,1022,1624,2530,2354,4216,4060,7824,6851,9323,8926,9644,13561,17007,4572,8540,148,195,463,936,725,1724,961,2685,1418,2248,1052,952,6705,8936,4221,7841,57776,38551,9905,2638,35208,12,9,4,1
2021-04-10T23:59:59+02:00,0,2,830,1017,1596,2501,2317,4187,3989,7768,6719,9206,8370,8909,12898,16155,4561,8498,145,195,461,933,719,1721,961,2678,1409,2241,1039,937,6236,8439,4206,7825,54446,37487,9904,2637,35160,12,9,4,1
2021-04-09T23:59:59+02:00,0,2,808,988,1556,2453,2250,4107,3836,7609,6372,8875,7849,8251,12084,15132,4491,8361,143,194,459,928,713,1714,953,2668,1394,2231,1017,916,5994,8170,4189,7798,50477,36827,9899,2633,34635,12,9,4,1
2021-04-08T23:59:59+02:00,0,2,799,978,1529,2429,2184,4058,3701,7522,6118,8576,7236,7596,11925,14932,4480,8344,143,191,454,926,708,1707,945,2658,1387,2218,1005,914,5991,8168,4188,7798,50444,36807,9875,2573,32077,12,9,4,1
2021-04-07T23:59:59+02:00,0,2,793,969,1503,2411,2126,4020,3615,7452,5887,8310,6683,6966,11321,14183,4468,8317,124,184,425,879,662,1638,889,2588,1337,2149,984,898,5983,8162,4187,7798,50417,36783,8722,2084,29875,12,8,4,1
2021-04-06T23:59:59+02:00,0,2,788,967,1489,2403,2097,3998,3542,7403,5706,8139,6236,6459,11120,13967,4453,8289,100,163,376,818,617,1563,846,2488,1285,2085,960,882,5966,8149,4185,7794,50346,36758,8539,1500,28162,12,7,4,1
2021-04-05T23:59:59+02:00,0,2,783,963,1473,2396,2074,3989,3491,7377,5563,8029,6035,6244,11053,13881,4447,8279,94,161,375,816,610,1554,838,2473,1272,2067,932,852,4875,6750,4107,7688,50150,33955,8535,1490,27383,12,7,4,1
2021-04-04T23:59:59+02:00,0,2,781,958,1471,2394,2070,3987,3474,7370,5553,8022,6024,6224,11039,13863,4445,8276,94,161,373,814,607,1549,831,2466,1257,2047,909,830,3875,5589,4041,7582,50136,31516,8533,1490,27273,12,7,4,1
2021-04-03T23:59:59+02:00,0,2,729,903,1389,2325,1947,3848,3213,7110,5093,7531,5681,5769,10868,13646,4419,8247,92,161,373,813,607,1547,830,2466,1257,2047,909,830,3875,5586,4041,7581,46905,31506,8533,1490,27271,12,7,4,1
2021-04-02T23:59:59+02:00,0,2,686,869,1334,2257,1849,3734,2957,6850,4579,7052,5291,5310,10771,13483,4414,8241,91,161,373,813,607,1547,828,2466,1255,2043,907,826,3872,5583,4040,7581,43984,31486,8532,1489,27153,12,6,4,1
2021-04-01T23:59:59+02:00,0,2,683,867,1323,2253,1829,3726,2928,6836,4505,6979,5183,5202,10732,13434,4413,8237,91,161,371,809,605,1544,828,2463,1251,2039,897,825,3868,5581,4039,7580,43969,31477,8388,1457,26765,12,6,4,1
2021-03-31T23:59:59+02:00,0,2,681,865,1316,2237,1821,3716,2900,6808,4442,6933,5044,5042,10223,12828,4409,8229,91,161,370,809,605,1544,828,2463,1249,2039,896,825,3868,5580,4039,7579,43957,31471,7261,1457,26269,12,6,3,1
2021-03-30T23:59:59+02:00,0,2,672,862,1298,2217,1791,3687,2865,6773,4357,6844,4877,4849,9698,12128,4402,8214,86,158,369,805,600,1541,823,2457,1241,2037,885,815,3860,5577,4038,7578,43932,31450,6076,1404,25519,10,6,3,1
2021-03-29T23:59:59+02:00,0,2,667,854,1285,2182,1774,3656,2834,6731,4287,6759,4678,4652,9613,12034,4399,8200,86,158,369,803,597,1537,821,2451,1237,2030,877,809,3852,5570,4038,7578,43865,31437,5859,1360,24874,10,6,3,1
2021-03-28T23:59:59+02:00,0,2,664,852,1282,2179,1759,3646,2819,6719,4253,6706,4582,4542,9576,11970,4394,8193,86,158,369,802,597,1537,819,2451,1235,2030,876,809,3851,5570,4038,7578,43843,31435,5850,1355,24436,10,6,3,1
2021-03-27T23:59:59+01:00,0,2,660,847,1273,2174,1743,3630,2791,6689,4090,6563,4006,4089,9347,11723,4381,8174,86,158,367,800,595,1535,817,2448,1227,2024,872,805,3674,5281,3937,7409,41901,30664,5846,1355,24426,10,6,3,1
2021-03-26T23:59:59+01:00,0,2,654,839,1265,2164,1723,3613,2765,6667,4015,6485,3601,3725,8751,11166,4368,8160,86,158,366,799,594,1532,813,2445,1218,2020,860,792,2957,4342,3728,7066,39973,28405,5833,1355,24149,10,6,2,1
2021-03-25T23:59:59+01:00,0,2,647,834,1252,2150,1704,3589,2706,6628,3932,6407,3426,3508,8642,11055,4363,8154,86,158,366,799,594,1532,813,2444,1217,2020,860,792,2956,4341,3727,7065,39960,28399,5726,1355,23305,10,6,2,1
2021-03-24T23:59:59+01:00,0,2,641,827,1219,2124,1659,3544,2628,6560,3776,6258,3108,3146,8236,10507,4354,8142,82,156,354,786,578,1514,780,2410,1167,1988,827,755,2947,4335,3727,7062,39937,28099,4971,1354,21815,9,6,2,1
2021-03-23T23:59:59+01:00,0,2,628,819,1194,2092,1617,3497,2548,6479,3627,6104,2729,2762,8020,10288,4347,8126,77,152,342,764,543,1483,719,2347,1065,1907,744,695,2911,4301,3723,7058,39896,27469,4681,1347,20294,9,6,2,1
2021-03-22T23:59:59+01:00,0,2,604,706,1158,2037,1584,3442,2495,6409,3487,5973,2487,2524,7690,9933,4331,8090,77,151,342,764,543,1481,718,2346,1062,1907,743,692,2907,4296,3722,7055,39428,27444,4357,1347,19159,9,6,2,1
2021-03-21T23:59:59+01:00,0,2,603,703,1153,2029,1573,3432,2478,6394,3450,5939,2346,2360,7597,9821,4323,8076,77,151,342,763,543,1481,718,2346,1062,1907,743,692,2907,4295,3722,7055,39424,27442,4343,1347,18504,9,6,2,1
2021-03-20T23:59:59+01:00,0,2,602,703,1151,2023,1566,3425,2472,6387,3433,5917,2314,2322,7107,9303,4307,8060,77,151,342,763,542,1481,716,2345,1062,1906,743,692,2907,4293,3720,7053,38385,27431,4331,1347,18370,9,6,2,1
2021-03-19T23:59:59+01:00,0,2,595,696,1137,2007,1531,3402,2402,6248,3371,5810,2131,2143,6800,8986,4288,8035,77,151,341,757,538,1478,711,2336,1051,1893,734,686,2484,3691,3306,6308,37782,25187,4315,1347,17479,2,6,2,1
2021-03-18T23:59:59+01:00,0,2,580,680,1117,1977,1504,3372,2362,6180,3298,5721,1979,1947,6682,8868,4282,8024,76,151,341,756,537,1478,710,2332,1048,1892,727,683,2434,3619,3279,6266,37762,24996,4304,1325,16501,2,6,2,1
2021-03-17T23:59:59+01:00,0,1,551,654,1072,1922,1467,3288,2284,6063,3146,5566,1723,1681,6516,8715,4272,8009,75,147,329,729,521,1434,688,2275,1010,1851,710,664,2196,3327,3199,6142,37691,24035,3781,1254,15451,2,6,1,1
2021-03-16T23:59:59+01:00,0,1,507,625,1032,1866,1416,3184,2219,5909,3030,5432,1527,1459,6382,8568,4262,7988,69,134,308,673,491,1357,659,2140,981,1723,661,614,2085,3193,3176,6058,37636,23292,3162,1023,14603,2,5,1,1
2021-03-15T23:59:59+01:00,0,1,495,614,1001,1821,1382,3116,2188,5824,2943,5349,1404,1325,5803,7882,4224,7925,66,127,293,615,476,1237,621,2010,941,1610,633,594,2048,3154,3163,5999,36405,22896,2809,689,14082,2,0,1,1
2021-03-14T23:59:59+01:00,0,1,490,608,991,1809,1379,3099,2172,5806,2909,5322,1362,1275,5411,7435,4201,7907,65,122,289,592,470,1210,615,1954,931,1585,633,594,2048,3154,3162,5997,35590,22890,2804,529,13782,2,0,1,1
2021-03-13T23:59:59+01:00,0,1,469,590,954,1762,1326,3035,1916,5218,2669,4910,1257,1162,4761,6588,4152,7832,65,122,288,589,468,1208,613,1952,930,1581,631,589,1689,2674,2639,5244,33921,20751,2800,529,11880,2,0,1,1
2021-03-12T23:59:59+01:00,0,1,453,569,934,1721,1296,2954,1712,4431,2462,4461,1187,1079,4065,5788,4105,7750,65,120,287,585,468,1205,611,1944,925,1575,628,582,1370,2138,2107,4453,32249,18533,2797,529,9921,1,0,1,1
2021-03-11T23:59:59+01:00,0,1,449,562,926,1710,1281,2937,1687,4397,2426,4425,1113,1025,4023,5752,4102,7746,65,113,281,563,454,1153,602,1895,906,1539,616,569,1364,2121,2098,4404,32217,18285,2704,457,9640,1,0,1,1
2021-03-10T23:59:59+01:00,0,1,428,551,881,1652,1227,2860,1614,4300,2360,4332,1080,1002,4007,5737,4101,7744,65,113,279,559,451,1146,597,1873,906,1534,610,561,1303,2035,2055,4348,32202,18002,2139,432,9535,1,0,1,1
2021-03-09T23:59:59+01:00,0,1,406,535,833,1602,1186,2797,1573,4217,2317,4279,1059,991,4001,5730,4100,7743,63,112,278,558,450,1135,595,1861,900,1529,608,555,1099,1726,1940,4176,32156,17179,1690,405,9523,1,0,1,1
2021-03-08T23:59:59+01:00,0,1,399,524,823,1588,1177,2781,1565,4192,2306,4266,1046,981,3965,5683,4098,7738,62,112,274,553,446,1129,594,1857,896,1527,608,555,1030,1636,1895,4133,32030,16925,1594,381,9508,1,0,1,1
2021-03-07T23:59:59+01:00,0,1,398,521,823,1587,1175,2779,1561,4186,2296,4261,1040,973,3959,5677,4097,7737,59,109,265,531,434,1103,579,1757,861,1452,607,555,927,1507,1845,4065,32014,16568,1555,88,9501,0,0,1,1
2021-03-06T23:59:59+01:00,0,1,390,505,804,1554,1152,2721,1520,4119,2103,3765,1011,936,3786,5406,4000,7576,59,109,265,531,434,1102,579,1757,861,1452,607,555,924,1506,1842,4064,31307,16559,1555,88,8486,0,0,1,1
2021-03-05T23:59:59+01:00,0,1,375,465,771,1450,1102,2504,1445,3906,1890,3095,983,891,3041,4447,3796,7237,59,108,264,528,431,1096,578,1752,857,1449,604,553,885,1448,1819,4026,29012,16369,1554,88,6832,0,0,1,1
2021-03-04T23:59:59+01:00,0,1,360,457,764,1430,1089,2481,1426,3877,1867,3076,970,887,3037,4443,3793,7235,59,107,261,525,427,1080,568,1730,856,1441,602,551,848,1394,1796,3991,28999,16211,1516,25,6677,0,0,1,1
2021-03-03T23:59:59+01:00,0,1,349,425,745,1379,1059,2398,1376,3723,1789,2979,937,843,3027,4437,3793,7232,58,107,258,523,426,1076,566,1721,853,1437,602,550,828,1341,1711,3846,28687,15880,1516,23,6288,0,0,1,1
2021-03-02T23:59:59+01:00,0,1,343,416,729,1355,1011,2353,1307,3639,1673,2883,849,777,2985,4400,3787,7227,58,107,257,519,425,1069,566,1715,853,1433,601,550,828,1341,1711,3846,28050,15856,1453,23,6231,0,0,1,1
2021-03-01T23:59:59+01:00,0,1,339,402,722,1308,999,2295,1287,3557,1647,2834,831,768,2977,4391,3787,7227,58,106,256,515,420,1055,562,1702,844,1425,600,548,732,1189,1658,3766,28011,15413,1405,23,5955,0,0,1,1
2021-02-28T23:59:59+01:00,0,1,334,389,714,1269,986,2219,1275,3470,1625,2755,827,758,2975,4387,3786,7225,58,106,256,515,420,1054,562,1702,843,1425,600,547,636,1065,1612,3686,28000,15064,1402,23,5592,0,0,1,1
2021-02-27T23:59:59+01:00,0,1,325,369,700,1244,966,2182,1240,3402,1602,2702,810,743,2972,4387,3785,7225,58,106,256,515,420,1054,561,1702,842,1425,600,547,636,1064,1612,3686,27998,15061,1402,23,5254,0,0,1,1
2021-02-26T23:59:59+01:00,0,1,300,316,652,1179,902,2064,1150,3236,1498,2563,781,721,2543,3782,3368,6459,58,106,253,513,420,1052,559,1700,839,1419,596,544,629,1052,1603,3667,25736,14987,1402,23,4376,0,0,1,1
2021-02-25T23:59:59+01:00,0,1,295,303,639,1148,881,2022,1131,3170,1480,2518,778,718,2497,3709,3338,6416,56,104,249,504,420,1048,554,1690,836,1408,590,539,552,942,1559,3611,25518,14641,1402,21,4123,0,0,1,1
2021-02-24T23:59:59+01:00,0,1,276,293,588,1101,834,1955,1073,3075,1436,2460,761,699,2259,3408,3257,6286,55,100,245,497,414,1031,546,1668,833,1389,583,528,539,922,1548,3589,24538,14472,1402,15,3821,0,0,1,1
2021-02-23T23:59:59+01:00,0,1,263,273,560,1044,797,1878,1005,2926,1364,2358,710,649,2148,3273,3234,6196,55,98,243,491,414,1015,536,1636,826,1367,575,522,524,875,1537,3545,23750,14244,1397,15,3531,0,0,1,1
2021-02-22T23:59:59+01:00,0,1,259,267,548,982,777,1802,980,2832,1328,2298,687,629,2121,3238,3226,6139,55,97,237,485,412,1002,527,1620,822,1342,561,510,507,850,1531,3495,23361,14038,1397,15,3355,0,0,1,1
2021-02-21T23:59:59+01:00,0,1,256,259,539,957,764,1765,972,2784,1298,2272,687,627,2119,3238,3225,6138,55,97,236,485,412,1002,527,1620,822,1341,561,509,507,850,1531,3494,23355,14034,1397,15,3148,0,0,1,1
2021-02-20T23:59:59+01:00,0,1,172,228,468,908,696,1688,902,2695,1213,2173,672,612,1753,2724,2676,5344,55,97,236,485,412,1002,527,1619,822,1341,561,509,507,850,1531,3494,21107,14033,1397,15,2420,0,0,1,1
2021-02-19T23:59:59+01:00,0,1,82,165,357,827,570,1555,769,2546,1078,2021,656,591,1451,2212,2142,4556,55,97,236,485,412,1001,527,1619,822,1340,561,509,499,846,1530,3488,18928,14013,1397,14,1253,0,0,1,1
2021-02-18T23:59:59+01:00,0,1,79,160,345,777,549,1466,736,2406,1045,1954,641,581,1442,2194,2133,4507,52,90,232,463,398,936,512,1539,803,1266,547,495,493,828,1529,3471,18691,13640,1372,14,952,0,0,1,1
2021-02-17T23:59:59+01:00,0,1,78,152,331,754,540,1433,707,2313,1009,1855,635,571,1384,2107,2087,4458,52,87,230,454,390,898,501,1474,784,1184,534,483,491,826,1529,3471,18433,13374,1299,14,682,0,0,1,1
2021-02-16T23:59:59+01:00,0,1,73,146,316,715,512,1360,675,2205,984,1750,625,564,1141,1763,1969,4281,51,78,229,449,384,868,488,1409,758,1117,513,470,489,826,1526,3470,17528,13123,1061,2,490,0,0,1,1
2021-02-15T23:59:59+01:00,0,1,68,130,290,612,477,1219,620,1993,934,1591,616,562,1058,1658,1918,4219,51,78,227,444,380,862,487,1405,755,1110,513,470,488,823,1525,3467,17205,13085,723,0,37,0,0,1,1
2021-02-14T23:59:59+01:00,0,1,67,123,285,587,472,1190,609,1939,920,1569,616,562,961,1535,1873,4163,51,78,227,444,380,862,487,1403,755,1110,513,470,488,823,1525,3467,16881,13083,568,0,22,0,0,1,1
2021-02-13T23:59:59+01:00,0,1,67,122,285,586,471,1186,608,1937,918,1566,615,561,960,1527,1869,4160,51,78,227,443,378,858,486,1398,753,1109,511,468,471,785,1270,3009,16848,12295,568,0,22,0,0,1,1
2021-02-12T23:59:59+01:00,0,1,66,122,284,585,467,1182,608,1934,915,1565,612,560,921,1476,1849,4120,51,78,227,439,375,849,481,1389,747,1103,504,460,453,746,924,2317,16679,11143,568,0,19,0,0,1,1
2021-02-11T23:59:59+01:00,0,1,66,116,281,574,454,1155,602,1908,908,1553,611,559,879,1418,1827,4083,51,75,212,409,361,802,465,1316,732,1071,501,459,453,746,923,2316,16504,10893,485,0,5,0,0,1,0
2021-02-10T23:59:59+01:00,0,1,65,116,277,571,452,1151,598,1892,903,1549,611,559,870,1402,1806,4039,50,65,178,332,307,699,415,1144,653,978,466,447,448,745,923,2315,16403,10166,457,0,1,0,0,1,0
2021-02-09T23:59:59+01:00,0,1,63,115,271,568,449,1138,597,1878,897,1543,610,558,858,1367,1741,3936,42,53,125,255,231,548,334,942,551,824,431,436,444,744,921,2315,16160,9197,429,0,0,0,0,1,0
2021-02-08T23:59:59+01:00,0,1,62,115,268,559,446,1131,596,1863,891,1535,609,556,757,1217,1687,3854,38,43,86,165,168,410,268,704,491,689,423,429,440,741,920,2315,15742,8331,404,0,0,0,0,1,0
2021-02-07T23:59:59+01:00,0,1,59,112,259,536,431,1100,580,1760,856,1456,608,555,655,1090,1640,3771,37,42,82,163,165,403,263,691,486,678,421,428,440,741,920,2314,15373,8275,95,0,0,0,0,1,0
2021-02-06T23:59:59+01:00,0,1,59,112,258,536,431,1100,578,1759,854,1453,605,553,653,1081,1634,3764,34,41,81,160,162,393,259,683,475,670,413,427,404,693,687,1934,15335,7517,95,0,0,0,0,1,0
2021-02-05T23:59:59+01:00,0,1,59,112,256,533,431,1098,577,1758,852,1451,603,553,643,1074,1628,3753,32,39,77,154,157,385,251,664,458,660,407,427,398,668,299,1312,15286,6389,95,0,0,0,0,1,0
2021-02-04T23:59:59+01:00,0,1,57,110,251,526,425,1082,561,1731,848,1437,596,544,560,957,1580,3695,31,36,73,149,151,374,237,643,441,646,402,421,393,661,297,1307,14933,6263,27,0,0,0,0,1,0
2021-02-03T23:59:59+01:00,0,1,56,105,247,519,424,1062,558,1716,846,1422,592,534,550,947,1577,3682,24,28,59,117,118,275,173,503,332,497,300,321,318,520,226,1046,14812,4858,25,0,0,0,0,1,0
2021-02-02T23:59:59+01:00,0,1,56,103,244,513,424,1044,547,1683,838,1398,579,525,539,902,1568,3638,17,21,40,76,82,181,121,339,217,358,211,215,202,326,162,692,14576,3261,25,0,0,0,0,1,0
2021-02-01T23:59:59+01:00,0,1,56,101,240,505,422,1028,539,1662,833,1375,571,519,522,873,1560,3594,7,11,20,40,44,93,64,168,94,161,99,98,85,152,70,307,14375,1513,25,0,0,0,0,1,0
2021-01-31T23:59:59+01:00,0,1,56,101,239,504,420,1024,537,1657,831,1372,571,518,522,873,1560,3593,7,11,18,36,39,79,60,142,81,146,95,98,84,151,68,306,14353,1421,25,0,0,0,0,1,0
2021-01-30T23:59:59+01:00,0,1,56,101,239,504,420,1024,537,1657,831,1372,571,518,522,873,1560,3593,7,11,18,36,39,79,60,142,81,146,95,97,84,151,68,306,14353,1420,25,0,0,0,0,1,0
2021-01-29T23:59:59+01:00,0,1,56,101,239,504,420,1024,537,1657,831,1372,571,518,522,873,1560,3593,7,11,18,36,39,79,60,142,81,146,95,97,84,151,68,306,14353,1420,25,0,0,0,0,1,0
2021-01-28T23:59:59+01:00,0,1,54,93,235,476,408,958,519,1571,809,1290,558,503,516,856,1558,3579,3,2,4,6,10,13,19,34,21,31,16,20,19,33,17,91,13964,339,19,0,0,0,0,1,0
2021-01-27T23:59:59+01:00,0,1,52,89,235,466,400,919,509,1505,789,1207,546,490,514,854,1558,3579,3,2,4,6,8,13,19,33,21,30,16,20,19,33,17,91,13695,335,17,0,0,0,0,1,0
2021-01-26T23:59:59+01:00,0,1,51,83,231,463,393,890,498,1437,764,1140,524,477,512,854,1558,3579,1,2,4,6,8,12,17,29,17,25,14,18,17,31,17,84,13438,302,16,0,0,0,0,1,0
2021-01-25T23:59:59+01:00,0,1,51,83,228,458,389,884,498,1434,762,1135,524,477,512,853,1558,3577,0,0,0,0,0,0,0,0,0,0,1,1,0,2,0,0,13408,4,15,0,0,0,0,1,0
2021-01-24T23:59:59+01:00,0,1,51,83,228,458,389,884,498,1433,762,1135,524,477,512,853,1558,3577,0,0,0,0,0,0,0,0,0,0,1,1,0,2,0,0,13407,4,15,0,0,0,0,1,0
2021-01-23T23:59:59+01:00,0,1,51,83,228,457,388,880,498,1427,761,1133,521,475,495,815,1305,3109,0,0,0,0,0,0,0,0,0,0,1,1,0,2,0,0,12611,4,15,0,0,0,0,1,0
2021-01-22T23:59:59+01:00,0,1,51,83,227,453,384,871,493,1417,756,1125,515,467,478,774,947,2394,0,0,0,0,0,0,0,0,0,0,1,1,0,2,0,0,11421,4,15,0,0,0,0,0,0
2021-01-21T23:59:59+01:00,0,1,51,80,209,420,357,815,466,1318,730,1091,511,467,478,774,946,2393,0,0,0,0,0,0,0,0,0,0,1,1,0,2,0,0,11092,4,15,0,0,0,0,0,0
2021-01-20T23:59:59+01:00,0,1,49,70,181,349,316,730,424,1164,660,1000,475,456,473,774,946,2392,0,0,0,0,0,0,0,0,0,0,1,1,0,2,0,0,10445,4,15,0,0,0,0,0,0
2021-01-19T23:59:59+01:00,0,1,43,57,135,272,243,571,347,982,570,860,440,444,469,772,946,2392,0,0,0,0,0,0,0,0,0,0,1,0,0,2,0,0,9537,3,7,0,0,0,0,0,0
2021-01-18T23:59:59+01:00,0,1,39,44,86,173,174,421,278,719,499,703,431,437,466,767,944,2392,0,0,0,0,0,0,0,0,0,0,0,0,0,1,0,0,8574,1,0,0,0,0,0,0,0
2021-01-17T23:59:59+01:00,0,1,37,43,83,169,170,413,274,708,494,690,429,437,466,767,944,2391,0,0,0,0,0,0,0,0,0,0,0,0,0,0,0,0,8516,0,0,0,0,0,0,0,0
2021-01-16T23:59:59+01:00,0,1,34,42,81,167,166,404,267,701,479,682,421,436,427,720,704,2006,0,0,0,0,0,0,0,0,0,0,0,0,0,0,0,0,7738,0,0,0,0,0,0,0,0
2021-01-15T23:59:59+01:00,0,1,32,40,78,160,163,398,260,684,465,674,415,435,422,696,310,1375,0,0,0,0,0,0,0,0,0,0,0,0,0,0,0,0,6608,0,0,0,0,0,0,0,0
2021-01-14T23:59:59+01:00,0,1,32,38,77,156,158,393,252,675,454,666,412,433,422,695,310,1375,0,0,0,0,0,0,0,0,0,0,0,0,0,0,0,0,6549,0,0,0,0,0,0,0,0
2021-01-13T23:59:59+01:00,0,0,24,31,61,123,123,298,192,541,346,523,315,332,348,550,239,1106,0,0,0,0,0,0,0,0,0,0,0,0,0,0,0,0,5152,0,0,0,0,0,0,0,0
2021-01-12T23:59:59+01:00,0,0,17,24,45,85,88,210,139,391,236,387,225,226,227,354,173,749,0,0,0,0,0,0,0,0,0,0,0,0,0,0,0,0,3576,0,0,0,0,0,0,0,0
2021-01-11T23:59:59+01:00,0,0,9,15,26,44,58,134,88,220,124,205,112,107,99,172,80,333,0,0,0,0,0,0,0,0,0,0,0,0,0,0,0,0,1826,0,0,0,0,0,0,0,0
2021-01-10T23:59:59+01:00,0,0,8,15,22,41,51,106,80,179,105,172,106,104,95,170,77,333,0,0,0,0,0,0,0,0,0,0,0,0,0,0,0,0,1664,0,0,0,0,0,0,0,0
2021-01-09T23:59:59+01:00,0,0,8,15,22,41,51,106,80,179,105,172,106,103,95,170,77,333,0,0,0,0,0,0,0,0,0,0,0,0,0,0,0,0,1663,0,0,0,0,0,0,0,0
2021-01-08T23:59:59+01:00,0,0,8,14,21,40,49,100,75,168,99,169,103,99,90,161,75,325,0,0,0,0,0,0,0,0,0,0,0,0,0,0,0,0,1596,0,0,0,0,0,0,0,0
2021-01-07T23:59:59+01:00,0,0,3,3,4,7,10,14,20,34,23,34,17,20,20,34,19,95,0,0,0,0,0,0,0,0,0,0,0,0,0,0,0,0,357,0,0,0,0,0,0,0,0
2021-01-06T23:59:59+01:00,0,0,3,2,4,6,8,13,20,33,21,31,17,20,20,34,19,94,0,0,0,0,0,0,0,0,0,0,0,0,0,0,0,0,345,0,0,0,0,0,0,0,0
2021-01-05T23:59:59+01:00,0,0,3,2,4,6,8,13,20,33,21,31,17,20,20,34,19,94,0,0,0,0,0,0,0,0,0,0,0,0,0,0,0,0,345,0,0,0,0,0,0,0,0
2021-01-04T23:59:59+01:00,0,0,0,0,0,0,0,0,1,0,0,0,1,1,0,2,0,0,0,0,0,0,0,0,0,0,0,0,0,0,0,0,0,0,5,0,0,0,0,0,0,0,0
2021-01-03T23:59:59+01:00,0,0,0,0,0,0,0,0,1,0,0,0,1,1,0,2,0,0,0,0,0,0,0,0,0,0,0,0,0,0,0,0,0,0,5,0,0,0,0,0,0,0,0
2021-01-02T23:59:59+01:00,0,0,0,0,0,0,0,0,1,0,0,0,1,1,0,2,0,0,0,0,0,0,0,0,0,0,0,0,0,0,0,0,0,0,5,0,0,0,0,0,0,0,0
2021-01-01T23:59:59+01:00,0,0,0,0,0,0,0,0,1,0,0,0,1,1,0,2,0,0,0,0,0,0,0,0,0,0,0,0,0,0,0,0,0,0,5,0,0,0,0,0,0,0,0
2020-12-31T23:59:59+01:00,0,0,0,0,0,0,0,0,1,0,0,0,1,1,0,2,0,0,0,0,0,0,0,0,0,0,0,0,0,0,0,0,0,0,5,0,0,0,0,0,0,0,0
2020-12-30T23:59:59+01:00,0,0,0,0,0,0,0,0,1,0,0,0,1,1,0,2,0,0,0,0,0,0,0,0,0,0,0,0,0,0,0,0,0,0,5,0,0,0,0,0,0,0,0
2020-12-29T23:59:59+01:00,0,0,0,0,0,0,0,0,1,0,0,0,1,0,0,2,0,0,0,0,0,0,0,0,0,0,0,0,0,0,0,0,0,0,4,0,0,0,0,0,0,0,0
2020-12-28T23:59:59+01:00,0,0,0,0,0,0,0,0,0,0,0,0,1,0,0,1,0,0,0,0,0,0,0,0,0,0,0,0,0,0,0,0,0,0,2,0,0,0,0,0,0,0,0
2020-12-27T23:59:59+01:00,0,0,0,0,0,0,0,0,0,0,0,0,0,0,0,0,0,0,0,0,0,0,0,0,0,0,0,0,0,0,0,0,0,0,0,0,0,0,0,0,0,0,0
