Datum,<15_1_m,<15_1_w,15-24_1_m,15-24_1_w,25-34_1_m,25-34_1_w,35-44_1_m,35-44_1_w,45-54_1_m,45-54_1_w,55-64_1_m,55-64_1_w,65-74_1_m,65-74_1_w,75-84_1_m,75-84_1_w,>84_1_m,>84_1_w,<15_2_m,<15_2_w,15-24_2_m,15-24_2_w,25-34_2_m,25-34_2_w,35-44_2_m,35-44_2_w,45-54_2_m,45-54_2_w,55-64_2_m,55-64_2_w,65-74_2_m,65-74_2_w,75-84_2_m,75-84_2_w,>84_2_m,>84_2_w,bp_1,bp_2,mo_1,mo_2,az_1,az_2,ja,unb_1,unb_2
2021-11-15T23:59:59+01:00,2780,2612,17876,16592,20624,18946,23254,23172,29586,30347,35578,36204,26265,29158,17777,22699,5394,10229,2007,1808,14612,13827,17776,16413,20849,20769,27083,27879,33510,34219,25486,28266,17281,22038,5213,9777,270856,244328,33068,31044,46612,44902,18501,88,38
2021-11-14T23:59:59+01:00,2763,2581,17831,16567,20577,18900,23212,23131,29554,30308,35557,36166,26255,29143,17773,22691,5391,10225,2003,1803,14591,13811,17751,16396,20831,20755,27062,27851,33490,34204,25476,28260,17275,22036,5210,9773,270432,244135,33066,31044,46610,44901,18460,88,38
2021-11-13T23:59:59+01:00,2714,2530,17619,16428,20385,18764,23099,23023,29437,30222,35483,36092,26243,29126,17765,22679,5389,10223,1998,1796,14559,13796,17723,16372,20802,20734,27041,27838,33467,34181,25468,28252,17272,22031,5210,9773,269031,243872,33065,31044,46610,44901,18458,88,38
2021-11-12T23:59:59+01:00,2654,2464,17338,16194,20164,18570,22936,22879,29273,30071,35360,35989,26218,29097,17750,22653,5383,10218,1990,1777,14476,13733,17632,16298,20719,20689,26967,27772,33428,34137,25463,28236,17271,22022,5210,9770,267094,243201,33013,31013,46609,44900,18438,88,38
2021-11-11T23:59:59+01:00,2592,2408,17144,16032,20003,18433,22790,22735,29136,29956,35286,35895,26180,29059,17732,22636,5380,10209,1975,1756,14399,13676,17564,16234,20649,20626,26904,27716,33375,34096,25445,28211,17266,22010,5206,9767,265644,242635,32935,30942,46609,44899,18361,88,38
2021-11-10T23:59:59+01:00,2543,2372,17013,15913,19856,18319,22686,22633,29035,29873,35216,35822,26154,29026,17723,22617,5376,10198,1966,1744,14363,13621,17518,16194,20604,20575,26854,27662,33337,34058,25418,28183,17249,22001,5206,9764,264480,242140,32902,30912,46608,44899,18328,88,38
2021-11-09T23:59:59+01:00,2525,2343,16899,15797,19750,18217,22576,22535,28957,29801,35148,35759,26132,28999,17709,22602,5374,10192,1959,1730,14337,13585,17494,16170,20578,20550,26822,27629,33303,34029,25406,28168,17241,21992,5206,9758,263458,241832,32879,30875,46608,44899,18313,88,38
2021-11-08T23:59:59+01:00,2421,2223,16667,15607,19625,18106,22470,22445,28863,29721,35071,35699,26107,28978,17696,22588,5372,10187,1948,1724,14289,13540,17467,16134,20554,20513,26792,27598,33276,33996,25394,28149,17239,21984,5201,9756,262031,241488,32878,30852,46602,44898,18278,88,38
2021-11-07T23:59:59+01:00,2407,2208,16621,15571,19566,18059,22424,22407,28822,29694,35033,35669,26098,28969,17691,22582,5372,10185,1937,1718,14271,13513,17448,16107,20535,20493,26781,27579,33255,33980,25385,28139,17232,21977,5200,9753,261602,241271,32876,30852,46599,44898,18244,88,38
2021-11-06T23:59:59+01:00,2369,2167,16405,15387,19397,17920,22292,22308,28701,29604,34968,35614,26084,28957,17686,22578,5371,10184,1932,1716,14246,13496,17424,16089,20523,20479,26767,27568,33249,33966,25381,28135,17230,21975,5200,9752,260218,241096,32874,30852,46599,44898,18244,88,38
2021-11-05T23:59:59+01:00,2296,2099,16092,15102,19157,17694,22082,22130,28535,29454,34862,35533,26068,28936,17679,22567,5371,10182,1915,1704,14165,13417,17366,16037,20469,20433,26725,27533,33227,33947,25374,28126,17225,21964,5200,9749,258223,240682,32813,30811,46599,44898,18147,88,38
2021-11-04T23:59:59+01:00,2260,2068,15943,14960,19010,17561,21976,22016,28428,29345,34782,35484,26055,28914,17676,22559,5370,10182,1895,1684,14105,13357,17306,15970,20419,20367,26681,27475,33183,33906,25361,28108,17212,21952,5200,9740,257201,240257,32767,30762,46594,44894,17970,88,38
2021-11-03T23:59:59+01:00,2242,2044,15825,14860,18911,17484,21878,21933,28343,29284,34725,35454,26035,28892,17669,22548,5367,10179,1877,1670,14069,13318,17268,15923,20382,20336,26645,27434,33142,33876,25346,28089,17203,21934,5199,9731,256327,239827,32761,30749,46594,44894,17934,88,38
2021-11-02T23:59:59+01:00,2233,2031,15754,14791,18826,17412,21805,21877,28277,29243,34690,35420,26023,28877,17661,22545,5366,10174,1857,1658,14025,13276,17221,15894,20346,20301,26616,27409,33110,33843,25336,28074,17198,21924,5197,9725,255722,239445,32732,30734,46594,44893,17900,88,38
2021-11-01T23:59:59+01:00,2226,2019,15696,14751,18761,17379,21761,21848,28240,29222,34670,35403,26017,28876,17660,22542,5366,10173,1845,1651,13987,13253,17199,15867,20325,20287,26596,27391,33098,33836,25328,28070,17195,21915,5196,9723,255352,239229,32732,30726,46592,44892,17877,88,38
2021-10-31T23:59:59+01:00,2226,2019,15696,14751,18761,17379,21761,21848,28239,29222,34670,35403,26017,28876,17660,22542,5366,10173,1845,1651,13987,13253,17199,15866,20325,20287,26595,27391,33098,33836,25328,28070,17195,21915,5196,9723,255352,239228,32732,30726,46592,44892,17876,88,38
2021-10-30T23:59:59+02:00,2224,2016,15693,14751,18761,17379,21759,21847,28238,29222,34670,35402,26017,28875,17660,22542,5366,10173,1843,1649,13986,13253,17199,15866,20325,20287,26595,27391,33097,33836,25328,28070,17195,21915,5196,9723,255339,239222,32731,30726,46592,44892,17876,88,38
2021-10-29T23:59:59+02:00,2200,1985,15561,14648,18616,17269,21637,21761,28119,29151,34603,35361,26006,28867,17655,22540,5366,10171,1830,1636,13921,13218,17148,15819,20276,20265,26558,27366,33078,33816,25325,28066,17193,21911,5196,9720,254429,238967,32682,30689,46592,44892,17756,88,38
2021-10-28T23:59:59+02:00,2177,1956,15424,14551,18432,17153,21517,21674,28020,29078,34542,35313,25993,28855,17651,22533,5366,10169,1816,1620,13843,13144,17053,15753,20215,20210,26510,27323,33039,33790,25303,28047,17186,21902,5192,9716,253591,238571,32597,30596,46591,44889,17568,88,38
2021-10-27T23:59:59+02:00,2152,1943,15363,14492,18384,17104,21461,21646,27986,29047,34515,35293,25988,28839,17644,22530,5366,10168,1804,1606,13811,13110,17032,15733,20201,20193,26491,27288,33016,33770,25285,28026,17178,21886,5188,9714,253142,238276,32594,30592,46591,44889,17537,88,38
2021-10-26T23:59:59+02:00,2139,1919,15321,14460,18346,17069,21431,21629,27968,29027,34496,35283,25980,28835,17641,22527,5366,10168,1795,1599,13787,13072,17007,15706,20179,20173,26474,27270,32994,33757,25274,28008,17168,21867,5184,9697,252839,237971,32588,30583,46591,44889,17530,88,38
2021-10-25T23:59:59+02:00,2132,1914,15288,14442,18324,17052,21416,21620,27955,29021,34492,35278,25980,28833,17641,22527,5366,10168,1794,1599,13783,13069,17004,15704,20179,20170,26473,27269,32991,33755,25274,28008,17168,21866,5184,9697,252687,237951,32584,30579,46591,44889,17530,88,38
2021-10-24T23:59:59+02:00,2122,1908,15273,14435,18309,17042,21404,21611,27943,29008,34484,35271,25979,28828,17639,22527,5366,10168,1788,1593,13771,13050,16997,15691,20172,20161,26463,27263,32986,33747,25270,28003,17166,21865,5183,9696,252563,237836,32584,30579,46590,44889,17523,88,38
2021-10-23T23:59:59+02:00,2122,1908,15273,14435,18308,17042,21404,21610,27943,29008,34484,35271,25979,28828,17639,22527,5366,10168,1788,1593,13771,13050,16997,15691,20172,20161,26463,27263,32985,33747,25270,28003,17166,21865,5183,9696,252561,237835,32584,30579,46590,44889,17523,88,38
2021-10-22T23:59:59+02:00,2107,1891,15206,14389,18216,16982,21337,21561,27889,28961,34453,35255,25979,28824,17638,22524,5365,10167,1771,1572,13718,12986,16952,15656,20142,20137,26443,27245,32965,33730,25262,28001,17166,21862,5183,9695,252088,237516,32524,30558,46590,44889,17485,88,38
2021-10-21T23:59:59+02:00,2077,1859,15088,14306,18096,16891,21246,21501,27816,28898,34388,35216,25965,28804,17632,22514,5364,10163,1744,1555,13640,12905,16884,15606,20085,20094,26389,27199,32917,33695,25245,27981,17155,21838,5182,9690,251331,237045,32470,30457,46590,44889,17375,88,38
2021-10-20T23:59:59+02:00,2064,1848,15042,14272,18046,16854,21198,21461,27785,28872,34360,35198,25958,28791,17624,22503,5363,10158,1722,1542,13611,12872,16851,15570,20055,20063,26358,27169,32894,33662,25225,27969,17144,21828,5182,9685,250930,236668,32456,30445,46590,44889,17362,88,38
2021-10-19T23:59:59+02:00,2055,1841,15022,14242,18025,16833,21182,21446,27772,28855,34342,35186,25946,28782,17622,22500,5363,10158,1708,1524,13591,12834,16815,15533,20025,20039,26334,27145,32863,33640,25208,27952,17138,21814,5178,9679,250718,236300,32456,30444,46590,44889,17349,88,38
2021-10-18T23:59:59+02:00,2050,1834,15000,14224,18008,16812,21157,21421,27758,28843,34329,35172,25944,28776,17620,22497,5360,10157,1694,1512,13564,12803,16800,15506,20004,20014,26316,27120,32848,33620,25196,27944,17134,21806,5175,9677,250532,236040,32445,30432,46590,44887,17336,88,38
2021-10-17T23:59:59+02:00,2046,1832,14975,14214,18005,16806,21153,21415,27752,28834,34326,35167,25939,28773,17618,22497,5359,10153,1692,1506,13537,12782,16780,15490,19990,19997,26300,27110,32839,33609,25187,27936,17130,21803,5170,9668,250444,235847,32444,30432,46590,44882,17327,88,38
2021-10-16T23:59:59+02:00,2046,1831,14975,14212,18005,16806,21152,21415,27752,28834,34326,35167,25939,28773,17618,22497,5359,10153,1692,1506,13537,12782,16780,15490,19990,19997,26300,27110,32839,33609,25187,27936,17130,21803,5170,9668,250440,235847,32444,30432,46590,44882,17327,88,38
2021-10-15T23:59:59+02:00,2041,1816,14946,14179,17985,16783,21128,21401,27737,28824,34311,35161,25939,28770,17617,22493,5359,10151,1675,1484,13467,12727,16746,15457,19953,19971,26278,27085,32828,33593,25184,27933,17125,21800,5169,9667,250273,235525,32419,30397,46590,44882,17300,88,38
2021-10-14T23:59:59+02:00,2013,1799,14852,14112,17924,16729,21090,21368,27700,28793,34282,35139,25931,28762,17613,22485,5358,10145,1648,1455,13369,12632,16681,15394,19907,19901,26220,27034,32785,33557,25166,27910,17111,21781,5167,9664,249863,234995,32363,30247,46590,44882,17220,88,38
2021-10-13T23:59:59+02:00,1998,1790,14820,14069,17899,16701,21074,21349,27676,28777,34261,35126,25924,28752,17605,22477,5357,10142,1633,1443,13324,12591,16651,15359,19870,19855,26192,27009,32756,33516,25146,27889,17102,21756,5162,9658,249584,234546,32361,30243,46590,44882,17203,88,38
2021-10-12T23:59:59+02:00,1989,1785,14789,14036,17880,16674,21048,21327,27657,28756,34242,35109,25919,28746,17603,22469,5356,10140,1619,1435,13283,12545,16627,15315,19836,19820,26167,26982,32727,33493,25128,27865,17091,21734,5152,9627,249322,234090,32359,30241,46590,44882,17195,88,38
2021-10-11T23:59:59+02:00,1983,1777,14766,14023,17866,16657,21034,21315,27645,28746,34233,35095,25915,28739,17599,22464,5356,10136,1615,1425,13249,12513,16611,15287,19817,19794,26148,26955,32702,33465,25110,27844,17084,21722,5151,9617,249162,233768,32359,30241,46589,44882,17180,88,38
2021-10-10T23:59:59+02:00,1970,1764,14748,14005,17848,16642,21024,21301,27639,28741,34222,35088,25915,28735,17598,22461,5354,10136,1595,1415,13221,12488,16584,15259,19796,19774,26132,26937,32689,33450,25102,27834,17079,21719,5149,9614,249019,233515,32359,30241,46589,44878,17165,88,38
2021-10-09T23:59:59+02:00,1970,1764,14748,14005,17847,16641,21023,21301,27639,28741,34221,35087,25915,28733,17598,22461,5354,10136,1595,1415,13221,12488,16583,15259,19795,19774,26132,26936,32688,33448,25102,27832,17079,21719,5149,9614,249018,233514,32359,30240,46589,44878,17159,88,38
2021-10-08T23:59:59+02:00,1953,1749,14711,13983,17819,16616,21000,21286,27620,28727,34206,35072,25910,28732,17598,22459,5353,10134,1572,1376,13144,12400,16527,15208,19742,19734,26103,26903,32667,33427,25091,27821,17074,21714,5147,9613,248822,233007,32341,30223,46589,44878,17117,88,38
2021-10-07T23:59:59+02:00,1931,1729,14642,13910,17751,16563,20954,21225,27572,28698,34156,35042,25886,28710,17590,22446,5352,10130,1532,1343,13048,12326,16463,15137,19692,19685,26029,26852,32619,33384,25066,27799,17056,21695,5139,9596,248362,232488,32283,30063,46588,44877,16995,88,38
2021-10-06T23:59:59+02:00,1923,1711,14606,13874,17727,16535,20936,21202,27542,28666,34123,35021,25872,28697,17587,22441,5349,10127,1515,1330,13021,12285,16438,15109,19667,19659,26001,26826,32596,33354,25054,27786,17046,21683,5137,9590,248060,232172,32283,30063,46588,44877,16947,88,38
2021-10-05T23:59:59+02:00,1916,1699,14582,13836,17694,16519,20915,21180,27520,28639,34103,34994,25855,28681,17578,22430,5349,10123,1498,1315,12988,12253,16412,15091,19646,19635,25980,26799,32574,33336,25047,27777,17039,21676,5133,9585,247758,231882,32282,30063,46587,44876,16925,88,38
2021-10-04T23:59:59+02:00,1904,1694,14536,13798,17663,16491,20894,21159,27497,28615,34087,34975,25848,28664,17575,22425,5348,10119,1476,1299,12954,12216,16393,15061,19633,19611,25956,26771,32556,33308,25036,27767,17033,21669,5131,9581,247506,231595,32255,30060,46586,44875,16883,88,38
2021-10-03T23:59:59+02:00,1892,1688,14518,13769,17645,16473,20882,21149,27487,28603,34077,34966,25839,28659,17568,22417,5347,10117,1465,1289,12932,12198,16369,15043,19622,19600,25946,26758,32545,33295,25025,27756,17033,21661,5131,9581,247368,231444,32245,30056,46583,44874,16837,88,38
2021-10-02T23:59:59+02:00,1891,1688,14516,13768,17644,16472,20882,21148,27487,28603,34076,34966,25839,28658,17568,22417,5347,10117,1465,1289,12932,12197,16369,15043,19622,19600,25946,26758,32545,33295,25025,27756,17033,21661,5131,9581,247359,231443,32245,30056,46583,44874,16837,88,38
2021-10-01T23:59:59+02:00,1878,1669,14453,13704,17582,16420,20840,21106,27451,28583,34050,34947,25831,28654,17568,22411,5347,10114,1430,1252,12829,12094,16287,14986,19563,19551,25910,26723,32513,33267,25010,27741,17029,21653,5130,9579,247030,230870,32213,30046,46583,44874,16719,88,38
2021-09-30T23:59:59+02:00,1865,1649,14355,13618,17518,16362,20778,21054,27394,28525,33992,34920,25809,28637,17559,22400,5345,10111,1406,1228,12723,12019,16214,14938,19512,19498,25855,26665,32458,33239,24989,27719,17023,21641,5127,9578,246660,230560,32085,29866,46580,44865,16503,88,38
2021-09-29T23:59:59+02:00,1850,1629,14330,13593,17495,16320,20740,21024,27367,28492,33966,34897,25789,28621,17553,22390,5345,10110,1388,1215,12691,11986,16194,14910,19499,19479,25840,26647,32440,33216,24974,27706,17013,21628,5124,9574,246310,230282,32084,29866,46580,44864,16474,88,38
2021-09-28T23:59:59+02:00,1833,1620,14301,13561,17466,16286,20713,20990,27335,28469,33939,34873,25775,28601,17543,22380,5342,10104,1363,1208,12651,11955,16173,14882,19485,19453,25821,26636,32427,33195,24968,27695,17010,21622,5122,9573,245958,230025,32083,29866,46580,44863,16447,88,38
2021-09-27T23:59:59+02:00,1825,1615,14273,13536,17447,16264,20688,20967,27313,28450,33920,34851,25767,28588,17541,22372,5342,10101,1349,1197,12613,11921,16152,14860,19459,19436,25801,26614,32418,33175,24960,27682,17004,21615,5120,9572,245739,229792,32083,29866,46580,44857,16395,88,38
2021-09-26T23:59:59+02:00,1821,1610,14257,13516,17427,16247,20677,20952,27297,28435,33912,34838,25756,28583,17537,22371,5341,10100,1342,1193,12597,11901,16137,14843,19446,19424,25792,26603,32407,33164,24954,27680,17001,21611,5119,9571,245587,229661,32083,29865,46580,44857,16364,88,38
2021-09-25T23:59:59+02:00,1818,1608,14244,13500,17406,16236,20656,20941,27278,28419,33899,34830,25749,28578,17532,22368,5340,10098,1340,1191,12586,11887,16119,14833,19426,19412,25777,26586,32395,33156,24948,27675,16996,21608,5119,9569,245544,229634,32083,29865,46580,44857,16229,88,38
2021-09-24T23:59:59+02:00,1800,1584,14162,13419,17337,16185,20601,20891,27239,28375,33859,34799,25731,28567,17522,22358,5338,10094,1311,1172,12489,11783,16037,14766,19372,19351,25730,26550,32347,33126,24925,27654,16987,21596,5117,9565,245148,229118,32064,29860,46580,44857,16005,88,38
2021-09-23T23:59:59+02:00,1779,1564,14058,13320,17244,16099,20509,20814,27157,28317,33810,34739,25705,28544,17510,22339,5334,10087,1298,1163,12400,11708,15967,14699,19298,19301,25670,26493,32301,33090,24905,27635,16981,21585,5114,9559,244657,228785,31963,29822,46579,44856,15666,88,38
2021-09-22T23:59:59+02:00,1760,1551,14021,13271,17194,16057,20457,20767,27118,28270,33759,34688,25675,28517,17502,22317,5330,10083,1281,1154,12358,11662,15921,14666,19268,19272,25641,26465,32251,33055,24877,27610,16975,21571,5110,9550,244235,228462,31938,29813,46579,44854,15520,88,38
2021-09-21T23:59:59+02:00,1747,1536,13959,13218,17172,16007,20424,20728,27087,28229,33723,34667,25662,28500,17490,22293,5322,10055,1256,1131,12311,11602,15891,14638,19235,19233,25614,26437,32226,33028,24856,27593,16972,21562,5108,9539,243743,228081,31934,29763,46579,44852,15498,88,38
2021-09-20T23:59:59+02:00,1737,1529,13908,13179,17135,15966,20383,20695,27045,28191,33688,34633,25642,28473,17482,22276,5311,10028,1237,1127,12255,11566,15858,14615,19206,19207,25585,26413,32204,33004,24843,27580,16969,21554,5103,9525,243302,227777,31934,29763,46579,44852,15421,88,38
2021-09-19T23:59:59+02:00,1732,1520,13883,13153,17104,15944,20356,20676,27024,28163,33675,34619,25634,28464,17479,22273,5310,10026,1233,1116,12231,11545,15836,14595,19192,19188,25572,26401,32194,32993,24836,27575,16963,21548,5102,9525,243073,227610,31933,29762,46579,44850,15385,88,38
2021-09-18T23:59:59+02:00,1729,1516,13871,13141,17093,15937,20346,20669,27017,28159,33669,34615,25634,28464,17479,22272,5310,10026,1233,1114,12224,11537,15826,14590,19182,19185,25565,26397,32189,32991,24836,27575,16963,21548,5102,9525,243036,227590,31920,29757,46579,44850,15347,88,38
2021-09-17T23:59:59+02:00,1706,1482,13770,13027,16985,15861,20265,20598,26947,28099,33616,34571,25611,28441,17467,22261,5309,10023,1216,1097,12139,11460,15725,14513,19094,19113,25496,26328,32126,32948,24817,27555,16953,21530,5101,9521,242571,227149,31873,29745,46579,44849,14951,88,38
2021-09-16T23:59:59+02:00,1679,1444,13671,12917,16897,15765,20174,20508,26846,28013,33539,34505,25579,28408,17453,22237,5302,10002,1192,1071,12049,11381,15655,14449,19013,19034,25408,26247,32065,32893,24775,27517,16943,21517,5098,9510,241954,226681,31776,29686,46579,44847,14565,88,38
2021-09-15T23:59:59+02:00,1661,1435,13611,12864,16845,15703,20128,20458,26790,27962,33487,34449,25553,28376,17438,22208,5295,9979,1172,1055,11989,11320,15599,14398,18961,18984,25347,26197,32007,32837,24743,27484,16927,21498,5094,9499,241534,226245,31755,29670,46575,44845,14313,88,38
2021-09-14T23:59:59+02:00,1645,1424,13548,12796,16772,15651,20068,20411,26740,27905,33437,34398,25530,28357,17425,22197,5291,9974,1144,1033,11927,11258,15526,14338,18907,18939,25299,26143,31950,32784,24712,27461,16913,21482,5094,9494,241132,225851,31703,29576,46575,44845,14094,88,38
2021-09-13T23:59:59+02:00,1623,1408,13510,12759,16745,15624,20049,20386,26718,27880,33416,34374,25519,28349,17420,22186,5291,9971,1127,1018,11884,11224,15493,14316,18884,18909,25275,26115,31923,32762,24701,27450,16900,21473,5091,9493,240850,225543,31702,29574,46570,44843,14040,88,38
2021-09-12T23:59:59+02:00,1612,1405,13477,12736,16703,15608,20035,20375,26707,27861,33410,34362,25513,28342,17419,22182,5291,9968,1115,1012,11840,11204,15447,14298,18860,18888,25259,26102,31909,32748,24693,27441,16897,21469,5090,9490,240690,225328,31702,29574,46568,44842,13980,88,38
2021-09-11T23:59:59+02:00,1601,1404,13461,12724,16689,15599,20025,20372,26695,27855,33406,34358,25509,28341,17418,22181,5289,9968,1036,950,11773,11153,15431,14290,18852,18877,25246,26091,31901,32735,24691,27439,16896,21468,5090,9490,240625,225004,31681,29572,46568,44842,13953,88,38
2021-09-10T23:59:59+02:00,1562,1358,13312,12597,16617,15522,19918,20287,26613,27791,33344,34304,25469,28310,17403,22158,5283,9963,1009,925,11652,11050,15346,14207,18743,18793,25153,26034,31827,32678,24649,27408,16880,21448,5085,9485,240027,224448,31663,29561,46568,44842,13483,88,38
2021-09-09T23:59:59+02:00,1539,1337,13242,12532,16563,15472,19865,20249,26560,27724,33302,34264,25441,28292,17398,22145,5279,9956,989,901,11588,10977,15294,14155,18690,18762,25097,25993,31779,32644,24627,27393,16867,21438,5082,9474,239657,224073,31588,29521,46568,44842,13276,88,38
2021-09-08T23:59:59+02:00,1524,1320,13213,12508,16547,15448,19845,20236,26544,27712,33289,34253,25429,28284,17392,22139,5276,9953,977,885,11544,10933,15269,14137,18678,18745,25079,25969,31757,32633,24613,27378,16865,21432,5082,9472,239437,223796,31588,29521,46564,44841,13252,88,38
2021-09-07T23:59:59+02:00,1491,1302,13155,12461,16507,15416,19822,20207,26507,27691,33255,34223,25404,28266,17386,22124,5271,9947,959,876,11485,10868,15215,14084,18641,18712,25032,25924,31705,32606,24585,27355,16857,21415,5077,9470,239203,223488,31504,29406,46564,44841,13093,88,38
2021-09-06T23:59:59+02:00,1476,1293,13125,12427,16486,15393,19803,20186,26491,27676,33244,34214,25402,28254,17383,22120,5268,9947,946,867,11463,10836,15197,14052,18619,18696,25016,25904,31683,32591,24575,27343,16856,21407,5074,9470,238986,223259,31504,29395,46564,44840,13063,88,38
2021-09-05T23:59:59+02:00,1466,1285,13108,12407,16470,15377,19792,20179,26485,27667,33234,34202,25400,28251,17381,22116,5268,9947,939,862,11444,10820,15172,14036,18608,18687,25009,25897,31674,32571,24572,27332,16853,21402,5072,9469,238858,223109,31504,29395,46564,44839,13038,88,38
2021-09-04T23:59:59+02:00,1466,1285,13107,12406,16470,15377,19790,20179,26484,27667,33234,34202,25400,28251,17381,22115,5268,9947,938,862,11444,10818,15170,14036,18603,18687,25008,25895,31674,32569,24571,27332,16853,21402,5072,9469,238856,223098,31504,29394,46564,44839,13034,88,38
2021-09-03T23:59:59+02:00,1439,1269,13005,12309,16414,15324,19752,20140,26442,27640,33197,34185,25382,28240,17377,22104,5266,9946,894,828,11303,10691,15107,13960,18532,18641,24937,25846,31615,32533,24538,27304,16840,21386,5069,9465,238357,222286,31504,29391,46564,44839,12935,88,38
2021-09-02T23:59:59+02:00,1424,1262,12941,12267,16371,15291,19718,20113,26408,27606,33172,34164,25367,28228,17372,22099,5266,9942,889,822,11226,10653,15059,13925,18494,18621,24904,25824,31577,32503,24519,27283,16834,21381,5069,9463,238134,222023,31440,29349,46560,44830,12806,88,38
2021-09-01T23:59:59+02:00,1401,1247,12905,12229,16350,15271,19699,20098,26390,27586,33150,34139,25357,28217,17366,22089,5263,9938,874,800,11185,10618,15039,13897,18474,18601,24883,25802,31552,32471,24504,27269,16826,21375,5067,9461,237834,221693,31440,29347,46559,44829,12791,88,38
2021-08-31T23:59:59+02:00,1369,1225,12850,12169,16304,15235,19666,20053,26344,27537,33110,34104,25341,28196,17360,22076,5259,9934,852,775,11113,10549,14991,13836,18422,18568,24833,25748,31495,32428,24473,27253,16817,21362,5064,9454,237523,221264,31377,29318,46559,44810,12603,87,38
2021-08-30T23:59:59+02:00,1345,1210,12805,12131,16279,15213,19646,20036,26321,27520,33088,34087,25330,28186,17360,22072,5257,9932,844,764,11035,10516,14963,13815,18400,18544,24805,25732,31468,32401,24462,27238,16811,21355,5061,9451,237268,220967,31377,29318,46559,44799,12543,87,38
2021-08-29T23:59:59+02:00,1339,1204,12791,12114,16268,15204,19637,20026,26318,27511,33081,34073,25325,28180,17358,22071,5257,9932,831,755,11017,10479,14952,13798,18384,18530,24792,25722,31459,32389,24453,27226,16809,21350,5061,9451,237163,220788,31377,29318,46559,44795,12519,87,38
2021-08-28T23:59:59+02:00,1332,1190,12759,12093,16253,15192,19626,20012,26311,27501,33072,34067,25323,28175,17357,22068,5257,9931,812,730,10941,10408,14917,13765,18337,18503,24756,25689,31416,32358,24436,27213,16800,21334,5061,9448,237000,220261,31377,29318,46559,44795,12512,87,38
2021-08-27T23:59:59+02:00,1313,1175,12696,12038,16207,15144,19568,19962,26256,27451,33029,34037,25305,28164,17353,22054,5257,9928,809,725,10904,10374,14876,13739,18321,18487,24721,25665,31388,32337,24423,27202,16797,21330,5061,9447,236576,220103,31377,29317,46559,44794,12354,87,38
2021-08-26T23:59:59+02:00,1293,1159,12626,11982,16161,15101,19524,19922,26202,27393,32978,33992,25275,28135,17346,22044,5254,9924,799,710,10835,10324,14828,13695,18275,18458,24676,25627,31342,32298,24401,27185,16789,21321,5061,9443,236206,219785,31318,29302,46559,44787,12155,87,38
2021-08-25T23:59:59+02:00,1276,1144,12603,11940,16140,15075,19502,19906,26175,27375,32943,33963,25256,28117,17339,22037,5253,9921,785,697,10785,10282,14797,13666,18242,18427,24653,25608,31309,32260,24388,27168,16782,21311,5059,9440,235891,219408,31318,29302,46553,44783,12128,87,38
2021-08-24T23:59:59+02:00,1249,1126,12544,11867,16083,15031,19457,19865,26128,27330,32898,33930,25236,28093,17327,22025,5252,9916,763,677,10707,10208,14753,13626,18196,18391,24603,25557,31267,32223,24364,27141,16767,21295,5058,9439,235580,218995,31191,29262,46553,44783,11957,87,38
2021-08-23T23:59:59+02:00,1236,1113,12506,11831,16058,15012,19436,19830,26108,27294,32868,33908,25222,28080,17323,22016,5252,9913,740,661,10651,10155,14723,13588,18158,18357,24576,25527,31232,32190,24351,27121,16760,21292,5056,9438,235281,218590,31190,29262,46552,44780,11906,87,38
2021-08-22T23:59:59+02:00,1228,1106,12491,11809,16043,14996,19429,19811,26096,27283,32857,33892,25211,28074,17321,22014,5249,9913,725,652,10622,10126,14702,13571,18137,18346,24563,25509,31217,32177,24343,27110,16758,21287,5055,9437,235116,218370,31190,29262,46552,44779,11888,87,38
2021-08-21T23:59:59+02:00,1140,1034,12416,11751,16031,14984,19418,19799,26086,27272,32847,33876,25206,28070,17318,22011,5249,9913,714,646,10598,10096,14685,13567,18128,18334,24554,25503,31210,32171,24340,27110,16757,21287,5055,9437,234742,218247,31184,29262,46552,44779,11866,87,38
2021-08-20T23:59:59+02:00,1120,1018,12355,11682,15971,14929,19355,19760,26032,27239,32797,33849,25191,28059,17309,22006,5248,9911,710,640,10543,10059,14643,13531,18088,18308,24519,25484,31180,32154,24331,27103,16751,21284,5055,9436,234241,217963,31184,29262,46552,44779,11777,87,38
2021-08-19T23:59:59+02:00,1094,994,12286,11625,15910,14897,19305,19709,25970,27189,32753,33814,25160,28036,17297,21995,5245,9909,701,628,10448,9980,14574,13492,18032,18270,24450,25441,31113,32110,24290,27084,16742,21267,5054,9433,233948,217527,31092,29253,46551,44771,11520,87,38
2021-08-18T23:59:59+02:00,1082,978,12246,11589,15881,14867,19277,19679,25940,27158,32716,33788,25141,28024,17292,21986,5243,9908,687,617,10393,9912,14526,13468,17982,18241,24403,25404,31054,32071,24268,27066,16736,21254,5050,9427,233630,217069,31091,29245,46550,44760,11447,87,38
2021-08-17T23:59:59+02:00,1055,953,12195,11548,15852,14825,19246,19647,25912,27135,32680,33750,25123,28004,17282,21969,5242,9902,672,593,10299,9830,14472,13420,17928,18187,24353,25363,30994,32028,24240,27042,16725,21234,5048,9420,233327,216471,30966,29185,46550,44756,11399,87,37
2021-08-16T23:59:59+02:00,1043,946,12163,11521,15834,14808,19227,19628,25889,27111,32661,33728,25103,27989,17274,21954,5239,9900,657,580,10243,9762,14447,13377,17903,18150,24309,25328,30957,31997,24213,27008,16710,21220,5048,9417,233097,216026,30965,29185,46550,44750,11328,87,37
2021-08-15T23:59:59+02:00,1035,946,12138,11505,15820,14791,19213,19613,25879,27101,32640,33713,25097,27980,17270,21943,5238,9900,650,572,10195,9727,14409,13354,17880,18127,24284,25314,30936,31971,24195,27000,16705,21212,5047,9415,232937,215732,30964,29185,46549,44745,11294,87,37
2021-08-14T23:59:59+02:00,1034,946,12137,11502,15820,14790,19210,19611,25878,27101,32640,33712,25097,27980,17270,21943,5238,9900,594,511,10029,9507,14303,13263,17805,18081,24235,25282,30896,31938,24180,26987,16702,21209,5045,9414,232929,214727,30964,29184,46549,44744,11289,87,37
2021-08-13T23:59:59+02:00,989,906,11985,11377,15768,14729,19145,19555,25807,27050,32588,33676,25072,27951,17259,21933,5237,9896,586,506,9976,9452,14263,13234,17766,18056,24203,25262,30872,31917,24169,26974,16696,21200,5045,9410,232098,214389,30963,29184,46549,44741,11236,86,37
2021-08-12T23:59:59+02:00,975,884,11928,11316,15719,14689,19108,19529,25761,27026,32542,33647,25047,27935,17250,21927,5237,9893,577,497,9884,9386,14190,13192,17704,18006,24136,25226,30818,31868,24141,26949,16680,21182,5043,9410,231866,213966,30938,29178,46549,44726,10982,86,37
2021-08-11T23:59:59+02:00,961,873,11895,11282,15700,14666,19075,19511,25739,27007,32517,33618,25028,27912,17246,21919,5236,9891,533,464,9811,9324,14136,13151,17657,17962,24095,25204,30778,31820,24111,26917,16664,21169,5042,9404,231573,213393,30937,29174,46548,44698,10940,86,37
2021-08-10T23:59:59+02:00,942,863,11807,11230,15648,14635,19031,19474,25685,26972,32460,33564,25011,27897,17239,21906,5235,9888,520,457,9715,9236,14084,13116,17625,17928,24048,25165,30725,31773,24078,26883,16657,21149,5038,9399,231191,212869,30805,29139,46546,44684,10867,86,37
2021-08-09T23:59:59+02:00,939,846,11779,11195,15632,14619,19009,19461,25653,26950,32431,33534,25003,27888,17233,21898,5235,9885,508,440,9660,9174,14043,13066,17588,17887,24017,25120,30690,31734,24064,26866,16652,21136,5036,9393,230951,212413,30805,29136,46545,44677,10811,86,37
2021-08-08T23:59:59+02:00,928,839,11743,11172,15609,14605,18989,19440,25628,26929,32408,33517,24995,27872,17226,21894,5234,9885,486,431,9583,9118,13994,13037,17561,17857,23984,25085,30658,31703,24051,26847,16644,21122,5035,9390,230756,212010,30805,29135,46545,44676,10728,86,37
2021-08-07T23:59:59+02:00,908,812,11646,11094,15565,14564,18947,19406,25589,26899,32362,33485,24978,27860,17217,21876,5233,9882,417,358,8963,8528,13550,12682,17347,17671,23833,24975,30505,31626,23993,26796,16623,21095,5030,9387,230167,208806,30805,29133,46545,44676,10727,86,37
2021-08-06T23:59:59+02:00,899,809,11616,11069,15551,14551,18936,19400,25574,26883,32353,33478,24974,27856,17212,21874,5233,9881,375,309,8377,7907,13036,12284,17118,17465,23688,24863,30410,31547,23962,26749,16611,21081,5027,9380,230118,205633,30684,29120,46545,44676,10723,86,37
2021-08-05T23:59:59+02:00,896,802,11576,11038,15508,14522,18896,19368,25528,26848,32305,33431,24933,27834,17210,21863,5233,9875,367,303,8322,7843,12987,12232,17069,17424,23624,24823,30334,31493,23915,26707,16597,21063,5025,9371,229890,205211,30683,29115,46543,44667,10469,86,37
2021-08-04T23:59:59+02:00,879,786,11546,11008,15489,14490,18863,19342,25501,26819,32259,33392,24918,27821,17205,21857,5231,9867,345,293,8232,7756,12931,12185,17016,17380,23567,24779,30274,31422,23878,26669,16587,21050,5023,9365,229623,204622,30681,29114,46541,44632,10347,86,37
2021-08-03T23:59:59+02:00,863,769,11499,10968,15465,14468,18831,19322,25475,26790,32224,33357,24898,27802,17195,21852,5227,9866,320,282,8150,7670,12861,12133,16947,17328,23507,24741,30231,31372,23842,26635,16572,21039,5020,9361,229287,203962,30679,29104,46540,44624,10284,86,37
2021-08-02T23:59:59+02:00,854,766,11463,10938,15442,14437,18804,19302,25446,26765,32192,33329,24884,27782,17187,21843,5226,9864,310,275,8053,7578,12783,12072,16888,17263,23450,24669,30180,31314,23823,26612,16551,21029,5018,9356,229006,203250,30678,29103,46540,44616,10218,86,37
2021-08-01T23:59:59+02:00,846,759,11437,10909,15429,14423,18789,19291,25426,26753,32175,33314,24880,27773,17186,21840,5224,9863,297,258,7986,7511,12721,12024,16842,17216,23413,24637,30153,31289,23807,26593,16547,21023,5016,9355,228859,202790,30674,29102,46540,44597,10162,86,37
2021-07-31T23:59:59+02:00,843,758,11434,10903,15427,14420,18785,19287,25425,26752,32172,33313,24880,27772,17186,21840,5224,9863,275,238,7833,7326,11951,11355,16286,16777,23317,24558,30088,31218,23777,26557,16535,21004,5015,9353,228829,199568,30673,29102,46540,44596,10160,86,37
2021-07-30T23:59:59+02:00,842,757,11421,10894,15424,14417,18778,19280,25418,26747,32162,33308,24879,27770,17186,21837,5224,9863,228,198,7552,7087,11408,10908,15807,16346,23179,24451,29979,31106,23740,26512,16518,20982,5015,9349,228761,196489,30672,29101,46538,44584,10154,86,37
2021-07-29T23:59:59+02:00,830,748,11382,10847,15386,14396,18738,19254,25381,26713,32109,33279,24861,27750,17175,21819,5224,9860,138,134,7180,6779,10743,10388,15290,15930,23002,24305,29831,30995,23685,26460,16489,20957,5011,9346,228443,193017,30670,29091,46538,44499,10019,86,37
2021-07-28T23:59:59+02:00,811,735,11335,10794,15362,14367,18707,19226,25355,26685,32082,33254,24845,27732,17170,21807,5223,9856,119,105,7015,6626,10596,10264,15177,15795,22909,24209,29729,30896,23643,26402,16470,20928,5010,9336,228114,191767,30670,29089,46533,44389,9947,86,37
2021-07-27T23:59:59+02:00,802,726,11290,10754,15319,14327,18666,19200,25326,26659,32046,33232,24829,27707,17163,21795,5222,9848,99,92,6794,6412,10434,10149,15032,15663,22805,24099,29621,30783,23591,26338,16454,20901,5007,9324,227793,190613,30670,28761,46532,44353,9834,86,37
2021-07-26T23:59:59+02:00,792,713,11240,10705,15293,14306,18648,19172,25298,26628,32013,33206,24814,27685,17151,21783,5221,9845,91,83,6678,6336,10338,10075,14965,15583,22722,24039,29556,30709,23558,26294,16442,20884,5003,9318,227492,189828,30668,28757,46531,44313,9739,86,37
2021-07-25T23:59:59+02:00,781,703,11211,10677,15272,14281,18628,19148,25271,26603,31992,33188,24797,27674,17147,21774,5220,9843,76,78,6602,6256,10270,10012,14891,15523,22668,23985,29500,30671,23527,26273,16430,20870,5003,9314,227293,189240,30668,28753,46530,44283,9636,86,37
2021-07-24T23:59:59+02:00,757,681,11134,10594,15233,14254,18604,19127,25251,26587,31980,33175,24797,27670,17144,21772,5220,9843,76,77,6203,5908,10121,9899,14515,15240,22444,23826,29382,30587,23491,26235,16413,20853,5000,9310,226913,186883,30668,28750,46530,44281,9629,86,37
2021-07-23T23:59:59+02:00,731,659,11066,10508,15203,14220,18576,19113,25230,26566,31965,33157,24786,27665,17142,21772,5220,9840,73,73,5831,5602,10001,9792,14168,14975,22247,23650,29262,30469,23439,26167,16402,20832,4996,9303,226525,184612,30667,28750,46530,44269,9614,86,37
2021-07-22T23:59:59+02:00,690,619,10911,10343,15105,14131,18489,19064,25150,26512,31892,33093,24750,27624,17128,21754,5216,9835,61,62,5514,5305,9732,9576,13584,14497,21926,23391,29030,30240,23338,26069,16360,20794,4992,9300,225569,181287,30666,28738,46529,44250,9459,86,37
2021-07-21T23:59:59+02:00,670,594,10846,10288,15068,14104,18449,19026,25110,26483,31852,33043,24725,27589,17112,21742,5213,9830,51,56,4906,4840,9289,9320,13200,14267,21693,23236,28843,30091,23273,25993,16335,20771,4990,9297,225138,179515,30656,27476,46526,44082,9341,86,37
2021-07-20T23:59:59+02:00,652,577,10788,10233,15042,14067,18414,18999,25079,26451,31816,33009,24705,27568,17107,21727,5210,9823,46,46,4765,4728,9140,9189,13033,14132,21580,23115,28712,29967,23193,25889,16313,20731,4983,9291,224757,178173,30656,27464,46524,43933,9246,86,37
2021-07-19T23:59:59+02:00,639,564,10749,10202,15011,14043,18390,18990,25050,26425,31783,32980,24687,27545,17101,21716,5208,9820,40,43,4685,4661,9042,9111,12915,14035,21482,23007,28613,29847,23137,25832,16287,20702,4978,9285,224507,177234,30656,27455,46515,43835,9141,86,37
2021-07-18T23:59:59+02:00,624,555,10696,10150,14976,14022,18365,18972,25030,26409,31760,32961,24677,27534,17095,21707,5207,9815,38,41,4577,4560,8906,8990,12788,13895,21395,22916,28540,29768,23108,25802,16278,20689,4975,9284,224230,176222,30656,27440,46515,43781,9070,86,37
2021-07-17T23:59:59+02:00,549,484,10408,9851,14861,13920,18274,18893,24924,26335,31652,32910,24643,27500,17082,21687,5205,9814,37,40,4530,4519,8852,8917,12552,13700,20969,22571,28409,29636,23071,25749,16269,20674,4974,9281,222670,174425,30656,27440,46513,43779,9069,86,37
2021-07-16T23:59:59+02:00,520,447,10273,9730,14801,13879,18222,18841,24888,26302,31632,32885,24634,27485,17079,21680,5205,9811,37,40,4484,4477,8776,8876,12181,13421,20425,22171,28275,29542,23021,25712,16260,20669,4972,9279,222002,172312,30656,27437,46512,43772,9060,86,37
2021-07-15T23:59:59+02:00,488,410,10135,9625,14733,13828,18165,18772,24833,26254,31582,32832,24609,27448,17061,21665,5198,9807,24,30,4271,4340,8446,8666,11665,13019,19317,21323,27858,29198,22851,25542,16195,20596,4962,9263,221268,167606,30654,27424,46511,43571,8928,86,37
2021-07-14T23:59:59+02:00,467,396,10104,9599,14695,13807,18135,18737,24794,26212,31531,32779,24579,27420,17050,21648,5197,9805,21,27,4147,4189,8188,8494,11434,12874,19139,21212,27710,29071,22786,25464,16161,20558,4957,9254,220892,166036,30654,27405,46510,43393,8815,86,37
2021-07-13T23:59:59+02:00,443,382,10054,9546,14665,13778,18108,18704,24757,26191,31496,32737,24563,27389,17039,21636,5196,9802,21,25,4052,4093,8012,8336,11233,12683,19003,21072,27556,28908,22689,25380,16126,20504,4953,9243,220480,164572,30654,27384,46509,43137,8759,86,37
2021-07-12T23:59:59+02:00,431,360,10008,9494,14637,13759,18078,18675,24720,26148,31462,32693,24539,27366,17024,21631,5193,9799,20,22,3946,3994,7840,8215,11074,12546,18887,20951,27433,28788,22616,25318,16099,20478,4952,9238,220105,163403,30653,27365,46508,42946,8666,86,37
2021-07-11T23:59:59+02:00,423,342,9977,9465,14616,13739,18060,18665,24698,26139,31441,32675,24527,27356,17022,21629,5193,9797,17,20,3877,3924,7723,8117,10926,12418,18761,20849,27332,28673,22572,25270,16078,20453,4950,9235,219908,162442,30650,27360,46507,42742,8614,86,37
2021-07-10T23:59:59+02:00,397,319,9864,9362,14562,13699,18009,18642,24673,26119,31422,32659,24519,27347,17018,21625,5191,9795,17,19,3842,3900,7664,8077,10891,12389,18732,20824,27303,28651,22564,25255,16074,20448,4950,9235,219380,162140,30648,27359,46504,42694,8605,86,37
2021-07-09T23:59:59+02:00,337,271,9605,9151,14459,13619,17930,18571,24587,26066,31373,32598,24496,27316,17004,21607,5191,9790,16,18,3775,3861,7527,7986,10673,12240,18506,20686,26887,28332,22379,25061,16019,20387,4947,9228,218155,159990,30648,27355,46503,42566,8580,86,37
2021-07-08T23:59:59+02:00,258,204,9410,9006,14358,13542,17835,18497,24528,26015,31290,32540,24468,27285,16991,21589,5187,9785,14,15,3617,3736,7216,7797,10321,12011,18159,20403,26582,28073,22204,24903,15951,20311,4940,9212,217049,157612,30645,27307,46490,41990,8519,86,37
2021-07-07T23:59:59+02:00,219,176,9322,8902,14318,13511,17798,18456,24475,25978,31248,32500,24443,27255,16978,21571,5187,9777,12,11,3440,3609,6897,7575,9382,11277,17572,19974,26180,27761,21966,24595,15872,20214,4926,9198,216411,154997,30642,25551,46488,41388,8488,86,37
2021-07-06T23:59:59+02:00,197,164,9243,8845,14267,13481,17762,18413,24433,25938,31187,32453,24407,27227,16963,21554,5185,9775,12,10,3323,3536,6693,7451,9111,11113,17326,19792,25903,27505,21809,24392,15791,20110,4913,9183,215843,153060,30628,25539,46485,40884,8453,86,37
2021-07-05T23:59:59+02:00,185,149,9156,8760,14226,13435,17727,18363,24395,25908,31142,32403,24384,27204,16954,21540,5184,9773,12,9,3271,3503,6566,7373,8962,10992,17178,19652,25731,27348,21666,24224,15742,20057,4902,9173,215288,151993,30628,25530,46483,40397,8404,86,37
2021-07-04T23:59:59+02:00,170,142,9104,8710,14193,13422,17700,18345,24369,25887,31121,32377,24369,27190,16948,21532,5183,9770,10,8,3222,3459,6500,7331,8873,10920,17092,19566,25601,27237,21541,24095,15700,20005,4900,9166,215010,151329,30627,25518,46468,40000,8342,86,37
2021-07-03T23:59:59+02:00,167,139,8598,8229,14034,13304,17599,18229,24273,25828,31057,32329,24348,27168,16936,21522,5181,9767,9,8,3162,3381,6379,7211,8699,10777,16873,19379,25212,26925,21425,23957,15670,19965,4897,9160,213205,149267,30626,25518,46468,39943,8324,86,37
2021-07-02T23:59:59+02:00,160,135,8029,7771,13891,13195,17507,18152,24204,25759,30997,32267,24310,27126,16930,21502,5179,9762,8,8,3051,3273,6108,7055,8441,10537,16502,19050,24732,26498,21198,23683,15601,19883,4891,9157,211379,146184,30626,25515,46465,39619,8321,86,37
2021-07-01T23:59:59+02:00,147,125,7901,7667,13807,13136,17437,18099,24136,25708,30945,32214,24282,27101,16920,21490,5178,9761,7,7,2863,3087,5760,6772,8002,10116,15912,18572,23962,25832,20708,23211,15474,19721,4879,9132,210591,141587,30621,25502,46458,38592,8299,86,37
2021-06-30T23:59:59+02:00,129,112,7756,7551,13743,13086,17383,18046,24083,25654,30885,32168,24251,27079,16906,21472,5178,9756,6,7,2767,3012,5604,6630,7774,9894,14953,17700,23346,25280,20348,22817,15341,19560,4865,9098,210025,140045,30446,23227,46454,37465,8228,86,37
2021-06-29T23:59:59+02:00,114,99,7689,7453,13696,13046,17346,18001,24030,25593,30834,32108,24231,27053,16896,21456,5175,9752,4,5,2709,2966,5473,6532,7620,9760,14784,17527,23100,25044,20089,22491,15242,19459,4853,9078,209396,138917,30444,23214,46451,36372,8196,86,37
2021-06-28T23:59:59+02:00,109,93,7624,7382,13628,12984,17299,17950,23988,25548,30777,32064,24214,27025,16889,21446,5173,9750,3,4,2678,2933,5405,6480,7529,9688,14687,17445,22948,24830,19887,22245,15187,19390,4849,9064,208852,138312,30442,23204,46443,35578,8121,86,37
2021-06-27T23:59:59+02:00,95,88,7576,7321,13597,12947,17270,17917,23969,25513,30750,32036,24202,27017,16882,21440,5173,9748,2,3,2656,2919,5356,6455,7456,9642,14590,17380,22852,24743,19760,22102,15156,19339,4845,9055,208498,137797,30442,23192,46437,35206,8079,86,37
2021-06-26T23:59:59+02:00,91,85,7075,6780,13204,12647,17155,17813,23904,25456,30714,32001,24193,27000,16878,21429,5172,9747,2,3,2556,2810,5166,6265,7256,9451,14043,16925,22189,24107,19612,21960,15111,19286,4843,9047,206322,134156,30440,23191,46437,35186,8079,67,20
2021-06-25T23:59:59+02:00,90,82,6595,6299,12750,12274,16994,17694,23814,25391,30633,31961,24170,26973,16873,21419,5170,9744,2,3,2455,2656,4990,6070,6996,9153,13510,16391,21636,23519,19416,21750,15053,19219,4839,9035,203921,130448,30440,23191,46437,34972,8062,67,20
2021-06-24T23:59:59+02:00,80,70,6373,6088,12527,12122,16888,17612,23741,25338,30575,31913,24136,26931,16867,21409,5168,9737,2,3,2251,2422,4620,5689,6496,8664,12785,15676,20483,22514,18952,21268,14948,19088,4827,9020,202653,124499,30438,23180,46430,34021,7988,67,20
2021-06-23T23:59:59+02:00,75,68,5805,5591,12365,12011,16769,17500,23666,25290,30511,31863,24103,26908,16860,21395,5164,9733,2,3,2213,2369,4556,5569,6404,8514,12551,15387,20238,22252,18653,20938,14851,18974,4816,9003,202142,123472,29110,23031,46420,32831,7939,67,20
2021-06-22T23:59:59+02:00,70,63,5665,5461,12265,11905,16681,17426,23606,25228,30442,31784,24075,26875,16850,21374,5160,9731,2,2,2161,2332,4462,5487,6279,8367,11681,14727,19824,21844,18317,20583,14742,18835,4806,8982,201202,122547,29103,21339,46401,31638,7889,67,20
2021-06-21T23:59:59+02:00,67,60,5531,5348,12188,11812,16616,17339,23549,25154,30392,31726,24050,26847,16837,21359,5160,9727,2,2,2128,2297,4402,5390,6192,8239,10899,14018,19371,21434,18089,20353,14680,18738,4797,8965,200376,121742,29097,19551,46396,30856,7827,67,20
2021-06-20T23:59:59+02:00,65,58,5414,5224,12021,11635,16550,17216,23500,25088,30350,31670,24034,26825,16831,21344,5155,9722,2,2,2110,2267,4360,5349,6121,8188,10796,13939,19260,21308,17932,20163,14614,18654,4793,8958,199373,121208,29093,19548,46390,30260,7780,67,20
2021-06-19T23:59:59+02:00,61,54,5397,5206,11252,10971,16070,16821,23438,25043,30306,31627,24016,26805,16823,21332,5155,9722,2,2,2037,2146,4155,5114,5837,7904,10467,13602,18203,20449,17758,19971,14581,18589,4788,8946,196772,116960,29093,19548,46389,30244,7779,67,20
2021-06-18T23:59:59+02:00,58,53,5361,5178,10609,10387,15459,16256,23346,24974,30236,31564,23988,26775,16812,21317,5154,9720,2,2,1967,2056,4013,4971,5559,7633,10084,13237,17050,19235,17555,19733,14532,18524,4785,8936,193930,112540,29085,19547,46389,29990,7777,67,20
2021-06-17T23:59:59+02:00,51,44,5246,5074,9930,9883,14970,15867,23246,24886,30154,31470,23948,26729,16798,21296,5153,9717,2,2,1838,1950,3756,4724,5170,7267,9543,12750,15861,18042,17094,19243,14391,18349,4772,8912,191337,107405,29082,19538,46386,29070,7639,19,14
2021-06-16T23:59:59+02:00,49,36,5115,4943,9732,9718,14824,15737,23152,24792,30055,31394,23905,26685,16783,21284,5152,9707,2,2,1796,1909,3648,4635,5065,7146,8511,11897,15588,17743,16799,18907,14256,18179,4766,8879,190160,106505,29070,17659,46384,28119,7431,19,14
2021-06-15T23:59:59+02:00,43,30,4933,4762,9548,9564,14687,15593,23060,24701,29979,31309,23862,26611,16757,21251,5144,9692,2,2,1737,1853,3565,4539,4971,7028,8395,11754,15406,17513,16480,18596,14114,18010,4744,8820,188844,105730,29067,17655,46365,26898,7232,19,14
2021-06-14T23:59:59+02:00,41,27,4856,4700,9457,9455,14610,15503,22988,24629,29908,31246,23830,26572,16742,21233,5141,9686,2,2,1717,1830,3530,4513,4930,6995,8294,11691,15269,17379,16300,18391,14021,17912,4739,8812,188098,105502,29061,17653,46359,26070,7088,19,14
2021-06-13T23:59:59+02:00,40,26,4799,4651,9374,9381,14525,15437,22926,24578,29841,31193,23804,26544,16733,21223,5141,9684,2,2,1670,1817,3486,4489,4875,6953,8221,11653,15169,17283,16143,18207,13967,17838,4732,8805,187519,105220,29054,17651,46343,25461,6966,19,14
2021-06-12T23:59:59+02:00,38,24,4780,4636,9346,9357,14286,15259,22796,24447,29796,31148,23783,26527,16724,21215,5140,9682,2,2,1548,1694,3250,4279,4468,6653,7673,11222,13392,15592,15789,17834,13887,17736,4730,8790,186606,98516,29054,17650,46343,25397,6964,18,14
2021-06-11T23:59:59+02:00,34,23,4727,4585,9265,9306,13966,15037,22600,24299,29700,31057,23746,26482,16706,21203,5139,9679,2,2,1448,1561,3059,4064,4172,6287,7161,10677,11747,13698,15307,17254,13774,17588,4715,8776,185250,91575,29049,17649,46341,25157,6897,18,14
2021-06-10T23:59:59+02:00,28,20,4442,4362,8717,8978,12689,14012,22032,23846,29326,30751,23610,26323,16654,21135,5126,9664,2,2,1328,1473,2823,3882,3846,6004,6724,10285,10328,12364,14792,16676,13602,17380,4700,8749,179907,87023,29032,17646,46336,23852,6425,16,14
2021-06-09T23:59:59+02:00,25,16,4209,4201,8124,8687,11790,13350,21710,23634,29096,30600,23546,26260,16634,21110,5123,9660,2,2,1243,1419,2667,3809,3705,5923,6515,10191,10062,12185,14466,16324,13430,17200,4693,8728,177796,86682,27763,17541,46330,22456,5871,16,14
2021-06-08T23:59:59+02:00,21,13,4081,4102,7723,8461,11303,13059,21484,23453,28896,30445,23488,26187,16602,21068,5117,9651,2,2,1166,1392,2530,3750,3545,5852,5617,9440,9589,11818,14128,15915,13204,16959,4679,8706,176045,86316,27393,15384,46305,21184,5396,16,14
2021-06-07T23:59:59+02:00,16,11,3961,4026,7484,8356,11013,12880,21280,23340,28743,30327,23430,26133,16584,21043,5113,9643,2,2,1118,1276,2409,3686,3415,5789,5451,9365,9378,11689,13897,15656,13047,16790,4672,8688,174813,86125,27384,15379,46297,19938,4874,16,14
2021-06-06T23:59:59+02:00,14,11,3844,3968,7247,8237,10763,12716,21093,23252,28657,30236,23399,26099,16572,21025,5110,9638,2,2,1098,1259,2345,3651,3318,5734,5344,9290,9259,11589,13742,15500,12974,16696,4669,8681,173662,85929,27366,15373,46287,19286,4551,16,14
2021-06-05T23:59:59+02:00,14,11,3815,3931,7208,8197,10586,12564,20465,22741,28495,30092,23349,26054,16558,21006,5110,9634,2,1,1066,1160,2177,3197,3085,5194,5175,8957,8479,10632,13088,14659,12862,16549,4658,8671,171623,80534,27366,15373,46286,19150,4541,15,14
2021-06-04T23:59:59+02:00,14,11,3785,3904,7169,8170,10488,12472,20100,22411,28391,29995,23314,26016,16544,20997,5108,9633,2,1,1034,1093,2079,2885,2925,4716,5018,8585,7963,9974,11587,12939,12735,16352,4651,8653,170336,74145,27353,15372,46285,19127,4534,15,14
2021-06-03T23:59:59+02:00,9,7,3649,3803,6951,8029,9932,12049,18878,21478,27993,29683,23182,25875,16491,20935,5104,9619,2,1,984,1048,1991,2774,2786,4558,4814,8277,7598,9524,11208,12540,12624,16238,4648,8640,165580,72354,27342,15369,46281,18068,4450,15,14
2021-06-02T23:59:59+02:00,9,7,3641,3795,6938,8012,9920,12038,18689,21297,27921,29634,23159,25854,16485,20926,5101,9617,2,1,979,1040,1979,2745,2763,4539,4602,8092,7062,9035,11171,12499,12609,16223,4644,8634,165509,72245,26797,13875,46281,18043,4442,15,14
2021-06-01T23:59:59+02:00,8,6,3515,3720,6697,7863,9635,11844,18232,20952,27683,29438,23066,25752,16444,20873,5098,9605,2,1,942,992,1893,2675,2682,4464,4323,7858,6463,8500,10957,12285,12511,16122,4639,8622,163814,71796,26019,12582,46266,17221,4318,15,14
2021-05-31T23:59:59+02:00,8,6,3469,3676,6606,7796,9499,11742,18106,20862,27591,29361,22999,25690,16427,20844,5093,9598,2,1,913,964,1823,2632,2603,4421,4215,7794,6341,8422,10769,12115,12410,16006,4629,8614,162967,71427,25990,12575,46253,16509,4149,15,14
2021-05-30T23:59:59+02:00,8,5,3438,3651,6541,7740,9407,11648,18017,20783,27515,29289,22954,25645,16405,20816,5087,9588,2,1,906,956,1812,2623,2590,4409,4186,7769,6288,8380,10708,12036,12376,15962,4624,8605,162256,71386,25984,12572,46236,16214,4047,15,14
2021-05-29T23:59:59+02:00,8,5,3427,3634,6506,7712,9364,11609,17979,20743,27367,29183,22899,25571,16390,20796,5084,9584,1,1,870,937,1755,2577,2518,4325,3995,7513,6013,8081,8498,9374,12183,15620,4609,8576,161593,65126,25984,12570,46223,15689,4047,15,14
2021-05-28T23:59:59+02:00,8,5,3364,3579,6376,7635,9224,11477,17821,20611,27184,29060,22838,25493,16370,20778,5083,9583,1,1,857,924,1736,2554,2480,4270,3843,7217,5818,7817,5781,6250,11910,15221,4593,8527,160237,58221,25982,12570,46218,14957,4038,15,14
2021-05-27T23:59:59+02:00,8,5,3220,3456,6090,7455,8621,11144,17344,20272,26771,28712,22670,25328,16312,20715,5076,9565,1,1,810,867,1651,2457,2361,4136,3421,6246,5395,7217,5620,6074,11829,15146,4587,8510,156768,57732,25922,12523,46210,12210,3850,15,14
2021-05-26T23:59:59+02:00,8,5,3114,3372,5870,7288,8252,10859,16880,19965,26470,28475,22520,25195,16260,20641,5063,9545,1,1,794,857,1598,2432,2308,4104,3347,6170,5296,7144,5484,5947,11763,15078,4582,8498,154070,57648,25903,12521,46188,11614,3607,15,14
2021-05-25T23:59:59+02:00,8,5,3023,3310,5728,7171,8056,10695,15877,19187,26116,28121,22361,25037,16207,20561,5056,9535,1,1,775,840,1561,2385,2237,4044,3270,6098,5210,7081,5316,5777,11655,14997,4574,8486,152507,57577,23984,12331,46170,11006,3380,14,14
2021-05-24T23:59:59+02:00,8,5,2959,3294,5642,7126,7940,10633,14962,18496,25702,27810,22267,24933,16176,20525,5049,9523,1,1,766,838,1540,2368,2195,4007,3225,6050,5133,7001,5214,5670,11574,14922,4573,8480,151785,57539,21911,12255,46161,10570,3180,14,14
2021-05-23T23:59:59+02:00,8,4,2956,3289,5633,7118,7931,10625,14956,18495,25701,27809,22267,24933,16176,20525,5049,9523,1,1,764,835,1532,2361,2182,3994,3206,6035,5112,6968,5169,5618,11558,14899,4572,8478,151753,57531,21911,12255,46159,10323,3162,14,14
2021-05-22T23:59:59+02:00,7,4,2919,3245,5555,7067,7831,10539,14757,18332,25418,27563,22167,24846,16143,20481,5046,9518,1,1,742,815,1484,2307,2130,3913,3094,5913,4795,6393,4598,4869,10910,14074,4562,8439,150215,54282,21911,12255,46159,9349,3140,14,14
2021-05-21T23:59:59+02:00,5,4,2847,3173,5428,6966,7703,10392,14498,18103,25122,27327,22052,24738,16110,20433,5042,9509,1,1,715,762,1415,2178,2029,3644,2910,5580,4314,5498,4182,4329,10164,13134,4496,8313,148269,50534,21909,12255,46153,7753,3109,13,14
2021-05-20T23:59:59+02:00,5,4,2716,3017,5145,6711,7418,10021,14036,17618,24512,26776,21779,24442,16016,20312,5028,9479,0,1,702,752,1389,2154,1991,3610,2856,5523,4232,5419,4054,4225,10087,13071,4487,8301,144114,50437,21899,12244,46128,7277,2882,13,14
2021-05-19T23:59:59+02:00,5,4,2663,2964,5047,6569,7275,9840,12894,16582,24249,26485,21682,24315,15973,20251,5019,9472,0,1,685,726,1363,2106,1958,3524,2793,5376,4139,5310,3972,4136,10035,13006,4484,8297,142732,50406,19833,12177,46057,6659,2655,13,14
2021-05-18T23:59:59+02:00,5,4,2636,2939,4999,6536,7222,9808,12540,16308,24069,26332,21590,24226,15943,20198,5012,9460,0,1,656,668,1307,1978,1884,3323,2694,5167,4010,5114,3749,3858,9952,12926,4475,8287,142446,50381,18981,11175,46012,6103,2376,13,14
2021-05-17T23:59:59+02:00,5,4,2610,2920,4954,6466,7134,9699,12388,16129,23919,26169,21538,24176,15924,20176,5007,9453,0,1,648,654,1291,1942,1863,3274,2646,5060,3931,4999,3612,3706,9883,12863,4472,8280,141471,50356,18973,11165,45995,5370,2220,13,14
2021-05-16T23:59:59+02:00,5,4,2598,2907,4932,6399,7096,9616,12331,16055,23867,26108,21514,24159,15914,20162,5004,9450,0,1,643,650,1281,1939,1846,3265,2625,5048,3902,4975,3558,3639,9844,12831,4471,8278,141036,50341,18963,11154,45975,5153,2134,13,14
2021-05-15T23:59:59+02:00,4,4,2475,2771,4744,6193,6905,9428,11812,15636,23276,25555,21407,24041,15880,20119,5001,9442,0,1,594,587,1199,1849,1711,3112,2339,4739,3451,4466,3226,3210,9680,12626,4447,8249,137639,47382,18962,11154,45970,4827,2109,13,14
2021-05-14T23:59:59+02:00,4,4,2361,2595,4548,5970,6627,9117,11274,15124,22709,24985,21261,23901,15844,20061,4997,9431,0,1,532,511,1096,1728,1550,2897,2009,4334,2850,3878,2839,2773,9595,12477,4443,8245,133817,44447,18955,11152,45947,4064,2081,13,14
2021-05-13T23:59:59+02:00,4,4,2184,2311,4225,5585,6201,8646,10712,14434,21672,24069,20979,23627,15784,19962,4990,9416,0,1,528,511,1083,1713,1535,2879,1999,4310,2833,3857,2822,2759,9588,12473,4442,8245,127915,44395,18899,11143,45921,3969,2057,13,14
2021-05-12T23:59:59+02:00,4,4,2183,2309,4214,5582,6192,8640,10610,14312,21617,24029,20974,23616,15779,19954,4989,9416,0,1,521,489,1047,1659,1485,2800,1916,4223,2774,3798,2741,2664,9537,12400,4442,8245,127861,44392,18575,10316,45921,3966,2054,13,14
2021-05-11T23:59:59+02:00,4,4,2062,2270,4129,5519,6065,8525,10301,14061,21424,23867,20896,23544,15763,19922,4985,9411,0,1,496,465,986,1599,1416,2709,1817,4083,2701,3723,2587,2436,9472,12299,4441,8245,126912,44374,18238,9478,45637,3658,1952,13,14
2021-05-10T23:59:59+02:00,4,4,2023,2194,4022,5397,5928,8347,9511,13298,21045,23546,20805,23454,15724,19868,4975,9398,0,1,484,437,950,1536,1351,2618,1729,3922,2619,3631,2561,2417,9462,12281,4437,8240,125770,44361,16397,9299,45533,3172,1830,13,14
2021-05-09T23:59:59+02:00,4,4,1991,2181,3984,5359,5875,8299,9442,13229,20975,23473,20769,23413,15709,19841,4972,9384,0,1,477,430,927,1492,1325,2569,1695,3860,2581,3588,2552,2404,9451,12264,4437,8232,125322,44301,16392,9296,45436,2933,1741,13,14
2021-05-08T23:59:59+02:00,4,4,1928,2079,3802,5184,5601,8091,9132,12943,19842,22545,20574,23220,15676,19772,4967,9372,0,1,408,401,863,1452,1248,2495,1607,3758,2362,3375,2003,1976,9357,12178,4436,8232,121167,42816,16391,9295,45433,2296,1739,6,6
2021-05-07T23:59:59+02:00,4,4,1842,1966,3622,5015,5281,7796,8720,12568,18590,21269,20390,23007,15631,19715,4958,9353,0,1,322,346,753,1377,1116,2366,1473,3616,2186,3182,1632,1635,8869,11729,4435,8230,116221,41077,16387,9290,45410,1188,1707,6,6
2021-05-06T23:59:59+02:00,4,4,1658,1856,3337,4759,4830,7389,8078,12007,17345,20027,20057,22629,15523,19550,4948,9342,0,1,305,336,734,1347,1076,2319,1424,3531,2118,3114,1597,1579,8852,11698,4429,8227,110359,41055,16380,9284,45174,918,1424,6,6
2021-05-05T23:59:59+02:00,4,3,1588,1826,3252,4672,4751,7282,7950,11856,17191,19882,19937,22509,15446,19453,4926,9246,0,1,295,325,692,1295,1013,2244,1342,3382,2010,2998,1504,1480,8434,11130,4423,8210,109588,41015,16237,8155,45003,662,940,6,6
2021-05-04T23:59:59+02:00,4,3,1561,1796,3204,4593,4691,7171,7700,11560,16629,19301,19849,22376,15370,19355,4896,9132,0,1,279,313,669,1265,992,2190,1284,3262,1897,2840,1431,1373,8363,11026,4418,8192,108873,40988,14890,7879,44898,398,524,6,6
2021-05-03T23:59:59+02:00,4,3,1553,1792,3194,4577,4653,7146,7446,11326,15935,18704,19785,22291,15344,19321,4890,9122,0,1,264,293,647,1181,942,2102,1220,3123,1799,2703,1364,1293,8338,10991,4414,8183,108778,40977,13292,7671,44858,52,152,6,6
2021-05-02T23:59:59+02:00,4,3,1552,1790,3187,4575,4648,7143,7432,11315,15916,18692,19768,22283,15344,19319,4889,9122,0,1,264,290,644,1180,937,2099,1210,3117,1791,2696,1350,1286,8337,10986,4413,8183,108750,40954,13288,7669,44832,49,106,6,6
2021-05-01T23:59:59+02:00,4,3,1422,1647,2910,4326,4181,6787,6813,10833,13980,16812,19386,21884,15253,19203,4886,9106,0,1,262,290,641,1178,936,2096,1208,3115,1789,2692,1345,1281,8335,10984,4413,8183,101214,40922,13288,7669,44826,49,103,5,6
2021-04-30T23:59:59+02:00,3,3,1302,1502,2692,4105,3852,6391,6246,10241,12193,14778,18928,21343,15149,19062,4872,9095,0,1,257,289,634,1171,920,2088,1195,3105,1778,2678,1335,1272,8331,10979,4412,8182,93607,40876,13288,7669,44826,45,31,5,6
2021-04-29T23:59:59+02:00,2,3,1189,1440,2526,3980,3613,6188,5889,9940,10851,13497,18667,21065,15106,18992,4868,9089,0,1,256,285,629,1163,908,2082,1175,3100,1747,2641,1309,1248,8325,10970,4412,8182,88921,40843,13279,7535,44686,35,14,5,6
2021-04-28T23:59:59+02:00,2,3,1136,1434,2475,3960,3562,6164,5826,9907,10753,13428,18635,21031,15098,18976,4868,9086,0,1,256,284,626,1162,905,2080,1170,3096,1739,2640,1302,1229,7879,10447,4412,8182,88651,40819,13229,6542,44446,31,13,5,5
2021-04-27T23:59:59+02:00,2,3,1091,1407,2369,3915,3497,6135,5707,9850,10636,13350,18601,20991,15085,18961,4866,9084,0,1,255,284,624,1154,904,2078,1165,3093,1735,2636,1290,1212,7461,9865,4412,8182,88136,40799,13175,5509,44222,26,12,5,5
2021-04-26T23:59:59+02:00,2,3,1051,1378,2278,3822,3370,6034,5539,9729,10332,13091,18539,20936,15076,18943,4864,9084,0,1,254,283,623,1152,898,2074,1158,3090,1717,2627,1275,1199,7452,9845,4412,8182,86797,40712,13164,5488,44093,25,12,5,5
2021-04-25T23:59:59+02:00,2,3,1048,1376,2270,3819,3363,6029,5519,9720,10297,13060,18529,20924,15075,18937,4864,9083,0,1,253,283,623,1151,898,2074,1156,3090,1717,2627,1275,1199,7452,9843,4412,8182,86772,40710,13156,5485,43974,25,11,5,5
2021-04-24T23:59:59+02:00,2,2,1006,1263,2082,3281,3092,5413,5327,9307,9461,12013,17820,20027,14962,18777,4856,9072,0,1,252,282,622,1150,898,2073,1156,3089,1711,2622,1272,1194,7450,9841,4412,8181,80643,40685,13156,5481,43949,25,10,5,5
2021-04-23T23:59:59+02:00,1,2,973,1179,1970,2935,2909,4861,5131,8878,8905,11291,16189,18162,14813,18571,4848,9049,0,1,252,282,621,1150,896,2071,1155,3089,1710,2621,1267,1189,7446,9839,4412,8180,73608,40671,13155,5470,43889,25,10,5,5
2021-04-22T23:59:59+02:00,1,2,968,1167,1951,2919,2889,4841,5074,8832,8790,11186,16116,18085,14786,18541,4846,9044,0,1,250,282,617,1149,893,2070,1147,3077,1694,2601,1243,1167,7441,9831,4412,8180,73556,40657,13097,5359,43370,24,10,5,5
2021-04-21T23:59:59+02:00,1,2,958,1159,1937,2907,2861,4815,5027,8777,8682,11063,16029,18000,14757,18507,4846,9039,0,1,246,279,607,1140,879,2040,1137,3052,1684,2574,1230,1153,7215,9512,4411,8180,73512,40648,13039,4654,42801,23,10,5,5
2021-04-20T23:59:59+02:00,1,2,931,1111,1885,2793,2788,4652,4933,8598,8508,10854,15796,17718,14698,18448,4839,9033,0,1,233,276,589,1119,853,2008,1108,3026,1649,2533,1210,1139,7206,9507,4410,8180,73473,40627,11910,4387,42190,19,10,5,4
2021-04-19T23:59:59+02:00,1,2,922,1103,1851,2773,2738,4627,4809,8537,8308,10742,15704,17620,14676,18429,4839,9027,0,1,227,268,571,1098,834,1975,1090,2983,1603,2478,1192,1120,7199,9504,4408,8179,73072,40591,11889,4108,41732,17,10,5,4
2021-04-18T23:59:59+02:00,1,2,919,1102,1846,2767,2730,4615,4791,8526,8268,10699,15654,17561,14666,18412,4838,9025,0,1,227,268,571,1097,833,1975,1089,2983,1603,2477,1192,1119,7197,9503,4407,8179,73026,40584,11885,4106,41496,17,10,5,4
2021-04-17T23:59:59+02:00,0,2,887,1087,1797,2728,2661,4535,4636,8383,8004,10470,13282,14661,14467,18058,4821,8991,0,1,225,268,571,1094,829,1968,1077,2974,1592,2457,1152,1076,6864,9088,4382,8131,66196,39623,11885,4095,41374,17,10,5,4
2021-04-16T23:59:59+02:00,0,2,881,1081,1785,2718,2619,4495,4544,8299,7824,10276,10440,11409,14197,17640,4802,8936,0,1,224,264,569,1090,824,1964,1068,2971,1584,2444,1141,1061,6858,9082,4380,8128,58915,39544,11883,4078,41135,17,10,5,4
2021-04-15T23:59:59+02:00,0,2,869,1076,1763,2704,2576,4462,4426,8239,7594,10075,10189,11191,14135,17574,4795,8922,0,1,222,263,569,1088,823,1962,1065,2968,1581,2441,1135,1056,6856,9080,4380,8128,58891,39529,11881,4059,39805,16,10,5,4
2021-04-14T23:59:59+02:00,0,2,851,1049,1704,2623,2486,4338,4236,8055,7319,9791,9815,10706,13986,17393,4789,8910,0,1,198,238,528,1035,800,1895,1029,2888,1530,2378,1109,1026,6851,9072,4380,8127,58854,39513,10934,3544,38250,14,10,5,4
2021-04-13T23:59:59+02:00,0,2,827,1027,1667,2570,2417,4255,4135,7916,7107,9571,9407,10187,13840,17226,4784,8896,0,1,163,215,493,987,759,1801,994,2778,1477,2308,1090,991,6835,9061,4379,8127,58802,39448,9985,2989,37032,8,10,5,4
2021-04-12T23:59:59+02:00,0,2,822,1025,1648,2566,2388,4242,4083,7865,6966,9399,9140,9872,13777,17166,4773,8879,0,1,152,201,465,947,737,1737,974,2706,1433,2258,1068,974,6818,9041,4376,8122,58743,39331,9954,2657,35901,8,10,5,4
2021-04-11T23:59:59+02:00,0,2,821,1024,1637,2566,2374,4239,4060,7853,6901,9337,9007,9707,13750,17118,4768,8870,0,1,152,201,465,945,735,1735,972,2706,1431,2258,1068,974,6816,9041,4376,8122,58729,39321,9952,2656,35338,7,10,5,4
2021-04-10T23:59:59+02:00,0,2,805,1020,1608,2537,2337,4210,3990,7794,6768,9220,8449,8973,13083,16265,4757,8828,0,1,149,200,463,942,729,1732,972,2699,1422,2251,1054,958,6344,8541,4360,8106,55392,38248,9951,2654,35288,7,10,5,4
2021-04-09T23:59:59+02:00,0,2,784,992,1567,2488,2271,4130,3837,7634,6421,8887,7922,8314,12261,15241,4685,8689,0,1,147,198,461,936,722,1724,963,2689,1407,2240,1032,935,6102,8269,4340,8079,51404,37574,9944,2650,34762,7,10,5,4
2021-04-08T23:59:59+02:00,0,2,774,982,1540,2464,2205,4081,3704,7545,6165,8585,7304,7659,12099,15041,4674,8673,0,1,147,196,456,932,717,1717,955,2678,1398,2227,1020,932,6099,8267,4339,8079,51369,37551,9919,2588,32194,7,10,5,4
2021-04-07T23:59:59+02:00,0,2,767,973,1514,2446,2146,4043,3617,7475,5934,8320,6747,7024,11489,14294,4661,8645,0,1,128,189,424,885,671,1648,898,2608,1348,2158,999,916,6091,8261,4338,8079,51339,37527,8763,2095,29981,7,9,5,4
2021-04-06T23:59:59+02:00,0,2,762,971,1502,2438,2117,4020,3544,7426,5753,8148,6301,6516,11285,14077,4646,8614,0,1,105,168,376,825,626,1573,854,2508,1295,2094,973,899,6072,8246,4336,8075,51270,37496,8578,1511,28261,7,8,5,4
2021-04-05T23:59:59+02:00,0,2,757,967,1486,2430,2091,4010,3493,7400,5609,8037,6096,6298,11218,13990,4640,8604,0,1,99,165,375,823,619,1564,845,2493,1282,2075,945,868,4965,6843,4259,7969,51070,34670,8574,1501,27471,7,8,5,4
2021-04-04T23:59:59+02:00,0,2,755,961,1484,2428,2087,4008,3475,7393,5599,8030,6085,6278,11204,13972,4638,8601,0,1,99,165,373,821,616,1559,838,2486,1267,2056,922,846,3955,5681,4193,7863,51055,32221,8572,1501,27360,7,8,5,4
2021-04-03T23:59:59+02:00,0,2,704,905,1402,2357,1964,3869,3215,7132,5139,7539,5740,5821,11032,13754,4610,8573,0,1,95,165,373,820,616,1557,837,2486,1267,2056,922,846,3955,5678,4193,7862,47815,32209,8572,1501,27358,7,8,5,4
2021-04-02T23:59:59+02:00,0,2,661,871,1346,2289,1866,3755,2963,6871,4621,7060,5348,5361,10932,13588,4605,8567,0,1,94,165,373,820,616,1557,836,2486,1265,2055,920,843,3952,5675,4192,7862,44884,32194,8571,1500,27239,7,7,5,4
2021-04-01T23:59:59+02:00,0,2,658,868,1336,2284,1846,3747,2934,6857,4546,6987,5239,5251,10893,13539,4604,8562,0,1,94,165,371,816,614,1553,836,2483,1261,2051,910,842,3947,5672,4191,7861,44867,32182,8426,1468,26848,7,7,5,4
2021-03-31T23:59:59+02:00,0,2,656,866,1328,2267,1838,3737,2906,6829,4483,6941,5099,5089,10378,12930,4600,8554,0,1,94,165,370,816,614,1553,836,2483,1259,2051,909,842,3947,5671,4191,7860,44854,32176,7293,1468,26345,7,7,4,4
2021-03-30T23:59:59+02:00,0,2,647,863,1309,2247,1809,3708,2869,6794,4397,6852,4930,4895,9851,12229,4593,8540,0,1,89,163,369,812,609,1551,831,2477,1251,2048,899,832,3939,5668,4190,7859,44830,32155,6105,1415,25589,7,7,4,4
2021-03-29T23:59:59+02:00,0,2,642,854,1296,2214,1791,3677,2838,6752,4325,6766,4730,4697,9765,12135,4590,8526,0,1,89,163,368,810,604,1547,829,2470,1245,2040,891,826,3931,5660,4190,7859,44760,32138,5887,1368,24942,6,7,4,4
2021-03-28T23:59:59+02:00,0,2,639,852,1293,2211,1777,3667,2822,6740,4290,6714,4635,4587,9729,12071,4585,8519,0,1,89,163,368,808,604,1547,826,2470,1243,2040,890,826,3930,5660,4190,7859,44738,32136,5878,1361,24506,6,7,4,4
2021-03-27T23:59:59+01:00,0,2,635,847,1283,2207,1760,3650,2794,6710,4127,6571,4055,4134,9500,11825,4572,8500,0,1,89,163,366,806,602,1545,824,2467,1235,2034,886,822,3751,5370,4083,7686,42793,31352,5874,1361,24494,6,7,4,4
2021-03-26T23:59:59+01:00,0,2,630,839,1275,2196,1738,3633,2769,6688,4051,6493,3646,3767,8898,11266,4559,8486,0,1,89,163,366,805,601,1542,820,2464,1226,2030,873,809,3024,4426,3874,7338,40851,29073,5861,1361,24213,6,7,4,4
2021-03-25T23:59:59+01:00,0,2,623,834,1262,2182,1719,3609,2710,6649,3967,6415,3472,3548,8787,11155,4553,8480,0,1,89,163,366,805,601,1541,820,2463,1224,2030,873,809,3023,4425,3873,7337,40837,29065,5753,1361,23366,6,7,4,4
2021-03-24T23:59:59+01:00,0,2,618,826,1229,2156,1674,3564,2632,6580,3810,6263,3153,3183,8376,10604,4544,8467,0,1,85,161,354,792,585,1523,787,2429,1174,1997,839,771,3014,4419,3873,7334,40813,28761,4994,1360,21863,6,7,4,4
2021-03-23T23:59:59+01:00,0,2,606,818,1204,2124,1632,3516,2550,6501,3661,6109,2772,2799,8159,10386,4536,8448,0,1,80,157,342,772,550,1492,726,2365,1073,1915,756,711,2977,4384,3869,7330,40768,28130,4703,1353,20342,6,7,3,4
2021-03-22T23:59:59+01:00,0,2,582,708,1167,2071,1599,3460,2497,6431,3520,5979,2529,2560,7828,10031,4520,8412,0,1,80,156,342,772,550,1490,724,2363,1070,1915,754,707,2973,4379,3867,7327,40299,28100,4381,1353,19206,6,7,3,4
2021-03-21T23:59:59+01:00,0,2,581,705,1161,2062,1587,3450,2480,6416,3482,5945,2387,2395,7735,9919,4511,8397,0,1,80,156,342,771,550,1490,723,2362,1070,1915,754,707,2973,4378,3867,7326,40294,28095,4367,1353,18544,6,7,3,4
2021-03-20T23:59:59+01:00,0,2,580,705,1159,2055,1580,3443,2474,6409,3464,5922,2354,2357,7243,9402,4494,8380,0,1,80,156,342,771,549,1490,721,2361,1070,1913,754,707,2973,4376,3865,7324,39251,28083,4355,1353,18407,6,7,3,4
2021-03-19T23:59:59+01:00,0,2,573,697,1140,2035,1545,3419,2406,6271,3400,5815,2172,2175,6934,9082,4472,8355,0,1,80,156,341,766,545,1487,716,2353,1061,1900,745,700,2543,3773,3442,6570,38641,25813,4338,1353,17504,2,7,3,4
2021-03-18T23:59:59+01:00,0,2,558,680,1120,2006,1518,3389,2366,6203,3325,5727,2018,1979,6813,8963,4466,8344,0,1,79,156,341,765,544,1487,715,2349,1057,1899,738,697,2493,3701,3415,6528,38620,25622,4326,1331,16522,2,6,3,4
2021-03-17T23:59:59+01:00,0,1,529,651,1075,1949,1481,3304,2289,6086,3172,5571,1763,1714,6647,8810,4456,8329,0,1,78,152,329,738,528,1443,693,2291,1019,1858,721,678,2252,3407,3328,6398,38548,24643,3800,1259,15470,2,6,3,4
2021-03-16T23:59:59+01:00,0,1,486,623,1035,1894,1429,3199,2224,5932,3056,5437,1563,1489,6512,8662,4445,8306,0,1,72,137,308,682,498,1367,664,2156,989,1730,671,628,2137,3269,3302,6311,38489,23884,3183,1027,14613,2,5,3,4
2021-03-15T23:59:59+01:00,0,1,474,611,1002,1844,1396,3132,2194,5847,2970,5353,1437,1355,5926,7973,4405,8242,0,1,69,130,294,624,483,1247,626,2026,948,1616,642,607,2099,3229,3287,6247,37247,23477,2831,694,14081,2,0,3,2
2021-03-14T23:59:59+01:00,0,1,469,604,993,1832,1392,3114,2178,5829,2935,5326,1394,1304,5530,7525,4382,8224,0,1,68,125,290,601,477,1220,620,1970,938,1591,642,607,2099,3229,3286,6245,36424,23471,2826,534,13779,2,0,3,2
2021-03-13T23:59:59+01:00,0,1,449,585,956,1783,1339,3050,1921,5242,2694,4912,1288,1191,4868,6675,4334,8151,0,1,68,125,289,598,475,1218,618,1968,937,1587,640,603,1736,2743,2759,5483,34738,21310,2822,534,11876,2,0,3,2
2021-03-12T23:59:59+01:00,0,1,433,564,935,1740,1308,2967,1718,4456,2488,4463,1216,1108,4167,5879,4287,8069,0,1,68,123,288,594,475,1215,616,1959,933,1581,637,596,1408,2198,2215,4687,33059,19057,2819,534,9918,1,0,3,2
2021-03-11T23:59:59+01:00,0,1,429,557,926,1726,1293,2948,1693,4420,2451,4426,1142,1052,4122,5842,4284,8065,0,1,68,115,282,572,460,1163,607,1910,914,1545,625,583,1402,2180,2206,4636,33020,18805,2723,462,9631,1,0,3,1
2021-03-10T23:59:59+01:00,0,1,410,545,880,1667,1237,2870,1619,4323,2384,4333,1108,1029,4106,5825,4283,8063,0,1,68,115,280,568,457,1156,602,1887,914,1540,620,575,1341,2093,2161,4579,33005,18518,2152,437,9523,1,0,3,1
2021-03-09T23:59:59+01:00,0,1,389,529,835,1618,1194,2806,1577,4240,2341,4280,1087,1018,4100,5818,4282,8061,0,1,66,114,279,567,456,1145,600,1874,907,1535,617,569,1135,1782,2043,4400,32958,17680,1706,408,9509,1,0,3,1
2021-03-08T23:59:59+01:00,0,1,382,518,824,1602,1186,2789,1570,4213,2328,4267,1074,1006,4063,5770,4280,8056,0,1,65,114,275,562,452,1139,598,1870,903,1533,617,569,1066,1691,1998,4355,32826,17422,1609,384,9491,1,0,3,1
2021-03-07T23:59:59+01:00,0,1,381,515,823,1601,1184,2787,1567,4206,2318,4262,1067,998,4057,5764,4279,8055,0,1,63,111,266,540,440,1113,582,1770,868,1458,616,569,961,1560,1946,4284,32809,17055,1569,92,9484,0,0,3,1
2021-03-06T23:59:59+01:00,0,1,373,499,804,1568,1160,2729,1526,4138,2125,3765,1037,961,3884,5491,4177,7890,0,1,63,111,266,540,440,1112,582,1770,868,1458,616,569,958,1559,1943,4283,32091,17046,1569,92,8465,0,0,3,1
2021-03-05T23:59:59+01:00,0,1,360,460,772,1464,1110,2513,1452,3925,1911,3101,1006,916,3127,4525,3972,7546,0,1,63,110,265,537,437,1106,581,1765,864,1455,613,567,919,1501,1920,4241,29770,16852,1568,92,6820,0,0,3,1
2021-03-04T23:59:59+01:00,0,1,347,451,764,1444,1097,2490,1433,3896,1889,3082,992,912,3123,4521,3969,7544,0,1,62,109,262,534,433,1090,571,1743,863,1447,611,565,882,1447,1897,4204,29757,16691,1529,29,6666,0,0,3,1
2021-03-03T23:59:59+01:00,0,1,338,420,745,1393,1067,2407,1383,3741,1809,2985,959,866,3113,4515,3969,7541,0,1,61,108,259,531,432,1086,569,1734,860,1443,611,564,862,1394,1808,4057,29441,16352,1529,27,6279,0,0,3,1
2021-03-02T23:59:59+01:00,0,1,332,412,730,1370,1019,2362,1315,3656,1693,2886,871,801,3070,4476,3963,7536,0,1,61,108,258,527,431,1078,569,1728,860,1439,610,564,862,1394,1808,4057,28802,16327,1465,27,6223,0,0,3,1
2021-03-01T23:59:59+01:00,0,1,328,398,723,1323,1006,2304,1295,3573,1666,2836,852,792,3062,4466,3962,7536,0,1,61,107,257,523,426,1064,565,1715,851,1431,609,562,765,1239,1751,3977,28761,15876,1413,27,5946,0,0,3,1
2021-02-28T23:59:59+01:00,0,1,323,386,715,1284,992,2227,1281,3485,1643,2757,848,782,3060,4462,3961,7533,0,1,61,107,256,523,426,1063,565,1715,849,1431,609,561,668,1114,1703,3896,28745,15521,1409,26,5583,0,0,3,1
2021-02-27T23:59:59+01:00,0,1,314,365,701,1257,973,2191,1246,3416,1620,2704,830,766,3057,4462,3960,7533,0,1,60,107,256,523,426,1063,564,1715,847,1431,609,561,668,1114,1703,3896,28741,15517,1409,26,5243,0,0,3,1
2021-02-26T23:59:59+01:00,0,1,288,314,654,1192,909,2073,1156,3249,1515,2567,801,743,2620,3856,3533,6755,0,1,60,107,253,520,426,1061,562,1713,844,1425,605,559,661,1102,1694,3877,26447,15443,1409,26,4367,0,0,3,1
2021-02-25T23:59:59+01:00,0,1,283,301,640,1162,888,2031,1137,3183,1497,2522,798,739,2573,3784,3503,6711,0,1,58,104,249,512,426,1057,557,1703,841,1414,599,555,585,993,1647,3819,26228,15095,1409,24,4113,0,0,3,1
2021-02-24T23:59:59+01:00,0,1,264,291,589,1116,841,1963,1079,3088,1454,2464,782,720,2332,3482,3414,6573,0,1,57,99,244,505,420,1038,548,1681,838,1394,592,543,571,973,1636,3796,25230,14919,1409,16,3811,0,0,3,1
2021-02-23T23:59:59+01:00,0,1,252,270,560,1060,804,1888,1011,2938,1380,2362,730,670,2217,3342,3388,6480,0,1,57,97,242,499,420,1022,538,1649,830,1372,584,536,555,922,1624,3743,24424,14674,1404,16,3522,0,0,3,1
2021-02-22T23:59:59+01:00,0,1,248,264,547,997,784,1812,985,2844,1344,2302,705,648,2187,3306,3379,6417,0,1,57,96,236,493,418,1009,529,1631,826,1347,570,522,533,896,1618,3688,24019,14454,1404,15,3344,0,0,3,1
2021-02-21T23:59:59+01:00,0,1,245,257,538,972,771,1775,977,2796,1314,2276,705,646,2185,3306,3378,6416,0,1,57,96,235,493,418,1009,529,1631,826,1346,570,521,533,896,1618,3687,24013,14450,1404,15,3138,0,0,3,1
2021-02-20T23:59:59+01:00,0,1,167,227,469,923,702,1698,907,2707,1229,2177,690,631,1811,2788,2822,5613,0,1,57,96,235,493,418,1009,529,1630,826,1346,570,521,533,896,1617,3687,21736,14448,1404,15,2419,0,0,3,1
2021-02-19T23:59:59+01:00,0,1,84,166,358,842,575,1566,776,2558,1093,2025,674,610,1503,2274,2273,4820,0,1,57,96,235,493,418,1008,529,1630,826,1346,570,521,527,894,1615,3681,19528,14431,1404,15,1263,0,0,3,1
2021-02-18T23:59:59+01:00,0,1,81,161,346,792,554,1477,743,2418,1060,1957,658,599,1494,2255,2264,4768,0,1,54,89,229,471,404,941,514,1550,806,1273,556,507,521,876,1612,3659,19284,14047,1379,15,962,0,0,3,1
2021-02-17T23:59:59+01:00,0,1,80,153,332,769,545,1444,714,2325,1023,1857,653,589,1436,2167,2216,4718,0,1,54,86,227,462,396,903,503,1485,787,1191,543,495,519,874,1612,3659,19023,13781,1306,15,690,0,0,3,1
2021-02-16T23:59:59+01:00,0,1,75,148,317,729,517,1370,682,2217,998,1752,642,582,1192,1820,2092,4535,0,1,53,77,226,455,390,873,490,1420,761,1125,522,482,517,874,1609,3658,18102,13530,1067,2,497,0,0,3,1
2021-02-15T23:59:59+01:00,0,1,70,132,291,624,482,1228,624,2004,947,1592,633,580,1109,1713,2040,4470,0,1,53,77,224,450,386,867,489,1416,759,1118,522,482,516,869,1608,3655,17771,13491,729,0,39,0,0,1,1
2021-02-14T23:59:59+01:00,0,1,69,125,286,597,477,1199,613,1950,933,1570,633,580,1010,1589,1993,4413,0,1,53,77,224,450,386,867,489,1414,759,1118,522,482,516,869,1608,3655,17441,13489,573,0,23,0,0,1,1
2021-02-13T23:59:59+01:00,0,1,69,124,286,596,476,1195,612,1948,931,1567,632,579,1009,1580,1989,4410,0,1,53,77,224,449,384,862,488,1409,757,1117,520,480,499,831,1349,3184,17407,12683,573,0,23,0,0,1,1
2021-02-12T23:59:59+01:00,0,1,68,124,285,595,472,1191,612,1945,928,1566,629,578,971,1528,1969,4370,0,1,53,77,224,445,380,853,483,1400,751,1110,513,472,481,790,986,2470,17238,11488,573,0,20,0,0,1,1
2021-02-11T23:59:59+01:00,0,1,67,117,282,582,459,1164,606,1919,921,1554,628,577,928,1471,1947,4331,0,1,53,74,209,414,366,806,466,1326,736,1078,510,471,481,790,985,2469,17059,11235,490,0,4,0,0,1,0
2021-02-10T23:59:59+01:00,0,1,66,117,279,579,457,1159,602,1902,916,1550,628,577,919,1455,1926,4287,0,1,52,64,176,336,312,704,416,1154,656,983,476,459,476,789,985,2468,16956,10507,462,0,1,0,0,1,0
2021-02-09T23:59:59+01:00,0,1,64,115,273,575,454,1146,601,1887,908,1544,627,576,907,1419,1856,4183,0,1,43,53,125,257,236,554,334,952,554,829,440,448,472,788,982,2468,16704,9536,431,0,0,0,0,1,0
2021-02-08T23:59:59+01:00,0,1,63,115,270,566,451,1139,599,1872,901,1536,625,573,804,1266,1799,4101,0,1,38,43,87,168,173,417,271,715,495,694,433,442,469,785,981,2468,16274,8680,406,0,0,0,0,1,0
2021-02-07T23:59:59+01:00,0,1,61,112,260,544,437,1108,583,1769,866,1457,624,572,702,1140,1750,4017,0,1,37,42,83,165,170,410,266,702,490,683,431,441,469,785,981,2467,15903,8623,99,0,0,0,0,1,0
2021-02-06T23:59:59+01:00,0,1,60,112,259,544,437,1108,581,1768,863,1454,621,570,700,1132,1744,4010,0,1,34,41,82,162,167,400,262,694,479,674,423,440,433,737,741,2075,15864,7845,99,0,0,0,0,1,0
2021-02-05T23:59:59+01:00,0,1,60,112,257,540,437,1106,580,1767,861,1452,619,570,690,1125,1738,3997,0,1,32,39,78,158,162,392,254,675,462,664,417,440,427,712,337,1442,15812,6692,99,0,0,0,0,1,0
2021-02-04T23:59:59+01:00,0,1,59,110,252,534,431,1090,564,1740,857,1438,612,560,604,1008,1687,3936,0,1,31,36,73,152,156,381,239,651,445,650,411,432,422,705,335,1435,15451,6555,31,0,0,0,0,1,0
2021-02-03T23:59:59+01:00,0,1,58,105,248,527,430,1071,561,1724,855,1423,608,550,593,998,1684,3922,0,1,24,28,59,121,123,280,175,509,335,500,305,330,337,548,257,1151,15328,5083,29,0,0,0,0,1,0
2021-02-02T23:59:59+01:00,0,1,58,103,245,522,430,1053,549,1691,846,1399,595,540,581,949,1674,3871,0,1,17,21,41,78,87,186,122,344,219,361,215,220,217,344,184,756,15078,3413,29,0,0,0,0,0,0
2021-02-01T23:59:59+01:00,0,1,58,101,241,514,428,1037,541,1669,842,1376,588,534,559,920,1666,3824,0,0,7,11,21,42,48,98,65,168,95,165,101,103,90,160,77,329,14870,1580,29,0,0,0,0,0,0
2021-01-31T23:59:59+01:00,0,1,58,101,240,513,426,1033,539,1664,840,1373,588,533,559,920,1666,3823,0,0,7,11,19,38,43,84,61,142,81,149,96,101,89,159,75,327,14848,1482,29,0,0,0,0,0,0
2021-01-30T23:59:59+01:00,0,1,58,101,240,513,426,1033,539,1664,840,1373,588,533,559,920,1666,3823,0,0,7,11,19,38,43,84,61,142,81,149,96,100,89,159,75,327,14848,1481,29,0,0,0,0,0,0
2021-01-29T23:59:59+01:00,0,1,58,101,240,513,426,1033,539,1664,840,1373,588,533,559,920,1666,3823,0,0,7,11,19,38,43,84,61,142,81,149,96,100,89,159,75,327,14848,1481,29,0,0,0,0,0,0
2021-01-28T23:59:59+01:00,0,1,56,93,236,484,414,966,521,1578,816,1292,575,518,553,903,1663,3804,0,0,3,2,5,6,11,16,19,34,22,33,17,22,21,34,19,99,14450,363,23,0,0,0,0,0,0
2021-01-27T23:59:59+01:00,0,1,54,89,236,474,406,927,511,1512,796,1209,563,505,551,901,1663,3804,0,0,3,2,5,6,9,16,19,33,21,31,17,21,21,34,19,99,14181,356,21,0,0,0,0,0,0
2021-01-26T23:59:59+01:00,0,1,53,83,231,471,399,898,500,1445,771,1142,541,492,549,901,1663,3804,0,0,1,2,5,6,9,15,17,29,17,26,15,18,19,32,19,91,13925,321,19,0,0,0,0,0,0
2021-01-25T23:59:59+01:00,0,1,53,83,228,465,396,892,500,1442,770,1137,541,492,549,898,1663,3802,0,0,0,0,0,0,0,2,0,0,0,0,1,1,0,2,0,0,13895,6,17,0,0,0,0,0,0
2021-01-24T23:59:59+01:00,0,1,53,83,228,465,396,892,500,1441,770,1137,541,492,549,898,1663,3802,0,0,0,0,0,0,0,2,0,0,0,0,1,1,0,2,0,0,13894,6,17,0,0,0,0,0,0
2021-01-23T23:59:59+01:00,0,1,53,83,228,464,395,888,500,1435,769,1135,538,490,532,860,1403,3324,0,0,0,0,0,0,0,1,0,0,0,0,1,1,0,2,0,0,13081,5,17,0,0,0,0,0,0
2021-01-22T23:59:59+01:00,0,1,53,83,227,460,390,878,495,1425,764,1128,532,481,515,818,1024,2583,0,0,0,0,0,0,0,1,0,0,0,0,1,1,0,2,0,0,11841,5,16,0,0,0,0,0,0
2021-01-21T23:59:59+01:00,0,1,53,80,208,426,363,822,467,1325,737,1093,528,481,515,818,1023,2582,0,0,0,0,0,0,0,1,0,0,0,0,1,1,0,2,0,0,11506,5,16,0,0,0,0,0,0
2021-01-20T23:59:59+01:00,0,1,51,70,181,354,322,737,424,1171,667,1003,492,470,510,818,1023,2581,0,0,0,0,0,0,0,1,0,0,0,0,1,1,0,2,0,0,10859,5,16,0,0,0,0,0,0
2021-01-19T23:59:59+01:00,0,1,44,57,137,276,248,579,347,989,577,863,457,458,506,816,1023,2581,0,0,0,0,0,0,0,0,0,0,0,0,1,0,0,2,0,0,9951,3,8,0,0,0,0,0,0
2021-01-18T23:59:59+01:00,0,1,40,44,88,175,179,429,280,726,505,706,449,451,503,812,1021,2581,0,0,0,0,0,0,0,0,0,0,0,0,0,0,0,1,0,0,8990,1,0,0,0,0,0,0,0
2021-01-17T23:59:59+01:00,0,1,37,43,85,172,175,421,276,715,500,693,447,451,503,812,1021,2580,0,0,0,0,0,0,0,0,0,0,0,0,0,0,0,0,0,0,8932,0,0,0,0,0,0,0,0
2021-01-16T23:59:59+01:00,0,1,34,42,83,170,171,412,269,708,485,684,438,449,464,765,774,2183,0,0,0,0,0,0,0,0,0,0,0,0,0,0,0,0,0,0,8132,0,0,0,0,0,0,0,0
2021-01-15T23:59:59+01:00,0,1,32,40,80,165,168,406,262,691,471,676,432,448,459,741,361,1541,0,0,0,0,0,0,0,0,0,0,0,0,0,0,0,0,0,0,6974,0,0,0,0,0,0,0,0
2021-01-14T23:59:59+01:00,0,1,32,38,78,159,163,401,254,678,460,668,429,445,459,740,361,1541,0,0,0,0,0,0,0,0,0,0,0,0,0,0,0,0,0,0,6907,0,0,0,0,0,0,0,0
2021-01-13T23:59:59+01:00,0,0,24,31,62,127,128,304,194,544,351,525,326,343,374,577,282,1246,0,0,0,0,0,0,0,0,0,0,0,0,0,0,0,0,0,0,5438,0,0,0,0,0,0,0,0
2021-01-12T23:59:59+01:00,0,0,17,24,46,88,93,216,140,393,238,389,234,235,247,371,205,845,0,0,0,0,0,0,0,0,0,0,0,0,0,0,0,0,0,0,3781,0,0,0,0,0,0,0,0
2021-01-11T23:59:59+01:00,0,0,9,15,27,48,62,139,88,220,125,208,116,112,106,179,93,374,0,0,0,0,0,0,0,0,0,0,0,0,0,0,0,0,0,0,1921,0,0,0,0,0,0,0,0
2021-01-10T23:59:59+01:00,0,0,8,15,23,44,55,110,80,179,105,175,110,108,102,177,90,374,0,0,0,0,0,0,0,0,0,0,0,0,0,0,0,0,0,0,1755,0,0,0,0,0,0,0,0
2021-01-09T23:59:59+01:00,0,0,8,15,23,44,55,110,80,179,105,175,110,107,102,177,90,374,0,0,0,0,0,0,0,0,0,0,0,0,0,0,0,0,0,0,1754,0,0,0,0,0,0,0,0
2021-01-08T23:59:59+01:00,0,0,8,14,22,43,52,103,75,168,99,172,107,103,97,168,88,364,0,0,0,0,0,0,0,0,0,0,0,0,0,0,0,0,0,0,1683,0,0,0,0,0,0,0,0
2021-01-07T23:59:59+01:00,0,0,3,3,5,7,11,17,20,34,24,36,17,22,23,35,23,107,0,0,0,0,0,0,0,0,0,0,0,0,0,0,0,0,0,0,387,0,0,0,0,0,0,0,0
2021-01-06T23:59:59+01:00,0,0,3,2,5,6,9,16,20,33,21,32,17,21,23,35,23,106,0,0,0,0,0,0,0,0,0,0,0,0,0,0,0,0,0,0,372,0,0,0,0,0,0,0,0
2021-01-05T23:59:59+01:00,0,0,3,2,5,6,9,16,20,33,21,32,17,21,23,35,23,106,0,0,0,0,0,0,0,0,0,0,0,0,0,0,0,0,0,0,372,0,0,0,0,0,0,0,0
2021-01-04T23:59:59+01:00,0,0,0,0,0,0,0,2,1,0,0,0,1,1,0,2,0,0,0,0,0,0,0,0,0,0,0,0,0,0,0,0,0,0,0,0,7,0,0,0,0,0,0,0,0
2021-01-03T23:59:59+01:00,0,0,0,0,0,0,0,2,1,0,0,0,1,1,0,2,0,0,0,0,0,0,0,0,0,0,0,0,0,0,0,0,0,0,0,0,7,0,0,0,0,0,0,0,0
2021-01-02T23:59:59+01:00,0,0,0,0,0,0,0,1,1,0,0,0,1,1,0,2,0,0,0,0,0,0,0,0,0,0,0,0,0,0,0,0,0,0,0,0,6,0,0,0,0,0,0,0,0
2021-01-01T23:59:59+01:00,0,0,0,0,0,0,0,1,1,0,0,0,1,1,0,2,0,0,0,0,0,0,0,0,0,0,0,0,0,0,0,0,0,0,0,0,6,0,0,0,0,0,0,0,0
2020-12-31T23:59:59+01:00,0,0,0,0,0,0,0,1,1,0,0,0,1,1,0,2,0,0,0,0,0,0,0,0,0,0,0,0,0,0,0,0,0,0,0,0,6,0,0,0,0,0,0,0,0
2020-12-30T23:59:59+01:00,0,0,0,0,0,0,0,1,1,0,0,0,1,1,0,2,0,0,0,0,0,0,0,0,0,0,0,0,0,0,0,0,0,0,0,0,6,0,0,0,0,0,0,0,0
2020-12-29T23:59:59+01:00,0,0,0,0,0,0,0,1,1,0,0,0,1,0,0,2,0,0,0,0,0,0,0,0,0,0,0,0,0,0,0,0,0,0,0,0,5,0,0,0,0,0,0,0,0
2020-12-28T23:59:59+01:00,0,0,0,0,0,0,0,1,0,0,0,0,1,0,0,1,0,0,0,0,0,0,0,0,0,0,0,0,0,0,0,0,0,0,0,0,3,0,0,0,0,0,0,0,0
2020-12-27T23:59:59+01:00,0,0,0,0,0,0,0,0,0,0,0,0,0,0,0,0,0,0,0,0,0,0,0,0,0,0,0,0,0,0,0,0,0,0,0,0,0,0,0,0,0,0,0,0,0
