Datum,<15_m,<15_w,15-24_1_m,15-24_1_w,25-34_1_m,25-34_1_w,35-44_1_m,35-44_1_w,45-54_1_m,45-54_1_w,55-64_1_m,55-64_1_w,65-74_1_m,65-74_1_w,75-84_1_m,75-84_1_w,>84_1_m,>84_1_w,<24_2_m,<24_2_w,25-34_2_m,25-34_2_w,35-44_2_m,35-44_2_w,45-54_2_m,45-54_2_w,55-64_2_m,55-64_2_w,65-74_2_m,65-74_2_w,75-84_2_m,75-84_2_w,>84_2_m,>84_2_w,bp_1,bp_2,mo_1,mo_2,az_1,az_2,ja,unb_1,unb_2
2021-09-25T23:59:59+02:00,1793,1595,14326,13623,17271,16151,20589,20846,27229,28342,33802,34779,25638,28504,17356,22262,5147,9766,12669,11999,15976,14731,19356,19321,25707,26499,32293,33090,24855,27592,16868,21502,4970,9311,244227,228425,32052,29805,46434,44766,16214,110,46
2021-09-24T23:59:59+02:00,1775,1571,14247,13547,17202,16101,20534,20797,27190,28300,33764,34749,25620,28493,17346,22252,5145,9762,12576,11897,15895,14667,19303,19262,25661,26464,32247,33060,24832,27572,16859,21490,4968,9307,243842,227923,32034,29802,46434,44766,15993,110,46
2021-09-23T23:59:59+02:00,1756,1553,14147,13454,17116,16015,20444,20723,27109,28244,33717,34691,25594,28471,17334,22233,5141,9755,12489,11824,15830,14602,19232,19214,25605,26409,32202,33025,24813,27553,16853,21479,4965,9302,243375,227608,31934,29764,46434,44766,15662,110,46
2021-09-22T23:59:59+02:00,1738,1541,14109,13404,17063,15973,20394,20677,27071,28199,33668,34641,25564,28445,17326,22211,5137,9751,12448,11779,15784,14569,19202,19185,25575,26381,32153,32991,24785,27527,16847,21465,4961,9293,242961,227289,31910,29755,46434,44764,15514,110,46
2021-09-21T23:59:59+02:00,1725,1526,14054,13351,17040,15926,20362,20639,27043,28161,33634,34619,25551,28428,17314,22188,5129,9724,12402,11720,15757,14542,19170,19146,25548,26353,32128,32964,24764,27510,16844,21456,4959,9282,242487,226914,31908,29707,46434,44762,15492,110,46
2021-09-20T23:59:59+02:00,1715,1519,14007,13313,17010,15887,20324,20606,27003,28125,33600,34585,25531,28400,17305,22166,5117,9693,12354,11683,15728,14522,19143,19123,25521,26331,32106,32940,24751,27497,16842,21447,4954,9268,242046,226622,31907,29707,46434,44762,15426,110,46
2021-09-19T23:59:59+02:00,1711,1510,13988,13288,16984,15866,20303,20588,26982,28098,33587,34573,25523,28392,17302,22164,5116,9691,12333,11662,15712,14503,19134,19104,25508,26321,32096,32930,24745,27492,16836,21441,4953,9268,241825,226456,31906,29706,46434,44760,15408,110,46
2021-09-18T23:59:59+02:00,1709,1506,13976,13276,16974,15859,20293,20581,26975,28094,33581,34569,25523,28392,17302,22163,5116,9691,12326,11655,15702,14498,19123,19101,25501,26317,32091,32928,24745,27492,16836,21441,4953,9268,241789,226437,31893,29700,46434,44760,15371,110,46
2021-09-17T23:59:59+02:00,1686,1472,13873,13161,16869,15784,20210,20512,26908,28034,33528,34525,25500,28369,17290,22152,5115,9688,12238,11575,15603,14422,19038,19034,25435,26250,32029,32885,24726,27472,16826,21423,4952,9264,241327,226005,31844,29687,46434,44759,14978,110,46
2021-09-16T23:59:59+02:00,1659,1437,13774,13053,16783,15689,20120,20426,26807,27949,33452,34458,25468,28336,17276,22127,5107,9667,12151,11496,15534,14360,18956,18956,25346,26168,31967,32829,24686,27435,16816,21410,4949,9253,240720,225540,31747,29629,46434,44757,14594,110,46
2021-09-15T23:59:59+02:00,1643,1429,13714,13003,16729,15628,20075,20375,26753,27899,33400,34402,25442,28304,17261,22099,5100,9644,12086,11436,15479,14311,18905,18905,25287,26120,31909,32772,24653,27402,16800,21390,4945,9242,240311,225105,31726,29614,46430,44755,14340,110,46
2021-09-14T23:59:59+02:00,1627,1418,13652,12939,16662,15577,20016,20329,26704,27842,33352,34354,25422,28287,17249,22087,5096,9639,12023,11374,15413,14255,18852,18861,25239,26067,31852,32719,24622,27379,16786,21374,4945,9237,239923,224709,31673,29524,46430,44755,14133,110,46
2021-09-13T23:59:59+02:00,1605,1402,13613,12902,16636,15552,19997,20303,26682,27817,33334,34330,25412,28280,17244,22076,5096,9636,11981,11340,15381,14233,18828,18831,25214,26038,31826,32696,24613,27369,16773,21365,4942,9236,239641,224397,31672,29522,46425,44753,14085,110,46
2021-09-12T23:59:59+02:00,1595,1399,13591,12880,16613,15535,19988,20293,26672,27800,33329,34318,25408,28275,17243,22072,5096,9633,11948,11321,15352,14215,18806,18810,25198,26025,31812,32682,24605,27360,16770,21361,4941,9233,239490,224177,31672,29522,46423,44752,14061,110,46
2021-09-11T23:59:59+02:00,1584,1398,13575,12868,16598,15526,19979,20290,26660,27793,33325,34314,25404,28274,17242,22071,5094,9633,11881,11270,15336,14206,18800,18799,25186,26014,31804,32669,24603,27358,16769,21360,4941,9233,239424,223854,31652,29520,46423,44752,14035,110,46
2021-09-10T23:59:59+02:00,1546,1353,13434,12740,16527,15451,19873,20205,26576,27729,33263,34259,25364,28243,17226,22048,5088,9628,11761,11165,15251,14124,18693,18715,25091,25957,31730,32611,24561,27327,16752,21340,4936,9228,238836,223300,31638,29509,46423,44752,13560,110,46
2021-09-09T23:59:59+02:00,1525,1332,13364,12673,16473,15401,19821,20170,26524,27663,33221,34218,25336,28224,17221,22035,5083,9619,11699,11093,15200,14072,18640,18687,25035,25917,31684,32575,24539,27313,16739,21330,4933,9217,238466,222932,31563,29470,46423,44752,13354,110,46
2021-09-08T23:59:59+02:00,1510,1315,13333,12648,16456,15377,19802,20157,26508,27651,33208,34207,25324,28216,17215,22029,5080,9616,11654,11050,15173,14054,18628,18669,25017,25892,31663,32564,24526,27298,16737,21324,4933,9215,238242,222652,31563,29470,46419,44751,13331,110,46
2021-09-07T23:59:59+02:00,1481,1298,13275,12602,16418,15345,19780,20129,26471,27630,33174,34177,25300,28198,17209,22013,5075,9610,11596,10986,15123,14001,18592,18636,24970,25847,31611,32537,24498,27275,16729,21307,4928,9213,238013,222346,31480,29356,46419,44751,13176,110,46
2021-09-06T23:59:59+02:00,1466,1290,13246,12568,16395,15321,19761,20109,26455,27615,33163,34168,25297,28185,17206,22009,5072,9610,11575,10954,15102,13969,18570,18620,24954,25827,31589,32522,24487,27262,16728,21299,4925,9213,237796,222116,31480,29345,46419,44750,13144,110,46
2021-09-05T23:59:59+02:00,1456,1282,13230,12549,16380,15304,19751,20102,26449,27606,33153,34155,25294,28183,17204,22005,5072,9610,11554,10938,15077,13953,18559,18611,24948,25821,31580,32503,24484,27252,16725,21294,4923,9212,237671,221970,31480,29345,46419,44749,13118,110,46
2021-09-04T23:59:59+02:00,1456,1282,13229,12548,16380,15304,19749,20102,26448,27606,33153,34155,25294,28183,17204,22004,5072,9610,11554,10936,15075,13953,18554,18611,24947,25819,31580,32501,24483,27252,16725,21294,4923,9212,237669,221959,31480,29344,46419,44749,13114,110,46
2021-09-03T23:59:59+02:00,1429,1266,13132,12447,16324,15253,19714,20063,26408,27580,33116,34138,25276,28173,17200,21993,5070,9609,11417,10811,15013,13884,18486,18565,24875,25771,31520,32465,24451,27224,16712,21278,4920,9208,237181,221167,31479,29338,46419,44749,13015,110,46
2021-09-02T23:59:59+02:00,1414,1260,13069,12405,16280,15219,19677,20039,26374,27546,33091,34118,25262,28160,17195,21988,5070,9605,11342,10770,14965,13849,18448,18546,24842,25749,31482,32436,24432,27203,16706,21273,4920,9206,236956,220903,31417,29297,46416,44740,12886,110,46
2021-09-01T23:59:59+02:00,1391,1244,13032,12365,16260,15199,19658,20025,26356,27527,33069,34093,25252,28150,17189,21978,5067,9601,11301,10735,14943,13820,18428,18526,24821,25726,31457,32405,24418,27189,16699,21267,4918,9204,236662,220573,31412,29295,46415,44739,12870,110,46
2021-08-31T23:59:59+02:00,1360,1222,12977,12305,16217,15162,19623,19983,26311,27478,33030,34059,25236,28129,17183,21965,5063,9598,11228,10665,14894,13760,18374,18495,24771,25673,31399,32362,24387,27173,16691,21254,4915,9197,236360,220146,31349,29264,46415,44720,12680,110,46
2021-08-30T23:59:59+02:00,1336,1207,12940,12267,16192,15141,19602,19965,26287,27461,33008,34043,25225,28119,17183,21961,5061,9596,11151,10631,14867,13740,18352,18471,24743,25657,31372,32335,24375,27158,16685,21247,4912,9194,236114,219852,31349,29264,46415,44709,12618,110,46
2021-08-29T23:59:59+02:00,1332,1201,12927,12251,16180,15132,19593,19956,26284,27453,33001,34029,25220,28113,17181,21960,5061,9596,11134,10593,14855,13723,18337,18457,24730,25649,31364,32323,24366,27146,16683,21242,4912,9194,236014,219677,31349,29264,46415,44705,12594,110,46
2021-08-28T23:59:59+02:00,1325,1189,12895,12229,16166,15120,19581,19942,26277,27443,32992,34023,25218,28108,17180,21957,5061,9595,11059,10521,14821,13690,18291,18430,24694,25616,31321,32292,24349,27133,16674,21226,4912,9191,235854,219153,31348,29264,46415,44705,12586,110,46
2021-08-27T23:59:59+02:00,1306,1174,12831,12173,16119,15073,19523,19895,26222,27394,32949,33993,25200,28096,17176,21943,5061,9592,11022,10488,14783,13665,18275,18415,24659,25592,31293,32271,24336,27122,16671,21222,4912,9190,235430,219000,31348,29263,46415,44704,12429,110,46
2021-08-26T23:59:59+02:00,1287,1158,12760,12116,16073,15030,19480,19855,26167,27336,32898,33946,25170,28067,17169,21933,5058,9589,10953,10439,14737,13624,18230,18386,24615,25554,31249,32232,24314,27106,16664,21213,4912,9186,235059,218692,31288,29249,46415,44697,12231,110,46
2021-08-25T23:59:59+02:00,1269,1142,12736,12073,16053,15005,19459,19840,26140,27320,32863,33918,25152,28048,17162,21926,5057,9586,10904,10395,14706,13595,18196,18355,24594,25535,31216,32194,24301,27089,16657,21203,4910,9183,234750,218319,31288,29248,46408,44693,12202,110,46
2021-08-24T23:59:59+02:00,1242,1124,12675,12002,16000,14963,19414,19800,26093,27275,32818,33885,25132,28024,17150,21915,5056,9581,10824,10321,14663,13553,18150,18319,24543,25486,31174,32157,24277,27062,16642,21188,4909,9182,234442,217902,31164,29209,46408,44693,12033,110,46
2021-08-23T23:59:59+02:00,1229,1111,12637,11963,15974,14944,19393,19765,26072,27241,32789,33863,25118,28011,17146,21906,5056,9578,10769,10270,14634,13515,18112,18285,24516,25456,31139,32125,24264,27043,16635,21185,4907,9181,234141,217502,31163,29209,46408,44691,11982,110,46
2021-08-22T23:59:59+02:00,1221,1104,12622,11941,15958,14928,19386,19746,26060,27230,32778,33848,25107,28005,17144,21903,5053,9578,10739,10241,14613,13499,18092,18274,24503,25439,31124,32112,24255,27033,16633,21180,4906,9180,233976,217286,31163,29208,46408,44690,11963,110,46
2021-08-21T23:59:59+02:00,1134,1032,12547,11884,15946,14916,19377,19735,26050,27219,32768,33832,25102,28000,17141,21900,5053,9578,10715,10211,14597,13495,18085,18262,24494,25433,31116,32106,24252,27032,16632,21180,4906,9180,233606,217165,31157,29207,46408,44690,11941,110,46
2021-08-20T23:59:59+02:00,1114,1016,12486,11815,15888,14866,19316,19697,25996,27186,32718,33805,25087,27989,17132,21895,5052,9576,10661,10173,14557,13460,18044,18235,24459,25414,31087,32089,24243,27025,16626,21177,4906,9179,233112,216881,31157,29206,46408,44690,11855,110,46
2021-08-19T23:59:59+02:00,1088,992,12419,11758,15830,14834,19266,19650,25935,27136,32676,33769,25055,27966,17120,21884,5049,9574,10569,10097,14488,13419,17989,18199,24391,25371,31021,32044,24201,27006,16617,21159,4905,9176,232821,216446,31066,29196,46408,44682,11604,110,46
2021-08-18T23:59:59+02:00,1076,975,12378,11723,15802,14804,19238,19620,25905,27105,32641,33744,25037,27954,17115,21875,5047,9573,10515,10031,14441,13394,17940,18171,24345,25334,30962,32006,24179,26989,16611,21146,4901,9170,232508,215994,31066,29191,46407,44672,11529,110,46
2021-08-17T23:59:59+02:00,1049,950,12326,11681,15773,14762,19205,19589,25877,27083,32605,33706,25018,27934,17105,21858,5046,9568,10422,9949,14390,13347,17886,18116,24294,25294,30901,31961,24152,26965,16600,21126,4899,9162,232206,215397,30939,29129,46407,44669,11481,110,46
2021-08-16T23:59:59+02:00,1037,943,12294,11656,15756,14744,19188,19571,25854,27059,32586,33684,24998,27919,17097,21843,5043,9566,10365,9883,14366,13304,17862,18080,24250,25259,30863,31930,24125,26931,16585,21112,4899,9159,231979,214955,30939,29128,46407,44663,11411,110,46
2021-08-15T23:59:59+02:00,1029,943,12269,11642,15743,14727,19173,19556,25844,27050,32565,33670,24992,27910,17093,21832,5042,9566,10320,9848,14332,13282,17842,18059,24227,25246,30842,31904,24108,26923,16580,21104,4898,9157,231822,214678,30938,29128,46406,44658,11378,110,46
2021-08-14T23:59:59+02:00,1028,943,12268,11638,15743,14725,19170,19554,25843,27050,32565,33669,24992,27910,17093,21832,5042,9566,10152,9628,14225,13192,17766,18012,24179,25215,30802,31871,24093,26910,16577,21101,4896,9156,231813,213672,30938,29127,46406,44657,11372,110,46
2021-08-13T23:59:59+02:00,984,903,12117,11510,15689,14671,19106,19497,25772,26998,32512,33633,24967,27881,17082,21822,5041,9562,10100,9575,14184,13164,17727,17987,24147,25195,30778,31850,24083,26897,16571,21092,4896,9152,230985,213338,30937,29127,46406,44654,11319,108,46
2021-08-12T23:59:59+02:00,969,882,12060,11449,15642,14631,19069,19470,25727,26977,32466,33604,24942,27865,17074,21816,5040,9559,10007,9507,14110,13122,17666,17939,24081,25161,30725,31802,24055,26872,16555,21074,4894,9152,230756,212919,30914,29121,46406,44639,11065,108,46
2021-08-11T23:59:59+02:00,955,871,12028,11415,15622,14608,19038,19451,25705,26958,32441,33575,24924,27843,17070,21808,5039,9557,9933,9445,14056,13083,17618,17894,24040,25140,30684,31754,24025,26840,16539,21061,4893,9147,230467,212348,30913,29117,46405,44611,11022,108,46
2021-08-10T23:59:59+02:00,936,861,11940,11364,15569,14578,18994,19414,25649,26924,32384,33521,24907,27827,17063,21795,5038,9554,9838,9364,14007,13047,17586,17860,23994,25101,30631,31707,23992,26807,16532,21042,4889,9142,230083,211837,30782,29082,46403,44597,10949,108,46
2021-08-09T23:59:59+02:00,934,844,11912,11328,15553,14562,18972,19401,25617,26901,32355,33490,24899,27818,17057,21787,5038,9551,9784,9303,13972,12997,17548,17818,23963,25056,30596,31666,23978,26790,16527,21029,4887,9136,229844,211389,30782,29079,46402,44590,10890,108,46
2021-08-08T23:59:59+02:00,924,837,11875,11303,15531,14548,18952,19380,25592,26881,32333,33473,24891,27803,17050,21783,5037,9551,9708,9248,13927,12969,17521,17788,23930,25021,30564,31635,23965,26771,16519,21015,4886,9133,229651,210993,30782,29078,46402,44589,10807,108,46
2021-08-07T23:59:59+02:00,904,810,11779,11225,15488,14507,18911,19346,25553,26851,32287,33441,24874,27791,17041,21765,5036,9548,9085,8646,13488,12617,17308,17604,23778,24909,30414,31559,23907,26720,16498,20988,4881,9130,229066,207786,30782,29078,46402,44589,10805,108,46
2021-08-06T23:59:59+02:00,894,807,11749,11198,15471,14494,18901,19340,25538,26835,32278,33434,24870,27787,17036,21763,5036,9547,8504,8016,12973,12222,17081,17400,23636,24798,30319,31480,23876,26673,16486,20974,4877,9124,229015,204621,30660,29065,46402,44589,10799,108,46
2021-08-05T23:59:59+02:00,891,800,11710,11167,15432,14466,18860,19308,25492,26799,32232,33387,24830,27765,17034,21752,5036,9541,8445,7951,12929,12171,17031,17358,23572,24758,30243,31425,23829,26631,16472,20956,4875,9115,228790,204195,30659,29060,46402,44580,10547,108,46
2021-08-04T23:59:59+02:00,874,784,11680,11137,15412,14434,18829,19283,25465,26770,32186,33348,24815,27752,17029,21746,5034,9533,8356,7862,12869,12124,16979,17315,23516,24714,30182,31353,23792,26592,16462,20943,4873,9109,228526,203603,30657,29059,46401,44545,10423,108,46
2021-08-03T23:59:59+02:00,858,765,11633,11098,15390,14412,18798,19263,25439,26742,32152,33313,24795,27733,17020,21741,5030,9532,8273,7773,12802,12075,16911,17262,23456,24677,30141,31304,23756,26558,16447,20932,4870,9105,228192,202947,30655,29049,46401,44537,10362,108,46
2021-08-02T23:59:59+02:00,849,762,11598,11067,15369,14379,18771,19243,25410,26717,32120,33286,24781,27714,17012,21732,5029,9530,8177,7679,12722,12015,16853,17199,23399,24605,30091,31247,23738,26535,16426,20922,4868,9100,227915,202241,30654,29048,46401,44529,10294,108,46
2021-08-01T23:59:59+02:00,842,755,11573,11037,15358,14366,18756,19232,25392,26705,32103,33271,24777,27706,17011,21729,5027,9529,8106,7612,12661,11968,16812,17153,23363,24574,30064,31222,23723,26516,16422,20916,4866,9099,227774,201786,30650,29047,46401,44511,10239,108,46
2021-07-31T23:59:59+02:00,839,754,11570,11031,15356,14363,18752,19228,25391,26704,32100,33270,24777,27705,17011,21729,5027,9529,7953,7423,11896,11295,16259,16715,23268,24495,30000,31151,23694,26480,16410,20897,4865,9097,227744,198569,30649,29047,46401,44510,10237,108,46
2021-07-30T23:59:59+02:00,838,753,11556,11022,15353,14360,18746,19223,25384,26699,32090,33265,24776,27703,17011,21726,5027,9529,7667,7183,11350,10849,15781,16287,23131,24388,29891,31038,23657,26435,16394,20875,4865,9092,227676,195485,30648,29046,46399,44497,10233,108,46
2021-07-29T23:59:59+02:00,826,744,11516,10975,15315,14339,18706,19197,25346,26664,32037,33236,24758,27683,17000,21708,5027,9526,7291,6872,10684,10333,15266,15873,22955,24242,29743,30927,23603,26383,16365,20850,4861,9089,227355,192015,30647,29038,46399,44411,10097,108,46
2021-07-28T23:59:59+02:00,807,732,11468,10922,15291,14309,18674,19170,25320,26636,32011,33211,24744,27665,16995,21696,5026,9522,7125,6715,10538,10213,15153,15738,22861,24146,29643,30829,23560,26326,16347,20821,4860,9079,227029,190767,30646,29036,46394,44302,10025,108,46
2021-07-27T23:59:59+02:00,798,723,11423,10883,15249,14269,18634,19144,25291,26610,31974,33189,24728,27640,16988,21685,5025,9514,6904,6502,10380,10096,15009,15603,22757,24038,29535,30716,23508,26262,16331,20794,4858,9067,226711,189615,30646,28709,46393,44267,9912,108,46
2021-07-26T23:59:59+02:00,788,710,11373,10837,15223,14248,18618,19117,25263,26581,31942,33163,24713,27618,16976,21673,5024,9511,6786,6425,10285,10019,14943,15524,22675,23978,29470,30642,23475,26219,16319,20777,4854,9061,226418,188829,30644,28706,46392,44225,9818,108,46
2021-07-25T23:59:59+02:00,777,700,11345,10809,15201,14222,18598,19093,25236,26556,31921,33145,24696,27607,16972,21664,5023,9509,6710,6343,10217,9955,14870,15464,22620,23923,29414,30604,23444,26198,16307,20763,4854,9057,226220,188238,30643,28702,46391,44195,9714,108,46
2021-07-24T23:59:59+02:00,753,678,11265,10725,15161,14195,18575,19071,25216,26541,31908,33132,24696,27603,16969,21662,5023,9509,6310,5983,10073,9841,14497,15183,22396,23766,29297,30520,23408,26160,16290,20746,4851,9053,225837,185879,30642,28701,46391,44193,9706,108,46
2021-07-23T23:59:59+02:00,727,656,11198,10642,15133,14162,18545,19056,25194,26521,31892,33115,24685,27598,16967,21662,5023,9506,5939,5672,9953,9735,14150,14918,22200,23592,29177,30402,23356,26092,16279,20725,4847,9046,225452,183606,30641,28701,46391,44182,9692,108,46
2021-07-22T23:59:59+02:00,686,616,11043,10478,15035,14074,18458,19008,25113,26467,31819,33051,24649,27557,16952,21644,5019,9501,5620,5369,9685,9521,13568,14442,21883,23332,28945,30175,23255,25995,16235,20687,4843,9043,224500,180285,30639,28690,46390,44163,9535,108,46
2021-07-21T23:59:59+02:00,666,591,10978,10424,15000,14047,18418,18970,25073,26438,31780,33001,24624,27523,16936,21632,5016,9496,5000,4901,9246,9270,13189,14212,21650,23177,28758,30026,23190,25919,16210,20664,4841,9040,224070,178519,30631,27418,46387,43996,9419,108,46
2021-07-20T23:59:59+02:00,648,574,10920,10370,14974,14011,18382,18943,25043,26405,31744,32967,24604,27502,16931,21618,5013,9489,4855,4789,9093,9138,13025,14078,21537,23055,28628,29902,23111,25816,16188,20624,4834,9034,223693,177175,30631,27406,46385,43847,9323,108,46
2021-07-19T23:59:59+02:00,635,562,10883,10339,14945,13991,18359,18935,25015,26380,31711,32938,24587,27479,16925,21607,5011,9486,4775,4719,8996,9061,12909,13981,21439,22949,28529,29782,23055,25759,16163,20595,4829,9028,223455,176236,30631,27398,46376,43750,9220,108,46
2021-07-18T23:59:59+02:00,620,553,10829,10287,14909,13970,18334,18917,24995,26363,31689,32919,24577,27468,16919,21598,5010,9481,4667,4615,8861,8940,12782,13840,21353,22858,28456,29703,23027,25730,16154,20582,4826,9027,223176,175222,30631,27384,46376,43697,9149,108,46
2021-07-17T23:59:59+02:00,545,482,10542,9990,14798,13871,18243,18839,24889,26288,31582,32868,24543,27434,16906,21578,5008,9480,4618,4571,8807,8868,12547,13644,20929,22515,28326,29571,22989,25677,16145,20567,4825,9024,221626,173425,30631,27384,46375,43695,9148,108,46
2021-07-16T23:59:59+02:00,516,445,10409,9868,14739,13830,18189,18788,24855,26255,31562,32844,24534,27419,16903,21571,5008,9477,4570,4529,8731,8828,12171,13365,20384,22117,28193,29475,22940,25640,16136,20562,4823,9022,220965,171308,30630,27382,46374,43688,9137,108,46
2021-07-15T23:59:59+02:00,485,407,10270,9763,14673,13781,18132,18721,24801,26207,31512,32791,24509,27382,16885,21555,5001,9473,4357,4388,8406,8621,11653,12964,19279,21272,27776,29130,22771,25471,16071,20489,4813,9006,220235,166609,30629,27368,46373,43491,9005,108,46
2021-07-14T23:59:59+02:00,464,394,10241,9738,14638,13761,18102,18686,24764,26166,31460,32738,24479,27354,16874,21538,5000,9471,4233,4237,8151,8448,11424,12819,19101,21161,27630,29003,22706,25393,16037,20451,4808,8997,219868,165042,30629,27350,46372,43315,8893,108,46
2021-07-13T23:59:59+02:00,440,379,10191,9685,14609,13733,18076,18653,24729,26145,31426,32697,24463,27323,16863,21527,4999,9469,4136,4142,7976,8289,11224,12628,18966,21022,27475,28841,22609,25308,16002,20398,4804,8986,219463,163582,30629,27329,46371,43056,8838,108,46
2021-07-12T23:59:59+02:00,428,357,10144,9635,14583,13714,18045,18623,24693,26103,31392,32652,24438,27300,16848,21522,4996,9466,4029,4043,7807,8168,11064,12493,18851,20900,27352,28720,22534,25246,15975,20372,4803,8981,219088,162416,30628,27307,46371,42865,8745,108,46
2021-07-11T23:59:59+02:00,420,339,10114,9605,14564,13694,18028,18613,24673,26095,31371,32634,24426,27290,16846,21520,4996,9464,3960,3970,7688,8068,10917,12365,18727,20800,27251,28606,22491,25198,15954,20347,4801,8978,218894,161449,30627,27302,46370,42666,8694,108,46
2021-07-10T23:59:59+02:00,394,316,10004,9499,14509,13655,17980,18590,24649,26075,31352,32618,24418,27281,16842,21516,4994,9462,3926,3945,7628,8026,10882,12336,18698,20776,27222,28584,22484,25183,15950,20342,4801,8978,218369,161146,30626,27301,46367,42618,8685,108,46
2021-07-09T23:59:59+02:00,334,269,9742,9290,14404,13573,17904,18520,24563,26022,31303,32557,24395,27250,16829,21498,4994,9456,3858,3905,7495,7935,10664,12188,18473,20638,26807,28263,22300,24989,15895,20281,4798,8971,217144,159001,30626,27297,46366,42489,8660,108,46
2021-07-08T23:59:59+02:00,255,202,9548,9146,14303,13497,17809,18448,24503,25971,31220,32499,24367,27219,16816,21480,4990,9451,3702,3779,7184,7746,10309,11959,18127,20356,26502,28005,22126,24831,15827,20206,4791,8955,216041,156619,30623,27251,46353,41917,8600,108,46
2021-07-07T23:59:59+02:00,216,174,9446,9041,14251,13463,17765,18405,24450,25931,31178,32458,24342,27189,16804,21462,4990,9443,3506,3649,6855,7521,9357,11225,17540,19925,26100,27694,21889,24525,15750,20110,4777,8941,215404,153998,30620,25499,46351,41317,8526,108,46
2021-07-06T23:59:59+02:00,194,162,9368,8982,14201,13434,17729,18363,24409,25892,31117,32411,24305,27161,16789,21445,4988,9441,3390,3574,6654,7399,9086,11062,17295,19744,25823,27437,21732,24322,15669,20006,4764,8926,214840,152063,30603,25489,46348,40813,8493,108,46
2021-07-05T23:59:59+02:00,182,147,9281,8901,14161,13391,17695,18313,24373,25862,31072,32361,24281,27139,16780,21431,4987,9439,3338,3539,6525,7320,8936,10941,17153,19604,25652,27282,21589,24154,15619,19953,4753,8916,214295,150998,30603,25480,46346,40325,8445,108,46
2021-07-04T23:59:59+02:00,167,140,9227,8851,14130,13378,17669,18295,24348,25842,31051,32335,24266,27125,16774,21423,4986,9436,3286,3495,6462,7280,8848,10869,17066,19519,25523,27171,21464,24025,15577,19901,4751,8909,214022,150337,30602,25471,46331,39928,8381,108,46
2021-07-03T23:59:59+02:00,164,137,8715,8354,13972,13258,17568,18177,24254,25784,30986,32286,24245,27103,16762,21411,4984,9433,3226,3415,6342,7161,8676,10727,16849,19335,25135,26860,21348,23888,15547,19861,4747,8903,212188,148282,30602,25471,46331,39872,8365,108,46
2021-07-02T23:59:59+02:00,157,133,8146,7883,13828,13149,17477,18100,24184,25714,30926,32224,24207,27061,16756,21391,4982,9428,3115,3307,6072,7004,8419,10485,16479,19005,24661,26436,21121,23615,15477,19779,4741,8900,210347,145206,30602,25469,46328,39548,8362,108,46
2021-07-01T23:59:59+02:00,144,123,8017,7774,13745,13090,17407,18047,24115,25663,30873,32171,24179,27036,16746,21379,4981,9427,2926,3118,5724,6720,7982,10068,15887,18531,23895,25777,20634,23140,15350,19618,4729,8875,209553,140630,30597,25457,46322,38516,8338,108,46
2021-06-30T23:59:59+02:00,127,110,7870,7656,13676,13041,17354,17994,24064,25610,30814,32125,24147,27014,16732,21361,4981,9422,2829,3039,5570,6576,7756,9846,14928,17659,23281,25227,20275,22746,15217,19457,4715,8841,208987,139091,30423,23181,46318,37393,8263,108,46
2021-06-29T23:59:59+02:00,112,97,7803,7563,13633,13002,17315,17949,24011,25549,30764,32065,24126,26988,16722,21345,4978,9418,2770,2995,5441,6478,7602,9713,14760,17487,23040,24992,20016,22421,15118,19356,4703,8821,208364,137972,30421,23169,46315,36302,8233,108,46
2021-06-28T23:59:59+02:00,107,91,7739,7492,13569,12943,17269,17898,23969,25504,30707,32021,24109,26960,16715,21335,4976,9416,2741,2963,5372,6430,7509,9642,14663,17406,22889,24778,19812,22175,15063,19287,4699,8807,207830,137374,30419,23159,46307,35507,8157,108,46
2021-06-27T23:59:59+02:00,93,86,7690,7428,13539,12907,17240,17865,23950,25469,30680,31993,24097,26952,16708,21329,4976,9414,2718,2948,5322,6405,7437,9597,14567,17342,22794,24691,19684,22033,15032,19236,4695,8798,207475,136862,30419,23148,46301,35134,8114,108,46
2021-06-26T23:59:59+02:00,89,83,7185,6872,13145,12607,17127,17762,23885,25410,30644,31958,24089,26935,16704,21318,4975,9413,2617,2838,5135,6217,7237,9407,14021,16887,22134,24057,19536,21890,14987,19183,4693,8790,205285,133234,30419,23148,46301,35114,8114,83,24
2021-06-25T23:59:59+02:00,88,80,6701,6388,12691,12234,16968,17644,23794,25344,30564,31917,24066,26908,16699,21308,4973,9411,2512,2682,4960,6025,6978,9109,13489,16355,21581,23472,19338,21680,14929,19116,4689,8778,202880,129530,30419,23148,46301,34900,8096,83,24
2021-06-24T23:59:59+02:00,78,68,6477,6171,12466,12083,16862,17561,23722,25291,30506,31869,24032,26866,16693,21298,4971,9404,2303,2443,4589,5646,6477,8618,12766,15640,20429,22469,18873,21198,14824,18985,4677,8763,201604,123576,30417,23136,46294,33948,8021,83,24
2021-06-23T23:59:59+02:00,73,66,5901,5671,12304,11971,16743,17447,23648,25244,30442,31819,23998,26843,16686,21284,4967,9400,2266,2391,4526,5524,6385,8467,12532,15351,20185,22210,18575,20868,14727,18871,4666,8746,201093,122553,29077,22987,46284,32760,7971,83,24
2021-06-22T23:59:59+02:00,69,61,5759,5541,12204,11865,16656,17373,23590,25182,30374,31741,23971,26810,16676,21263,4963,9398,2213,2356,4431,5442,6261,8320,11661,14690,19771,21803,18241,20514,14619,18732,4656,8726,200158,121629,29070,21291,46264,31574,7922,83,24
2021-06-21T23:59:59+02:00,66,58,5623,5427,12129,11772,16595,17287,23534,25108,30324,31683,23946,26782,16663,21248,4963,9394,2180,2320,4373,5345,6174,8192,10880,13985,19319,21393,18015,20287,14559,18637,4647,8709,199334,120832,29066,19506,46259,30796,7861,83,24
2021-06-20T23:59:59+02:00,64,56,5504,5301,11966,11588,16530,17162,23483,25044,30282,31627,23930,26761,16657,21233,4958,9389,2162,2290,4332,5305,6104,8142,10776,13906,19207,21267,17858,20096,14493,18554,4643,8702,198323,120298,29062,19503,46253,30201,7815,83,24
2021-06-19T23:59:59+02:00,60,52,5486,5281,11199,10923,16050,16769,23422,25000,30238,31584,23911,26741,16649,21221,4958,9389,2090,2169,4124,5074,5818,7860,10448,13570,18152,20413,17689,19909,14460,18489,4638,8690,195723,116069,29062,19503,46252,30187,7814,83,24
2021-06-18T23:59:59+02:00,57,51,5451,5254,10555,10340,15437,16205,23331,24930,30169,31521,23884,26711,16638,21206,4957,9387,2021,2081,3981,4929,5540,7590,10066,13206,17000,19203,17486,19671,14411,18425,4635,8680,192881,111655,29056,19502,46252,29935,7813,83,24
2021-06-17T23:59:59+02:00,50,42,5331,5151,9875,9832,14949,15814,23232,24842,30088,31427,23844,26665,16624,21185,4956,9384,1890,1975,3724,4683,5152,7226,9528,12718,15816,18010,17026,19181,14270,18251,4622,8656,190297,106533,29054,19494,46249,29018,7670,22,17
2021-06-16T23:59:59+02:00,48,34,5197,5015,9678,9671,14802,15684,23139,24748,29988,31351,23800,26620,16609,21173,4955,9374,1848,1933,3620,4598,5050,7108,8496,11866,15543,17714,16730,18845,14135,18080,4616,8623,189116,105649,29043,17613,46246,28070,7460,22,17
2021-06-15T23:59:59+02:00,42,28,5009,4828,9496,9516,14667,15542,23047,24658,29911,31265,23757,26547,16583,21140,4947,9359,1785,1875,3542,4503,4956,6994,8380,11724,15365,17485,16410,18534,13992,17911,4594,8565,187796,104886,29040,17609,46227,26849,7258,22,17
2021-06-14T23:59:59+02:00,40,25,4932,4764,9402,9407,14589,15452,22975,24584,29839,31204,23725,26508,16568,21122,4944,9353,1762,1852,3505,4479,4915,6961,8280,11661,15227,17351,16230,18330,13901,17814,4589,8558,187048,104660,29034,17606,46221,26027,7109,22,17
2021-06-13T23:59:59+02:00,39,24,4874,4716,9316,9332,14506,15385,22913,24533,29772,31151,23699,26480,16559,21112,4944,9351,1712,1838,3463,4455,4859,6918,8209,11624,15127,17256,16073,18146,13847,17740,4582,8551,186467,104378,29028,17604,46205,25420,6985,22,17
2021-06-12T23:59:59+02:00,37,23,4855,4701,9288,9309,14268,15208,22783,24404,29727,31106,23679,26463,16550,21104,4943,9349,1587,1715,3225,4244,4454,6615,7661,11192,13349,15567,15720,17774,13767,17638,4580,8536,185561,97668,29028,17604,46205,25356,6983,21,17
2021-06-11T23:59:59+02:00,33,22,4800,4647,9207,9256,13948,14985,22586,24256,29631,31014,23642,26418,16532,21092,4942,9346,1483,1580,3041,4032,4157,6251,7148,10648,11708,13674,15240,17196,13653,17491,4565,8522,184196,90735,29024,17603,46204,25125,6913,21,17
2021-06-10T23:59:59+02:00,27,19,4514,4418,8662,8925,12673,13964,22020,23805,29257,30708,23505,26260,16478,21024,4929,9331,1361,1487,2805,3851,3828,5967,6710,10256,10292,12342,14727,16620,13482,17283,4550,8495,178857,86186,29008,17600,46197,23820,6437,21,17
2021-06-09T23:59:59+02:00,24,15,4278,4253,8069,8633,11770,13303,21699,23590,29027,30555,23441,26197,16459,21000,4926,9327,1273,1433,2649,3781,3685,5887,6503,10163,10029,12162,14404,16269,13311,17103,4543,8474,176743,85852,27732,17497,46191,22427,5880,21,17
2021-06-08T23:59:59+02:00,20,12,4147,4153,7665,8407,11284,13013,21473,23411,28828,30402,23382,26123,16426,20958,4920,9318,1195,1406,2513,3723,3525,5819,5604,9413,9556,11798,14068,15860,13086,16864,4529,8452,174991,85496,27360,15337,46165,21159,5406,21,17
2021-06-07T23:59:59+02:00,15,10,4026,4074,7427,8301,10995,12835,21270,23297,28674,30284,23323,26070,16408,20933,4916,9310,1146,1286,2392,3663,3395,5756,5437,9337,9345,11671,13838,15602,12930,16695,4522,8434,173761,85305,27350,15332,46156,19918,4881,21,17
2021-06-06T23:59:59+02:00,13,10,3908,4015,7189,8179,10745,12674,21083,23209,28588,30193,23293,26036,16396,20915,4913,9306,1125,1269,2327,3626,3299,5703,5331,9262,9227,11569,13681,15448,12857,16601,4519,8427,172611,85111,27333,15328,46146,19264,4555,21,17
2021-06-05T23:59:59+02:00,13,10,3879,3978,7150,8139,10568,12519,20455,22699,28426,30048,23243,25991,16382,20896,4913,9302,1092,1168,2160,3172,3067,5163,5161,8928,8446,10615,13029,14608,12744,16454,4508,8417,170569,79715,27333,15328,46145,19130,4545,20,17
2021-06-04T23:59:59+02:00,13,10,3849,3952,7114,8114,10471,12427,20093,22371,28322,29951,23208,25952,16368,20886,4911,9301,1060,1101,2062,2862,2907,4686,5004,8558,7932,9957,11530,12892,12619,16257,4501,8399,169291,73339,27320,15327,46144,19108,4539,20,17
2021-06-03T23:59:59+02:00,8,7,3714,3849,6893,7976,9915,12004,18866,21442,27922,29641,23075,25810,16315,20824,4907,9287,1007,1057,1973,2750,2770,4529,4799,8254,7569,9508,11152,12492,12510,16143,4498,8386,164532,71554,27310,15324,46140,18051,4454,20,17
2021-06-02T23:59:59+02:00,8,7,3707,3841,6881,7959,9904,11993,18677,21261,27851,29592,23052,25788,16309,20815,4904,9285,1003,1050,1961,2720,2749,4510,4588,8070,7033,9020,11115,12451,12495,16128,4494,8380,164464,71446,26765,13831,46139,18029,4447,20,17
2021-06-01T23:59:59+02:00,7,6,3580,3764,6644,7811,9619,11799,18222,20914,27614,29397,22958,25686,16268,20762,4901,9273,966,1002,1876,2650,2669,4438,4309,7836,6435,8487,10901,12238,12397,16027,4489,8368,162775,71005,25986,12537,46125,17212,4320,20,17
2021-05-31T23:59:59+02:00,7,6,3533,3719,6555,7743,9483,11698,18096,20823,27523,29320,22891,25625,16251,20734,4896,9266,936,977,1808,2610,2589,4396,4202,7772,6315,8412,10715,12069,12296,15911,4479,8360,161932,70640,25955,12532,46112,16510,4151,20,17
2021-05-30T23:59:59+02:00,7,5,3502,3695,6491,7687,9393,11607,18008,20743,27446,29249,22846,25580,16229,20707,4890,9256,930,970,1797,2600,2576,4384,4173,7747,6262,8370,10653,11989,12262,15868,4474,8351,161230,70596,25950,12529,46095,16220,4047,20,17
2021-05-29T23:59:59+02:00,7,5,3491,3676,6455,7660,9349,11570,17970,20703,27301,29143,22792,25506,16214,20687,4887,9252,894,951,1740,2554,2503,4300,3983,7492,5989,8071,8451,9331,12069,15526,4459,8322,160571,64349,25950,12527,46081,15697,4047,20,17
2021-05-28T23:59:59+02:00,7,5,3428,3621,6324,7583,9209,11439,17813,20572,27118,29021,22729,25429,16193,20669,4886,9251,881,937,1721,2534,2467,4246,3832,7195,5795,7809,5748,6218,11793,15129,4443,8273,159216,57471,25948,12527,46076,14970,4038,20,17
2021-05-27T23:59:59+02:00,7,5,3281,3491,6039,7403,8607,11106,17337,20234,26705,28674,22563,25264,16135,20606,4879,9233,831,879,1639,2439,2350,4112,3409,6222,5373,7210,5586,6043,11714,15056,4437,8256,155742,56990,25889,12480,46069,12221,3850,20,17
2021-05-26T23:59:59+02:00,7,5,3174,3407,5820,7237,8236,10820,16872,19928,26404,28438,22414,25131,16084,20532,4866,9213,814,870,1587,2414,2297,4081,3336,6148,5276,7138,5451,5916,11648,14990,4432,8244,153040,56914,25873,12478,46047,11626,3609,20,17
2021-05-25T23:59:59+02:00,7,5,3083,3344,5678,7123,8039,10657,15870,19152,26050,28084,22255,24974,16032,20452,4859,9203,795,853,1551,2370,2226,4022,3261,6078,5191,7075,5284,5746,11540,14910,4424,8233,151483,56847,23950,12291,46031,11020,3386,18,17
2021-05-24T23:59:59+02:00,7,5,3020,3326,5590,7079,7921,10595,14955,18463,25635,27772,22160,24871,16001,20416,4852,9191,786,851,1529,2353,2182,3986,3215,6030,5114,6995,5183,5638,11460,14834,4423,8227,150758,56810,21881,12215,46022,10585,3181,18,17
2021-05-23T23:59:59+02:00,7,4,3017,3322,5581,7072,7912,10587,14950,18462,25634,27771,22160,24871,16001,20416,4852,9191,784,848,1521,2346,2170,3973,3196,6015,5093,6962,5138,5586,11443,14810,4422,8225,150729,56802,21881,12215,46020,10337,3163,18,17
2021-05-22T23:59:59+02:00,6,4,2981,3280,5508,7026,7811,10500,14751,18301,25354,27528,22060,24785,15968,20373,4849,9186,762,829,1478,2296,2119,3893,3084,5895,4779,6392,4568,4842,10797,13987,4412,8186,149190,53559,21881,12215,46020,9367,3163,18,17
2021-05-21T23:59:59+02:00,4,4,2908,3205,5382,6929,7684,10354,14492,18071,25060,27293,21946,24677,15935,20325,4844,9177,731,775,1410,2168,2017,3625,2900,5562,4298,5493,4155,4303,10054,13045,4347,8060,147247,49815,21880,12215,46014,7765,3133,17,17
2021-05-20T23:59:59+02:00,4,4,2777,3042,5103,6674,7398,9986,14031,17588,24449,26743,21675,24380,15841,20205,4830,9147,717,764,1383,2143,1979,3592,2846,5506,4215,5415,4027,4200,9977,12982,4338,8048,143100,49722,21871,12203,45989,7290,2901,17,17
2021-05-19T23:59:59+02:00,4,4,2725,2990,5006,6534,7255,9804,12884,16552,24186,26456,21578,24250,15796,20144,4822,9140,698,738,1358,2095,1947,3507,2783,5359,4120,5307,3945,4109,9924,12917,4335,8044,141728,49693,19800,12138,45918,6671,2668,17,17
2021-05-18T23:59:59+02:00,4,4,2700,2967,4959,6502,7204,9773,12530,16276,24006,26302,21485,24161,15766,20091,4814,9128,669,680,1303,1966,1874,3306,2685,5151,3991,5109,3720,3831,9842,12837,4325,8034,141450,49672,18945,11138,45874,6110,2387,17,17
2021-05-17T23:59:59+02:00,4,4,2674,2946,4916,6432,7116,9665,12377,16098,23857,26141,21431,24110,15747,20068,4809,9120,661,666,1287,1930,1853,3259,2637,5043,3912,4995,3581,3679,9774,12774,4322,8025,140479,49649,18937,11128,45857,5379,2226,17,17
2021-05-16T23:59:59+02:00,4,4,2662,2932,4893,6365,7078,9582,12317,16024,23805,26080,21407,24093,15737,20054,4806,9117,656,660,1277,1927,1836,3250,2615,5031,3883,4972,3527,3612,9735,12742,4321,8023,140041,49636,18929,11117,45835,5160,2138,17,17
2021-05-15T23:59:59+02:00,4,4,2537,2795,4706,6159,6887,9395,11799,15606,23216,25530,21300,23975,15703,20011,4803,9109,606,597,1194,1841,1699,3095,2328,4723,3435,4460,3195,3184,9573,12537,4297,7994,136651,46678,18928,11117,45830,4834,2113,17,17
2021-05-14T23:59:59+02:00,4,4,2421,2618,4512,5935,6610,9082,11262,15095,22649,24963,21153,23835,15667,19953,4799,9098,543,519,1091,1721,1539,2879,1997,4320,2836,3870,2809,2747,9489,12390,4293,7990,132831,43750,18921,11115,45807,4068,2084,17,17
2021-05-13T23:59:59+02:00,4,4,2239,2331,4190,5552,6183,8608,10702,14406,21617,24051,20870,23561,15607,19854,4792,9083,540,519,1078,1705,1524,2861,1988,4295,2816,3846,2792,2731,9482,12386,4292,7990,126926,43685,18867,11107,45781,3974,2063,17,17
2021-05-12T23:59:59+02:00,4,4,2238,2328,4182,5551,6174,8602,10600,14285,21563,24012,20865,23550,15602,19846,4791,9083,532,497,1042,1650,1475,2782,1905,4208,2757,3787,2711,2636,9431,12313,4292,7990,126881,43682,18541,10279,45781,3971,2060,17,17
2021-05-11T23:59:59+02:00,4,4,2116,2289,4098,5486,6048,8487,10294,14034,21371,23850,20789,23478,15587,19813,4787,9078,507,473,981,1590,1406,2691,1805,4070,2684,3712,2558,2408,9367,12212,4291,7990,125936,43664,18204,9445,45497,3661,1959,17,17
2021-05-10T23:59:59+02:00,4,4,2075,2211,3991,5364,5912,8308,9504,13271,20991,23527,20698,23388,15548,19759,4777,9065,495,445,945,1526,1341,2602,1716,3908,2600,3617,2531,2386,9357,12194,4287,7985,124798,43644,16354,9265,45394,3176,1834,17,17
2021-05-09T23:59:59+02:00,4,4,2043,2196,3957,5324,5859,8260,9437,13202,20921,23455,20665,23347,15534,19732,4774,9051,488,436,924,1483,1315,2554,1682,3846,2562,3575,2522,2374,9347,12177,4287,7977,124355,43585,16350,9262,45298,2941,1745,17,17
2021-05-08T23:59:59+02:00,4,4,1980,2093,3773,5149,5584,8054,9127,12917,19786,22526,20469,23153,15501,19663,4769,9039,415,406,860,1443,1239,2481,1594,3744,2343,3362,1978,1946,9253,12092,4286,7977,120197,42112,16349,9261,45295,2300,1744,6,3
2021-05-07T23:59:59+02:00,4,4,1893,1980,3587,4978,5262,7759,8717,12546,18536,21252,20286,22941,15455,19606,4760,9020,323,347,751,1368,1107,2351,1460,3601,2168,3169,1610,1608,8764,11644,4285,7975,115251,40378,16347,9256,45272,1185,1710,6,3
2021-05-06T23:59:59+02:00,4,4,1709,1871,3302,4726,4811,7354,8075,11982,17294,20008,19952,22563,15348,19442,4750,9009,306,338,731,1339,1067,2305,1411,3517,2101,3101,1574,1553,8747,11613,4279,7972,109391,40358,16340,9250,45039,916,1428,6,3
2021-05-05T23:59:59+02:00,4,3,1639,1841,3221,4640,4734,7250,7944,11831,17139,19862,19832,22444,15272,19346,4728,8913,295,326,689,1287,1006,2230,1328,3367,1993,2984,1481,1454,8330,11045,4273,7954,108633,40321,16197,8122,44869,659,938,6,3
2021-05-04T23:59:59+02:00,4,3,1612,1812,3179,4566,4675,7140,7692,11537,16580,19283,19745,22314,15197,19249,4700,8803,279,313,666,1258,985,2176,1269,3247,1880,2827,1409,1348,8259,10941,4269,7936,107946,40295,14850,7846,44766,396,523,6,3
2021-05-03T23:59:59+02:00,4,3,1604,1808,3171,4552,4637,7118,7439,11305,15887,18688,19681,22229,15171,19215,4694,8793,264,292,644,1176,936,2088,1206,3108,1782,2690,1343,1268,8234,10906,4265,7927,107865,40285,13252,7639,44726,53,150,6,3
2021-05-02T23:59:59+02:00,4,3,1603,1806,3166,4550,4632,7115,7426,11295,15868,18676,19665,22221,15171,19213,4693,8793,264,289,641,1175,931,2085,1196,3102,1774,2683,1329,1261,8233,10901,4264,7927,107839,40262,13249,7637,44702,50,104,6,3
2021-05-01T23:59:59+02:00,4,3,1469,1664,2887,4300,4165,6755,6808,10812,13930,16796,19284,21823,15080,19097,4690,8777,262,289,638,1173,930,2082,1194,3100,1772,2679,1324,1257,8231,10899,4264,7927,100292,40231,13249,7637,44697,50,101,5,3
2021-04-30T23:59:59+02:00,3,3,1346,1514,2671,4077,3835,6360,6240,10217,12139,14756,18826,21283,14976,18955,4676,8767,257,288,631,1166,915,2074,1182,3090,1761,2666,1314,1248,8227,10894,4263,7926,92664,40186,13249,7637,44697,47,30,4,3
2021-04-29T23:59:59+02:00,2,3,1230,1449,2504,3951,3594,6156,5883,9914,10797,13479,18567,21005,14933,18885,4672,8761,256,284,626,1159,903,2068,1162,3085,1731,2630,1288,1224,8221,10885,4263,7926,87972,40154,13240,7504,44556,38,13,4,3
2021-04-28T23:59:59+02:00,2,3,1171,1443,2454,3932,3543,6132,5821,9881,10700,13411,18537,20971,14926,18869,4672,8758,256,283,624,1158,900,2066,1157,3081,1723,2629,1282,1206,7779,10364,4263,7926,87702,40133,13190,6517,44318,34,12,4,2
2021-04-27T23:59:59+02:00,2,3,1123,1416,2352,3888,3478,6105,5702,9826,10583,13335,18504,20932,14913,18854,4671,8756,255,283,622,1151,899,2064,1152,3078,1719,2625,1270,1189,7362,9782,4263,7926,87193,40113,13137,5486,44098,29,11,4,2
2021-04-26T23:59:59+02:00,2,3,1081,1387,2262,3796,3351,6005,5535,9706,10280,13076,18442,20878,14904,18836,4669,8756,254,282,621,1149,893,2061,1145,3075,1701,2616,1255,1176,7353,9762,4263,7926,85856,40027,13127,5465,43971,28,11,4,2
2021-04-25T23:59:59+02:00,2,3,1078,1385,2254,3794,3344,6001,5515,9699,10245,13046,18432,20866,14903,18830,4669,8755,253,282,621,1149,893,2061,1143,3075,1701,2616,1255,1176,7353,9760,4263,7926,85834,40025,13118,5463,43855,28,10,4,2
2021-04-24T23:59:59+02:00,2,2,1034,1268,2066,3255,3074,5385,5322,9286,9413,12000,17726,19970,14789,18671,4661,8744,252,281,620,1147,893,2060,1143,3074,1695,2611,1252,1171,7351,9758,4263,7925,79707,39999,13118,5459,43830,28,9,4,2
2021-04-23T23:59:59+02:00,1,2,1002,1184,1953,2908,2891,4834,5127,8857,8859,11278,16097,18113,14643,18465,4653,8721,252,281,619,1147,891,2058,1142,3074,1694,2610,1247,1166,7347,9756,4263,7924,72688,39985,13117,5448,43770,28,9,4,2
2021-04-22T23:59:59+02:00,1,2,997,1173,1933,2892,2871,4815,5070,8811,8747,11175,16026,18036,14616,18435,4651,8716,250,281,615,1146,888,2057,1134,3062,1679,2590,1223,1145,7342,9748,4263,7924,72639,39972,13061,5338,43254,27,9,4,2
2021-04-21T23:59:59+02:00,1,2,988,1165,1921,2879,2844,4789,5024,8756,8640,11052,15939,17952,14587,18401,4651,8711,245,278,605,1137,874,2027,1124,3037,1668,2565,1210,1132,7118,9430,4262,7924,72598,39965,13005,4635,42686,26,9,4,2
2021-04-20T23:59:59+02:00,1,2,961,1116,1869,2764,2771,4628,4931,8577,8465,10843,15708,17670,14528,18342,4644,8705,232,275,587,1116,848,1997,1095,3011,1633,2523,1190,1119,7110,9425,4261,7923,72561,39944,11876,4370,42075,22,9,4,1
2021-04-19T23:59:59+02:00,1,2,952,1107,1837,2744,2721,4603,4807,8516,8265,10732,15616,17572,14506,18323,4644,8699,226,267,569,1093,830,1965,1077,2968,1587,2468,1172,1100,7103,9422,4259,7922,72161,39909,11855,4090,41618,20,9,4,1
2021-04-18T23:59:59+02:00,1,2,949,1106,1832,2738,2713,4591,4789,8504,8225,10690,15567,17514,14496,18306,4643,8697,226,267,569,1092,829,1965,1076,2968,1587,2467,1172,1099,7101,9421,4258,7922,72115,39902,11852,4088,41383,20,9,4,1
2021-04-17T23:59:59+02:00,0,2,916,1092,1783,2700,2645,4512,4635,8363,7963,10461,13198,14614,14299,17953,4626,8661,224,267,569,1089,825,1959,1064,2961,1577,2447,1135,1057,6769,9006,4233,7874,65297,38950,11852,4077,41261,20,9,4,1
2021-04-16T23:59:59+02:00,0,2,910,1086,1771,2689,2603,4473,4543,8279,7783,10269,10363,11362,14026,17536,4607,8605,223,262,568,1086,820,1955,1055,2958,1569,2434,1124,1043,6763,9001,4231,7871,58022,38873,11850,4061,41022,20,9,4,1
2021-04-15T23:59:59+02:00,0,2,897,1081,1749,2675,2561,4440,4426,8218,7552,10068,10113,11144,13964,17470,4601,8591,221,261,568,1084,819,1953,1052,2955,1566,2431,1119,1039,6761,8999,4231,7871,57998,38859,11848,4043,39693,19,9,4,1
2021-04-14T23:59:59+02:00,0,2,878,1054,1691,2592,2472,4317,4235,8035,7278,9786,9738,10661,13815,17291,4595,8582,196,236,527,1033,796,1886,1017,2875,1516,2370,1093,1010,6757,8990,4231,7870,57965,38843,10900,3534,38144,17,9,4,1
2021-04-13T23:59:59+02:00,0,2,853,1032,1654,2540,2404,4234,4134,7898,7068,9566,9333,10142,13671,17124,4590,8570,160,212,492,984,756,1793,983,2765,1464,2300,1074,975,6741,8979,4230,7870,57921,38779,9953,2979,36928,11,9,4,1
2021-04-12T23:59:59+02:00,0,2,849,1030,1635,2537,2374,4221,4081,7847,6927,9394,9068,9828,13607,17064,4579,8554,149,198,464,944,733,1728,963,2693,1420,2250,1052,958,6725,8959,4227,7865,57863,38663,9922,2645,35799,11,9,4,1
2021-04-11T23:59:59+02:00,0,2,848,1029,1624,2537,2361,4219,4058,7835,6862,9332,8935,9663,13580,17016,4574,8545,149,198,464,942,733,1727,961,2693,1419,2250,1052,958,6723,8959,4227,7865,57851,38657,9920,2644,35236,10,9,4,1
2021-04-10T23:59:59+02:00,0,2,832,1024,1596,2508,2324,4190,3987,7777,6730,9215,8379,8928,12916,16163,4563,8503,146,198,462,939,727,1724,961,2686,1410,2243,1039,942,6253,8460,4212,7849,54517,37590,9919,2642,35188,10,9,4,1
2021-04-09T23:59:59+02:00,0,2,810,995,1556,2460,2257,4110,3834,7618,6384,8884,7858,8270,12100,15137,4493,8366,144,197,460,934,721,1717,953,2676,1395,2233,1017,921,6011,8190,4195,7822,50545,36929,9912,2638,34664,10,9,4,1
2021-04-08T23:59:59+02:00,0,2,801,985,1529,2436,2191,4061,3700,7531,6130,8584,7245,7615,11940,14937,4482,8349,144,194,455,931,716,1710,945,2666,1388,2220,1005,919,6008,8188,4194,7822,50512,36909,9888,2577,32105,10,9,4,1
2021-04-07T23:59:59+02:00,0,2,795,976,1503,2418,2133,4023,3613,7461,5899,8318,6692,6983,11333,14188,4470,8322,125,187,424,884,670,1641,889,2596,1338,2151,985,903,6000,8182,4193,7822,50485,36885,8730,2087,29902,10,8,4,1
2021-04-06T23:59:59+02:00,0,2,790,974,1489,2410,2104,4001,3540,7412,5718,8146,6246,6475,11132,13972,4455,8294,101,166,375,822,625,1566,845,2496,1286,2087,961,887,5982,8169,4191,7818,50415,36858,8546,1502,28188,10,7,4,1
2021-04-05T23:59:59+02:00,0,2,785,970,1473,2402,2080,3992,3489,7386,5575,8036,6042,6261,11065,13886,4449,8284,95,164,374,820,618,1557,837,2481,1273,2068,933,856,4889,6768,4112,7712,50217,34048,8542,1492,27407,10,7,4,1
2021-04-04T23:59:59+02:00,0,2,783,964,1471,2400,2076,3990,3472,7379,5565,8029,6031,6241,11051,13868,4447,8281,95,164,372,818,615,1552,830,2474,1258,2049,910,834,3887,5607,4046,7606,50202,31608,8540,1492,27297,10,7,4,1
2021-04-03T23:59:59+02:00,0,2,731,909,1389,2331,1953,3851,3211,7119,5105,7536,5688,5786,10880,13651,4421,8252,93,164,372,817,615,1550,829,2474,1258,2049,910,834,3887,5604,4046,7605,46969,31598,8540,1492,27295,10,7,4,1
2021-04-02T23:59:59+02:00,0,2,688,874,1334,2263,1855,3737,2957,6859,4590,7057,5297,5327,10783,13488,4416,8246,92,164,372,817,615,1550,827,2474,1256,2048,908,830,3884,5601,4045,7605,44047,31581,8539,1491,27177,10,6,4,1
2021-04-01T23:59:59+02:00,0,2,685,872,1323,2257,1835,3729,2928,6845,4516,6984,5188,5218,10744,13439,4415,8242,92,164,370,813,613,1547,827,2471,1252,2044,898,829,3880,5599,4044,7604,44030,31572,8395,1459,26787,10,6,4,1
2021-03-31T23:59:59+02:00,0,2,683,870,1316,2241,1827,3719,2900,6817,4453,6938,5049,5057,10235,12832,4411,8234,92,164,369,813,613,1547,827,2471,1250,2044,897,829,3880,5598,4044,7603,44018,31566,7268,1459,26289,10,6,3,1
2021-03-30T23:59:59+02:00,0,2,674,867,1298,2221,1797,3690,2863,6782,4367,6848,4882,4863,9710,12133,4404,8219,87,161,368,809,608,1545,822,2465,1242,2042,886,819,3872,5595,4043,7602,43991,31545,6083,1406,25537,9,6,3,1
2021-03-29T23:59:59+02:00,0,2,669,859,1285,2186,1780,3659,2832,6740,4295,6763,4683,4665,9624,12039,4401,8205,87,161,368,807,603,1541,820,2459,1238,2035,878,813,3864,5588,4043,7602,43922,31532,5866,1361,24890,8,6,3,1
2021-03-28T23:59:59+02:00,0,2,666,857,1282,2183,1766,3649,2817,6728,4261,6710,4587,4555,9587,11975,4396,8198,87,161,368,806,603,1541,818,2459,1236,2035,877,813,3863,5588,4043,7602,43900,31530,5857,1356,24453,8,6,3,1
2021-03-27T23:59:59+01:00,0,2,662,852,1273,2178,1750,3633,2789,6698,4098,6567,4012,4102,9358,11729,4383,8179,87,161,366,804,601,1539,816,2456,1228,2029,873,809,3685,5298,3942,7433,41960,30757,5853,1356,24443,8,6,3,1
2021-03-26T23:59:59+01:00,0,2,656,843,1265,2168,1729,3616,2764,6676,4022,6489,3607,3737,8761,11171,4370,8165,87,161,365,803,600,1536,812,2453,1219,2025,860,796,2968,4358,3733,7090,40027,28496,5840,1356,24165,8,6,3,1
2021-03-25T23:59:59+01:00,0,2,649,838,1252,2154,1710,3592,2705,6637,3939,6411,3432,3519,8651,11061,4365,8159,87,161,365,803,600,1535,812,2452,1217,2025,860,796,2967,4357,3732,7089,40014,28488,5733,1356,23320,8,6,3,1
2021-03-24T23:59:59+01:00,0,2,643,831,1219,2128,1665,3547,2627,6569,3782,6261,3114,3157,8243,10511,4356,8147,83,159,353,790,583,1517,779,2418,1168,1993,827,759,2958,4351,3732,7086,39991,28188,4976,1355,21826,7,6,3,1
2021-03-23T23:59:59+01:00,0,2,630,823,1194,2096,1623,3500,2546,6489,3633,6107,2734,2772,8026,10292,4349,8130,78,155,341,768,548,1486,718,2355,1067,1912,744,699,2922,4317,3728,7082,39948,27559,4686,1348,20304,7,6,2,1
2021-03-22T23:59:59+01:00,0,2,607,710,1157,2041,1590,3445,2493,6419,3493,5977,2492,2534,7696,9937,4333,8094,78,154,341,768,548,1484,716,2353,1064,1912,742,695,2918,4312,3727,7079,39480,27530,4364,1348,19168,7,6,2,1
2021-03-21T23:59:59+01:00,0,2,606,707,1151,2033,1579,3435,2476,6404,3455,5943,2350,2370,7603,9825,4325,8080,78,154,341,767,548,1484,716,2353,1064,1912,742,695,2918,4311,3727,7079,39476,27528,4350,1348,18510,7,6,2,1
2021-03-20T23:59:59+01:00,0,2,605,707,1149,2027,1572,3428,2470,6397,3438,5921,2318,2332,7113,9307,4309,8064,78,154,341,767,547,1484,714,2352,1064,1910,742,695,2918,4309,3725,7077,38437,27516,4338,1348,18376,7,6,2,1
2021-03-19T23:59:59+01:00,0,2,598,700,1135,2011,1537,3404,2400,6257,3375,5813,2136,2149,6805,8988,4290,8039,78,154,340,761,543,1481,709,2344,1055,1897,733,688,2494,3707,3311,6331,37832,25270,4322,1348,17477,2,6,2,1
2021-03-18T23:59:59+01:00,0,2,583,684,1115,1981,1510,3374,2360,6189,3301,5724,1984,1953,6686,8869,4284,8028,77,154,340,759,542,1481,708,2340,1051,1896,726,685,2444,3635,3284,6289,37812,25078,4311,1326,16497,2,5,2,1
2021-03-17T23:59:59+01:00,0,1,553,655,1070,1925,1473,3290,2283,6072,3149,5569,1729,1687,6521,8716,4274,8013,76,150,328,732,526,1437,686,2282,1013,1855,709,666,2204,3340,3203,6165,37740,24111,3786,1254,15447,2,5,2,1
2021-03-16T23:59:59+01:00,0,1,509,626,1030,1869,1422,3186,2218,5918,3033,5435,1533,1465,6387,8569,4264,7992,70,136,307,676,496,1360,657,2147,984,1727,660,616,2093,3206,3180,6081,37685,23367,3167,1023,14599,2,4,2,1
2021-03-15T23:59:59+01:00,0,1,497,615,1000,1823,1388,3118,2188,5833,2946,5351,1408,1331,5809,7882,4225,7929,67,129,293,618,481,1240,619,2017,944,1614,632,596,2056,3167,3167,6021,36453,22970,2813,689,14076,2,0,2,1
2021-03-14T23:59:59+01:00,0,1,492,609,990,1811,1385,3101,2172,5815,2912,5324,1365,1281,5417,7435,4202,7911,66,124,289,595,475,1213,613,1961,934,1589,632,596,2056,3167,3166,6019,35638,22964,2808,529,13775,2,0,2,1
2021-03-13T23:59:59+01:00,0,1,471,591,953,1764,1332,3037,1917,5228,2672,4910,1260,1168,4768,6588,4153,7836,66,124,288,592,473,1211,611,1959,933,1585,630,592,1695,2687,2644,5265,33970,20824,2804,529,11873,2,0,2,1
2021-03-12T23:59:59+01:00,0,1,455,570,933,1723,1302,2956,1714,4440,2467,4461,1190,1085,4072,5789,4106,7754,66,122,287,588,473,1208,609,1951,928,1579,627,585,1374,2147,2110,4473,32298,18597,2801,529,9917,1,0,2,1
2021-03-11T23:59:59+01:00,0,1,451,563,925,1711,1287,2939,1689,4405,2431,4425,1116,1030,4030,5753,4103,7750,66,114,281,566,459,1156,600,1902,909,1543,615,572,1368,2130,2101,4424,32265,18348,2706,457,9636,1,0,2,1
2021-03-10T23:59:59+01:00,0,1,430,552,879,1653,1233,2862,1616,4308,2365,4332,1083,1007,4014,5738,4102,7748,66,114,279,562,456,1149,595,1879,909,1538,609,564,1307,2044,2058,4368,32250,18064,2140,432,9531,1,0,2,1
2021-03-09T23:59:59+01:00,0,1,408,536,831,1603,1192,2799,1574,4225,2322,4279,1063,996,4008,5731,4101,7746,64,113,278,561,455,1138,593,1867,903,1533,607,558,1102,1735,1943,4196,32203,17240,1691,405,9519,1,0,2,1
2021-03-08T23:59:59+01:00,0,1,401,525,821,1589,1183,2783,1566,4200,2311,4266,1050,985,3971,5684,4099,7741,63,113,274,556,451,1132,592,1863,899,1531,607,558,1033,1644,1898,4154,32075,16986,1595,381,9504,1,0,2,1
2021-03-07T23:59:59+01:00,0,1,400,522,821,1588,1181,2781,1562,4194,2301,4261,1044,977,3965,5678,4098,7740,60,110,265,534,439,1106,577,1763,864,1456,606,558,929,1515,1848,4086,32059,16628,1556,88,9497,0,0,2,1
2021-03-06T23:59:59+01:00,0,1,392,506,802,1555,1158,2723,1521,4127,2108,3764,1015,940,3792,5407,4001,7579,60,110,265,534,439,1105,577,1763,864,1456,606,558,926,1514,1845,4085,31352,16619,1556,88,8481,0,0,2,1
2021-03-05T23:59:59+01:00,0,1,377,466,769,1451,1108,2506,1446,3914,1895,3095,985,895,3047,4447,3797,7240,60,109,264,531,436,1099,576,1758,860,1453,603,556,887,1456,1822,4047,29055,16429,1555,88,6827,0,0,2,1
2021-03-04T23:59:59+01:00,0,1,362,458,762,1431,1095,2483,1427,3885,1872,3076,972,891,3043,4443,3794,7238,60,108,261,528,432,1083,566,1736,859,1445,601,554,850,1402,1799,4011,29042,16270,1517,25,6672,0,0,2,1
2021-03-03T23:59:59+01:00,0,1,351,426,743,1380,1064,2400,1377,3731,1794,2979,939,847,3033,4437,3794,7235,59,107,258,526,431,1079,564,1727,856,1441,601,553,830,1349,1714,3866,28729,15938,1517,23,6283,0,0,2,1
2021-03-02T23:59:59+01:00,0,1,345,417,727,1356,1016,2355,1308,3647,1678,2882,851,781,2991,4400,3788,7229,59,107,257,522,430,1071,564,1721,856,1437,600,553,830,1349,1714,3866,28090,15913,1454,23,6226,0,0,2,1
2021-03-01T23:59:59+01:00,0,1,341,403,720,1309,1003,2297,1288,3564,1652,2834,833,772,2983,4390,3788,7229,59,106,256,518,425,1057,560,1708,847,1429,599,551,734,1197,1660,3786,28050,15469,1405,23,5950,0,0,2,1
2021-02-28T23:59:59+01:00,0,1,336,390,712,1270,990,2220,1276,3477,1629,2755,829,762,2981,4386,3787,7227,59,106,256,518,425,1056,560,1708,845,1429,599,550,637,1072,1614,3706,28037,15118,1402,22,5587,0,0,2,1
2021-02-27T23:59:59+01:00,0,1,327,370,698,1246,970,2183,1241,3408,1606,2702,812,747,2978,4386,3786,7227,59,106,256,518,425,1056,559,1708,843,1429,599,550,637,1071,1614,3706,28035,15114,1402,22,5249,0,0,2,1
2021-02-26T23:59:59+01:00,0,1,302,318,650,1181,906,2066,1151,3242,1502,2563,783,724,2549,3781,3369,6461,59,106,253,516,425,1054,557,1706,840,1423,595,548,630,1059,1605,3687,25772,15041,1402,22,4373,0,0,2,1
2021-02-25T23:59:59+01:00,0,1,297,305,637,1149,885,2024,1132,3176,1484,2518,780,721,2503,3708,3339,6417,57,104,249,508,425,1050,552,1696,837,1412,589,544,554,950,1561,3631,25552,14699,1402,20,4120,0,0,2,1
2021-02-24T23:59:59+01:00,0,1,278,295,586,1103,838,1957,1074,3081,1440,2460,763,702,2264,3408,3257,6289,56,100,245,501,419,1032,543,1674,834,1392,582,532,541,930,1550,3609,24574,14526,1402,14,3818,0,0,2,1
2021-02-23T23:59:59+01:00,0,1,265,274,558,1046,801,1880,1006,2931,1368,2358,712,652,2153,3273,3234,6200,56,98,243,495,419,1016,533,1642,826,1370,573,525,526,883,1538,3563,23786,14292,1397,14,3527,0,0,2,1
2021-02-22T23:59:59+01:00,0,1,261,268,546,984,781,1804,980,2836,1332,2298,688,631,2126,3238,3226,6143,56,97,237,489,417,1003,524,1625,822,1345,559,513,508,858,1532,3513,23393,14084,1397,14,3351,0,0,2,1
2021-02-21T23:59:59+01:00,0,1,258,260,537,959,768,1767,972,2788,1302,2272,688,629,2124,3238,3225,6142,56,97,236,489,417,1003,524,1625,822,1344,559,512,508,858,1532,3512,23387,14080,1397,14,3144,0,0,2,1
2021-02-20T23:59:59+01:00,0,1,174,229,466,910,700,1690,902,2699,1217,2172,673,614,1756,2724,2676,5348,56,97,236,489,417,1003,524,1624,822,1344,559,512,508,858,1532,3512,21136,14079,1397,14,2416,0,0,2,1
2021-02-19T23:59:59+01:00,0,1,83,167,356,829,574,1558,769,2550,1082,2021,657,593,1454,2212,2141,4559,56,97,236,489,417,1002,524,1624,822,1344,559,512,502,856,1531,3506,18955,14063,1397,14,1252,0,0,2,1
2021-02-18T23:59:59+01:00,0,1,80,162,344,779,553,1469,736,2410,1049,1954,642,584,1445,2194,2132,4510,53,90,231,467,403,937,509,1544,803,1270,545,498,496,838,1530,3489,18718,13689,1373,14,951,0,0,2,1
2021-02-17T23:59:59+01:00,0,1,79,154,330,756,544,1436,707,2317,1012,1855,636,574,1387,2107,2086,4461,53,87,229,458,395,899,498,1479,784,1188,532,487,494,836,1530,3489,18460,13424,1300,14,680,0,0,2,1
2021-02-16T23:59:59+01:00,0,1,74,148,315,717,516,1364,675,2209,987,1750,626,567,1143,1763,1968,4284,52,78,228,453,389,869,485,1414,758,1121,511,474,492,836,1527,3488,17554,13173,1062,2,489,0,0,2,1
2021-02-15T23:59:59+01:00,0,1,69,132,289,614,481,1223,620,1996,937,1591,617,565,1060,1657,1918,4222,52,78,226,448,385,863,484,1410,755,1114,511,474,491,833,1526,3485,17230,13135,724,0,36,0,0,2,1
2021-02-14T23:59:59+01:00,0,1,68,125,284,589,476,1194,609,1942,923,1569,617,565,963,1534,1873,4166,52,78,226,448,385,863,484,1408,755,1114,511,474,491,833,1526,3485,16906,13133,569,0,21,0,0,2,1
2021-02-13T23:59:59+01:00,0,1,68,124,284,588,475,1190,608,1940,921,1566,616,564,962,1525,1869,4163,52,78,226,447,383,858,483,1403,753,1113,509,472,474,795,1271,3027,16872,12344,569,0,21,0,0,2,1
2021-02-12T23:59:59+01:00,0,1,67,124,283,587,471,1186,608,1937,918,1565,613,563,923,1474,1849,4123,52,78,226,443,380,849,478,1394,747,1106,502,464,456,756,924,2336,16703,11191,569,0,18,0,0,2,1
2021-02-11T23:59:59+01:00,0,1,67,117,281,576,458,1159,602,1911,911,1553,612,562,881,1416,1827,4085,52,75,211,413,366,802,462,1321,732,1074,499,463,456,756,923,2335,16526,10941,486,0,5,0,0,2,0
2021-02-10T23:59:59+01:00,0,1,66,117,277,573,456,1154,598,1895,906,1549,612,562,872,1400,1806,4042,51,65,177,336,312,700,412,1149,653,980,464,451,451,755,923,2334,16425,10214,458,0,1,0,0,2,0
2021-02-09T23:59:59+01:00,0,1,64,115,271,570,453,1141,597,1881,899,1543,611,561,860,1365,1741,3939,43,53,124,258,236,549,331,947,552,827,429,440,447,754,921,2334,16181,9246,429,0,0,0,0,2,0
2021-02-08T23:59:59+01:00,0,1,63,115,268,561,450,1133,596,1866,892,1535,609,558,759,1215,1687,3857,38,43,86,168,173,413,266,709,493,692,421,434,443,751,920,2334,15759,8385,404,0,0,0,0,2,0
2021-02-07T23:59:59+01:00,0,1,60,112,259,538,435,1102,580,1763,857,1456,608,557,656,1088,1640,3774,37,42,82,166,170,406,261,696,488,681,419,433,443,751,920,2333,15389,8329,95,0,0,0,0,2,0
2021-02-06T23:59:59+01:00,0,1,60,112,258,538,435,1102,578,1762,854,1453,605,555,654,1079,1634,3767,34,41,81,163,167,396,257,688,477,673,411,432,407,703,687,1952,15350,7570,95,0,0,0,0,2,0
2021-02-05T23:59:59+01:00,0,1,60,112,256,535,435,1100,577,1761,852,1451,603,555,644,1072,1628,3756,32,39,77,157,162,388,249,669,460,663,405,432,401,678,299,1330,15301,6442,95,0,0,0,0,2,0
2021-02-04T23:59:59+01:00,0,1,58,110,251,528,429,1084,561,1734,848,1437,596,546,560,955,1580,3698,31,36,73,152,156,377,235,647,443,649,400,425,396,671,297,1325,14947,6314,27,0,0,0,0,2,0
2021-02-03T23:59:59+01:00,0,1,57,105,247,521,428,1064,558,1718,846,1422,592,536,550,945,1577,3685,24,28,59,120,123,278,172,507,334,499,298,324,321,528,226,1062,14825,4904,25,0,0,0,0,2,0
2021-02-02T23:59:59+01:00,0,1,57,103,244,516,428,1046,546,1685,837,1398,579,526,539,900,1567,3640,17,21,40,79,87,184,121,342,219,360,210,216,205,333,162,705,14586,3302,25,0,0,0,0,1,0
2021-02-01T23:59:59+01:00,0,1,57,101,240,508,426,1030,538,1664,833,1375,572,520,522,871,1559,3596,7,11,20,42,48,96,65,168,95,163,99,100,85,156,70,310,14387,1535,25,0,0,0,0,1,0
2021-01-31T23:59:59+01:00,0,1,57,101,239,507,424,1026,536,1659,831,1372,572,519,522,871,1559,3595,7,11,18,38,43,82,61,142,82,147,95,100,84,155,68,308,14365,1441,25,0,0,0,0,1,0
2021-01-30T23:59:59+01:00,0,1,57,101,239,507,424,1026,536,1659,831,1372,572,519,522,871,1559,3595,7,11,18,38,43,82,61,142,82,147,95,99,84,155,68,308,14365,1440,25,0,0,0,0,1,0
2021-01-29T23:59:59+01:00,0,1,57,101,239,507,424,1026,536,1659,831,1372,572,519,522,871,1559,3595,7,11,18,38,43,82,61,142,82,147,95,99,84,155,68,308,14365,1440,25,0,0,0,0,1,0
2021-01-28T23:59:59+01:00,0,1,55,93,235,479,412,960,518,1573,809,1290,559,505,516,854,1557,3582,3,2,4,6,11,14,19,34,21,30,15,21,19,34,17,91,13978,341,19,0,0,0,0,1,0
2021-01-27T23:59:59+01:00,0,1,53,89,235,469,404,921,508,1507,789,1207,547,493,514,852,1557,3582,3,2,4,6,9,14,19,33,21,29,15,20,19,34,17,91,13710,336,17,0,0,0,0,1,0
2021-01-26T23:59:59+01:00,0,1,52,83,231,466,397,892,497,1440,764,1140,525,480,512,852,1557,3582,1,2,4,6,9,13,17,29,17,24,13,18,17,32,17,84,13454,303,16,0,0,0,0,1,0
2021-01-25T23:59:59+01:00,0,1,52,83,228,461,394,887,497,1437,762,1135,525,480,512,851,1557,3580,0,0,0,0,0,0,0,0,0,0,1,1,0,2,0,0,13426,4,15,0,0,0,0,1,0
2021-01-24T23:59:59+01:00,0,1,52,83,228,461,394,887,497,1436,762,1135,525,480,512,851,1557,3580,0,0,0,0,0,0,0,0,0,0,1,1,0,2,0,0,13425,4,15,0,0,0,0,1,0
2021-01-23T23:59:59+01:00,0,1,52,83,228,460,393,883,497,1430,761,1133,522,478,495,813,1304,3112,0,0,0,0,0,0,0,0,0,0,1,1,0,2,0,0,12629,4,15,0,0,0,0,1,0
2021-01-22T23:59:59+01:00,0,1,52,83,227,456,389,873,492,1420,756,1125,516,470,478,772,945,2397,0,0,0,0,0,0,0,0,0,0,1,1,0,2,0,0,11437,4,15,0,0,0,0,0,0
2021-01-21T23:59:59+01:00,0,1,52,80,209,423,362,817,465,1321,730,1091,512,470,478,772,944,2396,0,0,0,0,0,0,0,0,0,0,1,1,0,2,0,0,11108,4,15,0,0,0,0,0,0
2021-01-20T23:59:59+01:00,0,1,50,70,181,352,321,732,423,1167,660,1000,476,459,473,772,944,2395,0,0,0,0,0,0,0,0,0,0,1,1,0,2,0,0,10461,4,15,0,0,0,0,0,0
2021-01-19T23:59:59+01:00,0,1,44,57,135,275,248,573,346,985,570,860,441,447,469,770,944,2395,0,0,0,0,0,0,0,0,0,0,1,0,0,2,0,0,9553,3,7,0,0,0,0,0,0
2021-01-18T23:59:59+01:00,0,1,40,44,86,175,179,423,278,722,499,703,432,440,466,765,942,2395,0,0,0,0,0,0,0,0,0,0,0,0,0,1,0,0,8590,1,0,0,0,0,0,0,0
2021-01-17T23:59:59+01:00,0,1,37,43,83,171,175,415,274,711,494,690,430,440,466,765,942,2394,0,0,0,0,0,0,0,0,0,0,0,0,0,0,0,0,8531,0,0,0,0,0,0,0,0
2021-01-16T23:59:59+01:00,0,1,34,42,81,169,171,406,267,704,479,682,422,438,427,718,702,2010,0,0,0,0,0,0,0,0,0,0,0,0,0,0,0,0,7753,0,0,0,0,0,0,0,0
2021-01-15T23:59:59+01:00,0,1,32,40,78,162,168,400,260,687,465,674,416,437,422,694,308,1379,0,0,0,0,0,0,0,0,0,0,0,0,0,0,0,0,6623,0,0,0,0,0,0,0,0
2021-01-14T23:59:59+01:00,0,1,32,38,77,158,163,395,252,676,454,666,413,435,422,693,308,1379,0,0,0,0,0,0,0,0,0,0,0,0,0,0,0,0,6562,0,0,0,0,0,0,0,0
2021-01-13T23:59:59+01:00,0,0,24,31,61,125,128,300,192,543,346,523,316,334,348,549,237,1110,0,0,0,0,0,0,0,0,0,0,0,0,0,0,0,0,5167,0,0,0,0,0,0,0,0
2021-01-12T23:59:59+01:00,0,0,17,24,45,87,93,212,139,392,236,387,226,229,227,353,171,753,0,0,0,0,0,0,0,0,0,0,0,0,0,0,0,0,3591,0,0,0,0,0,0,0,0
2021-01-11T23:59:59+01:00,0,0,9,15,26,46,62,136,88,220,124,205,113,108,99,169,78,331,0,0,0,0,0,0,0,0,0,0,0,0,0,0,0,0,1829,0,0,0,0,0,0,0,0
2021-01-10T23:59:59+01:00,0,0,8,15,22,43,55,108,80,179,105,172,107,105,95,167,75,331,0,0,0,0,0,0,0,0,0,0,0,0,0,0,0,0,1667,0,0,0,0,0,0,0,0
2021-01-09T23:59:59+01:00,0,0,8,15,22,43,55,108,80,179,105,172,107,104,95,167,75,331,0,0,0,0,0,0,0,0,0,0,0,0,0,0,0,0,1666,0,0,0,0,0,0,0,0
2021-01-08T23:59:59+01:00,0,0,8,14,21,42,52,101,75,168,99,169,104,100,90,158,73,323,0,0,0,0,0,0,0,0,0,0,0,0,0,0,0,0,1597,0,0,0,0,0,0,0,0
2021-01-07T23:59:59+01:00,0,0,3,3,4,7,11,15,20,34,23,34,17,21,20,34,19,95,0,0,0,0,0,0,0,0,0,0,0,0,0,0,0,0,360,0,0,0,0,0,0,0,0
2021-01-06T23:59:59+01:00,0,0,3,2,4,6,9,14,20,33,21,31,17,20,20,34,19,94,0,0,0,0,0,0,0,0,0,0,0,0,0,0,0,0,347,0,0,0,0,0,0,0,0
2021-01-05T23:59:59+01:00,0,0,3,2,4,6,9,14,20,33,21,31,17,20,20,34,19,94,0,0,0,0,0,0,0,0,0,0,0,0,0,0,0,0,347,0,0,0,0,0,0,0,0
2021-01-04T23:59:59+01:00,0,0,0,0,0,0,0,0,1,0,0,0,1,1,0,2,0,0,0,0,0,0,0,0,0,0,0,0,0,0,0,0,0,0,5,0,0,0,0,0,0,0,0
2021-01-03T23:59:59+01:00,0,0,0,0,0,0,0,0,1,0,0,0,1,1,0,2,0,0,0,0,0,0,0,0,0,0,0,0,0,0,0,0,0,0,5,0,0,0,0,0,0,0,0
2021-01-02T23:59:59+01:00,0,0,0,0,0,0,0,0,1,0,0,0,1,1,0,2,0,0,0,0,0,0,0,0,0,0,0,0,0,0,0,0,0,0,5,0,0,0,0,0,0,0,0
2021-01-01T23:59:59+01:00,0,0,0,0,0,0,0,0,1,0,0,0,1,1,0,2,0,0,0,0,0,0,0,0,0,0,0,0,0,0,0,0,0,0,5,0,0,0,0,0,0,0,0
2020-12-31T23:59:59+01:00,0,0,0,0,0,0,0,0,1,0,0,0,1,1,0,2,0,0,0,0,0,0,0,0,0,0,0,0,0,0,0,0,0,0,5,0,0,0,0,0,0,0,0
2020-12-30T23:59:59+01:00,0,0,0,0,0,0,0,0,1,0,0,0,1,1,0,2,0,0,0,0,0,0,0,0,0,0,0,0,0,0,0,0,0,0,5,0,0,0,0,0,0,0,0
2020-12-29T23:59:59+01:00,0,0,0,0,0,0,0,0,1,0,0,0,1,0,0,2,0,0,0,0,0,0,0,0,0,0,0,0,0,0,0,0,0,0,4,0,0,0,0,0,0,0,0
2020-12-28T23:59:59+01:00,0,0,0,0,0,0,0,0,0,0,0,0,1,0,0,1,0,0,0,0,0,0,0,0,0,0,0,0,0,0,0,0,0,0,2,0,0,0,0,0,0,0,0
2020-12-27T23:59:59+01:00,0,0,0,0,0,0,0,0,0,0,0,0,0,0,0,0,0,0,0,0,0,0,0,0,0,0,0,0,0,0,0,0,0,0,0,0,0,0,0,0,0,0,0
