Datum,<15_m,<15_w,15-24_1_m,15-24_1_w,25-34_1_m,25-34_1_w,35-44_1_m,35-44_1_w,45-54_1_m,45-54_1_w,55-64_1_m,55-64_1_w,65-74_1_m,65-74_1_w,75-84_1_m,75-84_1_w,>84_1_m,>84_1_w,<24_2_m,<24_2_w,25-34_2_m,25-34_2_w,35-44_2_m,35-44_2_w,45-54_2_m,45-54_2_w,55-64_2_m,55-64_2_w,65-74_2_m,65-74_2_w,75-84_2_m,75-84_2_w,>84_2_m,>84_2_w,bp_1,bp_2,mo_1,mo_2,az_1,az_2,ja,unb_1,unb_2
2021-08-11T23:59:59+02:00,941,864,11976,11358,15574,14565,18977,19393,25638,26921,32376,33504,24881,27802,17046,21792,5035,9550,9871,9378,14006,13029,17541,17805,23931,25046,30581,31617,23937,26746,16500,21010,4887,9119,229814,211433,30895,29056,46339,44452,10963,182,83
2021-08-10T23:59:59+02:00,924,854,11889,11309,15524,14538,18939,19361,25591,26888,32324,33453,24865,27789,17039,21779,5034,9547,9777,9299,13961,12997,17513,17775,23892,25008,30531,31572,23906,26715,16494,20992,4883,9114,229456,210940,30764,29021,46337,44440,10908,182,83
2021-08-09T23:59:59+02:00,922,838,11864,11277,15509,14523,18917,19349,25559,26867,32296,33422,24858,27781,17035,21771,5034,9544,9726,9240,13926,12948,17475,17735,23864,24965,30496,31533,23892,26698,16489,20979,4881,9109,229232,210505,30764,29018,46336,44433,10852,182,83
2021-08-08T23:59:59+02:00,912,831,11830,11254,15487,14510,18897,19328,25534,26847,32274,33406,24850,27766,17028,21767,5033,9544,9652,9186,13882,12922,17448,17705,23831,24931,30465,31502,23879,26680,16481,20965,4880,9106,229045,210116,30764,29017,46336,44432,10771,182,83
2021-08-07T23:59:59+02:00,893,804,11734,11177,15444,14469,18858,19295,25495,26817,32228,33374,24833,27754,17019,21749,5032,9541,9036,8590,13445,12572,17239,17522,23682,24820,30316,31428,23822,26629,16460,20938,4875,9103,228464,206939,30764,29017,46336,44432,10770,182,83
2021-08-06T23:59:59+02:00,883,801,11704,11150,15427,14456,18848,19289,25481,26801,32219,33368,24829,27750,17014,21747,5032,9540,8456,7962,12933,12179,17012,17320,23542,24709,30221,31349,23791,26582,16448,20924,4872,9097,228415,203788,30642,29004,46336,44432,10764,182,83
2021-08-05T23:59:59+02:00,880,794,11666,11119,15390,14429,18807,19259,25435,26765,32175,33322,24789,27728,17012,21736,5032,9535,8401,7897,12889,12129,16962,17279,23479,24669,30149,31295,23744,26542,16435,20906,4870,9088,228199,203374,30641,28999,46336,44424,10515,182,83
2021-08-04T23:59:59+02:00,863,778,11636,11089,15372,14397,18778,19236,25408,26736,32129,33283,24774,27715,17007,21731,5030,9527,8312,7808,12830,12083,16911,17238,23423,24626,30090,31225,23707,26503,16425,20893,4868,9082,227940,202790,30639,28998,46335,44389,10393,182,83
2021-08-03T23:59:59+02:00,848,759,11589,11050,15353,14377,18748,19216,25382,26708,32097,33250,24754,27696,16998,21726,5026,9526,8229,7720,12763,12035,16844,17188,23366,24590,30051,31178,23672,26469,16410,20882,4865,9078,227615,202148,30637,28988,46335,44382,10334,182,83
2021-08-02T23:59:59+02:00,839,756,11555,11019,15333,14347,18722,19197,25354,26684,32066,33223,24740,27677,16990,21717,5025,9524,8134,7631,12683,11975,16787,17125,23310,24519,30004,31121,23654,26446,16389,20872,4863,9073,227346,201451,30636,28987,46335,44374,10269,182,83
2021-08-01T23:59:59+02:00,832,749,11531,10990,15322,14334,18708,19186,25335,26672,32049,33208,24736,27669,16989,21714,5023,9523,8064,7565,12622,11928,16747,17079,23274,24489,29977,31096,23639,26427,16385,20866,4861,9072,227205,200997,30632,28986,46335,44357,10216,182,83
2021-07-31T23:59:59+02:00,829,748,11528,10984,15320,14331,18706,19182,25334,26671,32046,33207,24736,27668,16989,21714,5023,9523,7913,7376,11861,11256,16195,16644,23179,24410,29913,31025,23610,26391,16373,20847,4860,9070,227177,197791,30631,28986,46335,44356,10214,182,83
2021-07-30T23:59:59+02:00,828,747,11514,10975,15317,14328,18701,19177,25327,26666,32036,33202,24735,27666,16989,21712,5023,9523,7628,7136,11315,10812,15719,16217,23042,24303,29804,30914,23573,26346,16357,20825,4860,9065,227111,194715,30630,28985,46333,44343,10210,182,83
2021-07-29T23:59:59+02:00,816,738,11474,10929,15279,14307,18662,19152,25291,26632,31984,33174,24717,27647,16978,21695,5023,9521,7254,6827,10651,10299,15205,15806,22867,24158,29659,30806,23519,26294,16328,20800,4856,9062,226798,191262,30629,28977,46333,44258,10077,182,83
2021-07-28T23:59:59+02:00,798,726,11427,10877,15255,14278,18631,19125,25265,26605,31959,33150,24704,27629,16973,21683,5022,9517,7090,6672,10506,10183,15097,15673,22776,24063,29561,30711,23476,26238,16311,20771,4855,9052,226481,190040,30628,28975,46328,44150,10005,182,83
2021-07-27T23:59:59+02:00,789,717,11384,10841,15215,14238,18591,19099,25237,26579,31923,33128,24688,27604,16967,21672,5021,9509,6869,6460,10348,10066,14954,15540,22673,23957,29453,30598,23425,26174,16295,20745,4853,9041,226173,188895,30628,28649,46327,44117,9892,182,83
2021-07-26T23:59:59+02:00,779,705,11335,10797,15191,14217,18576,19072,25209,26550,31891,33102,24673,27583,16955,21661,5020,9506,6753,6383,10254,9989,14888,15462,22593,23898,29388,30524,23392,26131,16283,20728,4849,9035,225888,188113,30626,28646,46326,44076,9800,182,83
2021-07-25T23:59:59+02:00,768,695,11307,10770,15172,14191,18556,19048,25182,26527,31872,33084,24657,27572,16951,21652,5019,9504,6677,6303,10188,9925,14815,15402,22538,23845,29333,30486,23362,26109,16272,20714,4849,9031,225695,187528,30625,28642,46325,44046,9700,182,83
2021-07-24T23:59:59+02:00,744,674,11229,10687,15133,14164,18533,19026,25162,26513,31859,33071,24657,27568,16948,21650,5019,9504,6279,5945,10045,9811,14445,15123,22315,23689,29218,30403,23326,26071,16255,20697,4846,9027,225318,185184,30624,28641,46325,44044,9692,182,83
2021-07-23T23:59:59+02:00,718,652,11162,10606,15106,14131,18504,19011,25140,26494,31843,33054,24646,27563,16946,21650,5019,9501,5910,5635,9925,9705,14098,14861,22120,23518,29098,30286,23274,26003,16244,20676,4842,9020,224938,182923,30623,28641,46325,44033,9678,182,83
2021-07-22T23:59:59+02:00,677,612,11011,10444,15008,14044,18418,18963,25059,26440,31771,32990,24611,27522,16931,21632,5015,9496,5592,5338,9657,9494,13517,14387,21803,23258,28869,30059,23174,25906,16201,20639,4838,9017,223996,179619,30621,28631,46324,44015,9521,182,83
2021-07-21T23:59:59+02:00,657,588,10947,10390,14975,14017,18379,18927,25023,26411,31733,32942,24587,27491,16915,21621,5013,9491,4976,4873,9219,9245,13140,14159,21573,23105,28682,29911,23109,25830,16176,20616,4836,9014,223582,177867,30614,27364,46323,43848,9406,182,83
2021-07-20T23:59:59+02:00,639,571,10890,10336,14949,13982,18343,18900,24993,26380,31698,32910,24567,27470,16910,21607,5010,9484,4832,4762,9067,9113,12979,14027,21460,22984,28553,29788,23030,25727,16154,20577,4829,9008,223211,176532,30614,27352,46321,43701,9311,182,83
2021-07-19T23:59:59+02:00,626,559,10853,10305,14920,13962,18321,18892,24966,26355,31665,32881,24550,27447,16904,21596,5008,9481,4753,4692,8971,9038,12864,13931,21363,22878,28454,29668,22974,25670,16129,20548,4824,9002,222975,175599,30614,27344,46312,43605,9208,182,83
2021-07-18T23:59:59+02:00,612,550,10799,10254,14885,13941,18296,18875,24946,26338,31642,32863,24541,27437,16898,21587,5008,9477,4645,4589,8837,8917,12737,13793,21277,22787,28383,29591,22946,25641,16120,20535,4821,9001,222702,174592,30614,27330,46312,43552,9139,182,83
2021-07-17T23:59:59+02:00,540,480,10514,9957,14774,13843,18208,18798,24841,26264,31537,32814,24508,27403,16885,21567,5006,9476,4599,4548,8785,8846,12504,13603,20860,22451,28255,29461,22909,25589,16111,20520,4820,8998,221169,172832,30614,27330,46312,43550,9138,182,83
2021-07-16T23:59:59+02:00,511,443,10381,9838,14715,13803,18154,18747,24809,26231,31517,32790,24499,27388,16882,21560,5006,9473,4551,4506,8710,8806,12130,13326,20319,22058,28123,29369,22860,25552,16102,20515,4818,8996,220513,170734,30613,27328,46312,43543,9127,182,83
2021-07-15T23:59:59+02:00,481,406,10242,9733,14649,13754,18097,18680,24757,26183,31466,32738,24474,27352,16864,21544,4999,9469,4340,4368,8386,8599,11612,12924,19217,21214,27708,29026,22690,25383,16037,20442,4808,8980,219789,166046,30612,27315,46311,43347,8994,182,83
2021-07-14T23:59:59+02:00,460,393,10213,9708,14615,13734,18068,18645,24721,26142,31415,32685,24444,27324,16853,21527,4998,9467,4217,4218,8131,8429,11383,12780,19039,21103,27564,28901,22625,25305,16003,20404,4805,8971,219424,164487,30612,27297,46311,43174,8883,182,83
2021-07-13T23:59:59+02:00,436,379,10163,9656,14586,13707,18043,18612,24686,26121,31381,32646,24428,27294,16842,21516,4997,9465,4122,4123,7956,8271,11183,12590,18906,20967,27411,28740,22528,25220,15968,20351,4801,8960,219026,163038,30612,27276,46310,42916,8828,182,83
2021-07-12T23:59:59+02:00,423,358,10117,9607,14561,13689,18012,18582,24652,26080,31347,32602,24403,27271,16827,21511,4994,9462,4015,4024,7789,8149,11026,12455,18793,20846,27289,28620,22454,25159,15941,20325,4800,8955,218659,161880,30611,27255,46310,42726,8736,182,83
2021-07-11T23:59:59+02:00,415,340,10087,9578,14544,13669,17995,18572,24632,26072,31326,32584,24391,27261,16825,21509,4994,9460,3946,3951,7670,8049,10879,12327,18670,20746,27188,28508,22412,25111,15920,20300,4798,8952,218467,160917,30611,27250,46309,42527,8685,182,83
2021-07-10T23:59:59+02:00,389,317,9978,9472,14489,13630,17947,18549,24608,26052,31307,32568,24383,27252,16821,21505,4992,9458,3913,3926,7609,8008,10844,12298,18641,20722,27159,28486,22405,25096,15916,20295,4798,8952,217943,160616,30610,27249,46306,42479,8676,182,83
2021-07-09T23:59:59+02:00,329,270,9716,9263,14384,13549,17871,18479,24522,25999,31258,32507,24360,27221,16808,21487,4992,9452,3846,3886,7476,7918,10627,12153,18417,20584,26744,28167,22221,24903,15861,20235,4795,8945,216719,158481,30610,27246,46305,42350,8651,182,83
2021-07-08T23:59:59+02:00,250,203,9524,9120,14283,13473,17777,18408,24462,25949,31175,32450,24333,27190,16795,21469,4988,9447,3690,3760,7168,7729,10273,11924,18073,20302,26439,27910,22049,24745,15793,20162,4788,8929,215624,156106,30607,27201,46292,41781,8591,182,83
2021-07-07T23:59:59+02:00,212,174,9423,9016,14232,13440,17733,18366,24412,25909,31134,32410,24309,27160,16784,21451,4988,9439,3494,3631,6839,7505,9324,11194,17491,19872,26037,27602,21815,24443,15716,20066,4774,8915,215000,153496,30604,25456,46289,41188,8517,182,83
2021-07-06T23:59:59+02:00,190,162,9345,8958,14182,13412,17697,18324,24371,25870,31073,32363,24273,27132,16769,21434,4986,9437,3380,3556,6640,7383,9053,11031,17247,19692,25762,27347,21658,24241,15635,19962,4762,8900,214439,151571,30587,25446,46286,40686,8484,182,83
2021-07-05T23:59:59+02:00,178,147,9258,8877,14143,13370,17664,18274,24335,25840,31028,32312,24249,27110,16761,21420,4985,9435,3328,3521,6512,7304,8904,10910,17106,19553,25592,27192,21515,24074,15586,19909,4751,8890,213898,150510,30587,25437,46283,40201,8436,182,83
2021-07-04T23:59:59+02:00,163,140,9204,8827,14112,13358,17640,18256,24310,25821,31007,32287,24234,27096,16755,21412,4984,9432,3276,3479,6449,7264,8817,10839,17020,19468,25463,27083,21391,23946,15545,19858,4749,8883,213630,149853,30586,25428,46268,39811,8372,182,83
2021-07-03T23:59:59+02:00,160,137,8692,8329,13954,13238,17539,18138,24216,25763,30942,32238,24213,27074,16743,21400,4982,9429,3216,3401,6331,7145,8649,10698,16806,19286,25075,26775,21276,23810,15515,19818,4745,8877,211795,147816,30586,25428,46268,39756,8356,182,83
2021-07-02T23:59:59+02:00,153,133,8123,7857,13810,13129,17447,18061,24146,25693,30882,32176,24175,27032,16737,21380,4980,9424,3105,3294,6061,6990,8392,10457,16437,18959,24604,26352,21048,23538,15445,19736,4739,8874,209953,144753,30586,25426,46264,39431,8353,182,83
2021-07-01T23:59:59+02:00,140,123,7994,7750,13727,13071,17378,18010,24077,25642,30830,32124,24147,27007,16727,21368,4979,9423,2917,3105,5716,6706,7958,10042,15851,18488,23844,25702,20563,23066,15318,19576,4727,8849,209165,140213,30581,25415,46260,38401,8329,182,83
2021-06-30T23:59:59+02:00,123,110,7848,7635,13658,13023,17325,17957,24027,25589,30771,32079,24117,26985,16713,21351,4979,9418,2821,3026,5563,6563,7734,9821,14894,17619,23233,25155,20206,22674,15185,19416,4713,8815,208609,138688,30407,23143,46256,37282,8254,182,83
2021-06-29T23:59:59+02:00,108,97,7781,7544,13615,12984,17286,17913,23975,25528,30721,32020,24096,26959,16703,21335,4976,9414,2762,2982,5435,6465,7580,9687,14726,17447,22992,24922,19948,22349,15086,19316,4701,8795,207991,137571,30405,23131,46253,36193,8224,182,83
2021-06-28T23:59:59+02:00,103,91,7717,7473,13551,12925,17240,17862,23934,25483,30665,31976,24079,26931,16696,21325,4974,9412,2733,2950,5367,6418,7487,9616,14629,17366,22842,24708,19744,22103,15031,19247,4697,8781,207459,136976,30403,23121,46245,35398,8148,182,83
2021-06-27T23:59:59+02:00,89,86,7668,7410,13521,12889,17211,17829,23915,25448,30638,31948,24067,26923,16689,21320,4974,9410,2710,2936,5316,6393,7416,9571,14533,17303,22747,24621,19617,21962,15000,19196,4693,8772,207106,136469,30403,23110,46239,35024,8105,182,83
2021-06-26T23:59:59+02:00,85,82,7164,6856,13128,12590,17098,17727,23851,25389,30602,31913,24059,26906,16685,21309,4973,9409,2609,2827,5130,6205,7216,9382,13989,16848,22089,23988,19470,21821,14955,19143,4691,8764,204938,132875,30403,23110,46239,35004,8105,141,38
2021-06-25T23:59:59+02:00,84,79,6679,6372,12674,12217,16939,17609,23760,25322,30521,31873,24037,26879,16680,21299,4971,9407,2506,2672,4955,6014,6958,9086,13459,16318,21537,23404,19273,21613,14897,19076,4687,8752,202532,129184,30403,23110,46239,34793,8087,141,38
2021-06-24T23:59:59+02:00,74,67,6455,6157,12450,12067,16833,17526,23689,25269,30463,31825,24003,26837,16674,21289,4969,9400,2297,2433,4584,5637,6459,8595,12738,15603,20387,22403,18810,21132,14793,18945,4675,8737,201261,123242,30401,23098,46232,33843,8012,141,38
2021-06-23T23:59:59+02:00,69,65,5881,5657,12288,11955,16714,17412,23616,25222,30400,31775,23969,26814,16667,21275,4965,9396,2260,2381,4521,5515,6368,8445,12506,15314,20144,22144,18511,20804,14696,18831,4664,8720,200751,122223,29063,22950,46223,32656,7962,141,38
2021-06-22T23:59:59+02:00,66,60,5739,5528,12189,11850,16628,17337,23558,25160,30333,31697,23943,26782,16657,21254,4961,9394,2207,2346,4426,5433,6244,8298,11638,14653,19731,21739,18178,20452,14588,18693,4654,8700,199818,121303,29056,21258,46208,31472,7913,141,38
2021-06-21T23:59:59+02:00,63,57,5603,5415,12115,11757,16567,17253,23504,25086,30283,31639,23918,26754,16644,21239,4961,9390,2174,2310,4368,5336,6157,8172,10857,13949,19281,21330,17951,20224,14528,18599,4645,8684,198999,120510,29052,19473,46203,30695,7853,141,38
2021-06-20T23:59:59+02:00,61,55,5485,5289,11952,11574,16502,17129,23453,25020,30241,31583,23902,26733,16638,21224,4956,9385,2156,2282,4327,5296,6087,8124,10753,13869,19168,21203,17794,20033,14462,18516,4641,8677,197988,119975,29048,19470,46197,30101,7808,141,38
2021-06-19T23:59:59+02:00,57,51,5467,5269,11186,10911,16023,16740,23393,24976,30197,31540,23884,26713,16630,21212,4956,9385,2086,2164,4120,5067,5809,7844,10429,13536,18120,20351,17627,19849,14429,18451,4636,8665,195397,115785,29048,19470,46197,30087,7807,141,38
2021-06-18T23:59:59+02:00,54,50,5433,5243,10542,10329,15411,16178,23303,24907,30129,31477,23857,26683,16619,21197,4955,9383,2017,2076,3977,4925,5531,7575,10048,13173,16973,19144,17425,19612,14381,18387,4633,8655,192564,111388,29042,19469,46197,29835,7806,141,38
2021-06-17T23:59:59+02:00,47,41,5314,5140,9861,9821,14922,15789,23204,24819,30048,31383,23817,26637,16605,21176,4954,9380,1887,1969,3720,4679,5143,7212,9506,12684,15789,17953,16965,19123,14240,18213,4620,8631,190015,106267,29040,19461,46194,28919,7663,46,28
2021-06-16T23:59:59+02:00,45,33,5180,5004,9664,9661,14775,15660,23112,24725,29951,31307,23773,26592,16590,21164,4953,9370,1847,1928,3616,4594,5041,7094,8477,11834,15516,17660,16669,18787,14105,18043,4614,8598,188840,105386,29029,17586,46191,27974,7453,46,28
2021-06-15T23:59:59+02:00,40,27,4992,4817,9483,9506,14640,15518,23020,24635,29874,31221,23730,26519,16564,21131,4945,9355,1785,1870,3538,4499,4947,6982,8361,11692,15338,17433,16351,18478,13963,17874,4591,8540,187522,104628,29026,17582,46172,26757,7251,46,28
2021-06-14T23:59:59+02:00,38,24,4916,4753,9389,9397,14562,15429,22949,24561,29804,31161,23698,26480,16549,21113,4942,9349,1762,1847,3501,4475,4906,6950,8261,11629,15200,17299,16171,18274,13873,17777,4586,8533,186779,104403,29020,17579,46166,25935,7103,46,28
2021-06-13T23:59:59+02:00,37,23,4858,4705,9303,9322,14478,15362,22888,24510,29737,31109,23672,26452,16540,21103,4942,9347,1712,1832,3459,4451,4852,6907,8190,11592,15101,17204,16015,18090,13819,17704,4579,8526,186198,104124,29014,17577,46151,25329,6979,46,28
2021-06-12T23:59:59+02:00,35,22,4839,4690,9275,9299,14243,15188,22759,24381,29694,31065,23652,26435,16531,21095,4941,9345,1587,1710,3221,4240,4448,6604,7643,11162,13326,15516,15663,17719,13739,17602,4577,8512,185302,97426,29014,17577,46151,25265,6977,45,28
2021-06-11T23:59:59+02:00,31,21,4785,4636,9194,9246,13924,14967,22563,24233,29598,30974,23615,26390,16513,21083,4940,9342,1484,1576,3037,4030,4149,6240,7135,10617,11693,13635,15188,17145,13625,17455,4562,8498,183941,90529,29011,17576,46151,25034,6907,45,27
2021-06-10T23:59:59+02:00,25,18,4501,4408,8649,8915,12651,13949,21996,23785,29225,30671,23478,26232,16460,21015,4927,9327,1361,1484,2802,3849,3820,5956,6702,10225,10280,12308,14675,16571,13454,17248,4547,8472,178615,85994,28996,17574,46145,23732,6431,45,27
2021-06-09T23:59:59+02:00,22,14,4266,4244,8056,8624,11752,13289,21677,23570,28995,30519,23415,26169,16441,20991,4924,9323,1273,1430,2647,3778,3678,5877,6496,10133,10018,12129,14352,16222,13284,17068,4540,8452,176512,85663,27722,17472,46139,22346,5873,45,27
2021-06-08T23:59:59+02:00,18,11,4136,4144,7654,8398,11266,12999,21451,23391,28795,30366,23356,26095,16409,20949,4918,9314,1195,1403,2511,3720,3520,5810,5600,9387,9544,11767,14017,15816,13058,16830,4526,8430,174761,85311,27350,15319,46115,21082,5399,45,27
2021-06-07T23:59:59+02:00,14,9,4017,4065,7421,8292,10977,12821,21249,23277,28642,30250,23297,26042,16392,20924,4914,9306,1146,1283,2390,3660,3390,5748,5435,9312,9335,11640,13791,15559,12903,16663,4519,8412,173544,85124,27340,15315,46106,19850,4874,45,27
2021-06-06T23:59:59+02:00,12,9,3899,4006,7183,8170,10728,12660,21063,23188,28556,30160,23267,26008,16380,20906,4911,9302,1126,1266,2325,3624,3294,5696,5329,9237,9219,11539,13634,15405,12831,16569,4516,8405,172395,84934,27323,15311,46096,19198,4549,45,27
2021-06-05T23:59:59+02:00,12,9,3870,3969,7145,8130,10551,12503,20438,22681,28395,30014,23217,25963,16366,20887,4911,9298,1094,1165,2160,3171,3062,5158,5159,8906,8439,10592,12987,14567,12718,16422,4505,8395,170359,79559,27323,15311,46094,19067,4539,44,27
2021-06-04T23:59:59+02:00,12,9,3840,3943,7109,8105,10454,12411,20077,22354,28291,29918,23182,25925,16352,20877,4909,9297,1062,1098,2062,2861,2902,4681,5002,8537,7925,9934,11489,12852,12593,16225,4498,8377,169084,73186,27310,15310,46094,19045,4533,44,27
2021-06-03T23:59:59+02:00,7,6,3706,3841,6889,7968,9898,11989,18851,21424,27892,29608,23049,25783,16299,20815,4905,9283,1009,1053,1973,2749,2765,4526,4798,8236,7562,9484,11112,12456,12487,16112,4495,8364,164331,71401,27300,15307,46090,18001,4448,44,27
2021-06-02T23:59:59+02:00,7,6,3699,3833,6877,7951,9888,11978,18663,21244,27821,29559,23026,25761,16293,20806,4902,9281,1005,1046,1961,2719,2744,4507,4587,8053,7026,8996,11075,12415,12472,16097,4491,8358,164266,71293,26755,13815,46089,17979,4441,44,27
2021-06-01T23:59:59+02:00,7,5,3572,3757,6640,7803,9600,11785,18208,20897,27584,29364,22932,25659,16252,20753,4899,9269,968,998,1877,2649,2664,4435,4308,7820,6430,8465,10862,12202,12374,15994,4486,8346,162578,70854,25975,12523,46075,17163,4314,44,27
2021-05-31T23:59:59+02:00,7,5,3525,3712,6551,7735,9464,11686,18082,20806,27494,29288,22865,25598,16235,20725,4894,9262,939,974,1810,2609,2584,4392,4202,7756,6312,8390,10676,12034,12273,15879,4476,8338,161739,70495,25944,12518,46062,16462,4145,44,27
2021-05-30T23:59:59+02:00,7,4,3494,3688,6487,7681,9374,11596,17994,20726,27417,29218,22820,25553,16213,20698,4889,9252,934,967,1799,2599,2571,4379,4173,7731,6260,8349,10615,11955,12239,15837,4471,8329,161041,70452,25939,12515,46045,16175,4042,44,27
2021-05-29T23:59:59+02:00,7,4,3483,3669,6451,7654,9330,11559,17956,20687,27272,29113,22766,25479,16198,20678,4886,9248,898,948,1742,2553,2498,4294,3983,7476,5988,8054,8425,9301,12048,15496,4456,8300,160384,64225,25939,12513,46031,15655,4042,44,27
2021-05-28T23:59:59+02:00,7,4,3420,3614,6320,7577,9190,11428,17799,20556,27090,28992,22700,25403,16177,20661,4885,9247,885,934,1723,2533,2462,4241,3832,7179,5794,7792,5735,6198,11771,15100,4441,8251,159029,57371,25937,12513,46027,14929,4033,44,27
2021-05-27T23:59:59+02:00,7,4,3273,3484,6036,7397,8588,11096,17323,20219,26677,28645,22533,25238,16119,20598,4878,9229,835,876,1641,2438,2345,4107,3409,6210,5371,7197,5574,6025,11693,15027,4435,8234,155556,56889,25879,12467,46020,12191,3845,44,27
2021-05-26T23:59:59+02:00,7,4,3166,3401,5817,7231,8216,10810,16857,19913,26376,28409,22385,25105,16068,20524,4865,9209,818,868,1589,2413,2292,4077,3336,6136,5274,7127,5442,5898,11628,14961,4430,8222,152852,56817,25863,12465,45998,11598,3606,44,27
2021-05-25T23:59:59+02:00,7,4,3075,3338,5675,7118,8019,10648,15856,19134,26023,28055,22227,24951,16016,20444,4858,9199,798,850,1553,2369,2221,4018,3261,6068,5190,7063,5276,5730,11520,14881,4422,8211,151299,56752,23939,12278,45984,10993,3383,42,27
2021-05-24T23:59:59+02:00,7,4,3012,3320,5587,7074,7901,10586,14942,18445,25608,27743,22133,24847,15985,20408,4851,9187,789,848,1531,2352,2177,3982,3215,6020,5113,6983,5177,5623,11441,14805,4421,8205,150574,56718,21871,12202,45974,10558,3179,42,27
2021-05-23T23:59:59+02:00,7,4,3009,3316,5578,7067,7892,10578,14937,18444,25607,27742,22133,24847,15985,20408,4851,9187,787,845,1524,2345,2165,3969,3196,6005,5092,6950,5133,5571,11424,14781,4420,8203,150546,56710,21871,12202,45972,10312,3161,42,27
2021-05-22T23:59:59+02:00,6,4,2973,3274,5505,7021,7792,10491,14739,18283,25328,27500,22034,24761,15952,20365,4848,9183,765,824,1480,2293,2114,3890,3083,5884,4778,6383,4563,4829,10779,13960,4410,8164,149013,53464,21871,12202,45972,9347,3161,42,27
2021-05-21T23:59:59+02:00,4,4,2901,3199,5379,6925,7666,10345,14482,18053,25035,27265,21921,24653,15919,20317,4843,9174,734,771,1412,2165,2012,3624,2900,5551,4300,5484,4150,4293,10037,13019,4345,8038,147079,49728,21870,12202,45967,7749,3131,38,27
2021-05-20T23:59:59+02:00,4,4,2770,3036,5101,6670,7380,9978,14023,17570,24424,26716,21650,24358,15826,20198,4829,9144,720,761,1385,2140,1973,3591,2847,5498,4217,5408,4023,4191,9961,12956,4336,8027,142934,49637,21861,12191,45948,7280,2900,38,27
2021-05-19T23:59:59+02:00,4,4,2718,2984,5004,6531,7237,9796,12877,16535,24161,26429,21553,24228,15781,20137,4821,9137,701,735,1360,2092,1941,3506,2784,5351,4122,5301,3941,4101,9908,12892,4333,8023,141564,49609,19790,12127,45878,6662,2667,38,27
2021-05-18T23:59:59+02:00,4,4,2695,2961,4957,6499,7188,9766,12523,16260,23981,26277,21460,24139,15751,20084,4813,9125,672,677,1305,1963,1869,3305,2687,5143,3993,5104,3716,3824,9826,12812,4323,8013,141289,49589,18937,11128,45835,6101,2388,38,27
2021-05-17T23:59:59+02:00,4,4,2669,2940,4914,6429,7100,9658,12370,16082,23832,26117,21406,24088,15733,20061,4808,9117,664,663,1289,1927,1848,3256,2639,5035,3914,4990,3579,3673,9759,12749,4320,8004,140319,49567,18929,11118,45819,5371,2227,38,27
2021-05-16T23:59:59+02:00,4,4,2657,2926,4891,6362,7062,9575,12310,16008,23780,26057,21382,24071,15723,20047,4805,9114,659,657,1279,1924,1831,3247,2617,5023,3885,4968,3528,3607,9720,12717,4319,8002,139882,49556,18921,11107,45797,5154,2140,38,27
2021-05-15T23:59:59+02:00,4,4,2532,2788,4703,6157,6871,9389,11792,15590,23192,25507,21276,23953,15689,20004,4802,9106,609,594,1196,1837,1693,3093,2329,4716,3436,4458,3196,3179,9557,12512,4295,7973,136494,46595,18920,11107,45792,4830,2115,38,27
2021-05-14T23:59:59+02:00,4,4,2416,2612,4508,5932,6594,9076,11256,15081,22625,24940,21131,23814,15653,19946,4798,9095,546,516,1094,1717,1533,2878,1998,4314,2837,3870,2812,2741,9473,12365,4291,7969,132678,43672,18913,11105,45770,4065,2086,38,27
2021-05-13T23:59:59+02:00,4,4,2234,2325,4186,5549,6167,8602,10697,14395,21593,24029,20848,23540,15593,19847,4791,9080,542,516,1081,1701,1518,2859,1988,4288,2815,3844,2796,2723,9466,12361,4290,7969,126778,43597,18859,11097,45744,3972,2065,38,27
2021-05-12T23:59:59+02:00,4,4,2233,2322,4179,5548,6158,8596,10596,14274,21540,23990,20843,23529,15588,19839,4790,9080,534,494,1045,1646,1469,2780,1905,4202,2756,3785,2715,2628,9415,12288,4290,7969,126736,43594,18533,10270,45744,3969,2062,38,27
2021-05-11T23:59:59+02:00,4,4,2112,2283,4095,5483,6033,8482,10291,14023,21348,23828,20767,23457,15573,19806,4786,9075,509,470,984,1586,1400,2689,1805,4064,2683,3711,2561,2401,9351,12187,4289,7969,125794,43576,18196,9437,45461,3659,1961,38,27
2021-05-10T23:59:59+02:00,4,4,2071,2206,3988,5361,5898,8304,9500,13260,20969,23505,20677,23368,15534,19752,4776,9062,496,441,947,1522,1335,2600,1715,3902,2599,3616,2532,2377,9342,12169,4285,7964,124661,43549,16347,9256,45358,3176,1835,38,27
2021-05-09T23:59:59+02:00,4,4,2039,2191,3954,5321,5846,8256,9434,13191,20899,23432,20644,23327,15519,19725,4773,9048,489,432,926,1479,1309,2552,1681,3840,2561,3573,2523,2365,9332,12152,4285,7956,124219,43490,16343,9253,45262,2941,1745,38,27
2021-05-08T23:59:59+02:00,4,4,1976,2090,3770,5146,5572,8050,9123,12906,19765,22503,20448,23132,15486,19656,4768,9036,416,402,861,1439,1233,2479,1593,3738,2342,3360,1978,1937,9238,12067,4284,7956,120084,42025,16342,9252,45259,2299,1744,6,4
2021-05-07T23:59:59+02:00,4,4,1889,1978,3586,4975,5252,7754,8714,12535,18517,21231,20265,22920,15441,19598,4759,9017,324,343,752,1365,1102,2350,1459,3595,2169,3168,1610,1602,8750,11621,4283,7954,115143,40301,16340,9249,45240,1184,1710,6,4
2021-05-06T23:59:59+02:00,4,4,1705,1869,3300,4723,4802,7350,8072,11971,17277,19988,19931,22542,15334,19435,4749,9006,307,334,731,1336,1062,2304,1410,3511,2102,3100,1574,1547,8733,11590,4277,7951,109289,40281,16333,9243,45006,914,1428,6,4
2021-05-05T23:59:59+02:00,4,3,1635,1839,3220,4636,4725,7246,7941,11820,17121,19842,19811,22423,15258,19339,4727,8910,296,322,689,1284,1001,2229,1328,3361,1993,2983,1481,1448,8316,11022,4271,7933,108531,40245,16190,8115,44836,657,937,6,4
2021-05-04T23:59:59+02:00,4,3,1609,1810,3178,4562,4666,7136,7689,11526,16562,19263,19724,22293,15184,19242,4699,8800,280,309,666,1255,980,2175,1269,3242,1880,2826,1409,1342,8247,10919,4267,7915,107845,40220,14843,7839,44733,396,523,6,4
2021-05-03T23:59:59+02:00,4,3,1601,1806,3170,4548,4628,7114,7436,11295,15869,18668,19660,22208,15158,19208,4693,8790,265,288,644,1173,931,2087,1206,3103,1782,2689,1343,1262,8222,10884,4263,7906,107764,40210,13246,7632,44693,53,150,6,4
2021-05-02T23:59:59+02:00,4,3,1600,1804,3165,4546,4623,7111,7423,11285,15850,18656,19644,22200,15158,19206,4692,8790,265,285,641,1172,926,2084,1196,3097,1774,2682,1329,1255,8221,10879,4262,7906,107738,40187,13243,7630,44669,50,104,6,4
2021-05-01T23:59:59+02:00,4,3,1467,1662,2885,4296,4156,6751,6806,10802,13915,16776,19263,21804,15067,19090,4689,8774,263,285,638,1170,925,2081,1194,3095,1772,2678,1324,1251,8219,10877,4262,7906,100196,40156,13243,7630,44665,50,101,5,4
2021-04-30T23:59:59+02:00,3,3,1344,1512,2670,4073,3826,6355,6239,10207,12124,14738,18805,21265,14963,18948,4675,8764,258,284,631,1163,910,2073,1182,3085,1761,2665,1313,1242,8215,10872,4261,7905,92572,40110,13243,7630,44665,47,30,4,4
2021-04-29T23:59:59+02:00,2,3,1228,1447,2504,3947,3586,6151,5882,9904,10784,13461,18546,20988,14920,18878,4671,8758,257,280,626,1156,898,2067,1162,3080,1731,2629,1287,1218,8209,10863,4261,7905,87884,40078,13234,7497,44525,38,13,4,4
2021-04-28T23:59:59+02:00,2,3,1169,1441,2454,3928,3536,6127,5820,9871,10687,13393,18516,20954,14913,18862,4671,8755,257,279,624,1155,895,2065,1157,3076,1723,2628,1281,1200,7767,10343,4261,7905,87615,40057,13184,6511,44287,34,12,4,3
2021-04-27T23:59:59+02:00,2,3,1121,1414,2353,3884,3472,6100,5701,9816,10570,13317,18483,20916,14900,18847,4670,8753,256,279,622,1148,894,2063,1153,3073,1719,2624,1269,1183,7350,9762,4261,7905,87109,40038,13131,5481,44067,29,11,4,3
2021-04-26T23:59:59+02:00,2,3,1079,1385,2263,3792,3345,6000,5534,9696,10267,13058,18421,20862,14892,18829,4668,8753,255,278,621,1146,888,2060,1146,3070,1701,2614,1254,1170,7341,9742,4261,7905,85773,39951,13121,5460,43940,28,11,4,3
2021-04-25T23:59:59+02:00,2,3,1076,1383,2255,3790,3338,5996,5514,9689,10232,13028,18411,20850,14891,18823,4668,8752,254,278,621,1146,888,2060,1144,3070,1701,2614,1254,1170,7341,9740,4261,7905,85751,39949,13112,5458,43824,28,10,4,3
2021-04-24T23:59:59+02:00,2,2,1033,1266,2068,3252,3068,5382,5321,9277,9400,11983,17706,19955,14777,18664,4660,8741,252,277,620,1144,888,2059,1144,3069,1695,2609,1251,1165,7339,9739,4261,7904,79633,39923,13112,5454,43799,28,9,4,3
2021-04-23T23:59:59+02:00,1,2,1001,1182,1955,2905,2886,4831,5126,8848,8847,11262,16077,18099,14631,18458,4652,8718,252,277,619,1144,886,2057,1143,3069,1694,2608,1246,1160,7335,9737,4261,7903,72618,39909,13111,5443,43739,28,9,4,3
2021-04-22T23:59:59+02:00,1,2,996,1171,1935,2889,2866,4812,5069,8802,8736,11159,16007,18022,14605,18428,4650,8713,250,277,615,1143,883,2056,1135,3057,1679,2588,1222,1138,7330,9729,4261,7903,72572,39895,13055,5333,43223,27,9,4,3
2021-04-21T23:59:59+02:00,1,2,987,1163,1923,2876,2839,4786,5023,8747,8629,11036,15921,17938,14576,18394,4650,8708,245,274,605,1134,869,2026,1125,3032,1668,2563,1209,1125,7106,9411,4260,7903,72532,39888,12999,4630,42655,26,9,4,3
2021-04-20T23:59:59+02:00,1,2,960,1114,1871,2761,2766,4625,4930,8568,8455,10829,15690,17656,14518,18335,4643,8702,232,271,587,1113,843,1996,1097,3006,1633,2522,1190,1112,7098,9406,4259,7902,72496,39867,11870,4365,42047,24,9,4,3
2021-04-19T23:59:59+02:00,1,2,951,1105,1839,2741,2716,4600,4806,8507,8255,10718,15598,17558,14496,18316,4643,8696,226,263,569,1090,825,1964,1079,2963,1588,2467,1172,1093,7091,9403,4257,7901,72096,39833,11849,4085,41590,22,9,4,3
2021-04-18T23:59:59+02:00,1,2,948,1104,1834,2735,2708,4588,4788,8495,8215,10676,15549,17500,14486,18299,4642,8694,226,263,569,1089,824,1964,1079,2963,1588,2466,1172,1092,7089,9402,4256,7901,72050,39827,11846,4083,41355,22,9,4,3
2021-04-17T23:59:59+02:00,0,2,915,1090,1785,2697,2640,4509,4634,8355,7953,10448,13183,14600,14289,17947,4625,8658,224,263,569,1086,820,1958,1067,2956,1578,2446,1135,1051,6757,8986,4231,7853,65237,38875,11846,4072,41234,22,9,4,3
2021-04-16T23:59:59+02:00,0,2,909,1084,1773,2686,2598,4471,4542,8271,7773,10257,10356,11348,14015,17530,4606,8602,222,258,568,1083,815,1954,1057,2953,1570,2434,1124,1038,6751,8981,4228,7850,57971,38798,11844,4056,40995,22,9,4,2
2021-04-15T23:59:59+02:00,0,2,896,1079,1751,2672,2556,4438,4429,8210,7542,10056,10107,11129,13953,17464,4600,8588,220,258,568,1081,814,1952,1054,2950,1567,2431,1119,1034,6749,8979,4228,7850,57947,38784,11842,4039,39670,21,9,4,2
2021-04-14T23:59:59+02:00,0,2,877,1051,1693,2589,2467,4315,4239,8028,7268,9773,9734,10648,13804,17286,4594,8579,195,235,527,1030,791,1885,1019,2870,1517,2370,1093,1004,6745,8970,4228,7849,57915,38768,10894,3532,38125,19,9,4,1
2021-04-13T23:59:59+02:00,0,2,852,1029,1655,2537,2399,4232,4138,7891,7058,9558,9329,10130,13660,17119,4589,8567,159,211,492,981,751,1792,985,2760,1465,2300,1074,969,6729,8959,4227,7849,57871,38704,9948,2977,36913,13,9,4,1
2021-04-12T23:59:59+02:00,0,2,848,1027,1636,2534,2369,4219,4085,7840,6918,9387,9064,9815,13596,17060,4578,8551,148,197,464,941,728,1727,964,2688,1421,2250,1052,953,6713,8939,4224,7844,57813,38588,9917,2643,35786,13,9,4,1
2021-04-11T23:59:59+02:00,0,2,847,1026,1625,2534,2356,4217,4062,7828,6853,9326,8930,9650,13569,17012,4573,8542,148,197,464,939,728,1726,962,2688,1420,2250,1052,953,6711,8939,4224,7844,57801,38582,9915,2642,35223,12,9,4,1
2021-04-10T23:59:59+02:00,0,2,831,1021,1597,2505,2319,4188,3991,7770,6721,9209,8374,8915,12905,16160,4562,8500,145,197,462,936,722,1723,962,2681,1411,2243,1039,937,6242,8442,4209,7828,54468,37518,9914,2640,35175,12,9,4,1
2021-04-09T23:59:59+02:00,0,2,809,992,1557,2457,2252,4108,3838,7611,6374,8878,7852,8257,12091,15135,4492,8363,143,196,460,931,716,1716,954,2671,1396,2233,1017,916,6000,8173,4192,7801,50496,36858,9909,2636,34650,12,9,4,1
2021-04-08T23:59:59+02:00,0,2,800,982,1530,2433,2186,4059,3703,7524,6120,8579,7239,7602,11932,14935,4481,8346,143,193,455,929,711,1709,946,2661,1389,2220,1005,914,5997,8171,4191,7801,50463,36838,9885,2576,32092,12,9,4,1
2021-04-07T23:59:59+02:00,0,2,794,973,1504,2415,2128,4021,3616,7454,5889,8313,6686,6970,11325,14186,4469,8319,124,186,425,882,665,1640,890,2591,1339,2151,984,898,5989,8165,4190,7801,50436,36814,8727,2086,29889,12,8,4,1
2021-04-06T23:59:59+02:00,0,2,789,971,1490,2407,2099,3999,3543,7405,5708,8142,6239,6462,11124,13970,4454,8291,100,165,376,820,620,1565,847,2491,1287,2087,960,882,5972,8152,4188,7797,50365,36788,8544,1502,28175,12,7,4,1
2021-04-05T23:59:59+02:00,0,2,784,967,1474,2399,2075,3990,3492,7379,5565,8032,6038,6247,11057,13884,4448,8281,94,163,375,818,613,1556,839,2476,1274,2068,932,852,4881,6752,4109,7691,50167,33982,8540,1492,27396,12,7,4,1
2021-04-04T23:59:59+02:00,0,2,782,961,1472,2397,2071,3988,3475,7372,5555,8025,6027,6227,11043,13866,4446,8278,94,163,373,816,610,1551,832,2469,1259,2048,909,830,3879,5591,4043,7585,50152,31541,8538,1492,27286,12,7,4,1
2021-04-03T23:59:59+02:00,0,2,730,906,1390,2328,1948,3849,3214,7112,5095,7533,5684,5772,10872,13649,4420,8249,92,163,373,815,610,1549,831,2469,1259,2048,909,830,3879,5588,4043,7584,46920,31531,8538,1492,27284,12,7,4,1
2021-04-02T23:59:59+02:00,0,2,687,871,1335,2260,1850,3735,2958,6852,4581,7054,5294,5313,10775,13486,4415,8243,91,163,373,815,610,1549,829,2469,1257,2044,907,826,3876,5585,4042,7584,43998,31511,8537,1491,27166,12,6,4,1
2021-04-01T23:59:59+02:00,0,2,684,869,1324,2255,1830,3727,2929,6838,4507,6981,5185,5205,10736,13437,4414,8239,91,163,371,811,608,1546,829,2466,1253,2040,897,825,3872,5583,4041,7583,43982,31502,8393,1459,26777,12,6,4,1
2021-03-31T23:59:59+02:00,0,2,682,867,1317,2239,1822,3717,2901,6810,4444,6935,5046,5045,10227,12831,4410,8231,91,163,370,811,608,1546,829,2466,1251,2040,896,825,3872,5582,4041,7582,43970,31496,7266,1459,26281,12,6,3,1
2021-03-30T23:59:59+02:00,0,2,673,864,1299,2219,1792,3688,2866,6775,4359,6846,4879,4852,9702,12131,4403,8216,86,160,369,807,603,1543,824,2460,1243,2038,885,815,3864,5579,4040,7581,43945,31475,6081,1406,25531,10,6,3,1
2021-03-29T23:59:59+02:00,0,2,668,856,1286,2184,1775,3657,2835,6733,4289,6761,4680,4655,9617,12037,4400,8202,86,160,369,805,599,1539,822,2454,1239,2031,877,809,3856,5572,4040,7581,43878,31462,5864,1362,24886,9,6,3,1
2021-03-28T23:59:59+02:00,0,2,665,854,1283,2181,1760,3647,2820,6721,4255,6708,4584,4545,9580,11973,4395,8195,86,160,369,804,599,1539,820,2454,1237,2031,876,809,3855,5572,4040,7581,43856,31460,5855,1357,24448,9,6,3,1
2021-03-27T23:59:59+01:00,0,2,661,849,1274,2176,1744,3631,2792,6691,4092,6565,4008,4092,9351,11726,4382,8176,86,160,367,802,597,1537,818,2451,1229,2025,872,805,3678,5283,3939,7412,41914,30689,5851,1357,24438,9,6,3,1
2021-03-26T23:59:59+01:00,0,2,655,841,1266,2166,1724,3614,2766,6669,4017,6487,3603,3728,8754,11169,4369,8162,86,160,366,801,596,1534,814,2448,1220,2021,860,792,2961,4344,3730,7069,39985,28430,5838,1357,24161,9,6,2,1
2021-03-25T23:59:59+01:00,0,2,648,836,1253,2152,1705,3590,2707,6630,3934,6409,3428,3510,8644,11058,4364,8156,86,160,366,801,596,1534,814,2447,1219,2021,860,792,2960,4343,3729,7068,39972,28424,5731,1357,23315,9,6,2,1
2021-03-24T23:59:59+01:00,0,2,642,829,1220,2126,1660,3545,2629,6562,3778,6260,3110,3148,8237,10509,4355,8144,82,158,354,788,579,1516,781,2413,1169,1989,827,755,2951,4337,3729,7065,39950,28123,4974,1356,21824,8,6,2,1
2021-03-23T23:59:59+01:00,0,2,629,821,1195,2094,1618,3498,2549,6481,3629,6106,2731,2764,8021,10290,4348,8127,77,154,342,766,544,1485,720,2350,1067,1908,744,695,2915,4303,3725,7061,39908,27493,4684,1349,20303,8,6,2,1
2021-03-22T23:59:59+01:00,0,2,605,708,1159,2039,1585,3443,2496,6411,3489,5975,2489,2526,7691,9935,4332,8091,77,153,342,766,544,1483,719,2349,1064,1908,743,692,2911,4298,3724,7058,39440,27468,4360,1349,19168,8,6,2,1
2021-03-21T23:59:59+01:00,0,2,604,705,1153,2031,1574,3433,2479,6396,3452,5941,2348,2362,7598,9823,4324,8077,77,153,342,765,544,1483,719,2349,1064,1908,743,692,2911,4297,3724,7058,39436,27466,4346,1349,18512,8,6,2,1
2021-03-20T23:59:59+01:00,0,2,603,705,1151,2025,1567,3426,2473,6389,3435,5919,2316,2324,7108,9305,4308,8061,77,153,342,765,543,1483,717,2348,1064,1907,743,692,2911,4295,3722,7056,38397,27455,4334,1349,18378,8,6,2,1
2021-03-19T23:59:59+01:00,0,2,596,698,1137,2009,1532,3403,2403,6250,3372,5811,2133,2145,6801,8988,4289,8036,77,153,341,759,539,1480,712,2340,1053,1894,734,685,2488,3693,3308,6311,37794,25210,4318,1349,17485,2,6,2,1
2021-03-18T23:59:59+01:00,0,2,581,682,1117,1979,1505,3373,2363,6182,3299,5722,1981,1949,6683,8870,4283,8025,76,153,341,757,538,1480,711,2336,1050,1893,727,682,2438,3621,3281,6269,37774,25018,4307,1327,16507,2,6,2,1
2021-03-17T23:59:59+01:00,0,1,552,656,1072,1923,1468,3289,2285,6065,3147,5567,1725,1683,6517,8717,4273,8010,75,149,329,730,522,1436,689,2278,1012,1852,710,663,2200,3329,3201,6145,37702,24057,3784,1255,15457,2,6,1,1
2021-03-16T23:59:59+01:00,0,1,508,627,1032,1867,1417,3185,2220,5911,3031,5433,1529,1461,6383,8570,4263,7989,69,136,308,674,492,1359,660,2143,983,1724,661,613,2089,3195,3178,6061,37647,23314,3165,1024,14609,2,5,1,1
2021-03-15T23:59:59+01:00,0,1,496,616,1001,1821,1383,3117,2189,5826,2944,5349,1405,1327,5804,7884,4224,7926,66,129,293,616,477,1239,622,2013,943,1611,633,593,2052,3156,3165,6002,36414,22918,2811,690,14087,2,0,1,1
2021-03-14T23:59:59+01:00,0,1,491,610,991,1809,1380,3100,2173,5808,2910,5322,1363,1277,5412,7437,4201,7908,65,124,289,593,471,1212,616,1957,933,1586,633,593,2052,3156,3164,6000,35599,22912,2806,530,13787,2,0,1,1
2021-03-13T23:59:59+01:00,0,1,470,592,954,1762,1327,3036,1917,5220,2670,4910,1258,1164,4763,6590,4152,7833,65,124,288,590,469,1210,614,1955,932,1582,631,588,1691,2676,2641,5246,33931,20770,2802,530,11885,2,0,1,1
2021-03-12T23:59:59+01:00,0,1,454,571,934,1721,1297,2955,1713,4432,2463,4461,1188,1081,4067,5790,4105,7751,65,122,287,586,469,1207,612,1947,927,1576,628,581,1371,2140,2108,4455,32259,18550,2799,530,9925,1,0,1,1
2021-03-11T23:59:59+01:00,0,1,450,564,926,1710,1282,2938,1688,4398,2427,4425,1114,1026,4025,5754,4102,7747,65,114,281,564,455,1155,603,1898,908,1540,616,568,1365,2123,2099,4406,32227,18301,2705,458,9644,1,0,1,1
2021-03-10T23:59:59+01:00,0,1,429,553,881,1652,1228,2861,1615,4301,2361,4332,1081,1003,4009,5739,4101,7745,65,114,279,560,452,1148,598,1875,908,1535,610,560,1304,2037,2056,4350,32212,18017,2140,433,9539,1,0,1,1
2021-03-09T23:59:59+01:00,0,1,407,537,833,1602,1187,2798,1574,4218,2318,4279,1060,992,4003,5732,4100,7744,63,113,278,559,451,1137,596,1863,902,1530,608,554,1100,1728,1941,4178,32166,17194,1691,406,9527,1,0,1,1
2021-03-08T23:59:59+01:00,0,1,400,526,823,1588,1178,2782,1566,4193,2307,4266,1047,982,3967,5685,4098,7739,62,113,274,554,447,1131,595,1859,898,1528,608,554,1031,1637,1896,4135,32040,16939,1595,382,9512,1,0,1,1
2021-03-07T23:59:59+01:00,0,1,399,523,823,1587,1176,2780,1562,4187,2297,4261,1041,974,3961,5679,4097,7738,59,110,265,532,435,1105,580,1759,863,1453,607,554,927,1508,1846,4067,32024,16581,1556,89,9505,0,0,1,1
2021-03-06T23:59:59+01:00,0,1,391,507,804,1554,1153,2722,1521,4120,2104,3765,1012,937,3788,5408,4000,7577,59,110,265,532,435,1104,580,1759,863,1453,607,554,924,1507,1843,4066,31318,16572,1556,89,8489,0,0,1,1
2021-03-05T23:59:59+01:00,0,1,376,467,771,1450,1103,2505,1446,3907,1891,3095,983,892,3043,4449,3796,7238,59,109,264,529,432,1098,579,1754,859,1450,604,552,885,1449,1820,4028,29023,16382,1555,89,6834,0,0,1,1
2021-03-04T23:59:59+01:00,0,1,361,459,764,1430,1090,2482,1427,3878,1868,3076,970,888,3039,4445,3793,7236,59,108,261,526,428,1082,569,1732,858,1442,602,550,848,1395,1797,3993,29010,16224,1517,26,6679,0,0,1,1
2021-03-03T23:59:59+01:00,0,1,350,427,745,1379,1059,2399,1377,3724,1790,2979,937,844,3029,4439,3793,7233,58,107,258,524,427,1078,567,1723,855,1438,602,549,828,1342,1712,3848,28697,15892,1517,24,6290,0,0,1,1
2021-03-02T23:59:59+01:00,0,1,344,418,729,1355,1011,2354,1308,3640,1674,2883,849,778,2987,4402,3787,7228,58,107,257,520,426,1070,567,1717,855,1434,601,549,828,1342,1712,3848,28060,15867,1454,24,6233,0,0,1,1
2021-03-01T23:59:59+01:00,0,1,340,404,722,1308,999,2296,1288,3558,1648,2834,831,769,2979,4393,3787,7228,58,106,256,516,421,1056,563,1704,846,1426,600,547,732,1190,1659,3768,28021,15424,1406,24,5957,0,0,1,1
2021-02-28T23:59:59+01:00,0,1,335,391,714,1269,986,2220,1276,3471,1626,2755,827,759,2977,4389,3786,7226,58,106,256,516,421,1055,563,1704,844,1426,600,546,636,1066,1613,3688,28010,15075,1403,23,5594,0,0,1,1
2021-02-27T23:59:59+01:00,0,1,326,371,700,1244,966,2183,1241,3403,1603,2702,810,744,2974,4389,3785,7226,58,106,256,516,421,1055,562,1704,843,1426,600,546,636,1065,1613,3688,28008,15072,1403,23,5256,0,0,1,1
2021-02-26T23:59:59+01:00,0,1,301,318,652,1179,902,2065,1151,3237,1499,2563,781,721,2545,3784,3368,6460,58,106,253,514,421,1053,560,1702,840,1420,596,544,629,1053,1604,3669,25745,14999,1403,23,4378,0,0,1,1
2021-02-25T23:59:59+01:00,0,1,296,305,639,1147,881,2023,1132,3171,1481,2518,778,718,2499,3711,3338,6417,56,104,249,506,421,1049,555,1692,837,1409,590,539,552,943,1560,3613,25526,14654,1403,21,4125,0,0,1,1
2021-02-24T23:59:59+01:00,0,1,277,295,588,1101,834,1956,1074,3076,1437,2460,761,699,2261,3410,3257,6287,55,100,245,499,415,1031,546,1670,834,1390,583,528,539,923,1549,3591,24547,14483,1403,15,3823,0,0,1,1
2021-02-23T23:59:59+01:00,0,1,264,275,560,1044,797,1879,1006,2927,1365,2358,710,649,2150,3275,3234,6197,55,98,243,493,415,1015,536,1638,827,1368,575,522,524,876,1538,3547,23759,14255,1398,15,3533,0,0,1,1
2021-02-22T23:59:59+01:00,0,1,260,269,548,982,777,1803,981,2833,1329,2298,687,629,2123,3240,3226,6140,55,97,237,487,413,1002,527,1622,823,1343,561,510,507,851,1532,3497,23370,14049,1398,15,3357,0,0,1,1
2021-02-21T23:59:59+01:00,0,1,257,261,539,957,764,1766,973,2785,1299,2272,687,627,2121,3240,3225,6139,55,97,236,487,413,1002,527,1622,823,1342,561,509,507,851,1532,3496,23364,14045,1398,15,3150,0,0,1,1
2021-02-20T23:59:59+01:00,0,1,173,230,468,908,696,1689,903,2696,1214,2173,672,612,1753,2726,2676,5345,55,97,236,487,413,1002,527,1621,823,1342,561,509,507,851,1532,3496,21114,14044,1398,15,2422,0,0,1,1
2021-02-19T23:59:59+01:00,0,1,82,167,357,827,570,1556,770,2547,1078,2021,656,591,1451,2214,2142,4557,55,97,236,487,413,1001,527,1621,823,1341,561,509,500,847,1531,3490,18935,14025,1398,14,1253,0,0,1,1
2021-02-18T23:59:59+01:00,0,1,79,162,345,777,549,1467,737,2407,1045,1954,641,581,1442,2196,2133,4508,52,90,231,465,399,936,512,1541,804,1267,547,495,494,829,1530,3473,18698,13651,1373,14,952,0,0,1,1
2021-02-17T23:59:59+01:00,0,1,78,154,331,754,540,1434,708,2314,1009,1855,635,571,1384,2109,2087,4459,52,87,229,456,391,898,501,1476,785,1185,534,483,492,827,1530,3473,18440,13385,1300,14,682,0,0,1,1
2021-02-16T23:59:59+01:00,0,1,73,148,316,715,512,1361,676,2206,984,1750,625,564,1141,1765,1969,4282,51,78,228,451,385,868,488,1411,759,1118,513,470,490,827,1527,3472,17535,13134,1062,2,490,0,0,1,1
2021-02-15T23:59:59+01:00,0,1,68,132,290,612,477,1220,621,1993,934,1591,616,562,1058,1659,1918,4220,51,78,226,446,381,862,487,1407,756,1111,513,470,489,824,1526,3469,17210,13096,724,0,37,0,0,1,1
2021-02-14T23:59:59+01:00,0,1,67,125,285,587,472,1191,610,1939,920,1569,616,562,961,1536,1873,4164,51,78,226,446,381,862,487,1405,756,1111,513,470,489,824,1526,3469,16886,13094,569,0,22,0,0,1,1
2021-02-13T23:59:59+01:00,0,1,67,124,285,586,471,1187,609,1937,918,1566,615,561,960,1528,1869,4161,51,78,226,445,379,858,486,1400,754,1110,511,468,472,786,1271,3011,16853,12306,569,0,22,0,0,1,1
2021-02-12T23:59:59+01:00,0,1,66,124,284,585,467,1183,609,1934,915,1565,612,560,921,1477,1849,4121,51,78,226,441,376,849,481,1391,748,1104,504,460,454,747,925,2319,16684,11154,569,0,19,0,0,1,1
2021-02-11T23:59:59+01:00,0,1,66,117,281,574,454,1156,603,1908,908,1553,611,559,879,1419,1827,4084,51,75,211,411,362,802,465,1318,733,1072,501,459,454,747,924,2318,16508,10904,486,0,5,0,0,1,0
2021-02-10T23:59:59+01:00,0,1,65,117,277,571,452,1151,599,1892,903,1549,611,559,870,1403,1806,4040,50,65,177,334,308,699,415,1146,654,978,466,447,449,746,924,2317,16406,10176,458,0,1,0,0,1,0
2021-02-09T23:59:59+01:00,0,1,63,115,271,568,449,1138,598,1878,897,1543,610,558,858,1368,1741,3937,42,53,124,256,232,548,334,944,552,824,431,436,445,745,922,2317,16162,9206,430,0,0,0,0,1,0
2021-02-08T23:59:59+01:00,0,1,62,115,268,559,446,1131,597,1863,891,1535,609,556,757,1218,1687,3855,38,43,86,166,169,410,268,706,492,689,423,429,441,742,921,2317,15744,8341,405,0,0,0,0,1,0
2021-02-07T23:59:59+01:00,0,1,59,112,259,536,431,1100,581,1760,856,1456,608,555,655,1091,1640,3772,37,42,82,164,166,403,263,693,487,678,421,428,441,742,921,2316,15375,8285,96,0,0,0,0,1,0
2021-02-06T23:59:59+01:00,0,1,59,112,258,536,431,1100,579,1759,854,1453,605,553,653,1082,1634,3765,34,41,81,161,163,393,259,685,476,670,413,427,405,694,687,1935,15337,7525,96,0,0,0,0,1,0
2021-02-05T23:59:59+01:00,0,1,59,112,256,533,431,1098,578,1758,852,1451,603,553,643,1075,1628,3754,32,39,77,155,158,385,251,666,459,660,407,427,399,669,299,1313,15288,6397,96,0,0,0,0,1,0
2021-02-04T23:59:59+01:00,0,1,57,110,251,526,425,1082,562,1731,848,1437,596,544,560,958,1580,3696,31,36,73,150,152,374,237,645,442,646,402,421,394,662,297,1308,14935,6271,28,0,0,0,0,1,0
2021-02-03T23:59:59+01:00,0,1,56,105,247,519,424,1062,559,1716,846,1422,592,534,550,948,1577,3683,24,28,59,118,119,275,173,505,333,497,300,321,319,521,226,1047,14814,4866,26,0,0,0,0,1,0
2021-02-02T23:59:59+01:00,0,1,56,103,244,513,424,1044,547,1683,838,1398,579,525,539,903,1568,3639,17,21,40,77,83,181,121,341,218,358,211,215,203,327,162,693,14577,3269,26,0,0,0,0,1,0
2021-02-01T23:59:59+01:00,0,1,56,101,240,505,422,1028,539,1662,834,1375,571,519,522,874,1560,3595,7,11,20,40,45,93,64,168,94,161,99,98,85,152,70,307,14377,1514,26,0,0,0,0,1,0
2021-01-31T23:59:59+01:00,0,1,56,101,239,504,420,1024,537,1657,831,1372,571,518,522,874,1560,3594,7,11,18,36,40,79,60,142,81,146,95,98,84,151,68,306,14355,1422,25,0,0,0,0,1,0
2021-01-30T23:59:59+01:00,0,1,56,101,239,504,420,1024,537,1657,831,1372,571,518,522,874,1560,3594,7,11,18,36,40,79,60,142,81,146,95,97,84,151,68,306,14355,1421,25,0,0,0,0,1,0
2021-01-29T23:59:59+01:00,0,1,56,101,239,504,420,1024,537,1657,831,1372,571,518,522,874,1560,3594,7,11,18,36,40,79,60,142,81,146,95,97,84,151,68,306,14355,1421,25,0,0,0,0,1,0
2021-01-28T23:59:59+01:00,0,1,54,93,235,476,408,958,519,1571,809,1290,558,503,516,857,1558,3580,3,2,4,6,11,13,19,34,21,31,16,20,19,33,17,91,13966,340,19,0,0,0,0,1,0
2021-01-27T23:59:59+01:00,0,1,52,89,235,466,400,919,509,1505,789,1207,546,490,514,855,1558,3580,3,2,4,6,9,13,19,33,21,30,16,20,19,33,17,91,13697,336,17,0,0,0,0,1,0
2021-01-26T23:59:59+01:00,0,1,51,83,231,463,393,890,498,1437,764,1140,524,477,512,855,1558,3580,1,2,4,6,9,12,17,29,17,25,14,18,17,31,17,84,13440,303,16,0,0,0,0,1,0
2021-01-25T23:59:59+01:00,0,1,51,83,228,458,390,884,498,1434,762,1135,524,477,512,854,1558,3578,0,0,0,0,0,0,0,0,0,0,1,1,0,2,0,0,13411,4,15,0,0,0,0,1,0
2021-01-24T23:59:59+01:00,0,1,51,83,228,458,390,884,498,1433,762,1135,524,477,512,854,1558,3578,0,0,0,0,0,0,0,0,0,0,1,1,0,2,0,0,13410,4,15,0,0,0,0,1,0
2021-01-23T23:59:59+01:00,0,1,51,83,228,457,389,880,498,1427,761,1133,521,475,495,816,1305,3110,0,0,0,0,0,0,0,0,0,0,1,1,0,2,0,0,12614,4,15,0,0,0,0,1,0
2021-01-22T23:59:59+01:00,0,1,51,83,227,453,385,871,493,1417,756,1125,515,467,478,775,947,2395,0,0,0,0,0,0,0,0,0,0,1,1,0,2,0,0,11424,4,15,0,0,0,0,0,0
2021-01-21T23:59:59+01:00,0,1,51,80,209,420,358,815,466,1318,730,1091,511,467,478,775,946,2394,0,0,0,0,0,0,0,0,0,0,1,1,0,2,0,0,11095,4,15,0,0,0,0,0,0
2021-01-20T23:59:59+01:00,0,1,49,70,181,349,317,730,424,1164,660,1000,475,456,473,775,946,2393,0,0,0,0,0,0,0,0,0,0,1,1,0,2,0,0,10448,4,15,0,0,0,0,0,0
2021-01-19T23:59:59+01:00,0,1,43,57,135,272,244,571,347,982,570,860,440,444,469,773,946,2393,0,0,0,0,0,0,0,0,0,0,1,0,0,2,0,0,9540,3,7,0,0,0,0,0,0
2021-01-18T23:59:59+01:00,0,1,39,44,86,173,175,421,278,719,499,703,431,437,466,768,944,2393,0,0,0,0,0,0,0,0,0,0,0,0,0,1,0,0,8577,1,0,0,0,0,0,0,0
2021-01-17T23:59:59+01:00,0,1,37,43,83,169,171,413,274,708,494,690,429,437,466,768,944,2392,0,0,0,0,0,0,0,0,0,0,0,0,0,0,0,0,8519,0,0,0,0,0,0,0,0
2021-01-16T23:59:59+01:00,0,1,34,42,81,167,167,404,267,701,479,682,421,436,427,721,704,2007,0,0,0,0,0,0,0,0,0,0,0,0,0,0,0,0,7741,0,0,0,0,0,0,0,0
2021-01-15T23:59:59+01:00,0,1,32,40,78,160,164,398,260,684,465,674,415,435,422,697,310,1376,0,0,0,0,0,0,0,0,0,0,0,0,0,0,0,0,6611,0,0,0,0,0,0,0,0
2021-01-14T23:59:59+01:00,0,1,32,38,77,156,159,393,252,675,454,666,412,433,422,696,310,1376,0,0,0,0,0,0,0,0,0,0,0,0,0,0,0,0,6552,0,0,0,0,0,0,0,0
2021-01-13T23:59:59+01:00,0,0,24,31,61,123,124,298,192,541,346,523,315,332,348,551,239,1107,0,0,0,0,0,0,0,0,0,0,0,0,0,0,0,0,5155,0,0,0,0,0,0,0,0
2021-01-12T23:59:59+01:00,0,0,17,24,45,85,89,210,139,391,236,387,225,226,227,355,173,750,0,0,0,0,0,0,0,0,0,0,0,0,0,0,0,0,3579,0,0,0,0,0,0,0,0
2021-01-11T23:59:59+01:00,0,0,9,15,26,44,59,134,88,220,124,205,112,107,99,172,80,333,0,0,0,0,0,0,0,0,0,0,0,0,0,0,0,0,1827,0,0,0,0,0,0,0,0
2021-01-10T23:59:59+01:00,0,0,8,15,22,41,52,106,80,179,105,172,106,104,95,170,77,333,0,0,0,0,0,0,0,0,0,0,0,0,0,0,0,0,1665,0,0,0,0,0,0,0,0
2021-01-09T23:59:59+01:00,0,0,8,15,22,41,52,106,80,179,105,172,106,103,95,170,77,333,0,0,0,0,0,0,0,0,0,0,0,0,0,0,0,0,1664,0,0,0,0,0,0,0,0
2021-01-08T23:59:59+01:00,0,0,8,14,21,40,50,100,75,168,99,169,103,99,90,161,75,325,0,0,0,0,0,0,0,0,0,0,0,0,0,0,0,0,1597,0,0,0,0,0,0,0,0
2021-01-07T23:59:59+01:00,0,0,3,3,4,7,11,14,20,34,23,34,17,20,20,34,19,95,0,0,0,0,0,0,0,0,0,0,0,0,0,0,0,0,358,0,0,0,0,0,0,0,0
2021-01-06T23:59:59+01:00,0,0,3,2,4,6,9,13,20,33,21,31,17,20,20,34,19,94,0,0,0,0,0,0,0,0,0,0,0,0,0,0,0,0,346,0,0,0,0,0,0,0,0
2021-01-05T23:59:59+01:00,0,0,3,2,4,6,9,13,20,33,21,31,17,20,20,34,19,94,0,0,0,0,0,0,0,0,0,0,0,0,0,0,0,0,346,0,0,0,0,0,0,0,0
2021-01-04T23:59:59+01:00,0,0,0,0,0,0,0,0,1,0,0,0,1,1,0,2,0,0,0,0,0,0,0,0,0,0,0,0,0,0,0,0,0,0,5,0,0,0,0,0,0,0,0
2021-01-03T23:59:59+01:00,0,0,0,0,0,0,0,0,1,0,0,0,1,1,0,2,0,0,0,0,0,0,0,0,0,0,0,0,0,0,0,0,0,0,5,0,0,0,0,0,0,0,0
2021-01-02T23:59:59+01:00,0,0,0,0,0,0,0,0,1,0,0,0,1,1,0,2,0,0,0,0,0,0,0,0,0,0,0,0,0,0,0,0,0,0,5,0,0,0,0,0,0,0,0
2021-01-01T23:59:59+01:00,0,0,0,0,0,0,0,0,1,0,0,0,1,1,0,2,0,0,0,0,0,0,0,0,0,0,0,0,0,0,0,0,0,0,5,0,0,0,0,0,0,0,0
2020-12-31T23:59:59+01:00,0,0,0,0,0,0,0,0,1,0,0,0,1,1,0,2,0,0,0,0,0,0,0,0,0,0,0,0,0,0,0,0,0,0,5,0,0,0,0,0,0,0,0
2020-12-30T23:59:59+01:00,0,0,0,0,0,0,0,0,1,0,0,0,1,1,0,2,0,0,0,0,0,0,0,0,0,0,0,0,0,0,0,0,0,0,5,0,0,0,0,0,0,0,0
2020-12-29T23:59:59+01:00,0,0,0,0,0,0,0,0,1,0,0,0,1,0,0,2,0,0,0,0,0,0,0,0,0,0,0,0,0,0,0,0,0,0,4,0,0,0,0,0,0,0,0
2020-12-28T23:59:59+01:00,0,0,0,0,0,0,0,0,0,0,0,0,1,0,0,1,0,0,0,0,0,0,0,0,0,0,0,0,0,0,0,0,0,0,2,0,0,0,0,0,0,0,0
2020-12-27T23:59:59+01:00,0,0,0,0,0,0,0,0,0,0,0,0,0,0,0,0,0,0,0,0,0,0,0,0,0,0,0,0,0,0,0,0,0,0,0,0,0,0,0,0,0,0,0
