Datum,<15_m,<15_w,15-24_1_m,15-24_1_w,25-34_1_m,25-34_1_w,35-44_1_m,35-44_1_w,45-54_1_m,45-54_1_w,55-64_1_m,55-64_1_w,65-74_1_m,65-74_1_w,75-84_1_m,75-84_1_w,>84_1_m,>84_1_w,<24_2_m,<24_2_w,25-34_2_m,25-34_2_w,35-44_2_m,35-44_2_w,45-54_2_m,45-54_2_w,55-64_2_m,55-64_2_w,65-74_2_m,65-74_2_w,75-84_2_m,75-84_2_w,>84_2_m,>84_2_w,bp_1,bp_2,mo_1,mo_2,az_1,az_2,ja,unb_1,unb_2
2021-10-11T23:59:59+02:00,1971,1766,14813,14076,17844,16638,21003,21292,27618,28707,34209,35085,25908,28740,17593,22473,5359,10141,13291,12575,16589,15257,19792,19757,26111,26912,32661,33431,25083,27823,17067,21710,5152,9605,248977,233482,32370,30216,46589,44874,17228,98,42
2021-10-10T23:59:59+02:00,1959,1753,14795,14059,17827,16623,20994,21278,27613,28704,34198,35078,25908,28736,17592,22470,5357,10141,13265,12552,16562,15229,19773,19739,26095,26896,32649,33416,25077,27814,17062,21707,5151,9602,248840,233245,32370,30216,46589,44870,17214,98,42
2021-10-09T23:59:59+02:00,1959,1753,14795,14059,17826,16622,20993,21278,27613,28704,34197,35077,25908,28734,17592,22470,5357,10141,13265,12552,16561,15229,19772,19739,26095,26895,32648,33414,25077,27812,17062,21707,5151,9602,248839,233244,32370,30215,46589,44870,17208,98,42
2021-10-08T23:59:59+02:00,1942,1738,14758,14037,17798,16598,20970,21262,27594,28690,34183,35063,25903,28733,17592,22468,5356,10139,13188,12464,16507,15178,19719,19699,26066,26863,32627,33393,25067,27801,17057,21702,5149,9601,248645,232742,32352,30198,46589,44870,17166,98,42
2021-10-07T23:59:59+02:00,1920,1719,14689,13964,17732,16548,20926,21201,27548,28661,34133,35034,25879,28711,17584,22457,5355,10135,13091,12394,16447,15108,19671,19651,25995,26813,32581,33354,25042,27779,17039,21683,5141,9584,248196,232243,32293,30038,46588,44869,17047,98,42
2021-10-06T23:59:59+02:00,1911,1702,14653,13931,17709,16519,20908,21177,27518,28630,34099,35013,25865,28699,17579,22452,5352,10132,13063,12353,16422,15079,19646,19627,25967,26787,32558,33324,25030,27766,17029,21671,5139,9578,247896,231928,32293,30038,46588,44869,16998,98,42
2021-10-05T23:59:59+02:00,1904,1690,14629,13896,17678,16504,20888,21156,27498,28603,34079,34986,25847,28683,17570,22442,5352,10129,13030,12321,16396,15061,19625,19603,25946,26760,32536,33306,25024,27757,17022,21664,5135,9573,247605,231640,32292,30038,46587,44868,16976,98,42
2021-10-04T23:59:59+02:00,1892,1685,14584,13859,17647,16476,20870,21133,27475,28580,34062,34967,25840,28666,17567,22437,5351,10125,12996,12284,16376,15030,19613,19579,25924,26732,32520,33278,25013,27747,17016,21657,5133,9569,247353,231353,32268,30038,46586,44867,16934,98,42
2021-10-03T23:59:59+02:00,1880,1679,14564,13831,17630,16460,20859,21124,27467,28569,34052,34958,25831,28661,17560,22429,5350,10123,12974,12266,16352,15013,19603,19569,25914,26719,32509,33265,25002,27736,17016,21649,5133,9569,247219,231202,32259,30034,46583,44866,16891,98,42
2021-10-02T23:59:59+02:00,1879,1679,14562,13830,17630,16459,20859,21123,27467,28569,34051,34958,25831,28660,17560,22429,5350,10123,12974,12265,16352,15013,19603,19569,25914,26719,32509,33265,25002,27736,17016,21649,5133,9569,247211,231201,32259,30034,46583,44866,16891,98,42
2021-10-01T23:59:59+02:00,1866,1660,14501,13770,17569,16409,20817,21081,27436,28551,34026,34940,25823,28657,17560,22424,5350,10120,12872,12161,16272,14955,19544,19522,25878,26684,32478,33237,24987,27721,17012,21641,5132,9567,246900,230630,32227,30024,46583,44866,16775,98,42
2021-09-30T23:59:59+02:00,1853,1640,14399,13687,17503,16352,20756,21028,27379,28493,33968,34913,25801,28641,17551,22414,5348,10117,12761,12086,16196,14907,19495,19470,25823,26626,32423,33209,24966,27698,17006,21629,5129,9566,246537,230320,32099,29844,46580,44858,16552,98,42
2021-09-29T23:59:59+02:00,1839,1620,14375,13664,17480,16311,20719,20999,27352,28461,33940,34890,25781,28624,17543,22404,5348,10116,12729,12053,16175,14879,19482,19451,25808,26608,32405,33186,24951,27685,16997,21616,5126,9562,246189,230043,32099,29844,46580,44857,16523,98,42
2021-09-28T23:59:59+02:00,1823,1611,14347,13632,17451,16277,20692,20965,27320,28438,33913,34865,25767,28604,17533,22394,5345,10110,12690,12020,16153,14851,19467,19425,25788,26597,32392,33165,24945,27674,16994,21610,5124,9561,245838,229782,32098,29844,46580,44856,16496,98,42
2021-09-27T23:59:59+02:00,1815,1607,14320,13607,17432,16255,20667,20942,27298,28419,33894,34845,25759,28591,17531,22386,5345,10107,12652,11986,16132,14829,19441,19409,25768,26575,32383,33145,24937,27661,16988,21603,5122,9560,245623,229550,32098,29844,46580,44850,16444,98,42
2021-09-26T23:59:59+02:00,1811,1602,14305,13589,17412,16238,20656,20927,27284,28405,33886,34832,25748,28586,17527,22385,5344,10106,12636,11966,16117,14812,19428,19397,25759,26564,32372,33134,24931,27659,16985,21599,5121,9559,245477,229419,32098,29843,46580,44850,16413,98,42
2021-09-25T23:59:59+02:00,1808,1600,14292,13573,17394,16228,20635,20918,27265,28390,33873,34824,25742,28581,17522,22382,5343,10104,12626,11952,16101,14803,19408,19387,25744,26548,32360,33126,24926,27654,16980,21596,5121,9557,245435,229393,32098,29843,46580,44850,16285,98,42
2021-09-24T23:59:59+02:00,1790,1576,14211,13494,17326,16176,20580,20868,27226,28347,33835,34793,25724,28570,17512,22372,5341,10100,12528,11851,16018,14737,19354,19326,25697,26513,32314,33096,24903,27633,16971,21584,5119,9553,245042,228878,32079,29839,46580,44850,16064,98,42
2021-09-23T23:59:59+02:00,1769,1556,14108,13396,17236,16091,20488,20792,27146,28290,33787,34734,25698,28547,17500,22353,5337,10093,12438,11776,15949,14671,19280,19278,25639,26456,32268,33060,24883,27614,16965,21572,5116,9548,244561,228549,31979,29801,46580,44850,15725,98,42
2021-09-22T23:59:59+02:00,1750,1544,14070,13346,17186,16049,20438,20745,27108,28243,33737,34684,25668,28521,17492,22331,5333,10089,12397,11730,15903,14638,19250,19249,25610,26428,32219,33026,24855,27589,16959,21558,5112,9539,244145,228230,31954,29792,46580,44848,15578,98,42
2021-09-21T23:59:59+02:00,1737,1529,14008,13293,17163,16000,20405,20706,27079,28204,33702,34663,25655,28504,17480,22308,5325,10062,12349,11670,15874,14611,19217,19210,25583,26400,32194,32999,24834,27572,16956,21549,5110,9528,243660,227849,31950,29743,46580,44846,15556,98,42
2021-09-20T23:59:59+02:00,1727,1522,13956,13255,17126,15961,20365,20673,27037,28168,33668,34629,25635,28477,17472,22291,5314,10035,12295,11634,15841,14589,19188,19187,25555,26377,32172,32975,24821,27559,16953,21540,5105,9514,243228,227554,31949,29743,46580,44846,15477,98,42
2021-09-19T23:59:59+02:00,1722,1513,13932,13230,17095,15939,20338,20655,27016,28140,33655,34616,25627,28469,17469,22288,5313,10033,12270,11614,15819,14569,19174,19168,25542,26366,32162,32965,24815,27554,16947,21534,5104,9514,243002,227388,31948,29742,46580,44844,15443,98,42
2021-09-18T23:59:59+02:00,1720,1509,13920,13218,17084,15932,20328,20648,27009,28136,33649,34612,25627,28469,17469,22287,5313,10033,12263,11606,15809,14564,19164,19165,25535,26362,32157,32963,24815,27554,16947,21534,5104,9514,242966,227369,31935,29737,46580,44844,15405,98,42
2021-09-17T23:59:59+02:00,1697,1475,13817,13104,16976,15857,20247,20577,26939,28076,33596,34568,25604,28446,17457,22276,5312,10030,12176,11527,15708,14487,19076,19093,25466,26295,32095,32920,24796,27534,16937,21516,5103,9510,242501,226928,31888,29725,46580,44843,15008,98,42
2021-09-16T23:59:59+02:00,1670,1440,13718,12996,16890,15762,20156,20487,26838,27989,33520,34502,25572,28413,17443,22252,5305,10009,12087,11448,15638,14424,18995,19014,25377,26213,32033,32865,24754,27496,16927,21503,5100,9499,241893,226462,31791,29665,46580,44841,14621,98,42
2021-09-15T23:59:59+02:00,1652,1431,13658,12943,16837,15700,20110,20436,26782,27937,33468,34446,25546,28381,17428,22224,5298,9986,12026,11386,15583,14373,18944,18963,25316,26165,31975,32809,24721,27463,16911,21484,5096,9488,241473,226027,31770,29650,46576,44839,14367,98,42
2021-09-14T23:59:59+02:00,1636,1420,13596,12876,16764,15649,20050,20388,26733,27881,33420,34396,25526,28363,17415,22213,5294,9981,11963,11323,15510,14313,18891,18918,25268,26111,31919,32756,24690,27440,16897,21468,5096,9483,241082,225633,31718,29556,46576,44839,14148,98,42
2021-09-13T23:59:59+02:00,1614,1404,13558,12839,16736,15621,20031,20363,26711,27856,33401,34372,25517,28356,17410,22203,5294,9978,11920,11289,15477,14290,18868,18888,25243,26083,31892,32733,24680,27430,16884,21459,5093,9482,240802,225322,31717,29554,46571,44837,14096,98,42
2021-09-12T23:59:59+02:00,1604,1401,13526,12816,16694,15605,20018,20353,26700,27839,33396,34360,25513,28350,17409,22199,5294,9975,11877,11269,15431,14272,18844,18867,25227,26070,31878,32719,24672,27421,16881,21455,5092,9479,240651,225107,31717,29554,46569,44836,14037,98,42
2021-09-11T23:59:59+02:00,1593,1400,13510,12804,16680,15596,20009,20350,26688,27833,33392,34356,25509,28349,17408,22198,5292,9975,11810,11218,15415,14264,18836,18856,25214,26059,31870,32706,24670,27419,16880,21454,5092,9479,240586,224783,31697,29552,46569,44836,14010,98,42
2021-09-10T23:59:59+02:00,1554,1354,13361,12676,16608,15518,19902,20265,26605,27769,33330,34301,25469,28318,17392,22175,5286,9970,11689,11112,15329,14181,18727,18772,25120,26002,31796,32648,24628,27388,16863,21434,5087,9474,239987,224224,31679,29541,46569,44836,13536,98,42
2021-09-09T23:59:59+02:00,1533,1333,13290,12610,16554,15466,19848,20228,26553,27702,33288,34261,25441,28300,17387,22162,5282,9963,11627,11039,15278,14129,18672,18741,25064,25962,31750,32614,24606,27373,16850,21424,5084,9463,239618,223853,31603,29502,46569,44836,13328,98,42
2021-09-08T23:59:59+02:00,1518,1316,13261,12586,16538,15442,19828,20215,26537,27690,33275,34250,25429,28292,17381,22156,5279,9960,11582,10995,15252,14111,18660,18724,25046,25937,31729,32603,24592,27358,16848,21418,5084,9461,239398,223574,31603,29502,46565,44835,13304,98,42
2021-09-07T23:59:59+02:00,1485,1298,13203,12539,16498,15410,19805,20186,26500,27669,33241,34220,25405,28274,17375,22140,5274,9954,11524,10930,15198,14058,18623,18691,24999,25892,31677,32576,24564,27335,16840,21401,5079,9459,239165,223267,31518,29387,46565,44835,13145,98,42
2021-09-06T23:59:59+02:00,1470,1289,13174,12504,16475,15386,19786,20165,26483,27654,33230,34211,25402,28261,17372,22136,5271,9954,11503,10898,15179,14025,18601,18675,24983,25872,31655,32561,24553,27322,16839,21393,5076,9459,238945,223039,31518,29376,46565,44834,13112,98,42
2021-09-05T23:59:59+02:00,1460,1281,13158,12485,16458,15370,19775,20158,26477,27645,33220,34198,25400,28259,17370,22132,5271,9954,11484,10882,15153,14009,18590,18666,24976,25866,31646,32542,24550,27311,16836,21388,5074,9458,238819,222891,31518,29376,46565,44833,13086,98,42
2021-09-04T23:59:59+02:00,1460,1281,13157,12484,16458,15370,19773,20158,26476,27645,33220,34198,25400,28259,17370,22131,5271,9954,11484,10880,15151,14009,18585,18666,24975,25864,31646,32540,24549,27311,16836,21388,5074,9458,238817,222880,31518,29375,46565,44833,13082,98,42
2021-09-03T23:59:59+02:00,1433,1265,13055,12387,16401,15318,19736,20120,26435,27619,33183,34181,25382,28248,17366,22120,5269,9953,11343,10755,15089,13936,18514,18620,24904,25815,31587,32504,24516,27283,16823,21372,5071,9454,238322,222076,31518,29371,46565,44833,12983,98,42
2021-09-02T23:59:59+02:00,1418,1259,12991,12345,16358,15285,19702,20094,26401,27585,33158,34160,25367,28236,17361,22115,5269,9949,11267,10715,15041,13901,18476,18600,24871,25793,31549,32474,24497,27262,16817,21367,5071,9452,238101,221811,31454,29330,46561,44824,12854,98,42
2021-09-01T23:59:59+02:00,1395,1244,12955,12307,16337,15265,19683,20080,26383,27565,33137,34135,25356,28225,17355,22105,5266,9945,11226,10680,15021,13873,18456,18580,24850,25770,31524,32442,24483,27248,16809,21361,5069,9450,237802,221481,31454,29328,46560,44823,12839,98,42
2021-08-31T23:59:59+02:00,1364,1222,12900,12247,16292,15229,19650,20036,26338,27516,33098,34101,25340,28204,17349,22092,5262,9941,11154,10611,14973,13812,18404,18548,24800,25716,31466,32399,24452,27232,16801,21348,5066,9443,237496,221053,31391,29299,46560,44804,12651,98,42
2021-08-30T23:59:59+02:00,1340,1207,12859,12209,16267,15207,19630,20019,26315,27499,33076,34084,25329,28194,17349,22088,5260,9939,11076,10579,14946,13791,18382,18525,24772,25700,31439,32372,24441,27217,16795,21341,5063,9440,237245,220760,31391,29298,46560,44793,12591,98,42
2021-08-29T23:59:59+02:00,1335,1201,12846,12193,16256,15198,19621,20010,26312,27490,33069,34070,25324,28188,17347,22087,5260,9939,11058,10542,14936,13774,18366,18511,24760,25691,31431,32360,24432,27205,16793,21336,5063,9440,237144,220586,31391,29298,46560,44789,12567,98,42
2021-08-28T23:59:59+02:00,1328,1189,12814,12171,16241,15186,19610,19996,26305,27480,33060,34064,25322,28183,17346,22084,5260,9938,10982,10470,14902,13741,18319,18484,24724,25658,31388,32329,24415,27192,16784,21320,5063,9437,236983,220060,31391,29298,46560,44789,12559,98,42
2021-08-27T23:59:59+02:00,1309,1174,12751,12115,16195,15138,19551,19946,26250,27431,33017,34034,25304,28172,17342,22070,5260,9935,10945,10436,14862,13715,18303,18468,24689,25634,31360,32308,24402,27181,16781,21316,5063,9436,236558,219903,31391,29297,46560,44788,12401,98,42
2021-08-26T23:59:59+02:00,1289,1158,12682,12058,16149,15095,19506,19906,26196,27373,32966,33989,25274,28143,17335,22060,5257,9932,10875,10386,14815,13674,18257,18439,24644,25596,31314,32269,24380,27164,16773,21307,5063,9432,236190,219588,31332,29283,46560,44781,12201,98,42
2021-08-25T23:59:59+02:00,1272,1143,12659,12016,16129,15069,19485,19891,26169,27357,32931,33961,25256,28125,17328,22053,5256,9929,10826,10343,14784,13645,18224,18408,24622,25577,31281,32231,24367,27147,16766,21297,5061,9429,235882,219212,31332,29283,46554,44777,12174,98,42
2021-08-24T23:59:59+02:00,1245,1125,12599,11945,16072,15025,19440,19850,26122,27312,32886,33928,25236,28101,17316,22041,5255,9924,10747,10269,14740,13604,18178,18372,24571,25526,31239,32194,24343,27120,16751,21281,5060,9428,235571,218797,31207,29243,46554,44777,12002,98,42
2021-08-23T23:59:59+02:00,1232,1112,12560,11909,16047,15006,19419,19815,26101,27277,32856,33905,25222,28088,17312,22032,5255,9921,10692,10215,14710,13566,18140,18338,24544,25496,31204,32161,24330,27100,16744,21278,5058,9427,235270,218392,31206,29243,46553,44774,11951,98,42
2021-08-22T23:59:59+02:00,1224,1105,12545,11887,16032,14990,19412,19796,26089,27266,32845,33889,25211,28082,17310,22029,5252,9921,10663,10186,14689,13551,18120,18327,24531,25479,31189,32148,24322,27089,16742,21273,5057,9426,235104,218176,31206,29243,46553,44773,11933,98,42
2021-08-21T23:59:59+02:00,1136,1033,12470,11829,16020,14978,19402,19784,26079,27255,32835,33873,25206,28078,17307,22026,5252,9921,10639,10156,14672,13547,18112,18315,24522,25473,31182,32142,24319,27089,16741,21273,5057,9426,234730,218053,31200,29243,46553,44773,11912,98,42
2021-08-20T23:59:59+02:00,1116,1017,12409,11760,15961,14925,19340,19746,26025,27222,32785,33846,25191,28067,17298,22021,5251,9919,10584,10118,14630,13512,18072,18289,24487,25454,31152,32125,24310,27082,16735,21270,5057,9425,234232,217767,31200,29243,46553,44773,11825,98,42
2021-08-19T23:59:59+02:00,1090,993,12341,11704,15902,14893,19290,19695,25963,27172,32742,33811,25159,28044,17286,22010,5248,9917,10490,10042,14562,13474,18016,18251,24418,25411,31085,32080,24268,27063,16726,21253,5056,9422,233939,217331,31107,29234,46553,44765,11572,98,42
2021-08-18T23:59:59+02:00,1078,977,12301,11668,15873,14862,19262,19665,25933,27141,32705,33785,25140,28032,17281,22001,5246,9916,10435,9974,14515,13448,17967,18222,24372,25373,31026,32042,24246,27046,16720,21240,5052,9416,233620,216874,31107,29227,46552,44755,11498,98,42
2021-08-17T23:59:59+02:00,1051,952,12250,11626,15844,14820,19231,19633,25905,27118,32669,33747,25121,28012,17271,21985,5245,9911,10341,9892,14462,13400,17914,18168,24322,25332,30966,31998,24219,27022,16709,21220,5050,9409,233319,216275,30980,29168,46552,44752,11450,98,42
2021-08-16T23:59:59+02:00,1039,945,12218,11599,15827,14802,19213,19614,25882,27094,32650,33725,25101,27997,17263,21970,5242,9909,10286,9824,14437,13356,17890,18132,24278,25297,30929,31967,24192,26988,16694,21206,5050,9406,233090,215833,30980,29168,46552,44746,11378,98,42
2021-08-15T23:59:59+02:00,1031,945,12194,11584,15812,14785,19199,19599,25872,27085,32629,33711,25095,27988,17259,21959,5241,9909,10241,9789,14400,13333,17868,18111,24255,25283,30908,31941,24175,26980,16689,21198,5049,9404,232933,215550,30979,29168,46551,44741,11344,98,42
2021-08-14T23:59:59+02:00,1030,945,12193,11580,15812,14784,19196,19597,25871,27085,32629,33710,25095,27988,17259,21959,5241,9909,10075,9569,14294,13242,17793,18064,24206,25251,30868,31908,24160,26967,16686,21195,5047,9403,232924,214544,30979,29167,46551,44740,11339,98,42
2021-08-13T23:59:59+02:00,985,905,12040,11453,15758,14724,19130,19540,25800,27033,32577,33674,25070,27959,17248,21949,5240,9905,10022,9515,14254,13213,17754,18039,24174,25231,30844,31887,24149,26954,16680,21186,5047,9399,232087,214207,30978,29167,46551,44737,11286,96,42
2021-08-12T23:59:59+02:00,971,883,11983,11392,15709,14684,19094,19514,25755,27010,32531,33645,25045,27943,17239,21943,5239,9902,9931,9449,14180,13172,17693,17989,24108,25196,30790,31838,24121,26929,16664,21168,5045,9399,231855,213787,30954,29161,46551,44722,11033,96,42
2021-08-11T23:59:59+02:00,957,872,11949,11359,15690,14661,19061,19496,25733,26991,32506,33616,25027,27921,17235,21935,5238,9900,9858,9387,14128,13132,17646,17945,24067,25174,30750,31790,24091,26897,16648,21155,5044,9393,231564,213218,30953,29157,46550,44694,10991,96,42
2021-08-10T23:59:59+02:00,938,862,11861,11307,15637,14630,19017,19459,25677,26957,32449,33562,25010,27905,17228,21922,5237,9897,9763,9301,14076,13097,17614,17911,24020,25135,30697,31743,24058,26864,16641,21135,5040,9388,231180,212699,30821,29122,46548,44680,10917,96,42
2021-08-09T23:59:59+02:00,936,845,11833,11272,15621,14614,18995,19446,25645,26934,32420,33531,25002,27896,17222,21914,5237,9894,9709,9241,14035,13047,17577,17870,23989,25090,30662,31702,24044,26847,16636,21122,5038,9382,230942,212247,30821,29119,46547,44673,10858,96,42
2021-08-08T23:59:59+02:00,926,838,11797,11249,15600,14600,18975,19425,25620,26914,32398,33514,24994,27880,17215,21910,5236,9894,9634,9185,13986,13019,17550,17840,23956,25055,30630,31671,24031,26828,16628,21108,5037,9379,230751,211846,30821,29118,46547,44672,10776,96,42
2021-08-07T23:59:59+02:00,906,811,11700,11171,15557,14558,18933,19391,25581,26884,32352,33482,24977,27868,17206,21892,5235,9891,9010,8590,13542,12663,17338,17655,23805,24944,30478,31594,23972,26777,16607,21081,5032,9376,230162,208633,30821,29117,46547,44672,10775,96,42
2021-08-06T23:59:59+02:00,897,808,11670,11146,15541,14545,18923,19385,25566,26868,32343,33475,24973,27864,17201,21890,5235,9890,8427,7962,13027,12267,17110,17449,23660,24832,30384,31515,23941,26730,16595,21067,5029,9369,230112,205458,30699,29104,46547,44672,10772,96,42
2021-08-05T23:59:59+02:00,894,801,11630,11115,15499,14516,18882,19353,25520,26833,32295,33428,24932,27842,17199,21879,5235,9884,8372,7898,12978,12215,17060,17407,23596,24792,30308,31460,23894,26688,16581,21049,5027,9360,229884,205034,30698,29099,46546,44663,10517,96,42
2021-08-04T23:59:59+02:00,877,785,11600,11085,15480,14484,18850,19327,25493,26804,32250,33389,24917,27829,17194,21873,5233,9876,8282,7811,12921,12167,17008,17363,23539,24748,30248,31388,23857,26649,16571,21036,5025,9354,229620,204443,30696,29098,46544,44628,10394,96,42
2021-08-03T23:59:59+02:00,861,768,11553,11045,15457,14462,18819,19307,25467,26775,32216,33354,24897,27810,17185,21868,5229,9875,8199,7723,12851,12117,16940,17310,23479,24711,30206,31338,23821,26615,16556,21025,5022,9350,229285,203782,30695,29088,46543,44620,10333,96,42
2021-08-02T23:59:59+02:00,852,765,11518,11014,15435,14430,18792,19287,25438,26750,32184,33326,24883,27790,17177,21859,5228,9873,8103,7630,12771,12057,16880,17246,23422,24639,30156,31280,23803,26592,16535,21015,5020,9345,229005,203073,30695,29087,46543,44612,10265,96,42
2021-08-01T23:59:59+02:00,844,758,11491,10985,15424,14417,18777,19276,25419,26738,32167,33311,24879,27781,17176,21856,5226,9872,8035,7563,12710,12010,16836,17199,23386,24607,30129,31255,23787,26573,16531,21009,5018,9344,228861,202616,30690,29086,46543,44593,10210,96,42
2021-07-31T23:59:59+02:00,841,757,11488,10979,15422,14414,18773,19272,25418,26737,32164,33310,24879,27780,17176,21856,5226,9872,7882,7376,11938,11340,16280,16759,23291,24528,30064,31184,23758,26537,16519,20990,5017,9342,228831,199391,30689,29086,46543,44591,10208,96,42
2021-07-30T23:59:59+02:00,840,756,11475,10970,15419,14411,18766,19266,25411,26732,32154,33305,24878,27778,17176,21853,5226,9872,7601,7133,11396,10892,15800,16330,23154,24421,29956,31071,23721,26492,16502,20968,5017,9337,228763,196309,30688,29085,46541,44578,10203,96,42
2021-07-29T23:59:59+02:00,828,747,11435,10923,15381,14390,18726,19240,25374,26696,32101,33276,24860,27758,17165,21835,5226,9869,7227,6824,10731,10374,15282,15915,22978,24275,29808,30960,23666,26440,16473,20943,5013,9334,228441,192838,30687,29075,46541,44492,10068,96,42
2021-07-28T23:59:59+02:00,809,734,11388,10869,15357,14361,18695,19212,25348,26668,32074,33250,24846,27740,17160,21823,5225,9865,7060,6667,10586,10252,15170,15780,22885,24179,29706,30862,23623,26382,16455,20914,5012,9324,228113,191588,30687,29073,46536,44383,9995,96,42
2021-07-27T23:59:59+02:00,800,725,11343,10829,15314,14321,18655,19186,25319,26642,32038,33228,24830,27715,17153,21811,5224,9857,6838,6452,10425,10137,15025,15648,22781,24070,29598,30749,23571,26318,16439,20887,5009,9312,227793,190434,30687,28745,46535,44347,9882,96,42
2021-07-26T23:59:59+02:00,790,712,11293,10780,15288,14299,18638,19159,25291,26612,32006,33202,24815,27693,17141,21799,5223,9854,6721,6376,10328,10063,14958,15568,22699,24010,29533,30675,23538,26275,16427,20870,5005,9306,227495,189650,30685,28742,46534,44305,9787,96,42
2021-07-25T23:59:59+02:00,779,702,11265,10752,15266,14274,18618,19135,25264,26587,31985,33184,24798,27682,17137,21790,5222,9852,6645,6295,10259,10000,14885,15508,22645,23956,29477,30637,23507,26254,16415,20856,5005,9302,227297,189062,30685,28738,46533,44275,9683,96,42
2021-07-24T23:59:59+02:00,755,680,11188,10669,15227,14246,18594,19114,25244,26571,31973,33171,24798,27678,17134,21788,5222,9852,6247,5941,10111,9885,14509,15225,22422,23798,29359,30553,23471,26216,16398,20839,5002,9298,226917,186702,30685,28735,46533,44273,9675,96,42
2021-07-23T23:59:59+02:00,729,658,11120,10583,15197,14212,18566,19099,25223,26550,31958,33154,24787,27673,17132,21788,5222,9849,5877,5631,9989,9778,14162,14960,22226,23622,29239,30435,23419,26148,16387,20818,4998,9291,226528,184428,30685,28735,46533,44261,9660,96,42
2021-07-22T23:59:59+02:00,688,618,10965,10420,15100,14123,18478,19050,25143,26496,31885,33090,24751,27632,17117,21770,5218,9844,5559,5333,9720,9562,13579,14483,21906,23363,29007,30207,23318,26050,16344,20780,4994,9288,225574,181105,30684,28723,46532,44242,9504,96,42
2021-07-21T23:59:59+02:00,668,593,10900,10365,15063,14095,18438,19012,25103,26466,31846,33040,24726,27598,17101,21758,5215,9839,4943,4866,9278,9307,13195,14253,21674,23208,28821,30058,23253,25974,16319,20757,4992,9285,225143,179331,30673,27455,46529,44075,9387,96,42
2021-07-20T23:59:59+02:00,650,576,10843,10310,15037,14059,18403,18985,25072,26434,31810,33006,24706,27577,17096,21743,5212,9832,4803,4752,9128,9176,13028,14118,21561,23087,28690,29933,23173,25871,16297,20717,4985,9279,224765,177987,30673,27443,46527,43926,9292,96,42
2021-07-19T23:59:59+02:00,637,563,10805,10279,15006,14035,18379,18977,25044,26408,31777,32977,24689,27554,17090,21732,5210,9829,4723,4683,9030,9098,12910,14021,21463,22979,28591,29813,23117,25814,16272,20688,4980,9273,224519,177047,30673,27434,46518,43828,9187,96,42
2021-07-18T23:59:59+02:00,622,554,10752,10228,14971,14015,18354,18959,25024,26392,31754,32958,24679,27543,17084,21723,5209,9824,4615,4581,8896,8977,12783,13881,21377,22888,28518,29734,23088,25784,16263,20675,4977,9272,224244,176036,30673,27420,46518,43774,9116,96,42
2021-07-17T23:59:59+02:00,547,483,10461,9930,14859,13913,18263,18881,24918,26317,31646,32907,24644,27509,17071,21703,5207,9823,4567,4540,8841,8905,12548,13684,20952,22544,28388,29602,23051,25731,16254,20660,4976,9269,222684,174240,30673,27420,46516,43772,9115,96,42
2021-07-16T23:59:59+02:00,518,446,10326,9808,14799,13872,18210,18829,24882,26284,31626,32882,24635,27494,17068,21696,5207,9820,4520,4498,8765,8864,12176,13406,20407,22144,28255,29507,23002,25694,16245,20655,4974,9267,222015,172127,30673,27417,46515,43765,9105,96,42
2021-07-15T23:59:59+02:00,486,409,10188,9702,14731,13824,18154,18760,24827,26236,31576,32829,24610,27457,17050,21681,5200,9816,4308,4359,8436,8657,11661,13004,19299,21297,27838,29162,22832,25524,16180,20582,4964,9251,221284,167425,30671,27403,46514,43565,8973,96,42
2021-07-14T23:59:59+02:00,465,395,10159,9676,14694,13803,18124,18726,24790,26195,31525,32776,24580,27429,17039,21664,5199,9814,4184,4207,8179,8484,11431,12859,19120,21186,27691,29035,22767,25446,16146,20544,4959,9242,220915,165855,30671,27384,46513,43388,8860,96,42
2021-07-13T23:59:59+02:00,441,381,10109,9624,14664,13774,18097,18693,24753,26174,31491,32734,24564,27398,17028,21652,5198,9811,4087,4111,8004,8326,11230,12668,18984,21047,27537,28873,22670,25361,16111,20491,4955,9231,220505,164394,30671,27363,46512,43130,8804,96,42
2021-07-12T23:59:59+02:00,429,359,10063,9573,14637,13756,18067,18664,24716,26132,31457,32690,24540,27375,17013,21647,5195,9808,3981,4010,7833,8204,11071,12531,18868,20926,27414,28753,22596,25299,16084,20465,4954,9226,220133,163224,30670,27342,46511,42938,8712,96,42
2021-07-11T23:59:59+02:00,421,341,10032,9543,14615,13736,18050,18654,24694,26123,31436,32672,24528,27365,17011,21645,5195,9806,3911,3939,7715,8107,10923,12403,18743,20824,27313,28639,22552,25251,16063,20440,4952,9223,219936,162262,30667,27337,46510,42736,8659,96,42
2021-07-10T23:59:59+02:00,395,318,9919,9439,14561,13697,18000,18631,24670,26103,31417,32656,24520,27356,17007,21641,5193,9804,3876,3914,7657,8066,10888,12374,18714,20799,27284,28617,22544,25236,16059,20435,4952,9223,219409,161959,30666,27336,46507,42688,8650,96,42
2021-07-09T23:59:59+02:00,335,271,9660,9229,14460,13617,17922,18560,24584,26050,31368,32595,24497,27325,16993,21623,5193,9798,3809,3874,7520,7975,10670,12225,18489,20660,26868,28297,22359,25042,16004,20374,4949,9216,218188,159808,30666,27332,46506,42559,8625,96,42
2021-07-08T23:59:59+02:00,256,204,9466,9084,14357,13540,17827,18486,24525,25999,31285,32536,24468,27294,16980,21605,5189,9793,3653,3750,7209,7787,10317,11996,18142,20378,26564,28039,22185,24884,15936,20298,4942,9200,217077,157432,30663,27284,46493,41986,8566,96,42
2021-07-07T23:59:59+02:00,217,176,9377,8978,14316,13508,17790,18445,24472,25961,31243,32495,24443,27264,16968,21587,5189,9785,3471,3622,6888,7564,9376,11264,17556,19951,26162,27727,21948,24577,15859,20201,4928,9186,216438,154815,30660,25532,46491,41385,8530,96,42
2021-07-06T23:59:59+02:00,195,164,9297,8921,14265,13478,17754,18403,24431,25922,31182,32448,24407,27236,16953,21570,5187,9783,3354,3550,6683,7440,9106,11100,17310,19769,25885,27471,21791,24374,15778,20097,4915,9171,215873,152878,30645,25521,46488,40881,8495,96,42
2021-07-05T23:59:59+02:00,183,149,9210,8840,14224,13434,17719,18353,24395,25892,31137,32398,24383,27214,16944,21556,5186,9781,3303,3517,6555,7362,8957,10979,17164,19630,25714,27316,21648,24206,15728,20044,4904,9161,215324,151816,30645,25512,46486,40392,8448,96,42
2021-07-04T23:59:59+02:00,168,142,9159,8790,14191,13421,17693,18335,24369,25871,31116,32372,24368,27200,16938,21548,5185,9778,3253,3473,6490,7322,8869,10907,17077,19544,25585,27205,21523,24077,15686,19992,4902,9154,215049,151153,30644,25503,46471,39995,8385,96,42
2021-07-03T23:59:59+02:00,165,139,8651,8298,14031,13300,17592,18216,24274,25813,31051,32323,24347,27178,16926,21536,5183,9775,3193,3393,6370,7202,8696,10764,16860,19359,25196,26894,21408,23940,15656,19952,4898,9148,213222,149096,30643,25503,46471,39939,8367,96,42
2021-07-02T23:59:59+02:00,158,135,8083,7833,13885,13192,17500,18139,24204,25744,30991,32261,24309,27136,16920,21516,5181,9770,3082,3286,6098,7047,8439,10524,16490,19030,24719,26469,21181,23667,15587,19870,4892,9145,211387,146021,30643,25501,46468,39615,8364,96,42
2021-07-01T23:59:59+02:00,145,125,7955,7727,13803,13133,17430,18087,24136,25692,30938,32208,24281,27111,16910,21504,5180,9769,2893,3099,5749,6763,8001,10104,15899,18553,23947,25804,20689,23193,15460,19709,4880,9120,210599,141423,30638,25488,46462,38585,8340,96,42
2021-06-30T23:59:59+02:00,128,112,7809,7608,13738,13083,17378,18034,24084,25638,30878,32162,24249,27089,16896,21486,5180,9764,2796,3023,5593,6620,7773,9882,14940,17682,23332,25253,20331,22799,15327,19548,4866,9086,210031,139883,30464,23213,46458,37459,8268,96,42
2021-06-29T23:59:59+02:00,113,99,7742,7512,13691,13044,17340,17989,24031,25577,30828,32102,24229,27063,16886,21470,5177,9760,2737,2978,5462,6522,7619,9748,14771,17510,23090,25017,20070,22473,15228,19447,4854,9066,209403,138757,30462,23201,46455,36364,8238,96,42
2021-06-28T23:59:59+02:00,108,93,7677,7441,13624,12983,17290,17938,23989,25532,30771,32058,24212,27035,16879,21460,5175,9758,2706,2945,5395,6470,7525,9677,14674,17428,22938,24803,19867,22228,15173,19378,4850,9052,208860,138153,30460,23191,46447,35570,8161,96,42
2021-06-27T23:59:59+02:00,94,88,7629,7378,13592,12946,17261,17905,23970,25497,30744,32030,24200,27027,16872,21454,5175,9756,2684,2931,5345,6445,7452,9631,14578,17364,22842,24716,19740,22086,15142,19327,4846,9043,208504,137641,30460,23179,46441,35198,8118,96,42
2021-06-26T23:59:59+02:00,90,85,7124,6830,13200,12646,17147,17801,23904,25439,30708,31995,24191,27010,16868,21443,5174,9755,2583,2821,5156,6255,7251,9440,14031,16909,22179,24082,19592,21944,15097,19274,4844,9035,206319,134002,30458,23179,46441,35178,8118,75,22
2021-06-25T23:59:59+02:00,89,82,6645,6342,12743,12273,16987,17682,23813,25374,30628,31954,24168,26983,16863,21433,5172,9752,2480,2668,4981,6062,6992,9142,13498,16375,21626,23496,19396,21734,15039,19207,4840,9023,203909,130299,30458,23179,46441,34964,8101,75,22
2021-06-24T23:59:59+02:00,79,70,6424,6129,12518,12121,16881,17600,23739,25321,30570,31906,24134,26941,16857,21423,5170,9745,2273,2432,4612,5684,6492,8654,12774,15661,20473,22492,18932,21252,14934,19076,4828,9008,202637,124354,30456,23169,46434,34011,8027,75,22
2021-06-23T23:59:59+02:00,74,68,5850,5629,12354,12010,16761,17488,23664,25274,30506,31856,24100,26918,16850,21409,5166,9741,2234,2379,4549,5563,6399,8503,12540,15372,20229,22231,18633,20922,14837,18962,4817,8991,202122,123327,29121,23020,46424,32821,7977,75,22
2021-06-22T23:59:59+02:00,70,63,5709,5499,12254,11904,16673,17415,23605,25212,30437,31777,24073,26885,16840,21388,5162,9739,2182,2342,4454,5481,6274,8355,11670,14711,19815,21822,18298,20567,14729,18823,4807,8970,201186,122401,29114,21326,46404,31629,7927,75,22
2021-06-21T23:59:59+02:00,67,60,5573,5385,12177,11811,16609,17328,23549,25138,30387,31719,24048,26857,16827,21373,5162,9735,2149,2306,4394,5384,6187,8227,10888,14005,19361,21412,18072,20337,14668,18728,4798,8953,200359,121599,29108,19540,46399,30848,7865,75,22
2021-06-20T23:59:59+02:00,65,58,5456,5261,12011,11631,16543,17204,23500,25073,30345,31663,24032,26835,16821,21358,5157,9730,2131,2276,4353,5345,6116,8176,10785,13926,19249,21286,17914,20146,14602,18645,4794,8946,199353,121065,29104,19537,46393,30252,7819,75,22
2021-06-19T23:59:59+02:00,61,54,5438,5241,11241,10965,16063,16810,23439,25028,30301,31621,24013,26815,16813,21346,5157,9730,2058,2155,4148,5111,5832,7894,10457,13590,18193,20427,17742,19954,14569,18580,4789,8934,196748,116824,29104,19537,46392,30237,7818,75,22
2021-06-18T23:59:59+02:00,58,53,5402,5213,10596,10381,15449,16245,23347,24959,30232,31558,23986,26785,16802,21331,5156,9728,1988,2065,4007,4968,5554,7624,10074,13225,17041,19216,17539,19716,14520,18515,4786,8924,193903,112408,29096,19536,46392,29985,7816,75,22
2021-06-17T23:59:59+02:00,51,44,5288,5110,9917,9876,14960,15856,23247,24871,30150,31464,23946,26739,16788,21310,5155,9725,1859,1959,3749,4721,5166,7258,9533,12738,15852,18025,17078,19226,14379,18341,4773,8900,191319,107278,29093,19527,46389,29065,7677,20,15
2021-06-16T23:59:59+02:00,49,36,5156,4978,9722,9713,14815,15726,23154,24778,30050,31388,23902,26694,16773,21298,5154,9715,1817,1917,3642,4632,5063,7137,8500,11885,15580,17728,16782,18889,14244,18170,4767,8867,190145,106381,29082,17646,46387,28115,7468,20,15
2021-06-15T23:59:59+02:00,43,30,4974,4796,9538,9558,14679,15584,23062,24687,29974,31303,23859,26621,16747,21265,5146,9700,1757,1862,3561,4535,4968,7020,8384,11742,15399,17498,16462,18578,14101,18001,4745,8809,188831,105608,29079,17642,46368,26893,7269,20,15
2021-06-14T23:59:59+02:00,41,27,4897,4732,9447,9449,14602,15494,22990,24615,29903,31242,23827,26582,16732,21247,5143,9694,1735,1839,3525,4511,4927,6987,8283,11678,15262,17364,16282,18374,14009,17903,4740,8802,188087,105379,29073,17640,46362,26069,7123,20,15
2021-06-13T23:59:59+02:00,40,26,4839,4683,9362,9375,14517,15427,22928,24564,29836,31189,23801,26554,16723,21237,5143,9692,1686,1825,3482,4486,4871,6944,8210,11640,15162,17269,16125,18190,13955,17829,4733,8795,187505,105095,29067,17638,46346,25460,6999,20,15
2021-06-12T23:59:59+02:00,38,24,4820,4668,9335,9352,14278,15250,22798,24434,29790,31144,23780,26537,16714,21229,5142,9690,1563,1702,3245,4276,4464,6643,7662,11209,13385,15581,15771,17817,13875,17727,4731,8780,186595,98391,29067,17638,46346,25395,6997,19,15
2021-06-11T23:59:59+02:00,34,23,4767,4616,9254,9300,13956,15028,22602,24285,29694,31053,23743,26492,16696,21217,5141,9687,1462,1567,3054,4060,4166,6277,7149,10664,11741,13683,15289,17237,13762,17579,4716,8766,185236,91442,29062,17637,46344,25155,6928,19,15
2021-06-10T23:59:59+02:00,28,20,4482,4390,8706,8970,12681,14004,22035,23833,29319,30747,23606,26333,16644,21149,5128,9672,1340,1479,2818,3878,3838,5994,6711,10272,10322,12352,14775,16660,13590,17371,4701,8739,179895,86895,29044,17634,46338,23848,6453,18,15
2021-06-09T23:59:59+02:00,25,16,4249,4227,8114,8676,11779,13343,21715,23620,29089,30595,23543,26270,16624,21124,5125,9668,1253,1425,2664,3806,3696,5913,6504,10177,10057,12172,14450,16309,13418,17191,4694,8718,177781,86556,27775,17530,46332,22454,5897,18,15
2021-06-08T23:59:59+02:00,21,13,4119,4124,7713,8448,11291,13053,21489,23440,28889,30441,23484,26196,16591,21082,5119,9659,1176,1399,2528,3748,3535,5844,5607,9426,9584,11808,14113,15900,13193,16952,4680,8696,176025,86197,27403,15374,46305,21186,5422,18,15
2021-06-07T23:59:59+02:00,16,11,3998,4048,7473,8342,11001,12874,21286,23326,28734,30323,23425,26142,16573,21057,5115,9651,1128,1282,2406,3684,3405,5781,5441,9350,9373,11681,13883,15642,13037,16783,4673,8678,174793,86007,27393,15369,46296,19945,4896,18,15
2021-06-06T23:59:59+02:00,14,11,3881,3990,7236,8223,10751,12712,21099,23238,28648,30231,23394,26108,16561,21039,5112,9646,1108,1265,2342,3649,3308,5728,5334,9275,9254,11579,13727,15488,12964,16689,4670,8671,173643,85812,27375,15363,46286,19293,4573,18,15
2021-06-05T23:59:59+02:00,14,11,3852,3953,7197,8182,10574,12559,20471,22727,28486,30086,23344,26063,16547,21020,5112,9642,1076,1166,2175,3195,3075,5188,5165,8942,8474,10623,13074,14645,12852,16542,4659,8661,171601,80418,27375,15363,46285,19157,4563,17,15
2021-06-04T23:59:59+02:00,14,11,3822,3926,7158,8156,10476,12467,20106,22397,28382,29989,23309,26024,16533,21011,5110,9641,1044,1099,2077,2883,2916,4710,5008,8571,7957,9965,11573,12927,12725,16345,4652,8643,170313,74032,27362,15362,46284,19133,4557,17,15
2021-06-03T23:59:59+02:00,9,7,3686,3824,6939,8017,9921,12043,18882,21467,27984,29679,23175,25882,16480,20949,5106,9627,993,1054,1989,2772,2779,4551,4803,8265,7592,9514,11193,12527,12616,16231,4649,8630,165556,72240,27352,15359,46280,18075,4473,17,15
2021-06-02T23:59:59+02:00,9,7,3678,3816,6926,8000,9910,12032,18693,21286,27913,29630,23152,25861,16474,20940,5103,9625,988,1047,1977,2743,2756,4532,4592,8081,7056,9025,11156,12486,12601,16217,4645,8624,165487,72133,26807,13866,46280,18051,4465,17,15
2021-06-01T23:59:59+02:00,8,6,3550,3741,6684,7852,9626,11838,18238,20941,27675,29433,23058,25759,16433,20887,5100,9613,951,1000,1891,2673,2675,4458,4313,7847,6456,8492,10941,12272,12503,16116,4640,8612,163792,71687,26028,12573,46266,17229,4340,17,15
2021-05-31T23:59:59+02:00,8,6,3504,3696,6593,7784,9490,11736,18112,20850,27583,29356,22991,25697,16416,20859,5095,9606,921,973,1822,2630,2596,4415,4205,7782,6335,8417,10755,12102,12402,16000,4630,8604,162945,71319,25998,12566,46253,16523,4170,17,15
2021-05-30T23:59:59+02:00,8,5,3473,3671,6529,7728,9399,11643,18023,20770,27507,29285,22945,25652,16394,20832,5089,9596,914,964,1811,2620,2583,4403,4176,7756,6282,8375,10693,12022,12368,15957,4625,8595,162239,71276,25992,12563,46236,16228,4066,17,15
2021-05-29T23:59:59+02:00,8,5,3462,3652,6494,7701,9355,11604,17985,20730,27359,29179,22890,25578,16379,20812,5086,9592,878,945,1754,2574,2510,4319,3986,7501,6008,8076,8487,9359,12175,15615,4610,8566,161575,65019,25992,12561,46222,15705,4066,17,15
2021-05-28T23:59:59+02:00,8,5,3399,3597,6363,7624,9215,11472,17827,20598,27176,29057,22827,25500,16359,20794,5085,9591,865,932,1735,2551,2474,4264,3834,7205,5814,7812,5779,6243,11900,15216,4594,8517,160217,58131,25990,12561,46217,14974,4057,17,15
2021-05-27T23:59:59+02:00,8,5,3254,3473,6077,7444,8613,11139,17351,20260,26763,28709,22659,25335,16301,20731,5078,9573,817,874,1650,2454,2356,4130,3412,6232,5392,7213,5617,6068,11820,15143,4588,8500,156746,57649,25931,12514,46211,12222,3869,17,15
2021-05-26T23:59:59+02:00,8,5,3147,3388,5857,7277,8244,10854,16887,19954,26463,28471,22509,25202,16250,20657,5065,9553,800,864,1597,2429,2303,4099,3339,6157,5293,7141,5481,5941,11754,15076,4583,8488,154046,57568,25913,12512,46189,11626,3627,17,15
2021-05-25T23:59:59+02:00,8,5,3056,3326,5715,7162,8048,10690,15887,19179,26109,28117,22350,25045,16198,20577,5058,9543,781,847,1560,2381,2232,4039,3264,6087,5207,7078,5314,5771,11646,14995,4575,8476,152489,57498,23994,12322,46172,11017,3404,15,15
2021-05-24T23:59:59+02:00,8,5,2993,3310,5628,7117,7932,10628,14973,18490,25694,27806,22255,24941,16167,20541,5051,9531,772,845,1539,2364,2190,4002,3219,6039,5130,6998,5213,5663,11564,14919,4574,8470,151767,57460,21923,12246,46163,10580,3203,15,15
2021-05-23T23:59:59+02:00,8,4,2990,3305,5619,7109,7923,10620,14968,18489,25693,27805,22255,24941,16167,20541,5051,9531,770,842,1531,2357,2177,3989,3200,6024,5109,6965,5168,5611,11548,14895,4573,8468,151736,57452,21923,12246,46161,10332,3185,15,15
2021-05-22T23:59:59+02:00,7,4,2953,3261,5539,7057,7823,10532,14768,18324,25410,27559,22154,24854,16134,20497,5048,9526,748,822,1481,2302,2125,3906,3088,5901,4792,6391,4596,4864,10900,14071,4563,8429,150196,54206,21923,12246,46161,9359,3156,15,15
2021-05-21T23:59:59+02:00,5,4,2881,3188,5413,6958,7696,10385,14509,18095,25115,27323,22039,24746,16101,20449,5043,9517,719,769,1412,2173,2023,3637,2904,5568,4311,5495,4179,4325,10154,13129,4498,8303,148252,50454,21922,12246,46155,7762,3125,14,15
2021-05-20T23:59:59+02:00,5,4,2749,3028,5131,6702,7410,10015,14047,17611,24504,26772,21765,24450,16007,20329,5029,9487,705,758,1385,2149,1984,3603,2850,5512,4229,5416,4051,4222,10077,13066,4489,8291,144094,50358,21912,12234,46130,7286,2896,14,15
2021-05-19T23:59:59+02:00,5,4,2695,2976,5033,6560,7267,9833,12901,16574,24239,26480,21668,24320,15962,20268,5020,9480,688,732,1359,2101,1951,3517,2787,5365,4134,5308,3969,4130,10023,13001,4486,8287,142712,50327,19840,12168,46058,6668,2662,14,15
2021-05-18T23:59:59+02:00,5,4,2668,2952,4984,6527,7214,9801,12546,16299,24059,26327,21575,24231,15932,20215,5012,9468,659,674,1302,1973,1877,3316,2688,5157,4004,5110,3745,3852,9940,12921,4476,8277,142426,50303,18987,11166,46013,6109,2380,14,15
2021-05-17T23:59:59+02:00,5,4,2642,2933,4939,6457,7126,9693,12393,16120,23909,26164,21521,24180,15913,20192,5007,9460,651,660,1286,1937,1856,3269,2640,5049,3925,4996,3606,3699,9872,12858,4473,8269,141451,50280,18979,11156,45996,5378,2219,14,15
2021-05-16T23:59:59+02:00,5,4,2630,2920,4916,6390,7088,9610,12333,16046,23857,26103,21497,24163,15903,20178,5004,9457,646,655,1276,1934,1839,3260,2619,5037,3896,4973,3552,3632,9833,12826,4472,8267,141014,50267,18970,11145,45974,5160,2132,14,15
2021-05-15T23:59:59+02:00,4,4,2506,2783,4727,6184,6896,9422,11814,15627,23266,25554,21390,24045,15869,20135,5001,9449,596,593,1195,1845,1704,3107,2332,4729,3446,4462,3220,3203,9669,12621,4448,8238,137617,47307,18969,11145,45969,4835,2107,14,15
2021-05-14T23:59:59+02:00,4,4,2389,2607,4532,5962,6619,9110,11276,15115,22699,24985,21244,23905,15833,20077,4997,9438,534,515,1093,1724,1543,2892,2002,4326,2844,3873,2834,2766,9584,12472,4444,8234,133796,44375,18962,11143,45945,4069,2079,14,15
2021-05-13T23:59:59+02:00,4,4,2209,2323,4211,5580,6193,8639,10715,14426,21663,24071,20962,23631,15773,19978,4990,9423,530,515,1080,1709,1528,2874,1993,4302,2828,3852,2817,2752,9577,12468,4443,8234,127894,44323,18910,11134,45920,3974,2057,14,15
2021-05-12T23:59:59+02:00,4,4,2208,2321,4203,5579,6184,8633,10613,14304,21609,24031,20957,23620,15768,19970,4989,9423,523,493,1044,1654,1479,2795,1910,4215,2769,3793,2736,2657,9526,12395,4443,8234,127846,44320,18586,10307,45920,3971,2054,14,15
2021-05-11T23:59:59+02:00,4,4,2086,2282,4119,5516,6057,8518,10304,14053,21416,23869,20880,23548,15753,19937,4985,9418,498,469,983,1594,1409,2704,1811,4075,2696,3718,2582,2429,9461,12294,4442,8234,126898,44302,18249,9469,45636,3662,1952,14,15
2021-05-10T23:59:59+02:00,4,4,2045,2204,4012,5393,5921,8339,9513,13289,21036,23548,20789,23458,15714,19883,4975,9405,486,441,947,1530,1344,2614,1722,3913,2613,3626,2557,2410,9451,12276,4438,8229,125757,44290,16401,9288,45531,3176,1829,14,15
2021-05-09T23:59:59+02:00,4,4,2013,2191,3977,5354,5868,8291,9444,13220,20966,23475,20753,23417,15699,19856,4972,9391,479,433,924,1486,1318,2565,1688,3851,2575,3583,2548,2398,9440,12259,4438,8221,125309,44230,16397,9285,45435,2937,1740,14,15
2021-05-08T23:59:59+02:00,4,4,1950,2088,3795,5179,5594,8085,9134,12935,19832,22544,20558,23222,15666,19787,4967,9379,407,404,860,1446,1241,2492,1600,3749,2355,3370,2001,1970,9346,12173,4437,8221,121151,42749,16396,9284,45432,2298,1739,5,3
2021-05-07T23:59:59+02:00,4,4,1863,1974,3614,5010,5274,7790,8722,12561,18580,21269,20375,23010,15620,19730,4958,9360,321,346,750,1371,1109,2362,1466,3607,2180,3177,1631,1629,8858,11724,4436,8219,116206,41011,16392,9279,45409,1188,1706,5,3
2021-05-06T23:59:59+02:00,4,4,1679,1865,3329,4755,4823,7383,8081,11999,17335,20028,20041,22633,15513,19566,4948,9349,304,337,729,1341,1069,2315,1417,3523,2113,3109,1595,1574,8841,11693,4430,8216,110349,40991,16384,9273,45175,918,1422,5,3
2021-05-05T23:59:59+02:00,4,3,1609,1836,3245,4669,4744,7278,7953,11847,17181,19882,19921,22513,15436,19470,4926,9252,294,326,687,1290,1008,2241,1335,3373,2005,2992,1502,1475,8423,11125,4424,8198,109582,40954,16242,8144,45004,662,936,5,3
2021-05-04T23:59:59+02:00,4,3,1582,1807,3199,4591,4685,7167,7703,11551,16619,19305,19834,22382,15360,19372,4896,9138,278,313,664,1260,987,2187,1277,3253,1892,2835,1430,1369,8352,11021,4419,8180,108874,40927,14896,7868,44900,397,523,5,3
2021-05-03T23:59:59+02:00,4,3,1574,1804,3189,4576,4647,7142,7449,11317,15924,18709,19770,22297,15333,19338,4890,9128,263,293,642,1177,938,2099,1214,3114,1794,2698,1364,1289,8326,10986,4415,8171,108782,40917,13297,7661,44860,53,150,5,3
2021-05-02T23:59:59+02:00,4,3,1573,1802,3182,4574,4642,7139,7435,11307,15905,18698,19753,22289,15333,19336,4889,9128,263,290,639,1176,933,2096,1204,3108,1786,2692,1350,1282,8325,10981,4414,8171,108754,40894,13294,7659,44834,50,105,5,3
2021-05-01T23:59:59+02:00,4,3,1441,1657,2904,4325,4175,6781,6816,10825,13969,16818,19371,21891,15242,19220,4886,9112,261,290,636,1174,932,2093,1202,3106,1784,2688,1345,1278,8323,10979,4414,8171,101212,40863,13294,7659,44828,50,102,4,3
2021-04-30T23:59:59+02:00,3,3,1320,1511,2686,4102,3845,6385,6248,10230,12176,14774,18912,21349,15138,19077,4872,9101,256,289,629,1167,917,2085,1189,3096,1773,2675,1335,1269,8319,10974,4413,8170,93576,40818,13294,7659,44828,47,30,4,3
2021-04-29T23:59:59+02:00,2,3,1203,1449,2520,3978,3604,6182,5891,9929,10833,13498,18651,21071,15095,19007,4868,9095,255,285,624,1159,905,2079,1169,3091,1743,2638,1309,1245,8313,10965,4413,8170,88889,40785,13285,7526,44688,37,13,4,3
2021-04-28T23:59:59+02:00,2,3,1147,1443,2469,3958,3553,6158,5828,9896,10736,13430,18619,21037,15088,18991,4868,9092,255,284,622,1158,902,2077,1164,3087,1735,2637,1302,1226,7867,10442,4413,8170,88619,40762,13235,6533,44448,33,12,4,2
2021-04-27T23:59:59+02:00,2,3,1102,1416,2364,3914,3488,6130,5709,9840,10619,13353,18585,20997,15075,18976,4866,9090,254,284,620,1150,901,2075,1159,3084,1731,2633,1290,1209,7449,9860,4413,8170,88107,40742,13182,5500,44225,28,11,4,2
2021-04-26T23:59:59+02:00,2,3,1060,1386,2274,3821,3361,6030,5541,9719,10314,13094,18523,20942,15066,18958,4864,9090,253,283,619,1148,895,2071,1152,3081,1713,2624,1275,1196,7440,9840,4413,8170,86766,40655,13171,5479,44096,27,11,4,2
2021-04-25T23:59:59+02:00,2,3,1057,1384,2266,3819,3354,6025,5521,9711,10280,13063,18512,20930,15065,18952,4864,9089,252,283,619,1148,895,2071,1150,3081,1713,2624,1275,1196,7440,9838,4413,8170,86743,40653,13162,5477,43978,27,10,4,2
2021-04-24T23:59:59+02:00,2,2,1014,1271,2077,3281,3083,5409,5329,9299,9445,12016,17804,20032,14952,18792,4856,9078,251,282,618,1147,895,2070,1150,3080,1707,2619,1272,1191,7438,9836,4413,8169,80614,40628,13162,5473,43953,27,9,4,2
2021-04-23T23:59:59+02:00,1,2,981,1187,1965,2933,2901,4857,5133,8870,8891,11294,16172,18169,14803,18586,4848,9055,251,282,617,1147,893,2068,1149,3080,1706,2618,1267,1186,7434,9834,4413,8168,73581,40614,13161,5462,43893,27,9,4,2
2021-04-22T23:59:59+02:00,1,2,976,1175,1945,2917,2881,4837,5075,8824,8779,11190,16099,18092,14776,18556,4846,9050,249,282,613,1146,890,2067,1141,3068,1690,2598,1243,1164,7429,9826,4413,8168,73530,40600,13103,5351,43375,26,9,4,2
2021-04-21T23:59:59+02:00,1,2,966,1167,1931,2904,2853,4811,5029,8769,8671,11067,16012,18008,14747,18522,4846,9045,244,279,603,1137,876,2037,1131,3043,1680,2572,1230,1150,7204,9508,4412,8168,73486,40592,13045,4647,42807,25,9,4,2
2021-04-20T23:59:59+02:00,1,2,939,1119,1879,2790,2780,4648,4935,8590,8496,10858,15779,17726,14688,18463,4839,9039,231,276,585,1116,850,2005,1102,3017,1645,2531,1210,1137,7195,9503,4411,8167,73447,40571,11916,4380,42195,21,9,4,1
2021-04-19T23:59:59+02:00,1,2,930,1111,1847,2770,2730,4623,4811,8529,8296,10746,15687,17628,14666,18444,4839,9033,225,268,567,1095,832,1972,1084,2974,1599,2476,1192,1118,7188,9500,4409,8166,73048,40536,11895,4101,41737,19,9,4,1
2021-04-18T23:59:59+02:00,1,2,927,1110,1842,2764,2722,4611,4793,8518,8256,10703,15638,17569,14656,18427,4838,9031,225,268,567,1094,831,1972,1083,2974,1599,2475,1192,1117,7186,9499,4408,8166,73002,40529,11891,4099,41502,19,9,4,1
2021-04-17T23:59:59+02:00,0,2,895,1095,1793,2726,2654,4532,4639,8377,7993,10474,13264,14663,14457,18073,4821,8995,223,268,567,1091,827,1965,1071,2967,1589,2455,1154,1075,6853,9085,4383,8118,66169,39575,11891,4088,41380,19,9,4,1
2021-04-16T23:59:59+02:00,0,2,889,1089,1781,2715,2612,4492,4547,8293,7813,10280,10422,11410,14185,17655,4802,8940,222,264,566,1087,822,1961,1062,2964,1581,2442,1143,1060,6847,9079,4381,8115,58884,39496,11889,4072,41141,19,9,4,1
2021-04-15T23:59:59+02:00,0,2,877,1084,1759,2701,2569,4459,4429,8232,7584,10079,10171,11192,14123,17589,4795,8926,220,263,566,1085,821,1959,1059,2961,1578,2439,1138,1055,6845,9077,4381,8115,58860,39481,11887,4054,39811,18,9,4,1
2021-04-14T23:59:59+02:00,0,2,859,1057,1700,2618,2480,4335,4238,8048,7309,9797,9797,10707,13974,17408,4789,8914,196,238,525,1034,798,1892,1024,2881,1528,2376,1112,1025,6840,9068,4381,8114,58825,39465,10938,3542,38256,16,9,4,1
2021-04-13T23:59:59+02:00,0,2,835,1035,1663,2566,2413,4252,4137,7910,7096,9577,9391,10188,13828,17241,4784,8902,160,214,490,986,758,1799,989,2771,1475,2306,1093,990,6824,9057,4380,8114,58778,39401,9988,2986,37041,10,9,4,1
2021-04-12T23:59:59+02:00,0,2,830,1033,1644,2562,2384,4239,4085,7859,6955,9405,9125,9873,13764,17181,4773,8885,149,200,462,946,735,1734,969,2699,1431,2256,1071,973,6807,9037,4377,8109,58720,39284,9957,2652,35909,10,9,4,1
2021-04-11T23:59:59+02:00,0,2,829,1032,1633,2562,2370,4236,4062,7847,6890,9343,8992,9708,13737,17133,4768,8876,149,200,462,944,734,1732,967,2699,1430,2256,1071,973,6805,9037,4377,8109,58706,39276,9955,2651,35346,9,9,4,1
2021-04-10T23:59:59+02:00,0,2,813,1028,1604,2533,2333,4207,3992,7789,6758,9226,8434,8973,13070,16281,4757,8834,146,200,460,941,728,1729,967,2692,1421,2249,1058,957,6335,8538,4361,8093,55369,38208,9954,2649,35298,9,9,4,1
2021-04-09T23:59:59+02:00,0,2,791,1000,1563,2484,2267,4127,3839,7629,6411,8894,7907,8314,12247,15254,4686,8695,144,198,458,935,721,1721,958,2682,1406,2238,1036,935,6093,8266,4341,8066,51377,37535,9947,2645,34773,9,9,4,1
2021-04-08T23:59:59+02:00,0,2,781,990,1536,2460,2201,4078,3705,7540,6157,8593,7292,7658,12085,15054,4675,8679,144,196,453,931,716,1714,950,2671,1397,2225,1024,932,6090,8264,4340,8066,51342,37512,9922,2583,32209,9,9,4,1
2021-04-07T23:59:59+02:00,0,2,774,981,1510,2442,2142,4040,3618,7470,5926,8328,6736,7024,11474,14304,4662,8651,125,189,422,884,670,1645,893,2601,1347,2156,1003,916,6082,8258,4339,8066,51312,37488,8762,2091,29998,9,8,4,1
2021-04-06T23:59:59+02:00,0,2,769,979,1496,2434,2113,4017,3545,7421,5745,8156,6290,6516,11271,14088,4647,8620,102,168,374,825,625,1570,849,2501,1294,2092,978,900,6063,8243,4337,8062,51243,37460,8578,1507,28277,9,7,4,1
2021-04-05T23:59:59+02:00,0,2,764,975,1480,2426,2087,4007,3494,7395,5601,8045,6085,6299,11204,14002,4641,8610,96,166,373,823,618,1561,841,2486,1281,2073,950,869,4958,6840,4259,7956,51043,34637,8574,1497,27489,9,7,4,1
2021-04-04T23:59:59+02:00,0,2,762,969,1478,2424,2083,4005,3476,7388,5591,8038,6074,6279,11190,13984,4639,8607,96,166,371,821,615,1556,834,2479,1266,2054,927,847,3948,5680,4193,7850,51028,32190,8572,1497,27378,9,7,4,1
2021-04-03T23:59:59+02:00,0,2,710,913,1397,2353,1960,3866,3215,7128,5130,7545,5729,5822,11018,13765,4611,8578,94,166,371,820,615,1554,833,2479,1266,2054,927,847,3948,5677,4193,7849,47783,32180,8572,1497,27376,9,7,4,1
2021-04-02T23:59:59+02:00,0,2,668,879,1342,2285,1862,3752,2962,6868,4612,7065,5337,5362,10917,13599,4606,8572,93,166,371,820,615,1554,831,2479,1264,2053,924,843,3945,5674,4192,7849,44851,32162,8571,1496,27258,9,6,4,1
2021-04-01T23:59:59+02:00,0,2,665,876,1332,2280,1842,3744,2933,6854,4538,6992,5228,5252,10878,13550,4605,8567,93,166,369,816,613,1551,831,2476,1260,2049,914,842,3940,5671,4191,7848,44834,32151,8427,1464,26867,9,6,4,1
2021-03-31T23:59:59+02:00,0,2,663,874,1325,2263,1834,3734,2905,6826,4475,6946,5088,5090,10364,12941,4601,8559,93,166,368,816,613,1551,831,2476,1258,2049,913,842,3940,5670,4191,7847,44823,32145,7294,1464,26364,9,6,3,1
2021-03-30T23:59:59+02:00,0,2,654,871,1307,2243,1805,3705,2868,6791,4389,6857,4920,4896,9837,12240,4594,8544,88,163,367,812,608,1549,826,2470,1250,2046,902,832,3932,5667,4190,7846,44798,32124,6105,1410,25611,8,6,3,1
2021-03-29T23:59:59+02:00,0,2,649,863,1294,2209,1789,3674,2837,6749,4317,6772,4720,4698,9751,12146,4591,8530,88,163,367,810,603,1545,824,2464,1245,2038,894,826,3924,5659,4190,7846,44729,32110,5888,1363,24965,7,6,3,1
2021-03-28T23:59:59+02:00,0,2,646,861,1291,2206,1775,3664,2821,6737,4282,6720,4625,4588,9715,12082,4586,8523,88,163,367,809,603,1545,822,2464,1243,2038,893,826,3923,5659,4190,7846,44707,32108,5879,1358,24529,7,6,3,1
2021-03-27T23:59:59+01:00,0,2,642,856,1281,2202,1758,3647,2793,6707,4118,6577,4047,4133,9486,11836,4573,8504,88,163,365,807,601,1543,820,2461,1235,2032,889,822,3744,5368,4083,7673,42760,31323,5875,1358,24518,7,6,3,1
2021-03-26T23:59:59+01:00,0,2,637,848,1273,2191,1736,3630,2768,6685,4042,6499,3639,3766,8883,11276,4560,8490,88,163,365,806,600,1540,816,2458,1225,2028,876,809,3021,4425,3874,7325,40816,29048,5862,1358,24238,7,6,3,1
2021-03-25T23:59:59+01:00,0,2,630,842,1260,2177,1717,3606,2709,6645,3958,6421,3465,3547,8772,11166,4554,8484,88,163,365,806,600,1539,816,2457,1223,2028,876,809,3020,4424,3873,7324,40802,29040,5754,1358,23390,7,6,3,1
2021-03-24T23:59:59+01:00,0,2,624,835,1227,2151,1672,3561,2631,6576,3801,6270,3145,3182,8361,10615,4545,8471,84,161,353,793,584,1521,783,2423,1173,1996,843,771,3011,4418,3873,7321,40778,28738,4995,1357,21887,7,6,3,1
2021-03-23T23:59:59+01:00,0,2,612,827,1202,2120,1630,3513,2549,6496,3652,6116,2764,2797,8144,10396,4537,8452,79,157,341,772,549,1490,722,2360,1072,1914,760,711,2974,4383,3869,7317,40733,28107,4704,1350,20364,7,6,2,1
2021-03-22T23:59:59+01:00,0,2,589,717,1165,2067,1597,3457,2496,6426,3511,5986,2523,2558,7813,10040,4521,8416,79,156,341,772,549,1488,720,2358,1069,1914,758,707,2970,4378,3868,7314,40265,28078,4382,1350,19229,7,6,2,1
2021-03-21T23:59:59+01:00,0,2,588,714,1159,2058,1586,3447,2479,6411,3473,5952,2381,2394,7720,9928,4512,8401,79,156,341,771,549,1488,720,2358,1069,1914,758,707,2970,4377,3868,7313,40261,28075,4368,1350,18568,7,6,2,1
2021-03-20T23:59:59+01:00,0,2,587,714,1157,2051,1579,3440,2473,6404,3455,5930,2349,2356,7229,9411,4495,8384,79,156,341,771,548,1488,718,2357,1069,1912,758,707,2970,4375,3866,7311,39220,28063,4356,1350,18432,7,6,2,1
2021-03-19T23:59:59+01:00,0,2,580,706,1139,2032,1544,3416,2403,6264,3391,5822,2167,2172,6921,9090,4473,8359,79,156,340,765,544,1485,713,2349,1060,1899,749,700,2543,3771,3442,6557,38609,25794,4340,1350,17524,2,6,2,1
2021-03-18T23:59:59+01:00,0,2,565,689,1119,2001,1517,3386,2363,6196,3316,5733,2014,1975,6800,8970,4467,8348,78,156,340,764,543,1485,712,2345,1056,1898,742,697,2493,3699,3415,6516,38588,25604,4329,1328,16537,2,5,2,1
2021-03-17T23:59:59+01:00,0,1,536,660,1074,1946,1480,3301,2286,6078,3164,5577,1759,1708,6634,8817,4457,8333,77,152,328,737,527,1441,690,2287,1018,1857,725,678,2251,3403,3327,6386,38516,24621,3802,1256,15486,2,5,2,1
2021-03-16T23:59:59+01:00,0,1,492,631,1034,1891,1429,3197,2221,5924,3048,5443,1561,1484,6499,8669,4447,8310,71,137,307,681,497,1365,661,2152,988,1729,675,627,2137,3265,3301,6299,38460,23862,3184,1024,14631,2,4,2,1
2021-03-15T23:59:59+01:00,0,1,480,620,1002,1842,1395,3129,2191,5839,2961,5359,1435,1349,5915,7981,4407,8246,68,130,294,623,482,1245,623,2022,948,1616,646,606,2099,3225,3286,6236,37221,23456,2829,691,14100,2,0,2,1
2021-03-14T23:59:59+01:00,0,1,475,613,993,1830,1391,3111,2175,5821,2927,5332,1392,1299,5518,7534,4384,8228,67,125,290,600,476,1218,617,1966,938,1591,646,606,2099,3225,3285,6234,36399,23450,2824,531,13799,2,0,2,1
2021-03-13T23:59:59+01:00,0,1,457,595,956,1782,1338,3047,1919,5233,2687,4917,1286,1186,4856,6683,4334,8153,67,125,289,597,474,1216,615,1964,937,1587,644,602,1736,2742,2759,5474,34712,21295,2820,531,11896,2,0,2,1
2021-03-12T23:59:59+01:00,0,1,441,574,935,1739,1307,2964,1716,4447,2481,4468,1214,1103,4155,5885,4287,8071,67,123,288,593,474,1213,613,1956,933,1581,641,595,1409,2199,2213,4678,33031,19044,2817,531,9938,1,0,2,1
2021-03-11T23:59:59+01:00,0,1,437,567,926,1724,1292,2946,1691,4411,2444,4431,1140,1047,4111,5848,4284,8067,67,115,282,571,460,1161,604,1907,914,1545,629,582,1403,2181,2204,4627,32993,18792,2721,459,9651,1,0,2,1
2021-03-10T23:59:59+01:00,0,1,417,555,880,1665,1236,2869,1617,4314,2377,4338,1106,1024,4095,5831,4283,8065,67,115,280,567,457,1154,599,1884,914,1540,624,574,1342,2094,2159,4570,32978,18505,2150,434,9543,1,0,2,1
2021-03-09T23:59:59+01:00,0,1,396,539,835,1616,1193,2805,1575,4231,2334,4285,1085,1013,4089,5824,4282,8063,65,114,279,566,456,1143,597,1872,908,1535,621,568,1136,1783,2041,4392,32931,17668,1704,407,9529,1,0,2,1
2021-03-08T23:59:59+01:00,0,1,389,528,825,1601,1185,2788,1567,4205,2322,4272,1072,1002,4052,5776,4280,8058,64,114,275,561,452,1137,596,1868,904,1533,621,568,1067,1692,1996,4347,32802,17411,1607,383,9512,1,0,2,1
2021-03-07T23:59:59+01:00,0,1,388,524,825,1600,1183,2786,1564,4198,2312,4267,1065,994,4046,5770,4279,8057,62,111,266,539,440,1111,580,1768,869,1458,620,568,963,1562,1944,4278,32786,17048,1567,91,9504,0,0,2,1
2021-03-06T23:59:59+01:00,0,1,380,508,806,1567,1159,2727,1523,4131,2118,3769,1035,957,3873,5497,4177,7892,62,111,266,539,440,1110,580,1768,869,1458,620,568,960,1561,1941,4277,32068,17039,1567,91,8483,0,0,2,1
2021-03-05T23:59:59+01:00,0,1,366,469,774,1462,1109,2511,1448,3919,1904,3102,1005,912,3119,4532,3972,7548,62,110,265,536,437,1104,579,1763,865,1455,617,566,921,1503,1918,4238,29751,16848,1566,91,6834,0,0,2,1
2021-03-04T23:59:59+01:00,0,1,353,460,766,1442,1096,2488,1429,3890,1881,3083,991,908,3115,4528,3969,7546,61,109,262,533,433,1088,569,1741,864,1447,615,564,884,1449,1895,4201,29738,16687,1527,28,6679,0,0,2,1
2021-03-03T23:59:59+01:00,0,1,344,427,747,1391,1066,2405,1379,3735,1802,2986,958,862,3105,4522,3969,7543,60,108,259,530,432,1084,567,1732,861,1443,615,563,864,1396,1806,4054,29423,16348,1527,26,6290,0,0,2,1
2021-03-02T23:59:59+01:00,0,1,338,418,731,1367,1018,2360,1311,3651,1686,2887,870,796,3062,4483,3963,7537,60,108,258,526,431,1076,567,1726,861,1439,614,563,864,1396,1806,4054,28782,16323,1462,26,6233,0,0,2,1
2021-03-01T23:59:59+01:00,0,1,334,404,724,1320,1005,2302,1291,3568,1660,2838,851,787,3054,4473,3963,7537,60,107,257,522,426,1062,563,1713,852,1431,613,561,768,1241,1749,3974,28742,15873,1410,26,5958,0,0,2,1
2021-02-28T23:59:59+01:00,0,1,329,391,716,1281,991,2225,1279,3481,1637,2759,847,777,3052,4469,3962,7534,60,107,256,522,426,1061,563,1713,850,1431,613,560,671,1115,1702,3893,28728,15518,1407,25,5594,0,0,2,1
2021-02-27T23:59:59+01:00,0,1,320,371,702,1254,972,2189,1244,3412,1614,2706,830,762,3049,4469,3961,7534,60,107,256,522,426,1061,562,1713,848,1431,613,560,671,1114,1702,3893,28726,15514,1407,25,5255,0,0,2,1
2021-02-26T23:59:59+01:00,0,1,294,318,655,1189,908,2071,1154,3246,1509,2567,801,739,2614,3862,3533,6754,60,107,253,519,426,1059,560,1711,845,1425,609,558,664,1102,1693,3874,26430,15440,1407,25,4376,0,0,2,1
2021-02-25T23:59:59+01:00,0,1,289,305,641,1159,887,2029,1135,3180,1491,2522,798,736,2567,3789,3503,6711,58,105,249,511,426,1055,555,1701,842,1414,603,554,587,993,1646,3816,26211,15092,1407,23,4123,0,0,2,1
2021-02-24T23:59:59+01:00,0,1,270,295,590,1113,840,1961,1077,3085,1450,2465,782,718,2330,3487,3413,6572,57,100,244,504,420,1036,546,1679,839,1394,596,542,573,973,1635,3793,25220,14916,1407,15,3820,0,0,2,1
2021-02-23T23:59:59+01:00,0,1,257,274,561,1057,803,1886,1009,2935,1376,2363,730,668,2215,3348,3387,6481,57,98,242,498,420,1020,536,1647,831,1372,587,535,557,922,1623,3740,24417,14670,1402,15,3530,0,0,2,1
2021-02-22T23:59:59+01:00,0,1,253,268,548,994,783,1810,983,2841,1340,2303,705,645,2185,3312,3378,6418,57,97,236,492,418,1007,527,1629,827,1347,573,522,535,896,1617,3685,24012,14450,1401,15,3352,0,0,2,1
2021-02-21T23:59:59+01:00,0,1,250,260,539,969,770,1774,975,2793,1310,2277,705,643,2183,3312,3377,6417,57,97,235,492,418,1007,527,1629,827,1346,573,521,535,896,1617,3684,24006,14446,1401,15,3146,0,0,2,1
2021-02-20T23:59:59+01:00,0,1,169,230,469,920,701,1697,905,2704,1225,2177,690,628,1809,2794,2822,5614,57,97,235,492,418,1007,527,1628,827,1346,573,521,535,896,1616,3684,21730,14444,1401,15,2422,0,0,2,1
2021-02-19T23:59:59+01:00,0,1,84,167,358,839,575,1565,772,2555,1090,2026,674,607,1502,2279,2271,4820,57,97,235,492,418,1006,527,1628,827,1346,573,521,529,894,1614,3678,19520,14427,1401,15,1262,0,0,2,1
2021-02-18T23:59:59+01:00,0,1,81,162,346,789,554,1476,739,2415,1057,1958,658,596,1493,2260,2262,4768,54,90,229,470,404,939,512,1548,807,1272,559,507,523,876,1611,3656,19276,14042,1376,15,961,0,0,2,1
2021-02-17T23:59:59+01:00,0,1,80,154,332,766,545,1443,710,2322,1020,1858,653,586,1435,2172,2214,4718,54,87,227,461,396,901,501,1483,788,1190,546,496,521,874,1611,3656,19015,13777,1303,15,689,0,0,2,1
2021-02-16T23:59:59+01:00,0,1,75,148,317,726,517,1370,678,2214,995,1753,642,579,1190,1826,2090,4535,53,78,226,455,390,871,488,1418,762,1123,525,483,519,874,1608,3655,18094,13526,1064,2,496,0,0,2,1
2021-02-15T23:59:59+01:00,0,1,70,132,291,622,482,1228,622,2001,945,1594,633,577,1107,1719,2039,4470,53,78,224,450,386,865,487,1414,760,1116,525,483,518,869,1607,3652,17765,13487,726,0,40,0,0,2,1
2021-02-14T23:59:59+01:00,0,1,69,125,286,596,477,1199,611,1947,931,1572,633,577,1009,1595,1992,4413,53,78,224,450,386,865,487,1412,760,1116,525,483,518,869,1607,3652,17436,13485,571,0,24,0,0,2,1
2021-02-13T23:59:59+01:00,0,1,69,124,286,595,476,1195,610,1945,929,1569,632,576,1008,1586,1988,4410,53,78,224,449,384,860,486,1407,758,1115,523,481,501,831,1347,3184,17402,12681,571,0,24,0,0,2,1
2021-02-12T23:59:59+01:00,0,1,68,124,285,594,472,1191,610,1942,926,1568,629,575,969,1534,1968,4369,53,78,224,445,381,851,481,1398,752,1108,516,473,483,790,984,2476,17231,11493,571,0,21,0,0,2,1
2021-02-11T23:59:59+01:00,0,1,67,117,282,581,459,1164,604,1916,919,1556,628,574,926,1476,1946,4330,53,75,209,414,367,804,465,1324,737,1076,513,472,483,790,983,2475,17051,11241,488,0,5,0,0,2,0
2021-02-10T23:59:59+01:00,0,1,66,117,278,578,457,1159,600,1899,914,1552,628,574,917,1460,1925,4287,52,65,175,336,313,702,415,1152,658,982,478,460,478,789,983,2474,16949,10513,460,0,1,0,0,2,0
2021-02-09T23:59:59+01:00,0,1,64,115,272,574,454,1146,599,1885,907,1546,627,573,905,1424,1855,4183,43,53,124,257,236,551,333,950,557,829,443,449,474,788,980,2474,16697,9542,431,0,0,0,0,2,0
2021-02-08T23:59:59+01:00,0,1,63,115,269,565,451,1138,598,1870,900,1538,625,570,803,1271,1798,4101,38,43,86,168,173,415,268,712,498,694,435,443,470,785,979,2474,16268,8682,406,0,0,0,0,2,0
2021-02-07T23:59:59+01:00,0,1,61,112,259,542,436,1107,582,1767,865,1459,624,569,700,1143,1750,4017,37,42,82,165,170,408,263,699,493,683,433,442,470,785,979,2473,15894,8625,98,0,0,0,0,2,0
2021-02-06T23:59:59+01:00,0,1,61,112,258,542,436,1107,580,1766,862,1456,621,567,698,1134,1744,4010,34,41,81,162,167,398,259,691,482,674,425,441,434,737,739,2081,15855,7847,98,0,0,0,0,2,0
2021-02-05T23:59:59+01:00,0,1,61,112,256,538,436,1105,579,1765,860,1454,619,567,688,1127,1738,3997,32,39,77,158,162,390,251,672,465,664,419,441,428,712,336,1449,15803,6696,98,0,0,0,0,2,0
2021-02-04T23:59:59+01:00,0,1,59,110,251,532,430,1089,563,1738,856,1440,612,557,603,1010,1687,3936,31,36,73,152,156,379,237,650,448,650,414,433,423,705,334,1442,15442,6564,30,0,0,0,0,2,0
2021-02-03T23:59:59+01:00,0,1,58,105,247,525,429,1069,560,1722,854,1425,608,547,592,1000,1684,3922,24,28,59,121,123,280,174,508,338,500,308,331,338,548,256,1159,15318,5096,28,0,0,0,0,2,0
2021-02-02T23:59:59+01:00,0,1,58,103,244,520,429,1051,548,1689,845,1401,595,537,581,951,1674,3871,17,21,40,78,87,186,122,343,221,361,217,221,218,344,182,765,15069,3424,28,0,0,0,0,1,0
2021-02-01T23:59:59+01:00,0,1,58,101,240,512,427,1035,540,1667,841,1378,588,531,559,922,1666,3824,7,11,20,42,48,97,65,168,96,165,103,104,91,160,76,336,14861,1589,28,0,0,0,0,1,0
2021-01-31T23:59:59+01:00,0,1,58,101,239,511,425,1031,538,1662,839,1375,588,530,559,922,1666,3823,7,11,18,38,43,83,61,142,82,149,98,102,90,159,74,334,14839,1491,28,0,0,0,0,1,0
2021-01-30T23:59:59+01:00,0,1,58,101,239,511,425,1031,538,1662,839,1375,588,530,559,922,1666,3823,7,11,18,38,43,83,61,142,82,149,98,101,90,159,74,334,14839,1490,28,0,0,0,0,1,0
2021-01-29T23:59:59+01:00,0,1,58,101,239,511,425,1031,538,1662,839,1375,588,530,559,922,1666,3823,7,11,18,38,43,83,61,142,82,149,98,101,90,159,74,334,14839,1490,28,0,0,0,0,1,0
2021-01-28T23:59:59+01:00,0,1,56,93,235,482,413,964,520,1576,815,1293,575,515,553,905,1663,3804,3,2,4,6,11,15,19,34,22,32,16,22,21,34,19,99,14440,359,22,0,0,0,0,1,0
2021-01-27T23:59:59+01:00,0,1,54,89,235,472,405,925,510,1510,795,1210,563,503,551,903,1663,3804,3,2,4,6,9,15,19,33,21,30,16,21,21,34,19,99,14172,352,20,0,0,0,0,1,0
2021-01-26T23:59:59+01:00,0,1,53,83,230,469,398,896,499,1443,770,1143,541,490,549,903,1663,3804,1,2,4,6,9,14,17,29,17,25,14,18,19,32,19,91,13916,317,18,0,0,0,0,1,0
2021-01-25T23:59:59+01:00,0,1,53,83,227,464,395,890,499,1440,769,1138,541,490,549,900,1663,3802,0,0,0,0,0,1,0,0,0,0,1,1,0,2,0,0,13887,5,16,0,0,0,0,1,0
2021-01-24T23:59:59+01:00,0,1,53,83,227,464,395,890,499,1439,769,1138,541,490,549,900,1663,3802,0,0,0,0,0,1,0,0,0,0,1,1,0,2,0,0,13886,5,16,0,0,0,0,1,0
2021-01-23T23:59:59+01:00,0,1,53,83,227,463,394,886,499,1433,768,1136,538,488,532,862,1402,3324,0,0,0,0,0,1,0,0,0,0,1,1,0,2,0,0,13072,5,16,0,0,0,0,1,0
2021-01-22T23:59:59+01:00,0,1,53,83,226,459,390,876,494,1423,763,1128,532,480,515,820,1023,2585,0,0,0,0,0,1,0,0,0,0,1,1,0,2,0,0,11835,5,16,0,0,0,0,0,0
2021-01-21T23:59:59+01:00,0,1,53,80,207,425,363,820,467,1323,737,1094,528,480,515,820,1022,2584,0,0,0,0,0,1,0,0,0,0,1,1,0,2,0,0,11503,5,16,0,0,0,0,0,0
2021-01-20T23:59:59+01:00,0,1,51,70,179,353,322,735,424,1169,667,1003,492,469,510,820,1022,2583,0,0,0,0,0,1,0,0,0,0,1,1,0,2,0,0,10854,5,16,0,0,0,0,0,0
2021-01-19T23:59:59+01:00,0,1,44,57,135,275,248,576,347,987,577,863,457,457,506,818,1022,2583,0,0,0,0,0,0,0,0,0,0,1,0,0,2,0,0,9945,3,8,0,0,0,0,0,0
2021-01-18T23:59:59+01:00,0,1,40,44,86,175,179,425,279,724,506,706,448,450,503,813,1020,2583,0,0,0,0,0,0,0,0,0,0,0,0,0,1,0,0,8982,1,0,0,0,0,0,0,0
2021-01-17T23:59:59+01:00,0,1,37,43,83,171,175,417,275,713,501,693,446,450,503,813,1020,2582,0,0,0,0,0,0,0,0,0,0,0,0,0,0,0,0,8923,0,0,0,0,0,0,0,0
2021-01-16T23:59:59+01:00,0,1,34,42,81,169,171,408,268,706,486,684,438,448,464,766,773,2186,0,0,0,0,0,0,0,0,0,0,0,0,0,0,0,0,8125,0,0,0,0,0,0,0,0
2021-01-15T23:59:59+01:00,0,1,32,40,78,164,168,402,261,689,472,676,432,447,459,742,360,1543,0,0,0,0,0,0,0,0,0,0,0,0,0,0,0,0,6966,0,0,0,0,0,0,0,0
2021-01-14T23:59:59+01:00,0,1,32,38,77,158,163,397,253,678,461,668,429,444,459,741,360,1543,0,0,0,0,0,0,0,0,0,0,0,0,0,0,0,0,6902,0,0,0,0,0,0,0,0
2021-01-13T23:59:59+01:00,0,0,24,31,61,126,128,302,193,544,352,525,326,342,374,578,281,1248,0,0,0,0,0,0,0,0,0,0,0,0,0,0,0,0,5435,0,0,0,0,0,0,0,0
2021-01-12T23:59:59+01:00,0,0,17,24,45,87,93,214,139,393,239,389,234,235,247,372,203,848,0,0,0,0,0,0,0,0,0,0,0,0,0,0,0,0,3779,0,0,0,0,0,0,0,0
2021-01-11T23:59:59+01:00,0,0,9,15,26,47,62,137,88,220,126,208,116,112,106,180,92,375,0,0,0,0,0,0,0,0,0,0,0,0,0,0,0,0,1919,0,0,0,0,0,0,0,0
2021-01-10T23:59:59+01:00,0,0,8,15,22,44,55,109,80,179,106,175,110,108,102,178,89,375,0,0,0,0,0,0,0,0,0,0,0,0,0,0,0,0,1755,0,0,0,0,0,0,0,0
2021-01-09T23:59:59+01:00,0,0,8,15,22,44,55,109,80,179,106,175,110,107,102,178,89,375,0,0,0,0,0,0,0,0,0,0,0,0,0,0,0,0,1754,0,0,0,0,0,0,0,0
2021-01-08T23:59:59+01:00,0,0,8,14,21,43,52,102,75,168,100,172,107,103,97,169,87,365,0,0,0,0,0,0,0,0,0,0,0,0,0,0,0,0,1683,0,0,0,0,0,0,0,0
2021-01-07T23:59:59+01:00,0,0,3,3,4,7,11,16,20,34,24,36,17,22,23,35,23,107,0,0,0,0,0,0,0,0,0,0,0,0,0,0,0,0,385,0,0,0,0,0,0,0,0
2021-01-06T23:59:59+01:00,0,0,3,2,4,6,9,15,20,33,21,32,17,21,23,35,23,106,0,0,0,0,0,0,0,0,0,0,0,0,0,0,0,0,370,0,0,0,0,0,0,0,0
2021-01-05T23:59:59+01:00,0,0,3,2,4,6,9,15,20,33,21,32,17,21,23,35,23,106,0,0,0,0,0,0,0,0,0,0,0,0,0,0,0,0,370,0,0,0,0,0,0,0,0
2021-01-04T23:59:59+01:00,0,0,0,0,0,0,0,1,1,0,0,0,1,1,0,2,0,0,0,0,0,0,0,0,0,0,0,0,0,0,0,0,0,0,6,0,0,0,0,0,0,0,0
2021-01-03T23:59:59+01:00,0,0,0,0,0,0,0,1,1,0,0,0,1,1,0,2,0,0,0,0,0,0,0,0,0,0,0,0,0,0,0,0,0,0,6,0,0,0,0,0,0,0,0
2021-01-02T23:59:59+01:00,0,0,0,0,0,0,0,1,1,0,0,0,1,1,0,2,0,0,0,0,0,0,0,0,0,0,0,0,0,0,0,0,0,0,6,0,0,0,0,0,0,0,0
2021-01-01T23:59:59+01:00,0,0,0,0,0,0,0,1,1,0,0,0,1,1,0,2,0,0,0,0,0,0,0,0,0,0,0,0,0,0,0,0,0,0,6,0,0,0,0,0,0,0,0
2020-12-31T23:59:59+01:00,0,0,0,0,0,0,0,1,1,0,0,0,1,1,0,2,0,0,0,0,0,0,0,0,0,0,0,0,0,0,0,0,0,0,6,0,0,0,0,0,0,0,0
2020-12-30T23:59:59+01:00,0,0,0,0,0,0,0,1,1,0,0,0,1,1,0,2,0,0,0,0,0,0,0,0,0,0,0,0,0,0,0,0,0,0,6,0,0,0,0,0,0,0,0
2020-12-29T23:59:59+01:00,0,0,0,0,0,0,0,1,1,0,0,0,1,0,0,2,0,0,0,0,0,0,0,0,0,0,0,0,0,0,0,0,0,0,5,0,0,0,0,0,0,0,0
2020-12-28T23:59:59+01:00,0,0,0,0,0,0,0,1,0,0,0,0,1,0,0,1,0,0,0,0,0,0,0,0,0,0,0,0,0,0,0,0,0,0,3,0,0,0,0,0,0,0,0
2020-12-27T23:59:59+01:00,0,0,0,0,0,0,0,0,0,0,0,0,0,0,0,0,0,0,0,0,0,0,0,0,0,0,0,0,0,0,0,0,0,0,0,0,0,0,0,0,0,0,0
