Datum,<15_m,<15_w,15-24_1_m,15-24_1_w,25-34_1_m,25-34_1_w,35-44_1_m,35-44_1_w,45-54_1_m,45-54_1_w,55-64_1_m,55-64_1_w,65-74_1_m,65-74_1_w,75-84_1_m,75-84_1_w,>84_1_m,>84_1_w,<24_2_m,<24_2_w,25-34_2_m,25-34_2_w,35-44_2_m,35-44_2_w,45-54_2_m,45-54_2_w,55-64_2_m,55-64_2_w,65-74_2_m,65-74_2_w,75-84_2_m,75-84_2_w,>84_2_m,>84_2_w,bp_1,bp_2,mo_1,mo_2,az_1,az_2,ja,unb_1,unb_2
2021-10-01T23:59:59+02:00,1859,1655,14498,13751,17559,16400,20800,21079,27428,28541,34023,34934,25814,28651,17557,22424,5350,10121,12867,12151,16261,14947,19534,19516,25868,26672,32469,33232,24975,27711,17004,21635,5132,9565,246790,230521,32223,30019,46571,44852,16775,104,43
2021-09-30T23:59:59+02:00,1846,1635,14397,13669,17496,16343,20740,21027,27371,28483,33965,34907,25793,28635,17548,22414,5348,10118,12756,12076,16187,14899,19485,19464,25813,26614,32415,33206,24955,27688,16998,21623,5129,9564,246433,230215,32096,29839,46568,44845,16553,104,43
2021-09-29T23:59:59+02:00,1832,1617,14373,13648,17473,16302,20705,20998,27344,28452,33937,34884,25773,28618,17540,22404,5348,10117,12724,12045,16166,14871,19472,19446,25798,26597,32397,33183,24940,27675,16990,21612,5126,9560,246091,229944,32096,29839,46568,44844,16525,104,43
2021-09-28T23:59:59+02:00,1816,1608,14345,13616,17444,16268,20678,20964,27312,28428,33910,34859,25759,28598,17530,22394,5345,10111,12685,12013,16145,14843,19457,19420,25778,26587,32384,33162,24934,27664,16987,21606,5124,9559,245739,229686,32095,29839,46568,44843,16498,104,43
2021-09-27T23:59:59+02:00,1808,1604,14319,13591,17425,16246,20653,20941,27290,28409,33891,34839,25751,28585,17528,22386,5345,10108,12648,11979,16124,14821,19431,19404,25758,26565,32375,33142,24926,27651,16981,21599,5122,9558,245525,229455,32095,29839,46568,44837,16446,104,43
2021-09-26T23:59:59+02:00,1804,1599,14304,13573,17405,16229,20642,20926,27276,28395,33883,34826,25740,28580,17524,22385,5344,10107,12632,11959,16109,14804,19418,19392,25749,26554,32364,33131,24920,27649,16978,21595,5121,9557,245379,229324,32095,29838,46568,44837,16415,104,43
2021-09-25T23:59:59+02:00,1801,1597,14291,13557,17387,16220,20623,20918,27259,28380,33870,34819,25734,28574,17519,22382,5343,10105,12622,11945,16093,14796,19400,19383,25736,26539,32352,33124,24915,27645,16973,21592,5121,9555,245336,229299,32095,29838,46568,44837,16295,104,43
2021-09-24T23:59:59+02:00,1783,1573,14210,13478,17319,16168,20568,20868,27220,28337,33832,34788,25716,28563,17509,22372,5341,10101,12524,11844,16010,14730,19346,19322,25690,26504,32306,33094,24892,27624,16964,21580,5119,9551,244943,228785,32076,29834,46568,44837,16074,104,43
2021-09-23T23:59:59+02:00,1762,1553,14107,13380,17229,16083,20476,20792,27139,28280,33784,34728,25689,28540,17497,22353,5337,10094,12434,11769,15941,14664,19272,19274,25633,26447,32260,33058,24872,27605,16958,21568,5116,9546,244460,228457,31975,29796,46568,44837,15735,104,43
2021-09-22T23:59:59+02:00,1744,1541,14069,13330,17179,16041,20426,20745,27101,28233,33734,34678,25659,28514,17489,22331,5333,10090,12393,11723,15895,14631,19242,19245,25604,26419,32211,33024,24844,27580,16952,21554,5112,9537,244045,228138,31950,29787,46568,44835,15588,104,43
2021-09-21T23:59:59+02:00,1731,1526,14007,13277,17156,15993,20393,20706,27073,28195,33699,34657,25646,28497,17477,22308,5325,10063,12345,11663,15866,14604,19209,19206,25577,26391,32186,32997,24823,27563,16949,21545,5110,9526,243563,227757,31946,29738,46568,44833,15566,104,43
2021-09-20T23:59:59+02:00,1721,1519,13955,13239,17119,15954,20353,20673,27031,28159,33665,34623,25626,28470,17468,22289,5314,10034,12291,11627,15833,14582,19180,19183,25549,26368,32164,32973,24811,27550,16947,21536,5105,9512,243126,227464,31945,29738,46568,44833,15487,104,43
2021-09-19T23:59:59+02:00,1716,1510,13931,13215,17088,15932,20326,20655,27010,28131,33652,34610,25618,28462,17465,22287,5313,10032,12266,11607,15811,14562,19166,19164,25536,26357,32154,32963,24805,27545,16941,21530,5104,9512,242902,227298,31944,29737,46568,44831,15453,104,43
2021-09-18T23:59:59+02:00,1714,1506,13919,13203,17077,15925,20316,20648,27003,28127,33646,34606,25618,28462,17465,22286,5313,10032,12259,11599,15801,14557,19156,19161,25529,26353,32149,32961,24805,27545,16941,21530,5104,9512,242866,227279,31931,29732,46568,44831,15415,104,43
2021-09-17T23:59:59+02:00,1691,1472,13816,13089,16969,15850,20235,20577,26933,28067,33593,34562,25595,28439,17453,22275,5312,10029,12172,11520,15700,14480,19068,19091,25461,26286,32087,32918,24786,27525,16931,21512,5103,9508,242401,226841,31884,29720,46568,44830,15018,104,43
2021-09-16T23:59:59+02:00,1664,1437,13717,12981,16883,15755,20144,20487,26832,27981,33517,34496,25563,28406,17439,22251,5305,10008,12083,11441,15631,14417,18987,19012,25372,26204,32025,32863,24745,27487,16921,21499,5100,9497,241794,226377,31787,29660,46568,44828,14631,104,43
2021-09-15T23:59:59+02:00,1648,1429,13658,12932,16830,15693,20099,20436,26777,27931,33465,34440,25537,28374,17424,22223,5298,9985,12022,11379,15576,14366,18936,18961,25312,26156,31967,32807,24712,27454,16905,21480,5096,9486,241385,225942,31766,29645,46564,44826,14378,104,43
2021-09-14T23:59:59+02:00,1632,1418,13596,12865,16757,15642,20041,20388,26728,27875,33417,34391,25517,28357,17412,22211,5294,9980,11959,11316,15503,14306,18883,18916,25264,26102,31911,32754,24681,27431,16891,21464,5096,9481,240998,225549,31714,29551,46564,44826,14159,104,43
2021-09-13T23:59:59+02:00,1610,1402,13558,12828,16729,15614,20022,20363,26706,27850,33398,34368,25507,28350,17407,22200,5294,9977,11916,11282,15470,14283,18860,18886,25239,26074,31884,32731,24671,27421,16878,21455,5093,9480,240717,225238,31713,29549,46559,44824,14107,104,43
2021-09-12T23:59:59+02:00,1600,1399,13526,12805,16688,15598,20009,20353,26695,27833,33393,34356,25503,28345,17406,22196,5294,9974,11872,11263,15425,14265,18836,18865,25223,26061,31870,32717,24663,27412,16875,21451,5092,9477,240567,225023,31713,29549,46557,44823,14049,104,43
2021-09-11T23:59:59+02:00,1589,1398,13510,12793,16674,15589,20000,20350,26683,27826,33389,34352,25499,28344,17405,22195,5292,9974,11805,11212,15409,14257,18828,18854,25211,26050,31862,32704,24661,27410,16874,21450,5092,9477,240502,224699,31693,29547,46557,44823,14023,104,43
2021-09-10T23:59:59+02:00,1550,1352,13361,12666,16602,15514,19893,20264,26599,27762,33327,34297,25459,28313,17389,22172,5286,9969,11684,11106,15323,14174,18719,18769,25116,25993,31788,32646,24619,27379,16857,21430,5087,9472,239907,224140,31676,29536,46557,44823,13546,104,43
2021-09-09T23:59:59+02:00,1529,1331,13290,12600,16548,15462,19839,20227,26547,27696,33285,34257,25431,28294,17384,22159,5282,9962,11622,11033,15272,14122,18664,18738,25060,25953,31742,32612,24597,27365,16844,21420,5084,9461,239538,223770,31600,29497,46557,44823,13338,104,43
2021-09-08T23:59:59+02:00,1514,1314,13261,12576,16533,15438,19819,20214,26531,27684,33272,34246,25419,28286,17378,22153,5279,9959,11577,10989,15246,14104,18652,18722,25042,25928,31721,32601,24583,27350,16842,21414,5084,9459,239319,223492,31600,29497,46553,44822,13314,104,43
2021-09-07T23:59:59+02:00,1485,1297,13203,12530,16493,15406,19796,20185,26494,27663,33238,34216,25395,28268,17372,22137,5274,9953,11519,10924,15192,14051,18615,18689,24995,25883,31669,32574,24555,27327,16834,21397,5079,9457,239092,223185,31515,29382,46553,44822,13155,104,43
2021-09-06T23:59:59+02:00,1470,1288,13174,12495,16470,15382,19777,20164,26477,27648,33227,34207,25392,28255,17369,22133,5271,9953,11498,10892,15173,14018,18593,18673,24979,25863,31647,32559,24544,27314,16833,21389,5076,9457,238872,222957,31515,29371,46553,44821,13122,104,43
2021-09-05T23:59:59+02:00,1460,1280,13158,12476,16453,15366,19766,20157,26471,27639,33217,34194,25390,28253,17367,22129,5271,9953,11479,10876,15147,14002,18582,18664,24972,25857,31638,32540,24541,27303,16830,21384,5074,9456,238746,222809,31515,29371,46553,44820,13096,104,43
2021-09-04T23:59:59+02:00,1460,1280,13157,12475,16453,15366,19764,20157,26470,27639,33217,34194,25390,28253,17367,22128,5271,9953,11479,10874,15145,14002,18577,18664,24971,25855,31638,32538,24540,27303,16830,21384,5074,9456,238744,222798,31515,29370,46553,44820,13092,104,43
2021-09-03T23:59:59+02:00,1433,1264,13055,12378,16396,15315,19727,20118,26430,27613,33180,34177,25372,28242,17363,22117,5269,9952,11339,10749,15083,13929,18506,18618,24900,25806,31579,32502,24507,27275,16817,21368,5071,9452,238250,221995,31515,29366,46553,44820,12993,104,43
2021-09-02T23:59:59+02:00,1418,1258,12991,12336,16353,15282,19692,20092,26396,27579,33155,34156,25357,28229,17358,22112,5269,9948,11263,10709,15035,13894,18468,18598,24867,25784,31541,32472,24488,27254,16811,21363,5071,9450,238027,221730,31451,29325,46549,44811,12864,104,43
2021-09-01T23:59:59+02:00,1395,1243,12955,12298,16332,15262,19673,20078,26378,27559,33134,34131,25346,28218,17352,22102,5266,9944,11222,10674,15015,13866,18448,18578,24846,25761,31516,32441,24474,27240,16804,21357,5069,9448,237728,221402,31451,29323,46548,44810,12849,104,43
2021-08-31T23:59:59+02:00,1363,1221,12900,12238,16287,15226,19640,20034,26334,27509,33095,34097,25330,28197,17346,22089,5262,9940,11150,10605,14967,13805,18396,18546,24796,25708,31458,32398,24443,27224,16796,21344,5066,9441,237421,220975,31388,29294,46548,44791,12661,104,43
2021-08-30T23:59:59+02:00,1339,1206,12859,12200,16262,15204,19620,20017,26311,27492,33073,34080,25319,28187,17346,22085,5260,9938,11072,10573,14940,13784,18374,18523,24769,25692,31431,32371,24431,27209,16790,21337,5063,9438,237170,220682,31388,29293,46548,44780,12601,104,43
2021-08-29T23:59:59+02:00,1334,1200,12846,12184,16251,15195,19611,20008,26308,27483,33066,34066,25314,28181,17344,22084,5260,9938,11054,10536,14930,13767,18358,18509,24757,25683,31423,32359,24422,27197,16788,21332,5063,9438,237069,220508,31388,29293,46548,44776,12577,104,43
2021-08-28T23:59:59+02:00,1327,1188,12814,12162,16237,15183,19600,19994,26301,27473,33057,34060,25312,28176,17343,22081,5260,9937,10978,10464,14896,13734,18311,18482,24721,25650,31380,32328,24405,27184,16779,21316,5063,9435,236909,219982,31388,29293,46548,44776,12569,104,43
2021-08-27T23:59:59+02:00,1308,1173,12751,12106,16191,15135,19541,19944,26246,27424,33014,34030,25294,28165,17339,22067,5260,9934,10941,10430,14856,13708,18295,18466,24686,25626,31352,32307,24392,27173,16776,21312,5063,9434,236484,219825,31388,29292,46548,44775,12411,104,43
2021-08-26T23:59:59+02:00,1288,1157,12682,12049,16145,15092,19496,19904,26192,27366,32963,33985,25264,28136,17332,22057,5257,9931,10871,10380,14809,13667,18249,18437,24642,25588,31306,32268,24370,27157,16768,21303,5063,9430,236116,219512,31329,29278,46548,44768,12211,104,43
2021-08-25T23:59:59+02:00,1271,1142,12659,12007,16125,15066,19475,19889,26165,27350,32928,33957,25246,28117,17325,22050,5256,9928,10822,10337,14778,13638,18216,18406,24620,25569,31273,32230,24357,27140,16761,21293,5061,9427,235808,219136,31329,29278,46541,44764,12184,104,43
2021-08-24T23:59:59+02:00,1244,1124,12599,11936,16068,15022,19430,19848,26118,27305,32883,33924,25226,28093,17313,22038,5255,9923,10743,10263,14734,13597,18170,18370,24569,25518,31231,32193,24333,27113,16746,21277,5060,9426,235497,218721,31204,29238,46541,44764,12012,104,43
2021-08-23T23:59:59+02:00,1231,1111,12560,11900,16043,15003,19409,19813,26097,27270,32854,33901,25212,28080,17309,22029,5255,9920,10688,10209,14704,13559,18132,18336,24542,25488,31196,32160,24320,27093,16739,21274,5058,9425,235196,218316,31203,29238,46541,44761,11961,104,43
2021-08-22T23:59:59+02:00,1223,1104,12545,11878,16028,14987,19402,19794,26085,27259,32843,33886,25201,28074,17307,22026,5252,9920,10659,10180,14683,13544,18112,18325,24529,25471,31181,32146,24312,27082,16737,21269,5057,9424,235031,218099,31203,29238,46541,44760,11943,104,43
2021-08-21T23:59:59+02:00,1135,1032,12470,11820,16016,14975,19392,19782,26075,27248,32833,33870,25196,28070,17304,22023,5252,9920,10635,10150,14666,13540,18104,18313,24520,25465,31174,32140,24309,27082,16736,21269,5057,9424,234657,217976,31197,29238,46541,44760,11922,104,43
2021-08-20T23:59:59+02:00,1115,1016,12409,11751,15957,14921,19330,19744,26021,27215,32783,33843,25181,28059,17295,22018,5251,9918,10580,10112,14624,13504,18064,18287,24485,25446,31144,32123,24300,27075,16730,21266,5057,9423,234159,217690,31197,29238,46541,44760,11834,104,43
2021-08-19T23:59:59+02:00,1089,992,12341,11695,15898,14889,19280,19693,25959,27165,32740,33808,25149,28036,17283,22007,5248,9916,10486,10036,14556,13466,18008,18249,24416,25403,31077,32078,24258,27056,16721,21249,5056,9420,233866,217254,31104,29229,46541,44752,11581,104,43
2021-08-18T23:59:59+02:00,1077,976,12301,11659,15870,14858,19252,19663,25930,27134,32705,33783,25130,28024,17278,21998,5246,9915,10431,9968,14509,13440,17959,18220,24371,25365,31018,32040,24236,27039,16715,21236,5052,9414,233552,216798,31104,29222,46540,44742,11507,104,43
2021-08-17T23:59:59+02:00,1050,951,12250,11617,15841,14816,19221,19632,25902,27111,32669,33745,25111,28004,17268,21981,5245,9910,10337,9886,14456,13392,17906,18166,24321,25325,30958,31996,24209,27015,16704,21216,5050,9406,233251,216198,30977,29163,46540,44739,11460,104,43
2021-08-16T23:59:59+02:00,1038,944,12218,11591,15824,14798,19203,19613,25879,27087,32650,33723,25091,27989,17260,21966,5242,9908,10282,9818,14431,13348,17882,18130,24277,25290,30921,31965,24182,26981,16689,21202,5050,9403,233023,215756,30977,29163,46540,44733,11388,104,43
2021-08-15T23:59:59+02:00,1030,944,12193,11577,15810,14781,19189,19598,25869,27078,32629,33709,25085,27980,17256,21955,5241,9908,10237,9783,14394,13326,17861,18109,24254,25276,30900,31939,24165,26973,16684,21194,5049,9401,232867,215475,30976,29163,46539,44728,11354,104,43
2021-08-14T23:59:59+02:00,1029,944,12192,11573,15810,14780,19186,19596,25868,27078,32629,33708,25085,27980,17256,21955,5241,9908,10071,9563,14288,13235,17786,18062,24205,25244,30860,31906,24150,26960,16681,21191,5047,9400,232858,214469,30976,29162,46539,44727,11349,104,43
2021-08-13T23:59:59+02:00,984,904,12039,11445,15756,14721,19120,19539,25797,27026,32577,33672,25059,27951,17245,21945,5240,9904,10018,9511,14248,13206,17747,18037,24173,25224,30836,31885,24140,26947,16675,21182,5047,9396,232020,214135,30975,29162,46539,44724,11296,102,43
2021-08-12T23:59:59+02:00,970,882,11982,11384,15707,14681,19084,19513,25752,27003,32531,33643,25034,27935,17236,21939,5239,9901,9927,9445,14174,13165,17686,17987,24107,25189,30782,31836,24112,26922,16659,21164,5045,9396,231788,213715,30951,29156,46539,44709,11043,102,43
2021-08-11T23:59:59+02:00,956,871,11948,11351,15688,14658,19051,19495,25730,26984,32506,33614,25016,27913,17232,21931,5238,9899,9854,9383,14122,13125,17639,17943,24066,25167,30742,31788,24082,26890,16643,21151,5044,9390,231497,213146,30950,29152,46538,44681,11001,102,43
2021-08-10T23:59:59+02:00,937,861,11860,11299,15635,14627,19007,19458,25674,26950,32449,33560,24999,27897,17225,21918,5237,9896,9759,9297,14070,13090,17607,17909,24019,25128,30689,31741,24049,26857,16636,21131,5040,9385,231113,212627,30818,29117,46536,44667,10927,102,43
2021-08-09T23:59:59+02:00,935,844,11832,11264,15619,14611,18985,19445,25642,26927,32420,33529,24991,27888,17219,21910,5237,9893,9705,9237,14029,13040,17570,17868,23988,25083,30654,31700,24035,26840,16631,21118,5038,9379,230875,212175,30818,29114,46535,44660,10868,102,43
2021-08-08T23:59:59+02:00,925,837,11796,11241,15598,14597,18965,19424,25617,26907,32398,33512,24983,27872,17212,21906,5236,9893,9630,9181,13980,13012,17543,17838,23955,25048,30622,31669,24022,26821,16623,21104,5037,9376,230684,211774,30818,29113,46535,44659,10786,102,43
2021-08-07T23:59:59+02:00,905,810,11698,11163,15555,14555,18923,19390,25578,26877,32352,33480,24966,27860,17203,21888,5235,9890,9008,8586,13536,12657,17331,17653,23804,24937,30470,31592,23963,26770,16602,21077,5032,9373,230094,208565,30818,29112,46535,44659,10785,102,43
2021-08-06T23:59:59+02:00,896,807,11668,11138,15539,14542,18913,19384,25563,26861,32343,33473,24962,27856,17198,21886,5235,9889,8426,7960,13021,12261,17103,17447,23659,24825,30376,31513,23932,26723,16590,21063,5029,9366,230044,205393,30696,29099,46535,44659,10782,102,43
2021-08-05T23:59:59+02:00,893,800,11628,11107,15497,14513,18872,19352,25518,26826,32295,33426,24922,27834,17196,21875,5235,9883,8371,7896,12972,12209,17053,17405,23595,24785,30300,31458,23885,26681,16576,21045,5027,9357,229818,204969,30695,29094,46534,44650,10527,102,43
2021-08-04T23:59:59+02:00,876,784,11598,11077,15478,14481,18841,19326,25491,26797,32250,33387,24907,27821,17191,21869,5233,9875,8281,7809,12915,12161,17001,17361,23538,24741,30240,31386,23848,26642,16566,21032,5025,9351,229554,204378,30693,29093,46533,44615,10404,102,43
2021-08-03T23:59:59+02:00,860,767,11551,11037,15455,14459,18810,19306,25465,26768,32216,33352,24887,27802,17182,21864,5229,9874,8198,7721,12845,12111,16933,17308,23478,24704,30198,31336,23812,26608,16551,21021,5022,9347,229219,203717,30692,29083,46532,44607,10343,102,43
2021-08-02T23:59:59+02:00,851,764,11516,11007,15433,14427,18783,19286,25436,26743,32184,33325,24873,27782,17174,21855,5228,9872,8102,7628,12765,12051,16873,17244,23421,24632,30148,31278,23794,26585,16530,21011,5020,9342,228941,203008,30692,29082,46532,44599,10275,102,43
2021-08-01T23:59:59+02:00,843,757,11489,10978,15422,14414,18768,19275,25417,26731,32167,33310,24869,27773,17173,21852,5226,9871,8034,7561,12704,12004,16829,17197,23385,24600,30121,31253,23778,26566,16526,21005,5018,9341,228797,202551,30687,29081,46532,44580,10220,102,43
2021-07-31T23:59:59+02:00,840,756,11486,10972,15420,14411,18764,19271,25416,26730,32164,33309,24869,27772,17173,21852,5226,9871,7881,7374,11934,11334,16273,16757,23290,24521,30056,31182,23749,26530,16514,20986,5017,9339,228767,199329,30686,29081,46532,44578,10218,102,43
2021-07-30T23:59:59+02:00,839,755,11473,10963,15417,14408,18758,19266,25409,26725,32154,33304,24868,27770,17173,21849,5226,9871,7600,7131,11392,10886,15794,16329,23153,24414,29948,31069,23712,26485,16497,20964,5017,9334,228699,196247,30685,29080,46530,44565,10215,102,43
2021-07-29T23:59:59+02:00,827,746,11433,10916,15379,14387,18718,19240,25371,26689,32101,33275,24850,27750,17162,21831,5226,9868,7226,6822,10727,10370,15277,15914,22977,24268,29800,30958,23657,26433,16468,20939,5013,9331,228376,192779,30684,29070,46530,44479,10080,102,43
2021-07-28T23:59:59+02:00,808,733,11386,10862,15355,14358,18687,19212,25345,26661,32074,33250,24836,27732,17157,21819,5225,9864,7059,6666,10582,10248,15165,15779,22884,24172,29698,30860,23614,26375,16450,20910,5012,9321,228049,191530,30684,29068,46525,44370,10007,102,43
2021-07-27T23:59:59+02:00,799,724,11341,10822,15312,14318,18647,19186,25316,26635,32038,33228,24820,27707,17150,21808,5224,9856,6838,6451,10421,10133,15020,15647,22780,24063,29590,30747,23562,26311,16434,20883,5010,9309,227730,190378,30684,28740,46524,44334,9894,102,43
2021-07-26T23:59:59+02:00,789,711,11291,10773,15286,14297,18630,19159,25288,26605,32006,33202,24805,27685,17138,21796,5223,9853,6721,6375,10324,10059,14954,15567,22698,24003,29525,30673,23529,26268,16422,20866,5006,9303,227433,189595,30682,28737,46523,44292,9799,102,43
2021-07-25T23:59:59+02:00,778,701,11263,10745,15264,14272,18610,19135,25261,26580,31985,33184,24788,27674,17134,21787,5222,9851,6645,6294,10255,9996,14881,15507,22644,23949,29469,30635,23498,26247,16410,20852,5006,9299,227235,189007,30682,28733,46522,44262,9695,102,43
2021-07-24T23:59:59+02:00,754,679,11186,10662,15225,14244,18586,19114,25241,26564,31973,33171,24788,27670,17131,21785,5222,9851,6247,5940,10107,9881,14505,15225,22421,23791,29351,30551,23462,26209,16393,20835,5003,9295,226855,186648,30682,28730,46522,44260,9687,102,43
2021-07-23T23:59:59+02:00,728,657,11118,10576,15195,14210,18558,19099,25220,26543,31958,33154,24777,27665,17129,21785,5222,9848,5877,5630,9985,9774,14158,14960,22225,23615,29231,30433,23410,26141,16382,20814,4999,9288,226466,184374,30682,28730,46522,44248,9672,102,43
2021-07-22T23:59:59+02:00,687,617,10963,10413,15098,14121,18470,19050,25140,26489,31885,33090,24741,27624,17114,21767,5218,9843,5559,5332,9716,9558,13576,14483,21905,23356,28999,30205,23309,26043,16339,20776,4995,9285,225512,181052,30681,28718,46521,44229,9516,102,43
2021-07-21T23:59:59+02:00,667,592,10898,10358,15061,14093,18430,19012,25100,26459,31846,33040,24716,27590,17098,21755,5215,9838,4943,4865,9274,9304,13193,14253,21673,23201,28813,30056,23244,25967,16314,20753,4993,9282,225081,179280,30670,27450,46518,44062,9399,102,43
2021-07-20T23:59:59+02:00,649,575,10841,10303,15035,14057,18395,18985,25069,26427,31810,33006,24696,27569,17093,21740,5212,9831,4803,4751,9124,9173,13026,14118,21560,23080,28682,29931,23164,25864,16292,20713,4986,9276,224703,177936,30670,27438,46516,43913,9304,102,43
2021-07-19T23:59:59+02:00,636,562,10803,10272,15004,14033,18372,18977,25041,26401,31777,32977,24679,27546,17087,21729,5210,9828,4723,4682,9026,9095,12908,14021,21462,22972,28583,29811,23108,25807,16267,20684,4981,9270,224458,176996,30670,27429,46507,43815,9199,102,43
2021-07-18T23:59:59+02:00,621,553,10750,10221,14969,14013,18347,18959,25021,26385,31754,32958,24669,27535,17081,21720,5209,9823,4615,4580,8892,8974,12781,13881,21376,22881,28510,29732,23079,25777,16258,20671,4978,9269,224183,175985,30670,27415,46507,43761,9128,102,43
2021-07-17T23:59:59+02:00,546,482,10459,9924,14857,13911,18256,18881,24915,26310,31646,32907,24635,27501,17068,21700,5207,9822,4566,4538,8837,8902,12546,13684,20951,22537,28380,29600,23041,25724,16249,20656,4977,9266,222625,174186,30670,27415,46505,43759,9127,102,43
2021-07-16T23:59:59+02:00,517,445,10324,9803,14797,13870,18203,18829,24879,26277,31626,32882,24626,27486,17065,21693,5207,9819,4519,4496,8761,8861,12174,13406,20406,22138,28247,29505,22992,25687,16240,20651,4975,9264,221957,172074,30670,27412,46504,43752,9117,102,43
2021-07-15T23:59:59+02:00,485,408,10186,9697,14729,13822,18147,18760,24825,26229,31576,32829,24601,27449,17047,21678,5200,9815,4307,4357,8433,8654,11659,13004,19298,21291,27830,29160,22823,25517,16175,20578,4965,9248,221227,167374,30668,27398,46503,43552,8985,102,43
2021-07-14T23:59:59+02:00,464,394,10157,9671,14692,13801,18117,18726,24788,26188,31525,32776,24571,27421,17036,21661,5199,9813,4183,4205,8176,8481,11429,12859,19119,21180,27683,29033,22758,25439,16141,20540,4960,9239,220858,165804,30668,27379,46502,43375,8872,102,43
2021-07-13T23:59:59+02:00,440,380,10107,9619,14662,13772,18090,18693,24752,26167,31491,32734,24555,27390,17025,21650,5198,9810,4086,4109,8001,8323,11228,12668,18983,21041,27529,28871,22661,25354,16106,20487,4956,9228,220450,164343,30668,27358,46501,43117,8816,102,43
2021-07-12T23:59:59+02:00,428,358,10061,9568,14635,13754,18060,18664,24715,26125,31457,32690,24531,27367,17010,21645,5195,9807,3980,4008,7830,8201,11069,12531,18867,20920,27406,28751,22587,25292,16079,20461,4955,9223,220078,163173,30667,27337,46500,42925,8724,102,43
2021-07-11T23:59:59+02:00,420,340,10030,9538,14613,13734,18043,18654,24693,26116,31436,32672,24519,27357,17008,21643,5195,9805,3910,3937,7712,8104,10921,12403,18743,20818,27305,28637,22543,25244,16058,20436,4953,9220,219881,162212,30664,27332,46499,42723,8671,102,43
2021-07-10T23:59:59+02:00,394,317,9917,9434,14559,13695,17993,18631,24669,26096,31417,32656,24511,27348,17004,21639,5193,9803,3875,3912,7654,8063,10886,12374,18714,20793,27276,28615,22535,25229,16054,20431,4953,9220,219354,161909,30663,27331,46496,42675,8662,102,43
2021-07-09T23:59:59+02:00,334,270,9658,9224,14458,13615,17915,18560,24583,26043,31368,32595,24488,27317,16990,21621,5193,9797,3808,3872,7517,7972,10668,12225,18489,20654,26860,28295,22350,25035,15999,20370,4950,9213,218133,159758,30663,27327,46495,42546,8637,102,43
2021-07-08T23:59:59+02:00,255,203,9464,9079,14355,13538,17820,18486,24524,25992,31285,32536,24459,27286,16977,21603,5189,9792,3652,3747,7206,7784,10315,11996,18142,20372,26556,28037,22176,24877,15931,20294,4943,9197,217022,157381,30660,27279,46482,41973,8578,102,43
2021-07-07T23:59:59+02:00,216,175,9375,8973,14314,13506,17783,18445,24471,25954,31243,32495,24434,27256,16965,21585,5189,9784,3470,3619,6885,7561,9374,11264,17556,19945,26154,27725,21939,24570,15854,20197,4929,9183,216383,154764,30657,25527,46480,41372,8542,102,43
2021-07-06T23:59:59+02:00,194,163,9295,8916,14263,13476,17747,18403,24430,25915,31182,32448,24398,27228,16950,21568,5187,9782,3353,3547,6680,7437,9104,11100,17310,19763,25877,27469,21782,24367,15773,20093,4916,9168,215818,152827,30642,25516,46477,40868,8507,102,43
2021-07-05T23:59:59+02:00,182,148,9209,8835,14222,13432,17713,18353,24394,25885,31137,32398,24374,27206,16941,21554,5186,9780,3302,3514,6552,7359,8955,10979,17164,19624,25706,27314,21639,24199,15723,20040,4905,9158,215271,151765,30642,25507,46475,40379,8460,102,43
2021-07-04T23:59:59+02:00,167,141,9158,8785,14189,13419,17687,18335,24368,25864,31116,32372,24359,27192,16935,21546,5185,9777,3252,3470,6487,7319,8867,10907,17077,19538,25577,27203,21514,24070,15681,19988,4903,9151,214996,151102,30641,25498,46460,39982,8397,102,43
2021-07-03T23:59:59+02:00,164,138,8650,8293,14029,13298,17586,18216,24273,25806,31051,32323,24338,27170,16923,21534,5183,9774,3192,3390,6367,7199,8695,10764,16860,19353,25189,26892,21399,23933,15651,19948,4899,9145,213169,149047,30640,25498,46460,39926,8379,102,43
2021-07-02T23:59:59+02:00,157,134,8082,7828,13883,13190,17494,18139,24203,25737,30991,32261,24300,27128,16917,21514,5181,9769,3081,3283,6096,7045,8438,10524,16490,19024,24712,26467,21172,23660,15582,19866,4893,9142,211334,145974,30640,25496,46457,39602,8376,102,43
2021-07-01T23:59:59+02:00,144,124,7954,7722,13801,13132,17424,18087,24135,25685,30938,32208,24272,27103,16907,21502,5180,9768,2892,3097,5749,6761,8000,10104,15899,18549,23945,25805,20681,23187,15455,19705,4881,9117,210547,141392,30635,25483,46451,38571,8352,102,43
2021-06-30T23:59:59+02:00,127,111,7808,7603,13736,13082,17372,18034,24083,25631,30878,32162,24240,27081,16893,21484,5180,9763,2795,3021,5593,6619,7772,9882,14940,17678,23330,25254,20323,22793,15322,19544,4867,9083,209979,139852,30461,23208,46447,37446,8280,102,43
2021-06-29T23:59:59+02:00,112,98,7741,7507,13689,13043,17334,17989,24030,25570,30828,32102,24219,27055,16883,21468,5177,9759,2736,2977,5462,6521,7618,9748,14771,17506,23088,25018,20063,22467,15223,19443,4855,9063,209350,138727,30459,23196,46444,36352,8250,102,43
2021-06-28T23:59:59+02:00,107,92,7676,7436,13622,12982,17284,17938,23988,25525,30771,32058,24202,27027,16876,21458,5175,9757,2705,2944,5395,6469,7524,9677,14674,17424,22937,24804,19860,22222,15168,19374,4851,9049,208807,138123,30457,23186,46436,35559,8173,102,43
2021-06-27T23:59:59+02:00,93,87,7628,7373,13590,12945,17255,17905,23969,25490,30744,32030,24190,27019,16869,21452,5175,9755,2683,2930,5345,6444,7451,9631,14578,17360,22841,24717,19733,22080,15137,19323,4847,9040,208451,137611,30457,23174,46430,35187,8130,102,43
2021-06-26T23:59:59+02:00,89,84,7123,6825,13198,12645,17141,17801,23903,25432,30708,31995,24181,27002,16865,21441,5174,9754,2582,2820,5156,6254,7250,9440,14031,16905,22178,24083,19585,21938,15092,19270,4845,9032,206268,133972,30455,23174,46430,35167,8130,79,23
2021-06-25T23:59:59+02:00,88,81,6644,6339,12741,12272,16981,17682,23812,25367,30628,31954,24158,26975,16860,21431,5172,9751,2479,2667,4981,6061,6991,9142,13498,16371,21625,23497,19389,21728,15034,19203,4841,9020,203860,130269,30455,23174,46430,34953,8113,79,23
2021-06-24T23:59:59+02:00,78,69,6423,6126,12516,12120,16875,17600,23738,25314,30570,31906,24124,26933,16854,21421,5170,9744,2272,2431,4612,5683,6491,8654,12774,15657,20472,22493,18925,21246,14929,19072,4829,9005,202588,124324,30453,23164,46423,34000,8039,79,23
2021-06-23T23:59:59+02:00,73,67,5849,5626,12352,12009,16755,17488,23663,25267,30506,31856,24090,26910,16847,21407,5166,9740,2233,2378,4549,5562,6398,8503,12540,15368,20228,22232,18626,20916,14832,18958,4818,8988,202073,123297,29118,23015,46413,32810,7989,79,23
2021-06-22T23:59:59+02:00,69,62,5708,5496,12252,11903,16667,17415,23604,25205,30437,31777,24063,26877,16837,21386,5162,9738,2181,2341,4454,5480,6273,8355,11670,14708,19814,21823,18291,20561,14724,18819,4808,8967,201137,122371,29111,21321,46393,31619,7939,79,23
2021-06-21T23:59:59+02:00,66,59,5572,5382,12175,11810,16603,17328,23548,25131,30387,31719,24038,26849,16824,21371,5162,9734,2148,2305,4394,5383,6186,8227,10889,14002,19360,21413,18065,20331,14663,18724,4799,8950,200310,121570,29105,19535,46388,30838,7877,79,23
2021-06-20T23:59:59+02:00,64,57,5455,5258,12009,11630,16537,17204,23499,25066,30345,31663,24022,26827,16818,21356,5157,9729,2130,2275,4353,5344,6115,8176,10785,13923,19248,21287,17907,20141,14597,18641,4795,8943,199304,121036,29101,19532,46382,30242,7831,79,23
2021-06-19T23:59:59+02:00,60,53,5437,5238,11239,10964,16057,16810,23438,25021,30301,31621,24003,26807,16810,21344,5157,9729,2057,2154,4148,5112,5831,7894,10457,13587,18192,20431,17737,19952,14564,18576,4790,8931,196699,116805,29101,19532,46381,30227,7830,79,23
2021-06-18T23:59:59+02:00,57,52,5402,5210,10594,10380,15444,16245,23346,24951,30232,31558,23976,26777,16799,21329,5156,9727,1988,2064,4007,4969,5553,7624,10074,13223,17041,19220,17534,19714,14515,18511,4787,8921,193854,112391,29093,19531,46381,29975,7829,79,23
2021-06-17T23:59:59+02:00,50,43,5288,5107,9916,9875,14956,15856,23246,24863,30150,31464,23936,26731,16785,21308,5155,9724,1859,1958,3749,4722,5165,7259,9535,12736,15852,18029,17073,19224,14374,18337,4774,8897,191275,107264,29090,19522,46378,29055,7690,21,16
2021-06-16T23:59:59+02:00,48,35,5156,4975,9721,9712,14811,15726,23153,24770,30050,31388,23892,26685,16770,21296,5154,9714,1817,1916,3642,4633,5062,7139,8502,11884,15580,17732,16777,18888,14239,18166,4768,8864,190101,106369,29079,17641,46375,28106,7481,21,16
2021-06-15T23:59:59+02:00,42,29,4974,4793,9537,9557,14675,15584,23061,24679,29973,31303,23849,26612,16744,21263,5146,9699,1757,1861,3561,4536,4968,7022,8386,11741,15400,17503,16457,18578,14096,17997,4746,8806,188786,105597,29076,17637,46356,26887,7282,21,16
2021-06-14T23:59:59+02:00,40,26,4897,4729,9446,9448,14598,15494,22989,24607,29902,31242,23817,26573,16729,21245,5143,9693,1735,1838,3525,4512,4928,6989,8285,11677,15263,17369,16277,18374,14004,17900,4741,8799,188042,105368,29070,17635,46350,26065,7136,21,16
2021-06-13T23:59:59+02:00,39,25,4839,4680,9361,9374,14513,15427,22927,24556,29835,31189,23791,26545,16720,21235,5143,9691,1686,1824,3482,4487,4872,6946,8212,11639,15163,17274,16120,18190,13950,17826,4734,8792,187460,105084,29064,17633,46334,25456,7012,21,16
2021-06-12T23:59:59+02:00,37,24,4820,4666,9334,9351,14274,15250,22797,24426,29789,31144,23771,26528,16711,21227,5142,9689,1563,1701,3245,4277,4466,6645,7664,11208,13386,15586,15766,17818,13870,17724,4732,8777,186553,98382,29064,17633,46334,25391,7010,20,16
2021-06-11T23:59:59+02:00,33,23,4767,4614,9253,9299,13952,15028,22601,24277,29693,31052,23734,26483,16693,21215,5141,9686,1462,1566,3054,4062,4168,6279,7151,10663,11743,13690,15285,17239,13756,17576,4717,8763,185193,91438,29059,17632,46332,25151,6941,20,16
2021-06-10T23:59:59+02:00,27,20,4482,4388,8705,8970,12678,14004,22034,23826,29318,30746,23597,26324,16641,21147,5128,9671,1340,1478,2818,3880,3840,5996,6713,10272,10325,12359,14772,16662,13584,17368,4702,8736,179854,86894,29041,17629,46326,23844,6466,20,16
2021-06-09T23:59:59+02:00,24,16,4249,4225,8113,8676,11776,13343,21714,23613,29088,30594,23534,26261,16622,21122,5125,9667,1253,1424,2664,3808,3698,5915,6506,10177,10060,12179,14447,16311,13413,17188,4695,8715,177740,86555,27772,17525,46320,22450,5911,20,16
2021-06-08T23:59:59+02:00,20,13,4119,4122,7712,8448,11288,13053,21488,23433,28888,30440,23475,26187,16589,21080,5119,9658,1176,1398,2528,3750,3537,5846,5609,9426,9587,11815,14110,15902,13188,16949,4681,8693,175984,86196,27400,15369,46293,21182,5436,20,16
2021-06-07T23:59:59+02:00,15,11,3998,4046,7472,8342,10999,12874,21285,23319,28733,30322,23416,26134,16571,21055,5115,9650,1128,1281,2406,3686,3407,5783,5443,9350,9376,11688,13880,15644,13032,16780,4674,8675,174754,86006,27390,15364,46284,19941,4910,20,16
2021-06-06T23:59:59+02:00,13,11,3881,3988,7235,8223,10749,12712,21098,23231,28647,30231,23385,26100,16559,21037,5112,9645,1108,1264,2342,3651,3310,5730,5336,9275,9257,11587,13724,15490,12959,16686,4671,8668,173604,85811,27372,15358,46274,19289,4588,20,16
2021-06-05T23:59:59+02:00,13,11,3852,3951,7196,8182,10572,12559,20470,22720,28485,30086,23335,26055,16545,21018,5112,9641,1076,1165,2175,3197,3077,5190,5167,8942,8477,10632,13071,14648,12847,16539,4660,8658,171562,80418,27372,15358,46273,19154,4578,19,16
2021-06-04T23:59:59+02:00,13,11,3822,3924,7157,8156,10474,12467,20105,22390,28381,29989,23300,26016,16531,21008,5110,9640,1044,1098,2077,2885,2918,4712,5010,8571,7961,9974,11571,12930,12721,16342,4653,8640,170273,74035,27359,15357,46272,19130,4572,19,16
2021-06-03T23:59:59+02:00,8,7,3686,3822,6938,8017,9919,12043,18881,21460,27983,29679,23167,25874,16478,20946,5106,9626,993,1053,1989,2774,2781,4553,4805,8265,7596,9523,11191,12530,12612,16228,4650,8627,165517,72243,27349,15354,46268,18072,4488,19,16
2021-06-02T23:59:59+02:00,8,7,3678,3814,6925,8000,9908,12032,18692,21279,27912,29630,23144,25853,16472,20937,5103,9624,988,1046,1977,2745,2758,4534,4594,8081,7061,9034,11154,12489,12597,16214,4646,8621,165448,72136,26804,13862,46268,18048,4480,19,16
2021-06-01T23:59:59+02:00,7,6,3550,3739,6683,7852,9624,11838,18237,20934,27674,29432,23050,25751,16431,20884,5100,9612,951,999,1891,2675,2677,4460,4315,7847,6461,8501,10939,12275,12499,16113,4641,8609,163753,71690,26024,12569,46254,17226,4355,19,16
2021-05-31T23:59:59+02:00,7,6,3504,3694,6592,7784,9488,11736,18111,20843,27582,29355,22983,25689,16414,20856,5095,9605,921,973,1822,2632,2598,4417,4207,7782,6340,8426,10753,12105,12398,15997,4631,8601,162906,71323,25994,12562,46241,16520,4185,19,16
2021-05-30T23:59:59+02:00,7,5,3473,3669,6528,7728,9397,11643,18022,20763,27506,29284,22938,25644,16392,20829,5089,9595,914,964,1811,2622,2585,4405,4178,7756,6288,8384,10691,12025,12364,15954,4626,8592,162201,71280,25988,12559,46224,16226,4081,19,16
2021-05-29T23:59:59+02:00,7,5,3462,3650,6493,7701,9353,11604,17984,20723,27358,29178,22883,25570,16377,20809,5086,9591,878,945,1754,2576,2512,4321,3988,7501,6014,8085,8485,9363,12171,15612,4611,8563,161537,65024,25988,12557,46210,15703,4081,19,16
2021-05-28T23:59:59+02:00,7,5,3399,3595,6362,7624,9213,11472,17826,20591,27175,29056,22820,25493,16357,20791,5085,9590,865,932,1735,2553,2476,4266,3836,7205,5820,7821,5779,6247,11896,15213,4595,8514,160180,58138,25986,12557,46205,14972,4072,19,16
2021-05-27T23:59:59+02:00,7,5,3254,3471,6076,7444,8611,11139,17350,20253,26762,28709,22653,25328,16299,20728,5078,9572,817,874,1650,2456,2358,4132,3414,6233,5398,7222,5617,6072,11816,15140,4589,8497,156711,57656,25927,12510,46199,12221,3884,19,16
2021-05-26T23:59:59+02:00,7,5,3147,3386,5856,7277,8242,10854,16886,19947,26462,28471,22503,25195,16248,20654,5065,9552,800,864,1597,2431,2305,4101,3341,6158,5299,7150,5481,5945,11750,15073,4584,8485,154011,57575,25909,12508,46177,11625,3642,19,16
2021-05-25T23:59:59+02:00,7,5,3056,3324,5714,7162,8046,10690,15886,19172,26108,28117,22344,25038,16196,20574,5058,9542,781,847,1560,2383,2234,4041,3266,6088,5213,7087,5314,5775,11642,14992,4576,8473,152454,57505,23990,12318,46160,11016,3419,17,16
2021-05-24T23:59:59+02:00,7,5,2993,3308,5627,7117,7929,10628,14972,18483,25693,27806,22249,24934,16165,20538,5051,9530,772,845,1539,2366,2191,4004,3221,6040,5136,7007,5213,5667,11562,14916,4575,8467,151732,57467,21919,12242,46151,10581,3217,17,16
2021-05-23T23:59:59+02:00,7,4,2990,3303,5618,7109,7920,10620,14967,18482,25692,27805,22249,24934,16165,20538,5051,9530,770,842,1531,2359,2178,3991,3202,6025,5115,6974,5168,5615,11546,14892,4574,8465,151701,57459,21919,12242,46149,10333,3199,17,16
2021-05-22T23:59:59+02:00,6,4,2953,3259,5538,7056,7818,10531,14765,18316,25409,27558,22148,24847,16132,20494,5048,9525,748,822,1481,2303,2124,3907,3088,5901,4798,6399,4597,4868,10898,14069,4564,8426,150161,54215,21919,12242,46149,9360,3162,17,16
2021-05-21T23:59:59+02:00,4,4,2881,3186,5412,6957,7691,10384,14506,18087,25114,27322,22033,24739,16099,20446,5043,9516,719,769,1412,2174,2022,3638,2904,5568,4317,5501,4180,4329,10152,13127,4499,8301,148217,50464,21918,12242,46143,7761,3131,16,16
2021-05-20T23:59:59+02:00,4,4,2749,3026,5130,6701,7405,10014,14044,17603,24502,26770,21760,24443,16005,20326,5029,9486,705,758,1385,2150,1983,3604,2850,5512,4234,5421,4052,4226,10075,13064,4490,8289,144060,50368,21908,12230,46118,7285,2900,16,16
2021-05-19T23:59:59+02:00,4,4,2695,2974,5032,6559,7262,9832,12898,16566,24237,26478,21663,24313,15960,20265,5020,9479,688,732,1359,2102,1951,3518,2787,5365,4139,5313,3970,4134,10021,12999,4487,8285,142678,50337,19836,12165,46046,6667,2666,16,16
2021-05-18T23:59:59+02:00,4,4,2668,2950,4983,6526,7210,9801,12543,16291,24056,26325,21570,24224,15930,20212,5012,9467,659,674,1302,1974,1878,3317,2688,5157,4010,5115,3746,3856,9938,12919,4477,8275,142392,50314,18983,11163,46001,6108,2385,16,16
2021-05-17T23:59:59+02:00,4,4,2642,2931,4938,6456,7122,9693,12390,16112,23906,26162,21516,24173,15911,20189,5007,9459,651,660,1286,1938,1857,3270,2640,5049,3931,5001,3607,3703,9870,12856,4474,8267,141417,50291,18975,11153,45984,5377,2224,16,16
2021-05-16T23:59:59+02:00,4,4,2630,2918,4915,6389,7084,9610,12330,16038,23854,26101,21492,24156,15901,20175,5004,9456,646,655,1276,1935,1840,3261,2619,5037,3902,4978,3553,3636,9831,12824,4473,8265,140980,50278,18966,11142,45962,5159,2137,16,16
2021-05-15T23:59:59+02:00,4,4,2506,2781,4726,6183,6893,9422,11811,15620,23263,25552,21385,24038,15867,20132,5001,9448,596,592,1194,1846,1704,3108,2332,4729,3453,4467,3221,3207,9667,12619,4449,8236,137586,47317,18965,11142,45957,4834,2112,16,16
2021-05-14T23:59:59+02:00,4,4,2389,2605,4531,5961,6616,9109,11273,15108,22696,24984,21239,23898,15831,20074,4997,9437,534,514,1092,1725,1543,2892,2002,4327,2851,3877,2835,2770,9582,12470,4445,8232,133766,44385,18958,11140,45933,4068,2083,16,16
2021-05-13T23:59:59+02:00,4,4,2209,2321,4210,5579,6190,8638,10712,14420,21660,24070,20957,23624,15771,19975,4990,9422,530,514,1078,1710,1528,2874,1993,4302,2830,3853,2818,2754,9575,12466,4444,8232,127865,44321,18906,11131,45908,3973,2061,16,16
2021-05-12T23:59:59+02:00,4,4,2208,2319,4202,5578,6181,8632,10611,14298,21606,24030,20952,23613,15766,19967,4989,9422,523,492,1042,1655,1479,2795,1910,4215,2771,3794,2737,2659,9524,12393,4444,8232,127818,44318,18582,10304,45908,3970,2058,16,16
2021-05-11T23:59:59+02:00,4,4,2086,2280,4118,5515,6054,8517,10302,14047,21413,23868,20875,23541,15751,19934,4985,9417,498,468,981,1595,1409,2704,1811,4075,2698,3719,2583,2431,9459,12292,4443,8232,126870,44300,18245,9466,45624,3661,1956,16,16
2021-05-10T23:59:59+02:00,4,4,2045,2202,4011,5392,5918,8338,9511,13283,21032,23546,20784,23451,15712,19880,4975,9404,486,440,945,1530,1344,2614,1722,3913,2614,3624,2556,2409,9449,12274,4439,8227,125729,44280,16397,9285,45519,3175,1831,16,16
2021-05-09T23:59:59+02:00,4,4,2013,2189,3976,5353,5865,8290,9442,13214,20962,23473,20748,23410,15697,19853,4972,9390,479,432,922,1486,1318,2565,1688,3851,2576,3581,2547,2397,9438,12257,4439,8219,125281,44220,16393,9282,45423,2936,1742,16,16
2021-05-08T23:59:59+02:00,4,4,1950,2086,3794,5178,5591,8084,9132,12929,19827,22543,20553,23216,15664,19784,4967,9378,407,403,858,1446,1241,2492,1600,3749,2357,3368,2000,1969,9344,12171,4438,8219,121125,42741,16392,9281,45420,2297,1741,6,3
2021-05-07T23:59:59+02:00,4,4,1863,1972,3612,5009,5271,7789,8720,12556,18576,21268,20370,23004,15618,19727,4958,9359,321,345,749,1371,1109,2362,1466,3606,2182,3175,1630,1628,8855,11722,4437,8217,116182,41001,16388,9276,45396,1188,1708,6,3
2021-05-06T23:59:59+02:00,4,4,1679,1863,3327,4754,4821,7383,8080,11994,17331,20027,20036,22627,15511,19563,4948,9348,304,336,728,1341,1069,2315,1417,3522,2115,3107,1594,1573,8838,11691,4431,8214,110327,40981,16380,9270,45163,918,1424,6,3
2021-05-05T23:59:59+02:00,4,3,1609,1834,3243,4668,4742,7277,7951,11842,17177,19881,19916,22507,15434,19467,4926,9251,294,325,686,1290,1008,2240,1334,3372,2007,2990,1501,1474,8420,11123,4425,8196,109560,40944,16238,8141,44992,662,936,6,3
2021-05-04T23:59:59+02:00,4,3,1582,1805,3197,4590,4683,7166,7701,11546,16615,19302,19829,22376,15358,19369,4896,9137,278,312,663,1260,987,2186,1276,3252,1894,2833,1429,1368,8349,11019,4420,8178,108852,40917,14891,7865,44888,398,522,6,3
2021-05-03T23:59:59+02:00,4,3,1574,1802,3187,4575,4645,7141,7447,11312,15920,18706,19765,22291,15331,19335,4890,9127,263,292,641,1177,938,2098,1213,3113,1796,2696,1363,1288,8323,10984,4416,8169,108760,40907,13292,7658,44848,54,149,6,3
2021-05-02T23:59:59+02:00,4,3,1573,1800,3180,4573,4640,7138,7433,11302,15901,18695,19748,22283,15331,19333,4889,9127,263,289,638,1176,933,2095,1203,3107,1788,2690,1349,1281,8322,10979,4415,8169,108732,40884,13289,7656,44822,51,104,6,3
2021-05-01T23:59:59+02:00,4,3,1441,1657,2902,4324,4173,6780,6814,10820,13964,16815,19366,21885,15240,19217,4886,9111,261,289,635,1174,932,2092,1201,3105,1786,2686,1344,1277,8320,10977,4415,8169,101190,40853,13289,7656,44817,51,101,5,3
2021-04-30T23:59:59+02:00,3,3,1320,1511,2684,4101,3843,6384,6246,10225,12171,14771,18907,21343,15136,19074,4872,9100,256,288,628,1167,917,2084,1189,3095,1775,2673,1334,1268,8316,10972,4414,8168,93554,40808,13289,7656,44817,48,30,4,3
2021-04-29T23:59:59+02:00,2,3,1203,1449,2518,3977,3602,6181,5889,9924,10828,13495,18647,21065,15093,19004,4868,9094,255,284,623,1159,905,2078,1169,3090,1745,2636,1308,1244,8310,10963,4414,8168,88868,40775,13280,7523,44677,38,13,4,3
2021-04-28T23:59:59+02:00,2,3,1147,1443,2467,3957,3551,6157,5826,9891,10731,13427,18615,21031,15086,18988,4868,9091,255,283,621,1158,902,2076,1164,3086,1737,2635,1301,1225,7864,10440,4414,8168,88598,40752,13230,6530,44437,34,12,4,2
2021-04-27T23:59:59+02:00,2,3,1102,1416,2362,3913,3486,6129,5707,9835,10614,13350,18581,20991,15073,18973,4866,9089,254,283,619,1150,901,2074,1159,3083,1733,2631,1289,1208,7446,9858,4414,8168,88086,40732,13177,5497,44214,29,11,4,2
2021-04-26T23:59:59+02:00,2,3,1060,1386,2272,3821,3359,6029,5539,9714,10309,13091,18519,20936,15064,18955,4864,9089,253,282,618,1148,895,2070,1152,3080,1715,2622,1274,1195,7437,9838,4414,8168,86745,40645,13166,5476,44086,28,11,4,2
2021-04-25T23:59:59+02:00,2,3,1057,1384,2264,3819,3352,6024,5519,9706,10275,13060,18508,20924,15063,18949,4864,9088,252,282,618,1148,895,2070,1150,3080,1715,2622,1274,1195,7437,9836,4414,8168,86722,40643,13157,5474,43968,28,10,4,2
2021-04-24T23:59:59+02:00,2,2,1014,1271,2075,3281,3081,5408,5327,9294,9442,12013,17800,20026,14950,18789,4856,9077,251,281,617,1147,895,2069,1150,3079,1709,2617,1271,1190,7435,9834,4414,8167,80595,40618,13157,5470,43943,28,9,4,2
2021-04-23T23:59:59+02:00,1,2,981,1187,1963,2933,2899,4856,5131,8866,8888,11291,16169,18163,14802,18583,4848,9054,251,281,616,1147,893,2067,1149,3079,1708,2616,1266,1185,7431,9832,4414,8166,73565,40604,13156,5459,43883,28,9,4,2
2021-04-22T23:59:59+02:00,1,2,976,1175,1943,2917,2879,4836,5073,8820,8776,11187,16096,18086,14775,18553,4846,9049,249,281,612,1146,890,2066,1141,3067,1692,2596,1242,1163,7426,9824,4414,8166,73514,40590,13098,5348,43365,27,9,4,2
2021-04-21T23:59:59+02:00,1,2,966,1167,1929,2904,2852,4810,5027,8765,8668,11064,16009,18002,14746,18519,4846,9044,244,278,602,1137,876,2036,1131,3042,1682,2571,1229,1149,7201,9506,4413,8166,73470,40583,13041,4644,42797,26,9,4,2
2021-04-20T23:59:59+02:00,1,2,939,1119,1877,2790,2779,4647,4933,8586,8493,10855,15776,17720,14687,18460,4839,9038,231,275,584,1116,850,2005,1102,3016,1647,2530,1209,1136,7192,9501,4412,8165,73431,40562,11912,4378,42185,22,9,4,1
2021-04-19T23:59:59+02:00,1,2,930,1111,1845,2770,2729,4622,4809,8525,8293,10743,15684,17622,14665,18441,4839,9032,225,267,566,1095,832,1972,1084,2973,1601,2475,1191,1117,7185,9498,4410,8164,73032,40527,11891,4099,41727,20,9,4,1
2021-04-18T23:59:59+02:00,1,2,927,1110,1840,2764,2721,4610,4791,8514,8253,10700,15635,17563,14655,18424,4838,9030,225,267,566,1094,831,1972,1083,2973,1601,2474,1191,1116,7183,9497,4409,8164,72986,40520,11887,4097,41492,20,9,4,1
2021-04-17T23:59:59+02:00,0,2,895,1095,1791,2726,2653,4531,4637,8373,7990,10471,13261,14658,14456,18070,4821,8994,223,267,566,1091,827,1965,1071,2966,1591,2454,1153,1074,6850,9083,4384,8116,66154,39566,11887,4086,41370,20,9,4,1
2021-04-16T23:59:59+02:00,0,2,889,1089,1779,2715,2611,4491,4545,8289,7810,10277,10421,11404,14184,17652,4802,8939,222,263,565,1087,822,1961,1062,2963,1583,2441,1142,1060,6844,9078,4382,8113,58870,39489,11885,4070,41131,20,9,4,1
2021-04-15T23:59:59+02:00,0,2,877,1084,1757,2701,2568,4458,4427,8228,7580,10076,10170,11186,14122,17586,4795,8925,220,262,565,1085,821,1959,1059,2960,1580,2438,1137,1055,6842,9076,4382,8113,58846,39474,11883,4052,39800,19,9,4,1
2021-04-14T23:59:59+02:00,0,2,859,1057,1698,2618,2479,4334,4236,8044,7305,9794,9796,10701,13973,17405,4789,8913,196,237,524,1034,798,1892,1024,2880,1530,2376,1111,1025,6837,9067,4382,8112,58811,39458,10934,3541,38245,17,9,4,1
2021-04-13T23:59:59+02:00,0,2,835,1035,1661,2566,2412,4251,4135,7906,7094,9574,9389,10182,13827,17238,4784,8901,160,213,489,986,758,1799,989,2770,1477,2306,1092,990,6821,9056,4381,8112,58765,39394,9984,2985,37030,11,9,4,1
2021-04-12T23:59:59+02:00,0,2,830,1033,1642,2562,2383,4238,4083,7855,6953,9402,9123,9867,13763,17178,4773,8884,149,199,461,946,735,1734,969,2698,1433,2256,1070,973,6805,9036,4378,8107,58707,39278,9953,2651,35898,11,9,4,1
2021-04-11T23:59:59+02:00,0,2,829,1032,1631,2562,2369,4236,4060,7843,6888,9340,8990,9702,13736,17130,4768,8875,149,199,461,944,734,1732,967,2698,1432,2256,1070,973,6803,9036,4378,8107,58694,39270,9951,2650,35335,10,9,4,1
2021-04-10T23:59:59+02:00,0,2,813,1028,1602,2533,2332,4207,3990,7785,6756,9223,8433,8967,13069,16278,4757,8833,146,199,459,941,728,1729,967,2691,1423,2249,1057,957,6333,8537,4362,8091,55358,38202,9950,2648,35287,10,9,4,1
2021-04-09T23:59:59+02:00,0,2,791,1000,1561,2484,2266,4127,3837,7625,6409,8891,7906,8308,12246,15251,4686,8695,144,197,457,935,721,1721,958,2681,1408,2238,1035,935,6091,8265,4342,8064,51367,37529,9943,2644,34762,10,9,4,1
2021-04-08T23:59:59+02:00,0,2,781,990,1534,2460,2200,4078,3703,7537,6155,8590,7291,7653,12084,15051,4675,8679,144,195,452,931,716,1714,950,2670,1399,2225,1023,932,6088,8263,4341,8064,51333,37506,9918,2582,32199,10,9,4,1
2021-04-07T23:59:59+02:00,0,2,774,981,1508,2442,2141,4040,3616,7467,5924,8325,6735,7019,11473,14301,4662,8651,125,188,421,884,670,1645,893,2600,1349,2156,1003,916,6080,8257,4340,8064,51303,37482,8758,2091,29988,10,8,4,1
2021-04-06T23:59:59+02:00,0,2,769,979,1494,2434,2112,4017,3543,7418,5743,8153,6289,6511,11271,14085,4647,8620,102,167,373,825,625,1570,849,2500,1296,2092,978,900,6061,8242,4338,8060,51234,37454,8574,1507,28268,10,7,4,1
2021-04-05T23:59:59+02:00,0,2,764,975,1478,2426,2087,4007,3492,7392,5599,8043,6085,6297,11204,13999,4641,8610,96,165,372,823,618,1561,841,2485,1283,2073,950,869,4957,6840,4260,7954,51034,34633,8570,1497,27486,10,7,4,1
2021-04-04T23:59:59+02:00,0,2,762,969,1476,2424,2083,4005,3475,7385,5589,8036,6074,6277,11190,13981,4639,8607,96,165,370,821,615,1556,834,2478,1268,2054,927,847,3947,5679,4194,7848,51019,32185,8568,1497,27376,10,7,4,1
2021-04-03T23:59:59+02:00,0,2,710,913,1395,2353,1960,3866,3214,7125,5128,7543,5729,5820,11018,13762,4611,8578,94,165,370,820,615,1554,833,2478,1268,2054,927,847,3947,5676,4194,7847,47774,32175,8568,1497,27374,10,7,4,1
2021-04-02T23:59:59+02:00,0,2,668,879,1340,2285,1862,3752,2961,6866,4610,7063,5337,5360,10917,13596,4606,8572,93,165,370,820,615,1554,831,2478,1266,2053,924,843,3944,5673,4193,7847,44843,32157,8567,1496,27256,10,6,4,1
2021-04-01T23:59:59+02:00,0,2,665,876,1330,2280,1842,3744,2932,6852,4536,6990,5228,5250,10878,13547,4605,8567,93,165,368,816,613,1551,831,2475,1262,2049,914,842,3939,5670,4192,7846,44826,32146,8423,1464,26865,10,6,4,1
2021-03-31T23:59:59+02:00,0,2,663,874,1323,2263,1834,3734,2904,6824,4473,6944,5088,5088,10364,12938,4601,8559,93,165,367,816,613,1551,831,2475,1260,2049,913,842,3939,5669,4192,7845,44815,32140,7290,1464,26362,10,6,3,1
2021-03-30T23:59:59+02:00,0,2,654,871,1305,2243,1805,3705,2867,6789,4387,6855,4920,4894,9837,12237,4594,8544,88,162,366,812,608,1549,826,2469,1252,2046,902,832,3931,5666,4191,7844,44790,32119,6101,1410,25609,9,6,3,1
2021-03-29T23:59:59+02:00,0,2,649,863,1292,2209,1789,3674,2836,6747,4315,6770,4720,4696,9751,12143,4591,8530,88,162,366,810,603,1545,824,2463,1247,2038,894,826,3923,5658,4191,7844,44721,32105,5884,1363,24963,8,6,3,1
2021-03-28T23:59:59+02:00,0,2,646,861,1289,2206,1775,3664,2820,6735,4280,6718,4625,4586,9715,12079,4586,8523,88,162,366,809,603,1545,822,2463,1245,2038,893,826,3922,5658,4191,7844,44699,32103,5875,1358,24527,8,6,3,1
2021-03-27T23:59:59+01:00,0,2,642,856,1279,2202,1758,3647,2792,6705,4117,6575,4047,4131,9486,11833,4573,8504,88,162,364,807,601,1543,820,2460,1237,2032,889,822,3743,5367,4084,7671,42753,31318,5871,1358,24516,8,6,3,1
2021-03-26T23:59:59+01:00,0,2,637,848,1271,2191,1736,3630,2767,6683,4041,6497,3639,3764,8883,11273,4560,8490,88,162,364,806,600,1540,816,2457,1227,2028,876,809,3020,4424,3875,7323,40809,29043,5858,1358,24236,8,6,3,1
2021-03-25T23:59:59+01:00,0,2,630,842,1258,2177,1717,3606,2708,6643,3957,6419,3464,3544,8772,11163,4554,8484,88,162,364,806,600,1539,816,2456,1225,2028,876,809,3019,4423,3874,7322,40795,29035,5750,1358,23386,8,6,3,1
2021-03-24T23:59:59+01:00,0,2,624,835,1225,2151,1672,3561,2630,6574,3800,6269,3144,3180,8361,10612,4545,8471,84,160,352,793,584,1521,783,2422,1175,1996,843,770,3010,4417,3874,7319,40772,28733,4991,1357,21884,7,6,3,1
2021-03-23T23:59:59+01:00,0,2,612,827,1200,2120,1630,3514,2548,6494,3651,6115,2763,2795,8144,10393,4537,8452,79,156,340,772,549,1490,722,2359,1074,1914,760,710,2973,4382,3870,7315,40727,28102,4701,1350,20361,7,6,2,1
2021-03-22T23:59:59+01:00,0,2,589,717,1163,2067,1597,3458,2495,6424,3510,5985,2522,2556,7814,10037,4521,8416,79,155,340,772,549,1488,720,2357,1071,1914,758,706,2969,4377,3869,7312,40259,28073,4379,1350,19227,7,6,2,1
2021-03-21T23:59:59+01:00,0,2,588,714,1157,2058,1586,3448,2478,6409,3472,5951,2380,2392,7721,9925,4512,8401,79,155,340,771,549,1488,720,2357,1071,1914,758,706,2969,4376,3869,7311,40255,28070,4365,1350,18566,7,6,2,1
2021-03-20T23:59:59+01:00,0,2,587,714,1155,2051,1579,3441,2472,6402,3455,5929,2348,2354,7230,9407,4495,8384,79,155,340,771,548,1488,718,2356,1071,1912,758,706,2969,4374,3867,7309,39213,28058,4353,1350,18431,7,6,2,1
2021-03-19T23:59:59+01:00,0,2,580,706,1137,2032,1544,3417,2402,6262,3391,5821,2166,2170,6922,9086,4473,8359,79,155,339,765,544,1485,713,2348,1062,1899,749,699,2542,3770,3443,6556,38602,25790,4337,1350,17523,2,6,2,1
2021-03-18T23:59:59+01:00,0,2,565,689,1117,2001,1517,3387,2362,6194,3316,5732,2013,1973,6801,8966,4467,8348,78,155,339,764,543,1485,712,2344,1058,1898,742,696,2492,3698,3416,6515,38581,25600,4326,1328,16536,2,5,2,1
2021-03-17T23:59:59+01:00,0,1,536,660,1072,1946,1480,3302,2285,6076,3164,5576,1758,1706,6635,8813,4457,8333,77,151,327,737,527,1441,690,2286,1020,1857,725,677,2250,3402,3328,6385,38509,24617,3799,1256,15485,2,5,2,1
2021-03-16T23:59:59+01:00,0,1,492,631,1032,1891,1429,3198,2220,5922,3048,5442,1560,1482,6500,8665,4447,8310,71,136,306,681,497,1365,661,2151,990,1729,675,627,2136,3264,3302,6298,38453,23859,3181,1024,14630,2,4,2,1
2021-03-15T23:59:59+01:00,0,1,480,620,1000,1842,1395,3130,2191,5837,2961,5358,1434,1347,5916,7977,4407,8246,68,129,293,623,482,1245,623,2021,950,1616,646,606,2098,3224,3287,6235,37214,23453,2827,691,14099,2,0,2,1
2021-03-14T23:59:59+01:00,0,1,475,613,991,1830,1391,3112,2175,5819,2927,5331,1391,1297,5519,7530,4384,8228,67,124,289,600,476,1218,617,1965,940,1591,646,606,2098,3224,3286,6233,36392,23447,2822,531,13798,2,0,2,1
2021-03-13T23:59:59+01:00,0,1,457,595,954,1782,1338,3048,1919,5232,2687,4916,1285,1184,4858,6680,4334,8153,67,124,288,597,474,1216,615,1963,939,1587,644,602,1735,2741,2760,5472,34707,21291,2818,531,11896,2,0,2,1
2021-03-12T23:59:59+01:00,0,1,441,574,933,1739,1307,2965,1716,4445,2481,4467,1213,1101,4157,5882,4287,8071,67,122,287,593,474,1213,613,1955,934,1581,641,595,1409,2198,2214,4676,33026,19040,2815,531,9937,1,0,2,1
2021-03-11T23:59:59+01:00,0,1,437,567,924,1724,1292,2947,1691,4409,2444,4430,1139,1045,4113,5845,4284,8067,67,114,281,571,460,1161,604,1906,915,1545,629,582,1403,2180,2205,4625,32988,18788,2719,459,9650,1,0,2,1
2021-03-10T23:59:59+01:00,0,1,417,555,878,1665,1236,2870,1617,4312,2377,4337,1105,1022,4097,5828,4283,8065,67,114,279,567,457,1154,599,1883,915,1540,624,574,1342,2093,2160,4568,32973,18501,2148,434,9542,1,0,2,1
2021-03-09T23:59:59+01:00,0,1,396,539,833,1616,1193,2806,1575,4229,2334,4284,1085,1011,4091,5821,4282,8063,65,113,278,566,456,1143,597,1871,909,1535,621,568,1136,1782,2042,4390,32926,17664,1703,407,9528,1,0,2,1
2021-03-08T23:59:59+01:00,0,1,389,528,823,1601,1185,2789,1567,4203,2322,4271,1072,1000,4054,5773,4280,8058,64,113,274,561,452,1137,596,1867,905,1533,621,568,1067,1691,1997,4346,32797,17408,1606,383,9511,1,0,2,1
2021-03-07T23:59:59+01:00,0,1,388,524,823,1600,1183,2787,1564,4196,2312,4266,1065,992,4048,5767,4279,8057,62,110,265,539,440,1111,580,1767,870,1458,620,568,963,1561,1945,4277,32781,17045,1566,91,9503,0,0,2,1
2021-03-06T23:59:59+01:00,0,1,380,508,804,1567,1159,2728,1523,4129,2118,3768,1035,955,3875,5494,4177,7892,62,110,265,539,440,1110,580,1767,870,1458,620,568,960,1560,1942,4276,32063,17036,1566,91,8482,0,0,2,1
2021-03-05T23:59:59+01:00,0,1,366,469,772,1462,1109,2512,1448,3917,1904,3102,1005,910,3120,4529,3972,7548,62,109,264,536,437,1104,579,1762,866,1455,617,566,921,1502,1919,4237,29745,16845,1565,91,6834,0,0,2,1
2021-03-04T23:59:59+01:00,0,1,353,460,764,1442,1096,2489,1429,3888,1881,3083,991,906,3116,4525,3969,7546,61,108,261,533,433,1088,569,1740,865,1447,615,564,884,1448,1896,4200,29732,16684,1526,28,6679,0,0,2,1
2021-03-03T23:59:59+01:00,0,1,344,427,745,1391,1066,2406,1379,3733,1802,2986,958,860,3106,4519,3969,7543,60,107,258,530,432,1084,567,1731,862,1443,615,563,864,1395,1807,4053,29417,16345,1526,26,6290,0,0,2,1
2021-03-02T23:59:59+01:00,0,1,338,418,729,1367,1018,2361,1311,3649,1686,2887,870,794,3063,4480,3963,7537,60,107,257,526,431,1076,567,1725,862,1439,614,563,864,1395,1807,4053,28776,16320,1461,26,6233,0,0,2,1
2021-03-01T23:59:59+01:00,0,1,334,404,722,1320,1005,2303,1291,3567,1659,2838,851,785,3055,4470,3963,7537,60,106,256,522,426,1062,563,1712,853,1431,613,561,768,1240,1750,3973,28736,15870,1409,26,5958,0,0,2,1
2021-02-28T23:59:59+01:00,0,1,329,391,714,1281,991,2226,1279,3480,1636,2759,847,775,3053,4466,3962,7534,60,106,256,522,426,1061,563,1712,851,1431,613,560,671,1114,1703,3892,28722,15516,1406,25,5594,0,0,2,1
2021-02-27T23:59:59+01:00,0,1,320,371,700,1254,972,2190,1244,3411,1613,2706,830,760,3050,4466,3961,7534,60,106,256,522,426,1061,562,1712,849,1431,613,560,671,1113,1703,3892,28720,15512,1406,25,5255,0,0,2,1
2021-02-26T23:59:59+01:00,0,1,294,318,653,1189,908,2072,1154,3245,1508,2567,801,737,2615,3859,3533,6754,60,106,253,519,426,1059,560,1710,846,1425,609,558,664,1101,1694,3873,26424,15438,1406,25,4376,0,0,2,1
2021-02-25T23:59:59+01:00,0,1,289,305,639,1159,887,2030,1135,3179,1490,2522,798,734,2568,3786,3503,6711,58,104,249,511,426,1055,555,1700,843,1414,603,554,587,992,1647,3815,26205,15090,1406,23,4123,0,0,2,1
2021-02-24T23:59:59+01:00,0,1,270,295,588,1113,840,1962,1077,3084,1449,2465,782,716,2330,3486,3413,6574,57,100,244,504,420,1036,546,1678,840,1394,596,542,573,972,1636,3792,25217,14915,1406,15,3820,0,0,2,1
2021-02-23T23:59:59+01:00,0,1,257,274,559,1057,803,1887,1009,2934,1375,2363,730,666,2215,3347,3387,6481,57,98,242,498,420,1020,536,1646,832,1372,587,535,557,921,1624,3741,24412,14671,1401,15,3530,0,0,2,1
2021-02-22T23:59:59+01:00,0,1,253,268,546,994,783,1811,983,2839,1339,2303,705,644,2185,3311,3378,6418,57,97,236,492,418,1007,527,1629,828,1347,573,522,535,895,1618,3686,24006,14452,1401,15,3352,0,0,2,1
2021-02-21T23:59:59+01:00,0,1,250,260,537,969,770,1774,975,2791,1309,2277,705,642,2183,3311,3377,6417,57,97,235,492,418,1007,527,1629,828,1346,573,521,535,895,1618,3685,24000,14448,1401,15,3145,0,0,2,1
2021-02-20T23:59:59+01:00,0,1,169,230,467,920,701,1697,905,2702,1224,2177,690,627,1809,2793,2822,5614,57,97,235,492,418,1007,527,1628,828,1346,573,521,535,895,1617,3685,21724,14446,1401,15,2421,0,0,2,1
2021-02-19T23:59:59+01:00,0,1,84,167,357,839,575,1565,772,2553,1089,2026,674,606,1502,2278,2271,4820,57,97,235,492,418,1006,527,1628,828,1346,573,521,529,893,1615,3679,19514,14429,1401,15,1262,0,0,2,1
2021-02-18T23:59:59+01:00,0,1,81,162,345,789,554,1476,739,2413,1056,1958,658,595,1493,2259,2262,4768,54,90,229,470,404,939,512,1548,808,1272,559,507,523,875,1612,3657,19270,14044,1376,15,961,0,0,2,1
2021-02-17T23:59:59+01:00,0,1,80,154,331,766,545,1443,710,2320,1019,1858,653,585,1435,2171,2214,4718,54,87,227,461,396,901,501,1483,789,1190,546,496,521,873,1612,3657,19009,13779,1303,15,689,0,0,2,1
2021-02-16T23:59:59+01:00,0,1,75,148,316,726,517,1370,678,2212,994,1753,642,578,1190,1825,2090,4535,53,78,226,455,390,871,488,1418,763,1123,525,483,519,873,1609,3656,18088,13528,1064,2,496,0,0,2,1
2021-02-15T23:59:59+01:00,0,1,70,132,290,622,482,1228,622,1999,944,1594,633,576,1107,1718,2039,4470,53,78,224,450,386,865,487,1414,761,1116,525,483,518,868,1608,3653,17759,13489,726,0,40,0,0,2,1
2021-02-14T23:59:59+01:00,0,1,69,125,285,596,477,1199,611,1945,930,1572,633,576,1009,1594,1992,4413,53,78,224,450,386,865,487,1412,761,1116,525,483,518,868,1608,3653,17430,13487,571,0,24,0,0,2,1
2021-02-13T23:59:59+01:00,0,1,69,124,285,595,476,1195,610,1943,928,1569,632,575,1008,1585,1988,4410,53,78,224,449,384,860,486,1407,759,1115,523,481,501,830,1348,3186,17396,12684,571,0,24,0,0,2,1
2021-02-12T23:59:59+01:00,0,1,68,124,284,594,472,1191,610,1940,925,1568,629,574,969,1533,1968,4369,53,78,224,445,381,851,481,1398,753,1108,516,473,483,790,985,2477,17225,11496,571,0,21,0,0,2,1
2021-02-11T23:59:59+01:00,0,1,67,117,281,581,459,1164,604,1914,918,1556,628,573,926,1475,1946,4330,53,75,209,414,367,804,465,1324,738,1076,513,472,483,790,984,2476,17045,11244,488,0,5,0,0,2,0
2021-02-10T23:59:59+01:00,0,1,66,117,277,578,457,1159,600,1898,913,1552,628,573,917,1459,1925,4287,52,65,175,336,313,702,415,1152,659,982,478,460,478,789,984,2475,16944,10516,460,0,1,0,0,2,0
2021-02-09T23:59:59+01:00,0,1,64,115,271,574,454,1146,599,1884,906,1546,627,572,905,1423,1855,4181,43,53,124,257,236,551,333,950,558,829,443,449,474,788,981,2475,16690,9545,431,0,0,0,0,2,0
2021-02-08T23:59:59+01:00,0,1,63,115,268,565,451,1138,598,1869,899,1538,625,569,803,1270,1798,4099,38,43,86,168,173,415,268,712,499,694,435,443,470,785,980,2475,16261,8685,406,0,0,0,0,2,0
2021-02-07T23:59:59+01:00,0,1,61,112,259,542,436,1107,582,1766,864,1459,624,568,700,1142,1750,4015,37,42,82,165,170,408,263,699,494,683,433,442,470,785,980,2474,15888,8628,98,0,0,0,0,2,0
2021-02-06T23:59:59+01:00,0,1,61,112,258,542,436,1107,580,1765,861,1456,621,566,698,1133,1744,4008,34,41,81,162,167,398,259,691,483,674,425,441,434,737,740,2081,15849,7849,98,0,0,0,0,2,0
2021-02-05T23:59:59+01:00,0,1,61,112,256,538,436,1105,579,1764,859,1454,619,566,688,1126,1738,3995,32,39,77,158,162,390,251,672,466,664,419,441,428,712,336,1449,15797,6697,98,0,0,0,0,2,0
2021-02-04T23:59:59+01:00,0,1,59,110,251,532,430,1089,563,1737,855,1440,612,556,603,1009,1687,3934,31,36,73,152,156,379,237,650,449,650,414,433,423,705,334,1442,15436,6565,30,0,0,0,0,2,0
2021-02-03T23:59:59+01:00,0,1,58,105,247,525,429,1069,560,1721,853,1425,608,546,592,999,1684,3920,24,28,59,121,123,280,174,508,339,500,308,331,338,548,256,1159,15312,5097,28,0,0,0,0,2,0
2021-02-02T23:59:59+01:00,0,1,58,103,244,520,429,1051,548,1688,844,1401,595,536,581,950,1674,3871,17,21,40,78,87,186,122,343,222,361,217,221,218,344,182,765,15065,3425,28,0,0,0,0,1,0
2021-02-01T23:59:59+01:00,0,1,58,101,240,512,427,1035,540,1667,840,1378,588,530,559,921,1666,3824,7,11,20,42,48,97,65,168,97,165,103,104,91,160,76,336,14858,1590,28,0,0,0,0,1,0
2021-01-31T23:59:59+01:00,0,1,58,101,239,511,425,1031,538,1662,838,1375,588,529,559,921,1666,3823,7,11,18,38,43,83,61,142,83,149,98,102,90,159,74,334,14836,1492,28,0,0,0,0,1,0
2021-01-30T23:59:59+01:00,0,1,58,101,239,511,425,1031,538,1662,838,1375,588,529,559,921,1666,3823,7,11,18,38,43,83,61,142,83,149,98,101,90,159,74,334,14836,1491,28,0,0,0,0,1,0
2021-01-29T23:59:59+01:00,0,1,58,101,239,511,425,1031,538,1662,838,1375,588,529,559,921,1666,3823,7,11,18,38,43,83,61,142,83,149,98,101,90,159,74,334,14836,1491,28,0,0,0,0,1,0
2021-01-28T23:59:59+01:00,0,1,56,93,235,482,413,964,520,1576,815,1293,575,514,553,904,1663,3804,3,2,4,6,11,15,19,34,22,32,16,22,21,34,19,99,14438,359,22,0,0,0,0,1,0
2021-01-27T23:59:59+01:00,0,1,54,89,235,472,405,925,510,1510,795,1210,563,502,551,902,1663,3804,3,2,4,6,9,15,19,33,21,30,16,21,21,34,19,99,14170,352,20,0,0,0,0,1,0
2021-01-26T23:59:59+01:00,0,1,53,83,230,469,398,896,499,1443,770,1143,541,489,549,902,1663,3804,1,2,4,6,9,14,17,29,17,25,14,18,19,32,19,91,13914,317,18,0,0,0,0,1,0
2021-01-25T23:59:59+01:00,0,1,53,83,227,464,395,890,499,1440,769,1138,541,489,549,899,1663,3802,0,0,0,0,0,1,0,0,0,0,1,1,0,2,0,0,13885,5,16,0,0,0,0,1,0
2021-01-24T23:59:59+01:00,0,1,53,83,227,464,395,890,499,1439,769,1138,541,489,549,899,1663,3802,0,0,0,0,0,1,0,0,0,0,1,1,0,2,0,0,13884,5,16,0,0,0,0,1,0
2021-01-23T23:59:59+01:00,0,1,53,83,227,463,394,886,499,1433,768,1136,538,487,532,861,1402,3324,0,0,0,0,0,1,0,0,0,0,1,1,0,2,0,0,13070,5,16,0,0,0,0,1,0
2021-01-22T23:59:59+01:00,0,1,53,83,226,459,390,876,494,1423,763,1128,532,479,515,819,1023,2585,0,0,0,0,0,1,0,0,0,0,1,1,0,2,0,0,11833,5,16,0,0,0,0,0,0
2021-01-21T23:59:59+01:00,0,1,53,80,207,425,363,820,467,1323,737,1094,528,479,515,819,1022,2584,0,0,0,0,0,1,0,0,0,0,1,1,0,2,0,0,11501,5,16,0,0,0,0,0,0
2021-01-20T23:59:59+01:00,0,1,51,70,179,353,322,735,424,1169,667,1003,492,468,510,819,1022,2583,0,0,0,0,0,1,0,0,0,0,1,1,0,2,0,0,10852,5,16,0,0,0,0,0,0
2021-01-19T23:59:59+01:00,0,1,44,57,135,275,248,576,347,987,577,863,457,456,506,817,1022,2583,0,0,0,0,0,0,0,0,0,0,1,0,0,2,0,0,9943,3,8,0,0,0,0,0,0
2021-01-18T23:59:59+01:00,0,1,40,44,86,175,179,425,279,724,506,706,448,449,503,812,1020,2583,0,0,0,0,0,0,0,0,0,0,0,0,0,1,0,0,8980,1,0,0,0,0,0,0,0
2021-01-17T23:59:59+01:00,0,1,37,43,83,171,175,417,275,713,501,693,446,449,503,812,1020,2582,0,0,0,0,0,0,0,0,0,0,0,0,0,0,0,0,8921,0,0,0,0,0,0,0,0
2021-01-16T23:59:59+01:00,0,1,34,42,81,169,171,408,268,706,486,684,438,447,464,765,773,2186,0,0,0,0,0,0,0,0,0,0,0,0,0,0,0,0,8123,0,0,0,0,0,0,0,0
2021-01-15T23:59:59+01:00,0,1,32,40,78,164,168,402,261,689,472,676,432,446,459,741,360,1543,0,0,0,0,0,0,0,0,0,0,0,0,0,0,0,0,6964,0,0,0,0,0,0,0,0
2021-01-14T23:59:59+01:00,0,1,32,38,77,158,163,397,253,678,461,668,429,443,459,740,360,1543,0,0,0,0,0,0,0,0,0,0,0,0,0,0,0,0,6900,0,0,0,0,0,0,0,0
2021-01-13T23:59:59+01:00,0,0,24,31,61,126,128,302,193,544,352,525,326,341,374,578,281,1248,0,0,0,0,0,0,0,0,0,0,0,0,0,0,0,0,5434,0,0,0,0,0,0,0,0
2021-01-12T23:59:59+01:00,0,0,17,24,45,87,93,214,139,393,239,389,234,234,247,372,203,848,0,0,0,0,0,0,0,0,0,0,0,0,0,0,0,0,3778,0,0,0,0,0,0,0,0
2021-01-11T23:59:59+01:00,0,0,9,15,26,47,62,137,88,220,126,208,116,112,106,180,92,375,0,0,0,0,0,0,0,0,0,0,0,0,0,0,0,0,1919,0,0,0,0,0,0,0,0
2021-01-10T23:59:59+01:00,0,0,8,15,22,44,55,109,80,179,106,175,110,108,102,178,89,375,0,0,0,0,0,0,0,0,0,0,0,0,0,0,0,0,1755,0,0,0,0,0,0,0,0
2021-01-09T23:59:59+01:00,0,0,8,15,22,44,55,109,80,179,106,175,110,107,102,178,89,375,0,0,0,0,0,0,0,0,0,0,0,0,0,0,0,0,1754,0,0,0,0,0,0,0,0
2021-01-08T23:59:59+01:00,0,0,8,14,21,43,52,102,75,168,100,172,107,103,97,169,87,365,0,0,0,0,0,0,0,0,0,0,0,0,0,0,0,0,1683,0,0,0,0,0,0,0,0
2021-01-07T23:59:59+01:00,0,0,3,3,4,7,11,16,20,34,24,36,17,22,23,35,23,107,0,0,0,0,0,0,0,0,0,0,0,0,0,0,0,0,385,0,0,0,0,0,0,0,0
2021-01-06T23:59:59+01:00,0,0,3,2,4,6,9,15,20,33,21,32,17,21,23,35,23,106,0,0,0,0,0,0,0,0,0,0,0,0,0,0,0,0,370,0,0,0,0,0,0,0,0
2021-01-05T23:59:59+01:00,0,0,3,2,4,6,9,15,20,33,21,32,17,21,23,35,23,106,0,0,0,0,0,0,0,0,0,0,0,0,0,0,0,0,370,0,0,0,0,0,0,0,0
2021-01-04T23:59:59+01:00,0,0,0,0,0,0,0,1,1,0,0,0,1,1,0,2,0,0,0,0,0,0,0,0,0,0,0,0,0,0,0,0,0,0,6,0,0,0,0,0,0,0,0
2021-01-03T23:59:59+01:00,0,0,0,0,0,0,0,1,1,0,0,0,1,1,0,2,0,0,0,0,0,0,0,0,0,0,0,0,0,0,0,0,0,0,6,0,0,0,0,0,0,0,0
2021-01-02T23:59:59+01:00,0,0,0,0,0,0,0,1,1,0,0,0,1,1,0,2,0,0,0,0,0,0,0,0,0,0,0,0,0,0,0,0,0,0,6,0,0,0,0,0,0,0,0
2021-01-01T23:59:59+01:00,0,0,0,0,0,0,0,1,1,0,0,0,1,1,0,2,0,0,0,0,0,0,0,0,0,0,0,0,0,0,0,0,0,0,6,0,0,0,0,0,0,0,0
2020-12-31T23:59:59+01:00,0,0,0,0,0,0,0,1,1,0,0,0,1,1,0,2,0,0,0,0,0,0,0,0,0,0,0,0,0,0,0,0,0,0,6,0,0,0,0,0,0,0,0
2020-12-30T23:59:59+01:00,0,0,0,0,0,0,0,1,1,0,0,0,1,1,0,2,0,0,0,0,0,0,0,0,0,0,0,0,0,0,0,0,0,0,6,0,0,0,0,0,0,0,0
2020-12-29T23:59:59+01:00,0,0,0,0,0,0,0,1,1,0,0,0,1,0,0,2,0,0,0,0,0,0,0,0,0,0,0,0,0,0,0,0,0,0,5,0,0,0,0,0,0,0,0
2020-12-28T23:59:59+01:00,0,0,0,0,0,0,0,1,0,0,0,0,1,0,0,1,0,0,0,0,0,0,0,0,0,0,0,0,0,0,0,0,0,0,3,0,0,0,0,0,0,0,0
2020-12-27T23:59:59+01:00,0,0,0,0,0,0,0,0,0,0,0,0,0,0,0,0,0,0,0,0,0,0,0,0,0,0,0,0,0,0,0,0,0,0,0,0,0,0,0,0,0,0,0
