Datum,<15_1_m,<15_1_w,15-24_1_m,15-24_1_w,25-34_1_m,25-34_1_w,35-44_1_m,35-44_1_w,45-54_1_m,45-54_1_w,55-64_1_m,55-64_1_w,65-74_1_m,65-74_1_w,75-84_1_m,75-84_1_w,>84_1_m,>84_1_w,<15_2_m,<15_2_w,15-24_2_m,15-24_2_w,25-34_2_m,25-34_2_w,35-44_2_m,35-44_2_w,45-54_2_m,45-54_2_w,55-64_2_m,55-64_2_w,65-74_2_m,65-74_2_w,75-84_2_m,75-84_2_w,>84_2_m,>84_2_w,bp_1,bp_2,mo_1,mo_2,az_1,az_2,ja,unb_1,unb_2
2021-11-04T23:59:59+01:00,2259,2062,15931,14945,18986,17541,21956,22014,28420,29330,34768,35482,26052,28919,17672,22562,5368,10181,1893,1681,14089,13346,17284,15954,20404,20356,26662,27456,33164,33900,25357,28102,17207,21948,5200,9734,257058,240092,32758,30742,46592,44887,17980,91,36
2021-11-03T23:59:59+01:00,2242,2041,15814,14848,18888,17466,21861,21932,28335,29269,34713,35453,26032,28898,17665,22551,5366,10178,1875,1667,14053,13307,17247,15907,20367,20327,26627,27416,33123,33869,25342,28083,17198,21930,5199,9726,256204,239667,32752,30729,46592,44887,17944,91,36
2021-11-02T23:59:59+01:00,2233,2028,15743,14779,18803,17394,21789,21876,28270,29231,34679,35420,26020,28883,17657,22548,5365,10173,1856,1655,14009,13267,17201,15878,20333,20292,26599,27392,33091,33836,25332,28069,17193,21919,5197,9720,255605,239291,32724,30716,46592,44886,17910,91,36
2021-11-01T23:59:59+01:00,2226,2016,15686,14739,18738,17363,21745,21847,28233,29210,34660,35402,26014,28882,17656,22545,5365,10172,1844,1648,13971,13244,17179,15851,20312,20278,26579,27374,33079,33829,25324,28065,17190,21910,5196,9718,255238,239075,32724,30708,46590,44885,17887,91,36
2021-10-31T23:59:59+01:00,2226,2016,15686,14739,18738,17363,21745,21847,28232,29210,34660,35402,26014,28882,17656,22545,5365,10172,1844,1648,13971,13244,17179,15850,20312,20278,26578,27374,33079,33829,25324,28065,17190,21910,5196,9718,255238,239074,32724,30708,46590,44885,17886,91,36
2021-10-30T23:59:59+02:00,2224,2014,15683,14739,18738,17363,21743,21846,28232,29210,34660,35402,26014,28881,17656,22545,5365,10172,1842,1647,13971,13244,17179,15850,20312,20278,26578,27374,33078,33829,25324,28065,17190,21910,5196,9718,255228,239070,32723,30708,46590,44885,17886,91,36
2021-10-29T23:59:59+02:00,2200,1983,15551,14636,18593,17254,21623,21761,28113,29139,34594,35361,26003,28873,17651,22543,5365,10170,1829,1634,13906,13209,17128,15803,20263,20256,26541,27349,33060,33809,25321,28061,17188,21906,5196,9715,254323,238816,32674,30671,46590,44885,17766,91,36
2021-10-28T23:59:59+02:00,2177,1954,15414,14539,18409,17137,21503,21673,28014,29066,34533,35313,25990,28861,17647,22536,5365,10168,1815,1618,13828,13135,17033,15737,20202,20201,26493,27306,33021,33783,25299,28042,17181,21897,5192,9711,253483,238420,32589,30578,46589,44882,17578,91,36
2021-10-27T23:59:59+02:00,2152,1941,15353,14480,18361,17088,21447,21646,27980,29035,34506,35293,25985,28845,17640,22533,5365,10167,1803,1604,13796,13101,17012,15717,20188,20184,26474,27271,32998,33763,25281,28021,17173,21881,5188,9709,253035,238125,32586,30574,46589,44882,17547,91,36
2021-10-26T23:59:59+02:00,2139,1917,15311,14448,18323,17053,21417,21629,27962,29015,34487,35283,25977,28841,17637,22530,5365,10167,1794,1597,13772,13064,16988,15690,20166,20164,26457,27253,32976,33750,25270,28003,17163,21862,5184,9692,252732,237822,32580,30565,46589,44882,17540,91,36
2021-10-25T23:59:59+02:00,2132,1912,15278,14430,18301,17036,21402,21620,27949,29009,34483,35278,25977,28839,17637,22530,5365,10167,1793,1597,13768,13061,16985,15688,20166,20161,26456,27252,32973,33748,25270,28003,17163,21861,5184,9692,252580,237802,32576,30561,46589,44882,17540,91,36
2021-10-24T23:59:59+02:00,2122,1906,15263,14423,18286,17026,21390,21611,27937,28996,34475,35272,25976,28834,17635,22530,5365,10167,1787,1591,13757,13042,16978,15675,20159,20152,26447,27247,32968,33740,25266,27998,17161,21860,5183,9691,252458,237690,32576,30561,46587,44882,17533,91,36
2021-10-23T23:59:59+02:00,2122,1906,15263,14423,18285,17026,21390,21610,27937,28996,34475,35272,25976,28834,17635,22530,5365,10167,1787,1591,13757,13042,16978,15675,20159,20152,26447,27247,32968,33740,25266,27998,17161,21860,5183,9691,252456,237690,32576,30561,46587,44882,17533,91,36
2021-10-22T23:59:59+02:00,2107,1890,15197,14378,18193,16966,21323,21562,27883,28949,34444,35256,25976,28830,17634,22527,5364,10166,1770,1570,13706,12978,16933,15640,20129,20129,26427,27229,32948,33723,25258,27996,17161,21857,5183,9690,251987,237374,32516,30540,46587,44882,17495,91,36
2021-10-21T23:59:59+02:00,2077,1859,15079,14295,18072,16875,21232,21502,27810,28886,34378,35217,25962,28811,17627,22516,5363,10162,1743,1553,13628,12897,16864,15590,20073,20086,26373,27183,32902,33688,25241,27975,17150,21834,5182,9685,251229,236906,32462,30439,46587,44882,17384,91,36
2021-10-20T23:59:59+02:00,2064,1848,15033,14262,18024,16839,21185,21463,27779,28862,34350,35200,25955,28799,17620,22506,5362,10158,1721,1540,13599,12864,16832,15554,20043,20055,26343,27153,32879,33656,25222,27963,17139,21824,5182,9680,250840,236532,32448,30427,46587,44882,17372,91,36
2021-10-19T23:59:59+02:00,2055,1841,15013,14232,18003,16818,21169,21449,27766,28845,34332,35188,25943,28790,17618,22503,5362,10158,1707,1522,13579,12826,16796,15517,20013,20031,26319,27129,32848,33634,25205,27946,17132,21810,5178,9674,250629,236163,32448,30426,46587,44882,17359,91,36
2021-10-18T23:59:59+02:00,2050,1834,14991,14214,17986,16798,21144,21424,27752,28833,34319,35174,25941,28784,17616,22500,5359,10157,1693,1510,13552,12795,16781,15490,19992,20006,26301,27104,32833,33614,25193,27938,17128,21802,5175,9672,250444,235903,32437,30414,46587,44880,17346,91,36
2021-10-17T23:59:59+02:00,2046,1832,14966,14204,17983,16792,21140,21418,27746,28824,34316,35169,25936,28781,17614,22500,5358,10153,1691,1504,13526,12774,16761,15474,19978,19989,26285,27094,32824,33603,25184,27930,17124,21799,5170,9663,250356,235712,32436,30414,46587,44874,17337,91,36
2021-10-16T23:59:59+02:00,2046,1831,14966,14202,17983,16792,21139,21418,27746,28824,34316,35169,25936,28781,17614,22500,5358,10153,1691,1504,13526,12774,16761,15474,19978,19989,26285,27094,32824,33603,25184,27930,17124,21799,5170,9663,250352,235712,32436,30414,46587,44874,17337,91,36
2021-10-15T23:59:59+02:00,2041,1816,14937,14169,17963,16769,21114,21404,27731,28814,34301,35163,25936,28778,17613,22496,5358,10151,1674,1482,13456,12719,16728,15441,19940,19963,26263,27069,32813,33587,25181,27927,17119,21796,5169,9662,250185,235391,32411,30379,46587,44874,17309,91,36
2021-10-14T23:59:59+02:00,2013,1799,14843,14103,17903,16715,21076,21370,27695,28784,34272,35141,25928,28770,17609,22488,5357,10145,1647,1453,13358,12624,16663,15378,19894,19893,26205,27018,32771,33551,25163,27904,17105,21777,5167,9659,249778,234862,32355,30229,46587,44874,17229,91,36
2021-10-13T23:59:59+02:00,1998,1790,14811,14059,17879,16687,21060,21351,27671,28768,34251,35128,25921,28760,17601,22480,5356,10142,1632,1441,13313,12584,16634,15343,19857,19847,26177,26993,32742,33510,25143,27883,17096,21752,5162,9653,249499,234415,32353,30225,46587,44874,17212,91,36
2021-10-12T23:59:59+02:00,1989,1785,14780,14026,17860,16660,21034,21329,27652,28747,34230,35111,25915,28753,17597,22471,5355,10139,1618,1433,13272,12538,16610,15299,19823,19812,26152,26966,32714,33487,25126,27860,17085,21730,5152,9622,249229,233962,32351,30223,46587,44874,17204,91,36
2021-10-11T23:59:59+02:00,1983,1777,14757,14013,17846,16643,21020,21317,27640,28737,34221,35097,25911,28746,17593,22466,5355,10135,1614,1423,13238,12507,16594,15271,19804,19787,26134,26939,32689,33459,25108,27839,17078,21718,5151,9612,249069,233643,32351,30223,46586,44874,17189,91,36
2021-10-10T23:59:59+02:00,1970,1764,14739,13995,17829,16628,21010,21303,27634,28733,34210,35090,25911,28742,17592,22463,5353,10135,1594,1413,13210,12482,16567,15243,19783,19767,26118,26922,32676,33444,25100,27829,17073,21715,5149,9609,248928,233391,32351,30223,46586,44870,17174,91,36
2021-10-09T23:59:59+02:00,1970,1764,14739,13995,17828,16627,21009,21303,27634,28733,34209,35089,25911,28740,17592,22463,5353,10135,1594,1413,13210,12482,16566,15243,19782,19767,26118,26921,32675,33442,25100,27827,17073,21715,5149,9609,248927,233390,32351,30222,46586,44870,17168,91,36
2021-10-08T23:59:59+02:00,1953,1749,14702,13973,17800,16602,20986,21288,27615,28719,34195,35074,25906,28739,17592,22461,5352,10133,1571,1374,13133,12394,16511,15192,19729,19727,26089,26888,32654,33421,25089,27816,17068,21710,5147,9608,248732,232884,32333,30205,46586,44870,17126,91,36
2021-10-07T23:59:59+02:00,1931,1729,14633,13900,17732,16549,20940,21226,27568,28690,34145,35044,25882,28717,17584,22449,5351,10129,1531,1341,13037,12320,16447,15121,19679,19678,26016,26837,32606,33378,25064,27794,17050,21691,5139,9591,248272,232365,32275,30045,46585,44869,17005,91,36
2021-10-06T23:59:59+02:00,1922,1711,14597,13865,17709,16521,20922,21202,27538,28659,34112,35023,25868,28704,17581,22444,5348,10126,1514,1328,13010,12279,16422,15093,19654,19653,25988,26811,32583,33348,25052,27781,17040,21679,5137,9585,247971,232050,32275,30045,46585,44869,16957,91,36
2021-10-05T23:59:59+02:00,1915,1699,14573,13827,17676,16505,20901,21180,27516,28632,34092,34996,25851,28688,17572,22434,5348,10122,1497,1313,12977,12247,16396,15075,19633,19629,25967,26784,32561,33330,25046,27772,17033,21672,5133,9580,247670,231761,32274,30045,46584,44868,16935,91,36
2021-10-04T23:59:59+02:00,1903,1694,14528,13791,17645,16477,20881,21159,27493,28608,34076,34977,25844,28671,17569,22429,5347,10118,1475,1297,12943,12210,16377,15045,19620,19605,25943,26756,32543,33302,25035,27762,17027,21664,5131,9576,247419,231473,32250,30042,46583,44867,16893,91,36
2021-10-03T23:59:59+02:00,1891,1688,14510,13762,17628,16459,20869,21149,27484,28597,34066,34968,25835,28666,17562,22421,5346,10116,1464,1287,12921,12192,16353,15027,19609,19594,25933,26743,32532,33289,25024,27751,17027,21656,5131,9576,247283,231322,32241,30038,46580,44866,16847,91,36
2021-10-02T23:59:59+02:00,1890,1688,14508,13761,17627,16458,20869,21148,27484,28597,34065,34968,25835,28665,17562,22421,5346,10116,1464,1287,12921,12191,16353,15027,19609,19594,25933,26743,32532,33289,25024,27751,17027,21656,5131,9576,247274,231321,32241,30038,46580,44866,16847,91,36
2021-10-01T23:59:59+02:00,1877,1669,14446,13697,17565,16406,20827,21106,27448,28577,34039,34949,25827,28661,17562,22415,5346,10113,1429,1250,12818,12088,16271,14970,19550,19545,25897,26708,32500,33261,25009,27736,17023,21648,5130,9574,246946,230748,32209,30028,46580,44866,16729,91,36
2021-09-30T23:59:59+02:00,1864,1649,14348,13612,17502,16348,20765,21053,27391,28519,33981,34922,25805,28644,17553,22404,5344,10110,1405,1226,12712,12013,16198,14922,19499,19492,25842,26650,32445,33233,24988,27713,17017,21636,5127,9573,246577,230438,32081,29847,46577,44857,16513,91,36
2021-09-29T23:59:59+02:00,1849,1629,14323,13587,17479,16306,20727,21023,27364,28486,33955,34900,25785,28628,17547,22394,5344,10109,1387,1213,12680,11980,16178,14894,19486,19473,25827,26632,32427,33210,24973,27700,17007,21623,5124,9569,246227,230160,32081,29847,46577,44856,16484,91,36
2021-09-28T23:59:59+02:00,1832,1620,14294,13555,17450,16272,20700,20988,27332,28463,33928,34875,25771,28608,17537,22384,5341,10103,1362,1206,12641,11949,16157,14866,19472,19447,25808,26621,32414,33189,24967,27689,17004,21617,5122,9568,245873,229904,32080,29847,46577,44855,16457,91,36
2021-09-27T23:59:59+02:00,1824,1615,14266,13530,17431,16250,20675,20965,27310,28444,33909,34853,25763,28595,17535,22376,5341,10100,1348,1195,12603,11915,16136,14844,19446,19431,25788,26599,32405,33169,24959,27676,16998,21610,5120,9567,245654,229672,32080,29847,46577,44849,16405,91,36
2021-09-26T23:59:59+02:00,1820,1610,14250,13510,17411,16233,20664,20950,27294,28429,33901,34840,25752,28590,17531,22375,5340,10099,1341,1191,12587,11895,16121,14827,19433,19419,25779,26588,32394,33158,24953,27674,16995,21606,5119,9566,245502,229541,32080,29846,46577,44849,16374,91,36
2021-09-25T23:59:59+02:00,1817,1608,14237,13494,17390,16222,20643,20939,27275,28413,33888,34832,25745,28585,17526,22372,5339,10097,1339,1189,12576,11881,16103,14817,19413,19407,25764,26571,32382,33150,24947,27669,16990,21603,5119,9564,245459,229514,32080,29846,46577,44849,16239,91,36
2021-09-24T23:59:59+02:00,1799,1584,14155,13413,17321,16170,20588,20889,27236,28369,33848,34801,25727,28574,17516,22362,5337,10093,1310,1170,12479,11778,16021,14751,19359,19346,25717,26535,32334,33120,24924,27648,16981,21591,5117,9560,245062,228999,32061,29842,46577,44849,16015,91,36
2021-09-23T23:59:59+02:00,1778,1564,14052,13314,17228,16084,20496,20812,27154,28311,33799,34741,25701,28551,17504,22343,5333,10086,1297,1161,12390,11703,15951,14685,19285,19296,25657,26478,32288,33084,24904,27629,16975,21580,5114,9554,244572,228667,31960,29804,46576,44848,15676,91,36
2021-09-22T23:59:59+02:00,1759,1551,14015,13266,17178,16042,20444,20765,27115,28264,33748,34690,25671,28524,17496,22321,5329,10082,1280,1152,12348,11657,15905,14652,19255,19267,25628,26450,32238,33049,24876,27604,16969,21566,5110,9545,244151,228344,31935,29795,46576,44846,15530,91,36
2021-09-21T23:59:59+02:00,1746,1536,13953,13213,17156,15992,20411,20726,27084,28224,33714,34669,25658,28507,17484,22297,5321,10054,1255,1129,12301,11597,15875,14624,19222,19228,25601,26422,32213,33022,24855,27587,16966,21557,5108,9534,243662,227963,31931,29745,46576,44844,15508,91,36
2021-09-20T23:59:59+02:00,1736,1529,13902,13175,17119,15951,20370,20693,27042,28185,33679,34635,25638,28480,17476,22280,5310,10027,1236,1125,12245,11561,15842,14601,19193,19202,25573,26399,32191,32998,24842,27574,16963,21549,5103,9520,243221,227661,31931,29745,46576,44844,15431,91,36
2021-09-19T23:59:59+02:00,1731,1520,13877,13149,17088,15929,20343,20674,27021,28157,33666,34621,25630,28471,17473,22277,5309,10025,1232,1114,12220,11540,15820,14581,19179,19183,25560,26387,32181,32987,24835,27569,16957,21543,5102,9520,242992,227493,31930,29744,46576,44842,15395,91,36
2021-09-18T23:59:59+02:00,1728,1516,13865,13137,17077,15922,20333,20667,27014,28153,33660,34617,25630,28471,17473,22276,5309,10025,1232,1113,12213,11532,15810,14576,19169,19180,25553,26383,32176,32985,24835,27569,16957,21543,5102,9520,242955,227474,31917,29739,46576,44842,15357,91,36
2021-09-17T23:59:59+02:00,1705,1482,13764,13023,16969,15846,20252,20596,26944,28093,33607,34573,25607,28448,17461,22265,5308,10022,1215,1096,12128,11455,15709,14499,19081,19108,25484,26315,32113,32942,24816,27549,16947,21525,5101,9516,242490,227034,31870,29727,46576,44841,14961,91,36
2021-09-16T23:59:59+02:00,1678,1444,13665,12913,16881,15750,20160,20506,26842,28006,33531,34507,25575,28415,17447,22241,5301,10001,1191,1071,12038,11376,15639,14435,18999,19029,25395,26233,32052,32887,24774,27511,16937,21512,5098,9505,241874,226567,31773,29668,46576,44839,14572,91,36
2021-09-15T23:59:59+02:00,1660,1435,13605,12860,16829,15688,20114,20455,26786,27955,33479,34451,25549,28383,17432,22212,5294,9978,1171,1055,11978,11315,15583,14384,18947,18978,25334,26184,31994,32831,24741,27478,16921,21493,5094,9494,241454,226131,31752,29652,46572,44837,14319,91,36
2021-09-14T23:59:59+02:00,1644,1424,13541,12792,16756,15636,20054,20408,26736,27898,33429,34400,25527,28364,17419,22201,5290,9973,1143,1033,11915,11253,15510,14324,18893,18933,25286,26130,31937,32778,24710,27455,16907,21477,5094,9489,241053,225737,31700,29558,46572,44837,14099,91,36
2021-09-13T23:59:59+02:00,1622,1408,13503,12755,16729,15609,20035,20383,26714,27873,33408,34376,25517,28357,17414,22190,5290,9970,1126,1018,11872,11219,15477,14302,18870,18903,25262,26102,31910,32756,24700,27445,16894,21468,5091,9488,240771,225429,31699,29556,46567,44835,14047,91,36
2021-09-12T23:59:59+02:00,1611,1405,13470,12732,16687,15593,20021,20372,26703,27854,33402,34364,25511,28350,17413,22186,5290,9967,1114,1012,11828,11199,15431,14284,18846,18882,25246,26089,31896,32742,24692,27436,16891,21464,5090,9485,240611,225214,31699,29556,46565,44834,13987,91,36
2021-09-11T23:59:59+02:00,1600,1404,13454,12720,16673,15584,20011,20369,26691,27848,33398,34360,25507,28349,17412,22185,5288,9967,1035,950,11761,11148,15415,14276,18838,18871,25233,26078,31888,32729,24690,27434,16890,21463,5090,9485,240546,224890,31678,29554,46565,44834,13960,91,36
2021-09-10T23:59:59+02:00,1561,1358,13305,12593,16601,15507,19904,20284,26609,27784,33336,34306,25467,28318,17397,22162,5282,9962,1008,925,11640,11045,15330,14193,18729,18787,25140,26021,31814,32672,24648,27403,16874,21443,5085,9480,239948,224334,31660,29543,46565,44834,13490,91,36
2021-09-09T23:59:59+02:00,1538,1337,13235,12528,16547,15457,19851,20247,26557,27717,33294,34266,25439,28300,17392,22149,5278,9955,988,901,11577,10972,15278,14141,18676,18756,25084,25980,31768,32638,24626,27388,16861,21433,5082,9469,239580,223962,31585,29503,46565,44834,13283,91,36
2021-09-08T23:59:59+02:00,1523,1320,13206,12504,16531,15433,19831,20234,26541,27705,33281,34255,25427,28292,17386,22143,5275,9952,976,885,11533,10928,15253,14123,18664,18739,25066,25956,31747,32627,24612,27373,16859,21427,5082,9467,239360,223686,31585,29503,46561,44833,13259,91,36
2021-09-07T23:59:59+02:00,1490,1302,13148,12457,16491,15401,19808,20205,26504,27684,33247,34225,25403,28274,17380,22128,5270,9946,958,876,11475,10863,15199,14070,18627,18706,25019,25911,31695,32600,24584,27350,16851,21410,5077,9465,239127,223379,31501,29388,46561,44833,13100,91,36
2021-09-06T23:59:59+02:00,1475,1293,13118,12423,16470,15378,19789,20184,26488,27669,33236,34216,25400,28261,17377,22124,5267,9946,945,867,11453,10831,15181,14038,18605,18690,25003,25891,31673,32585,24573,27337,16850,21402,5074,9465,238910,223150,31501,29377,46561,44832,13068,91,36
2021-09-05T23:59:59+02:00,1465,1285,13101,12403,16454,15362,19778,20177,26482,27660,33226,34204,25398,28258,17375,22120,5267,9946,938,862,11434,10815,15156,14022,18594,18681,24996,25885,31664,32565,24570,27326,16847,21397,5072,9464,238782,223001,31501,29377,46561,44831,13043,91,36
2021-09-04T23:59:59+02:00,1465,1285,13100,12402,16454,15362,19776,20177,26481,27660,33226,34204,25398,28258,17375,22119,5267,9946,937,862,11434,10813,15154,14022,18589,18681,24995,25883,31664,32563,24569,27326,16847,21397,5072,9464,238780,222990,31501,29376,46561,44831,13039,91,36
2021-09-03T23:59:59+02:00,1438,1269,12998,12305,16398,15310,19738,20138,26439,27633,33189,34187,25380,28247,17371,22108,5265,9945,893,828,11293,10686,15090,13945,18518,18635,24924,25834,31605,32527,24536,27298,16834,21381,5069,9460,238282,222176,31501,29373,46561,44831,12940,91,36
2021-09-02T23:59:59+02:00,1423,1262,12934,12263,16355,15277,19704,20111,26405,27599,33164,34166,25365,28235,17366,22103,5265,9941,888,822,11216,10648,15042,13910,18480,18615,24891,25812,31567,32497,24517,27277,16828,21376,5069,9458,238059,221913,31437,29331,46557,44822,12811,91,36
2021-09-01T23:59:59+02:00,1400,1247,12898,12225,16334,15257,19685,20096,26387,27579,33142,34141,25355,28224,17360,22093,5262,9937,873,800,11175,10613,15022,13882,18460,18595,24870,25789,31542,32465,24502,27263,16820,21370,5067,9456,237759,221582,31437,29329,46556,44821,12796,91,36
2021-08-31T23:59:59+02:00,1368,1225,12843,12165,16289,15221,19652,20051,26341,27530,33103,34106,25339,28203,17354,22080,5258,9933,851,775,11103,10544,14974,13821,18408,18562,24820,25735,31484,32422,24471,27247,16811,21357,5064,9449,237450,221152,31374,29300,46556,44802,12608,90,36
2021-08-30T23:59:59+02:00,1344,1210,12798,12127,16264,15199,19632,20034,26318,27513,33081,34089,25328,28193,17354,22076,5256,9931,843,764,11026,10511,14946,13800,18386,18538,24792,25719,31457,32395,24460,27232,16805,21350,5061,9446,237195,220856,31374,29300,46556,44791,12548,90,36
2021-08-29T23:59:59+02:00,1338,1204,12784,12110,16253,15190,19623,20024,26315,27504,33074,34075,25323,28187,17352,22075,5256,9931,831,755,11008,10474,14936,13783,18370,18524,24779,25710,31449,32383,24451,27220,16803,21345,5061,9446,237090,220681,31374,29300,46556,44787,12524,90,36
2021-08-28T23:59:59+02:00,1331,1190,12752,12089,16238,15178,19612,20010,26308,27494,33065,34069,25321,28182,17351,22072,5256,9930,812,730,10932,10403,14901,13750,18323,18497,24743,25677,31406,32352,24434,27207,16794,21329,5061,9443,236927,220154,31374,29300,46556,44787,12517,90,36
2021-08-27T23:59:59+02:00,1312,1175,12689,12034,16192,15130,19554,19960,26253,27445,33022,34039,25303,28171,17347,22058,5256,9927,809,725,10895,10369,14860,13724,18307,18481,24708,25653,31378,32331,24421,27196,16791,21325,5061,9442,236504,219996,31374,29299,46556,44786,12359,90,36
2021-08-26T23:59:59+02:00,1292,1159,12619,11978,16146,15087,19510,19920,26199,27387,32971,33994,25273,28142,17340,22048,5253,9923,799,710,10826,10319,14813,13682,18262,18452,24663,25615,31332,32292,24399,27179,16783,21316,5061,9438,236134,219682,31315,29284,46556,44779,12160,90,36
2021-08-25T23:59:59+02:00,1275,1144,12596,11936,16125,15061,19488,19905,26172,27370,32936,33965,25254,28124,17333,22041,5252,9920,785,697,10776,10277,14782,13653,18229,18421,24641,25596,31299,32254,24386,27162,16776,21306,5059,9435,235821,219306,31315,29284,46550,44775,12133,90,36
2021-08-24T23:59:59+02:00,1248,1126,12537,11864,16068,15017,19443,19864,26125,27325,32891,33932,25234,28100,17321,22029,5251,9915,763,677,10699,10203,14738,13613,18183,18385,24591,25545,31257,32217,24362,27135,16761,21290,5058,9434,235510,218894,31189,29244,46550,44775,11962,90,36
2021-08-23T23:59:59+02:00,1235,1113,12498,11828,16043,14998,19422,19829,26105,27289,32861,33910,25220,28087,17317,22020,5251,9912,740,661,10644,10150,14708,13575,18145,18351,24564,25515,31222,32184,24349,27115,16754,21287,5056,9433,235210,218489,31188,29244,46549,44773,11911,90,36
2021-08-22T23:59:59+02:00,1227,1106,12483,11806,16028,14983,19415,19810,26093,27278,32850,33894,25209,28081,17315,22018,5248,9912,725,652,10615,10121,14686,13558,18125,18340,24551,25498,31207,32171,24341,27104,16752,21282,5055,9432,235046,218270,31188,29244,46549,44772,11893,90,36
2021-08-21T23:59:59+02:00,1139,1034,12408,11748,16016,14971,19404,19798,26083,27267,32840,33878,25204,28077,17312,22015,5248,9912,714,646,10591,10091,14669,13554,18116,18328,24542,25492,31200,32165,24338,27104,16751,21282,5055,9432,234672,218147,31182,29244,46549,44772,11871,90,36
2021-08-20T23:59:59+02:00,1119,1018,12347,11679,15956,14916,19341,19759,26029,27234,32790,33851,25189,28066,17303,22010,5247,9910,710,640,10536,10054,14627,13518,18076,18302,24507,25473,31170,32148,24329,27097,16745,21279,5055,9431,234171,217863,31182,29244,46549,44772,11782,90,36
2021-08-19T23:59:59+02:00,1093,994,12278,11622,15895,14884,19291,19708,25967,27184,32747,33816,25158,28043,17291,21999,5244,9908,701,628,10441,9975,14558,13479,18020,18264,24438,25430,31103,32103,24288,27078,16736,21262,5054,9428,233878,217426,31090,29235,46549,44764,11525,90,36
2021-08-18T23:59:59+02:00,1081,978,12238,11586,15866,14854,19263,19678,25937,27153,32710,33790,25139,28031,17286,21990,5242,9907,687,617,10386,9907,14510,13455,17970,18235,24392,25393,31044,32064,24266,27060,16730,21249,5050,9422,233560,216968,31089,29227,46548,44754,11452,90,36
2021-08-17T23:59:59+02:00,1054,953,12187,11545,15837,14812,19232,19646,25909,27130,32674,33752,25122,28011,17276,21973,5241,9902,672,593,10292,9825,14457,13407,17917,18181,24342,25352,30984,32020,24238,27036,16719,21229,5048,9415,233258,216368,30964,29167,46548,44751,11405,90,36
2021-08-16T23:59:59+02:00,1042,946,12155,11518,15819,14795,19213,19627,25886,27106,32655,33730,25102,27996,17268,21958,5238,9900,657,580,10236,9757,14432,13364,17892,18144,24298,25317,30947,31989,24211,27002,16704,21215,5048,9412,233028,215923,30963,29167,46548,44745,11334,90,36
2021-08-15T23:59:59+02:00,1034,946,12130,11502,15805,14778,19199,19612,25876,27097,32634,33715,25096,27987,17264,21947,5237,9900,650,572,10189,9722,14394,13341,17869,18121,24273,25303,30926,31963,24193,26994,16699,21207,5047,9410,232869,215630,30962,29167,46547,44740,11300,90,36
2021-08-14T23:59:59+02:00,1033,946,12129,11499,15805,14777,19196,19610,25875,27097,32634,33714,25096,27987,17264,21947,5237,9900,594,511,10023,9502,14288,13250,17794,18075,24224,25271,30886,31930,24178,26981,16696,21204,5045,9409,232861,214625,30962,29166,46547,44739,11295,90,36
2021-08-13T23:59:59+02:00,988,906,11977,11374,15753,14716,19131,19554,25804,27045,32582,33678,25071,27958,17253,21937,5236,9896,586,506,9970,9447,14248,13221,17755,18050,24192,25251,30862,31909,24167,26968,16690,21195,5045,9405,232030,214287,30961,29166,46547,44736,11242,88,36
2021-08-12T23:59:59+02:00,974,884,11920,11313,15704,14676,19094,19528,25758,27021,32536,33649,25046,27942,17244,21931,5236,9893,577,497,9879,9381,14175,13179,17693,18000,24125,25215,30808,31860,24139,26943,16674,21177,5043,9405,231798,213865,30936,29160,46547,44721,10988,88,36
2021-08-11T23:59:59+02:00,960,873,11887,11279,15685,14653,19061,19510,25736,27002,32511,33620,25027,27919,17240,21923,5235,9891,533,464,9806,9319,14121,13139,17646,17956,24084,25193,30768,31812,24109,26911,16658,21164,5042,9399,231505,213293,30935,29156,46546,44693,10946,88,36
2021-08-10T23:59:59+02:00,941,863,11799,11227,15633,14622,19017,19473,25682,26967,32454,33566,25010,27904,17233,21910,5234,9888,520,457,9710,9231,14069,13104,17614,17922,24037,25154,30715,31765,24076,26877,16651,21144,5038,9394,231123,212769,30803,29121,46544,44679,10873,88,36
2021-08-09T23:59:59+02:00,938,846,11771,11192,15617,14606,18995,19460,25650,26945,32425,33535,25002,27895,17227,21902,5234,9885,508,440,9655,9169,14029,13054,17577,17881,24006,25109,30680,31725,24062,26860,16646,21131,5036,9388,230883,212314,30803,29118,46543,44672,10816,88,36
2021-08-08T23:59:59+02:00,928,839,11735,11169,15595,14592,18975,19439,25625,26925,32403,33518,24994,27879,17220,21898,5233,9885,486,431,9579,9113,13980,13025,17550,17851,23973,25074,30648,31694,24049,26841,16638,21117,5035,9385,230692,211912,30803,29117,46543,44671,10733,88,36
2021-08-07T23:59:59+02:00,908,812,11638,11091,15551,14551,18933,19405,25586,26895,32357,33486,24977,27867,17211,21880,5232,9882,417,358,8959,8523,13536,12670,17337,17665,23822,24964,30496,31617,23990,26790,16617,21090,5030,9382,230103,208709,30803,29115,46543,44671,10732,88,36
2021-08-06T23:59:59+02:00,899,809,11608,11066,15537,14538,18922,19399,25571,26879,32348,33479,24973,27863,17206,21878,5232,9881,375,309,8374,7902,13023,12272,17108,17459,23677,24852,30401,31538,23959,26743,16605,21076,5027,9375,230054,205538,30682,29102,46543,44671,10728,88,36
2021-08-05T23:59:59+02:00,896,802,11568,11035,15494,14509,18882,19367,25525,26844,32300,33432,24932,27841,17204,21867,5232,9875,367,303,8319,7838,12974,12220,17059,17418,23613,24812,30325,31484,23912,26701,16591,21058,5025,9366,229826,205116,30681,29097,46541,44662,10474,88,36
2021-08-04T23:59:59+02:00,879,786,11538,11005,15475,14477,18849,19341,25498,26815,32255,33392,24917,27828,17199,21861,5230,9867,345,293,8229,7751,12918,12173,17007,17374,23556,24768,30265,31412,23875,26663,16581,21045,5023,9360,229560,204528,30679,29096,46539,44627,10351,88,36
2021-08-03T23:59:59+02:00,863,769,11491,10965,15452,14455,18817,19321,25472,26786,32220,33357,24897,27809,17189,21856,5226,9866,320,282,8147,7665,12848,12122,16938,17322,23496,24730,30222,31362,23839,26629,16566,21034,5020,9356,229224,203869,30678,29086,46538,44619,10288,88,36
2021-08-02T23:59:59+02:00,854,766,11455,10935,15429,14424,18790,19301,25443,26761,32188,33329,24883,27789,17181,21847,5225,9864,310,275,8051,7573,12770,12061,16879,17257,23439,24658,30172,31304,23820,26606,16545,21024,5018,9351,228943,203159,30677,29085,46538,44611,10222,88,36
2021-08-01T23:59:59+02:00,846,759,11429,10906,15416,14410,18775,19290,25423,26749,32171,33314,24879,27780,17180,21844,5223,9863,297,258,7984,7506,12708,12014,16834,17210,23402,24626,30145,31279,23804,26587,16541,21018,5016,9350,228796,202701,30673,29084,46538,44592,10166,88,36
2021-07-31T23:59:59+02:00,843,758,11426,10900,15414,14407,18771,19286,25422,26748,32168,33313,24879,27779,17180,21844,5223,9863,275,238,7831,7321,11938,11345,16278,16771,23306,24547,30080,31208,23774,26551,16529,20999,5015,9348,228766,199479,30672,29084,46538,44591,10164,88,36
2021-07-30T23:59:59+02:00,842,757,11413,10891,15411,14404,18764,19279,25415,26743,32158,33308,24878,27777,17180,21841,5223,9863,228,198,7550,7082,11395,10898,15799,16340,23168,24440,29971,31096,23737,26506,16512,20977,5015,9344,228698,196400,30671,29083,46536,44579,10158,88,36
2021-07-29T23:59:59+02:00,830,748,11374,10844,15373,14383,18724,19253,25378,26709,32105,33279,24860,27757,17169,21823,5223,9860,138,134,7178,6774,10730,10378,15282,15924,22991,24294,29823,30985,23682,26454,16483,20952,5011,9341,228380,192928,30669,29073,46536,44494,10023,88,36
2021-07-28T23:59:59+02:00,811,735,11327,10791,15349,14354,18693,19225,25352,26681,32078,33254,24844,27739,17164,21811,5222,9856,119,105,7013,6621,10583,10254,15170,15789,22898,24198,29721,30886,23640,26396,16464,20923,5010,9331,228051,191679,30669,29071,46531,44384,9951,88,36
2021-07-27T23:59:59+02:00,802,726,11282,10751,15306,14314,18652,19199,25323,26655,32042,33232,24828,27714,17157,21799,5221,9848,99,92,6792,6407,10421,10139,15025,15657,22794,24089,29613,30773,23588,26332,16448,20896,5007,9319,227730,190526,30669,28743,46530,44348,9838,88,36
2021-07-26T23:59:59+02:00,792,713,11232,10702,15280,14293,18634,19171,25295,26624,32010,33206,24813,27692,17145,21787,5220,9845,91,83,6676,6331,10325,10065,14958,15577,22712,24029,29548,30699,23555,26288,16436,20879,5003,9313,227430,189741,30667,28740,46529,44308,9743,88,36
2021-07-25T23:59:59+02:00,781,703,11203,10674,15259,14268,18614,19147,25268,26599,31989,33188,24796,27681,17141,21778,5219,9843,76,78,6600,6251,10257,10002,14885,15517,22658,23975,29492,30661,23524,26267,16424,20865,5003,9309,227231,189154,30667,28736,46528,44278,9640,88,36
2021-07-24T23:59:59+02:00,757,681,11126,10591,15220,14241,18590,19126,25248,26583,31977,33175,24796,27677,17138,21776,5219,9843,76,77,6201,5903,10108,9889,14509,15234,22434,23816,29374,30577,23488,26229,16407,20848,5000,9305,226851,186797,30667,28733,46528,44276,9633,88,36
2021-07-23T23:59:59+02:00,731,659,11058,10505,15190,14207,18562,19112,25227,26562,31962,33157,24785,27672,17136,21776,5219,9840,73,73,5829,5597,9989,9782,14162,14969,22237,23640,29254,30459,23436,26161,16396,20827,4996,9298,226463,184527,30666,28733,46528,44264,9618,88,36
2021-07-22T23:59:59+02:00,690,619,10903,10340,15092,14118,18475,19063,25147,26508,31889,33093,24749,27631,17122,21758,5215,9835,61,62,5512,5300,9720,9566,13578,14491,21916,23381,29022,30230,23335,26063,16354,20789,4992,9295,225507,181202,30665,28721,46527,44245,9463,88,36
2021-07-21T23:59:59+02:00,670,594,10838,10285,15055,14091,18435,19025,25107,26478,31849,33043,24724,27596,17106,21746,5212,9830,51,56,4904,4836,9277,9310,13194,14261,21683,23227,28835,30081,23270,25987,16329,20766,4990,9292,225076,179430,30654,27461,46524,44077,9345,88,36
2021-07-20T23:59:59+02:00,652,577,10781,10230,15029,14055,18400,18998,25076,26447,31813,33009,24704,27575,17101,21731,5209,9823,46,46,4763,4724,9128,9179,13027,14126,21570,23106,28704,29956,23190,25883,16307,20725,4983,9286,224698,178087,30654,27449,46522,43927,9250,88,36
2021-07-19T23:59:59+02:00,639,564,10743,10199,14998,14031,18376,18989,25047,26421,31780,32980,24687,27552,17095,21720,5207,9820,40,43,4683,4657,9030,9101,12909,14029,21472,22998,28605,29836,23134,25826,16282,20696,4978,9280,224450,177149,30654,27440,46513,43829,9145,88,36
2021-07-18T23:59:59+02:00,624,555,10690,10147,14963,14010,18351,18971,25027,26405,31757,32961,24677,27541,17089,21711,5206,9815,38,41,4575,4556,8894,8980,12782,13889,21385,22907,28532,29757,23105,25796,16273,20683,4975,9279,224173,176137,30654,27425,46513,43775,9074,88,36
2021-07-17T23:59:59+02:00,549,484,10402,9848,14848,13908,18260,18892,24921,26331,31649,32910,24642,27507,17076,21691,5204,9814,37,40,4528,4515,8840,8907,12546,13694,20959,22562,28401,29625,23068,25743,16264,20668,4974,9276,222612,174340,30654,27425,46511,43773,9073,88,36
2021-07-16T23:59:59+02:00,520,447,10267,9727,14788,13867,18208,18840,24885,26298,31629,32885,24633,27492,17073,21684,5204,9811,37,40,4482,4473,8764,8866,12175,13415,20415,22162,28268,29531,23018,25706,16255,20663,4972,9274,221944,172228,30654,27422,46510,43766,9064,88,36
2021-07-15T23:59:59+02:00,488,410,10129,9622,14721,13818,18152,18771,24830,26250,31579,32832,24608,27455,17055,21669,5197,9807,24,30,4269,4336,8434,8656,11659,13013,19307,21315,27851,29186,22848,25536,16190,20590,4962,9258,221214,167523,30652,27408,46509,43565,8932,88,36
2021-07-14T23:59:59+02:00,467,396,10099,9596,14683,13797,18122,18736,24792,26209,31528,32779,24578,27427,17044,21652,5196,9805,21,27,4145,4186,8177,8484,11428,12868,19129,21204,27703,29059,22783,25458,16156,20552,4957,9249,220841,165955,30652,27389,46508,43387,8819,88,36
2021-07-13T23:59:59+02:00,443,382,10049,9543,14653,13768,18095,18703,24755,26188,31493,32737,24562,27396,17033,21640,5195,9802,21,25,4050,4090,8002,8326,11227,12677,18993,21064,27549,28896,22686,25373,16121,20498,4953,9238,220429,164492,30652,27368,46507,43130,8763,88,36
2021-07-12T23:59:59+02:00,431,360,10003,9491,14625,13749,18065,18674,24718,26145,31459,32693,24538,27373,17018,21635,5192,9799,20,22,3944,3991,7830,8205,11068,12540,18877,20943,27426,28776,22613,25311,16094,20472,4952,9233,220054,163323,30651,27349,46506,42939,8670,88,36
2021-07-11T23:59:59+02:00,423,342,9972,9462,14604,13729,18048,18664,24696,26136,31438,32675,24526,27363,17016,21633,5192,9797,17,20,3875,3921,7713,8107,10920,12412,18751,20841,27325,28662,22569,25263,16073,20447,4950,9230,219858,162362,30648,27344,46505,42736,8618,88,36
2021-07-10T23:59:59+02:00,397,319,9859,9359,14550,13690,17998,18641,24671,26116,31419,32659,24518,27354,17012,21629,5190,9795,17,19,3840,3897,7654,8067,10885,12383,18722,20816,27296,28640,22561,25248,16069,20442,4950,9230,219332,162060,30646,27343,46502,42688,8609,88,36
2021-07-09T23:59:59+02:00,337,271,9600,9148,14447,13610,17919,18570,24585,26063,31370,32598,24495,27323,16998,21611,5190,9790,16,18,3773,3858,7517,7976,10667,12234,18496,20677,26880,28321,22376,25054,16014,20381,4947,9223,218107,159910,30646,27339,46501,42559,8584,88,36
2021-07-08T23:59:59+02:00,258,204,9405,9004,14346,13533,17825,18496,24526,26012,31287,32540,24467,27292,16985,21593,5186,9785,14,15,3615,3734,7206,7787,10315,12005,18149,20394,26575,28062,22201,24896,15946,20305,4940,9207,217002,157532,30643,27291,46488,41983,8524,88,36
2021-07-07T23:59:59+02:00,219,176,9317,8900,14306,13502,17788,18455,24473,25975,31245,32499,24442,27262,16972,21575,5186,9777,12,11,3438,3607,6887,7565,9376,11272,17562,19966,26173,27751,21963,24588,15867,20208,4926,9193,216363,154918,30640,25536,46486,41382,8493,88,36
2021-07-06T23:59:59+02:00,197,164,9238,8843,14255,13472,17752,18412,24431,25936,31184,32452,24406,27234,16957,21558,5184,9775,12,10,3321,3534,6683,7441,9105,11108,17316,19784,25896,27495,21806,24385,15786,20104,4913,9178,215796,152981,30626,25524,46483,40878,8458,88,36
2021-07-05T23:59:59+02:00,185,149,9151,8758,14214,13427,17717,18362,24394,25906,31139,32402,24383,27211,16948,21544,5183,9773,12,9,3269,3501,6556,7363,8955,10987,17171,19644,25725,27339,21663,24217,15737,20051,4902,9168,215242,151917,30626,25515,46481,40391,8410,88,36
2021-07-04T23:59:59+02:00,170,142,9099,8708,14181,13414,17691,18344,24368,25885,31118,32376,24368,27197,16942,21536,5182,9770,10,8,3220,3457,6491,7322,8866,10915,17085,19558,25596,27228,21538,24088,15695,19999,4900,9161,214965,151253,30625,25505,46466,39995,8348,88,36
2021-07-03T23:59:59+02:00,167,139,8593,8227,14022,13296,17591,18228,24272,25826,31054,32328,24347,27175,16930,21526,5180,9767,9,8,3160,3379,6371,7202,8692,10772,16867,19372,25207,26917,21423,23950,15665,19959,4897,9155,213161,149196,30624,25505,46466,39938,8330,88,36
2021-07-02T23:59:59+02:00,160,135,8024,7769,13879,13187,17499,18151,24203,25757,30994,32266,24309,27133,16924,21506,5178,9762,8,8,3049,3272,6100,7046,8435,10532,16496,19043,24728,26490,21196,23676,15596,19877,4891,9152,211335,146115,30624,25503,46463,39614,8327,88,36
2021-07-01T23:59:59+02:00,147,125,7896,7665,13795,13128,17429,18098,24135,25705,30941,32213,24281,27108,16914,21494,5177,9761,7,7,2861,3086,5752,6763,7996,10111,15906,18564,23957,25825,20705,23203,15469,19715,4879,9127,210547,141519,30619,25490,46456,38585,8303,88,36
2021-06-30T23:59:59+02:00,129,112,7751,7549,13731,13078,17375,18045,24082,25651,30881,32167,24250,27086,16900,21476,5177,9756,6,7,2765,3011,5596,6621,7768,9889,14947,17692,23342,25273,20345,22809,15336,19554,4865,9093,209981,139978,30444,23215,46452,37458,8232,88,36
2021-06-29T23:59:59+02:00,114,99,7684,7451,13684,13038,17338,18000,24029,25590,30830,32107,24230,27060,16890,21460,5174,9752,4,5,2707,2965,5466,6524,7614,9755,14778,17519,23096,25037,20084,22483,15237,19453,4853,9073,209352,138852,30442,23202,46449,36363,8200,88,36
2021-06-28T23:59:59+02:00,109,93,7619,7380,13616,12976,17291,17949,23987,25545,30773,32063,24213,27032,16883,21450,5172,9750,3,4,2676,2932,5398,6472,7523,9684,14681,17437,22944,24823,19881,22237,15182,19384,4849,9059,208808,138248,30440,23192,46441,35568,8125,88,36
2021-06-27T23:59:59+02:00,95,88,7571,7318,13585,12939,17262,17916,23968,25510,30746,32035,24201,27024,16876,21444,5172,9748,2,3,2654,2918,5349,6447,7450,9638,14584,17373,22848,24736,19754,22094,15151,19333,4845,9050,208453,137734,30440,23180,46435,35196,8083,88,36
2021-06-26T23:59:59+02:00,91,85,7070,6777,13192,12639,17147,17812,23903,25453,30710,32000,24192,27007,16872,21433,5171,9747,2,3,2554,2809,5160,6257,7250,9447,14037,16918,22185,24100,19606,21952,15106,19280,4843,9042,206278,134093,30438,23180,46435,35176,8083,68,19
2021-06-25T23:59:59+02:00,90,82,6591,6296,12738,12266,16986,17693,23813,25388,30629,31960,24169,26980,16867,21423,5169,9744,2,3,2453,2655,4984,6062,6991,9149,13504,16384,21632,23513,19410,21742,15048,19213,4839,9030,203878,130387,30438,23180,46435,34962,8066,68,19
2021-06-24T23:59:59+02:00,80,70,6369,6085,12515,12114,16880,17611,23740,25335,30571,31912,24135,26938,16861,21413,5167,9737,2,3,2249,2421,4614,5681,6491,8660,12779,15669,20479,22508,18946,21260,14943,19082,4827,9015,202610,124438,30436,23169,46428,34011,7992,68,19
2021-06-23T23:59:59+02:00,75,68,5801,5588,12353,12003,16761,17499,23665,25288,30507,31862,24101,26915,16854,21399,5163,9733,2,3,2211,2368,4551,5561,6399,8510,12545,15380,20235,22247,18647,20930,14846,18968,4816,8998,202098,123414,29109,23020,46418,32821,7943,68,19
2021-06-22T23:59:59+02:00,70,63,5661,5459,12253,11897,16673,17425,23605,25226,30438,31783,24073,26882,16844,21378,5159,9731,2,2,2159,2331,4457,5479,6274,8363,11675,14720,19821,21838,18312,20575,14738,18829,4806,8977,201159,122488,29102,21328,46399,31630,7893,68,19
2021-06-21T23:59:59+02:00,67,60,5527,5346,12176,11804,16608,17338,23548,25152,30388,31725,24048,26854,16831,21363,5159,9727,2,2,2126,2296,4397,5382,6187,8235,10893,14011,19367,21428,18084,20345,14676,18732,4797,8960,200333,121683,29096,19540,46394,30847,7831,68,19
2021-06-20T23:59:59+02:00,65,58,5411,5222,12010,11627,16542,17215,23499,25086,30346,31669,24032,26832,16825,21348,5154,9722,2,2,2108,2266,4356,5341,6116,8184,10790,13932,19256,21302,17927,20155,14610,18648,4793,8953,199331,121149,29092,19537,46388,30251,7785,68,19
2021-06-19T23:59:59+02:00,61,54,5394,5204,11241,10963,16062,16820,23437,25041,30302,31626,24014,26812,16817,21336,5154,9722,2,2,2035,2145,4151,5106,5832,7901,10461,13595,18199,20444,17754,19963,14577,18583,4788,8941,196730,116903,29092,19537,46387,30236,7784,68,19
2021-06-18T23:59:59+02:00,58,53,5358,5176,10598,10379,15451,16255,23345,24972,30232,31563,23986,26782,16806,21321,5153,9720,2,2,1965,2055,4010,4963,5554,7630,10078,13230,17046,19231,17551,19725,14528,18518,4785,8931,193888,112485,29084,19536,46387,29982,7782,68,19
2021-06-17T23:59:59+02:00,51,44,5243,5072,9919,9875,14962,15866,23245,24884,30150,31469,23946,26736,16792,21300,5152,9717,2,2,1836,1949,3753,4716,5165,7264,9536,12744,15857,18038,17090,19235,14387,18343,4772,8907,191299,107349,29081,19527,46384,29063,7644,16,13
2021-06-16T23:59:59+02:00,49,36,5112,4941,9722,9710,14817,15736,23151,24790,30051,31393,23902,26691,16777,21288,5151,9707,2,2,1794,1908,3646,4627,5061,7143,8504,11891,15585,17739,16794,18898,14252,18173,4766,8874,190123,106450,29069,17648,46382,28113,7435,16,13
2021-06-15T23:59:59+02:00,43,30,4930,4760,9539,9556,14680,15592,23059,24699,29975,31308,23859,26617,16751,21255,5143,9692,2,2,1735,1852,3564,4531,4966,7025,8388,11748,15403,17509,16474,18587,14110,18004,4744,8815,188807,105674,29066,17644,46363,26891,7237,16,13
2021-06-14T23:59:59+02:00,41,27,4853,4698,9447,9447,14603,15502,22987,24627,29904,31246,23827,26578,16736,21237,5140,9686,2,2,1715,1829,3528,4506,4925,6992,8287,11685,15266,17375,16294,18383,14018,17906,4739,8807,188062,105448,29060,17642,46357,26064,7092,16,13
2021-06-13T23:59:59+02:00,40,26,4796,4649,9364,9373,14518,15435,22925,24576,29837,31193,23801,26550,16727,21227,5140,9684,2,2,1668,1816,3484,4482,4869,6949,8214,11647,15166,17279,16137,18199,13964,17832,4732,8800,187484,105166,29053,17640,46341,25455,6968,16,13
2021-06-12T23:59:59+02:00,38,24,4777,4634,9336,9349,14279,15257,22795,24445,29792,31148,23780,26533,16718,21219,5139,9682,2,2,1546,1693,3248,4272,4462,6649,7666,11217,13388,15588,15783,17826,13884,17730,4730,8785,186571,98461,29053,17640,46341,25391,6966,15,13
2021-06-11T23:59:59+02:00,34,23,4724,4583,9255,9298,13959,15035,22599,24297,29696,31057,23743,26488,16700,21207,5138,9679,2,2,1446,1560,3057,4057,4166,6283,7154,10672,11743,13693,15301,17246,13771,17582,4715,8771,185215,91519,29048,17639,46339,25151,6899,15,13
2021-06-10T23:59:59+02:00,28,20,4439,4360,8709,8970,12682,14010,22032,23844,29323,30751,23607,26329,16648,21139,5125,9664,2,2,1326,1472,2822,3876,3840,6000,6717,10280,10326,12359,14786,16669,13599,17374,4700,8744,179873,86970,29031,17636,46334,23846,6429,14,13
2021-06-09T23:59:59+02:00,25,16,4206,4199,8116,8679,11783,13348,21710,23632,29093,30600,23543,26266,16628,21114,5122,9660,2,2,1241,1418,2666,3803,3699,5919,6508,10186,10060,12180,14461,16317,13427,17194,4693,8723,177762,86629,27762,17531,46328,22451,5875,14,13
2021-06-08T23:59:59+02:00,21,13,4078,4100,7716,8453,11297,13057,21484,23451,28893,30445,23485,26193,16596,21073,5116,9651,2,2,1164,1391,2530,3744,3540,5849,5611,9435,9587,11814,14123,15909,13201,16953,4679,8701,176013,86265,27392,15376,46303,21180,5401,14,13
2021-06-07T23:59:59+02:00,16,11,3958,4024,7476,8348,11007,12878,21280,23337,28739,30327,23427,26139,16578,21048,5112,9643,2,2,1116,1275,2408,3680,3410,5786,5445,9359,9376,11686,13892,15650,13045,16784,4672,8683,174781,86074,27383,15371,46295,19937,4876,14,13
2021-06-06T23:59:59+02:00,14,11,3841,3966,7239,8229,10757,12714,21093,23249,28653,30235,23396,26105,16566,21030,5109,9638,2,2,1096,1258,2344,3645,3314,5731,5338,9284,9257,11585,13736,15494,12972,16690,4669,8676,173630,85878,27365,15366,46285,19284,4552,14,13
2021-06-05T23:59:59+02:00,14,11,3812,3929,7200,8189,10580,12562,20465,22738,28491,30091,23346,26060,16552,21011,5109,9634,2,1,1064,1159,2176,3191,3081,5191,5169,8951,8477,10628,13083,14652,12860,16543,4658,8666,171591,80484,27365,15366,46284,19147,4542,13,13
2021-06-04T23:59:59+02:00,14,11,3782,3902,7161,8162,10482,12470,20100,22408,28387,29994,23311,26022,16538,21002,5107,9633,2,1,1032,1092,2078,2879,2921,4713,5012,8580,7961,9970,11582,12932,12733,16346,4651,8648,170304,74096,27352,15365,46283,19124,4535,13,13
2021-06-03T23:59:59+02:00,9,7,3646,3801,6943,8021,9927,12046,18877,21476,27989,29682,23177,25881,16485,20940,5103,9619,2,1,982,1047,1990,2768,2783,4554,4808,8273,7596,9520,11202,12533,12623,16232,4648,8635,165547,72305,27341,15362,46279,18067,4450,13,13
2021-06-02T23:59:59+02:00,9,7,3638,3793,6930,8004,9915,12035,18688,21295,27917,29633,23154,25860,16479,20931,5100,9617,2,1,977,1039,1978,2739,2760,4535,4597,8088,7060,9031,11165,12492,12608,16217,4644,8629,165476,72197,26796,13868,46279,18042,4442,13,13
2021-06-01T23:59:59+02:00,8,6,3512,3718,6689,7855,9631,11840,18231,20950,27679,29437,23061,25758,16438,20878,5097,9605,2,1,940,991,1892,2669,2680,4460,4318,7854,6461,8497,10950,12278,12510,16116,4639,8617,163780,71748,26018,12576,46265,17220,4318,13,13
2021-05-31T23:59:59+02:00,8,6,3466,3674,6598,7788,9495,11738,18105,20860,27587,29360,22994,25696,16421,20849,5092,9598,2,1,911,963,1822,2626,2601,4417,4210,7790,6339,8419,10763,12108,12409,16000,4629,8609,162933,71379,25989,12569,46252,16509,4149,13,13
2021-05-30T23:59:59+02:00,8,5,3435,3649,6533,7732,9403,11645,18016,20781,27511,29289,22949,25651,16399,20821,5086,9588,2,1,904,955,1811,2617,2588,4405,4181,7765,6286,8378,10702,12029,12375,15957,4624,8600,162223,71338,25983,12566,46235,16215,4048,13,13
2021-05-29T23:59:59+02:00,8,5,3424,3632,6498,7704,9359,11606,17978,20741,27363,29183,22894,25577,16384,20801,5083,9584,1,1,868,936,1754,2571,2516,4321,3990,7509,6011,8079,8492,9367,12182,15615,4609,8571,161560,65078,25983,12564,46221,15690,4048,13,13
2021-05-28T23:59:59+02:00,8,5,3361,3577,6368,7627,9219,11474,17820,20609,27180,29060,22833,25499,16364,20783,5082,9583,1,1,855,923,1735,2548,2478,4266,3838,7213,5816,7815,5777,6247,11909,15216,4593,8522,160204,58179,25981,12564,46216,14958,4039,13,13
2021-05-27T23:59:59+02:00,8,5,3217,3454,6082,7447,8616,11141,17344,20270,26767,28713,22665,25334,16306,20720,5075,9565,1,1,808,866,1650,2452,2360,4132,3416,6242,5394,7215,5616,6071,11828,15141,4587,8505,156735,57694,25921,12517,46210,12210,3851,13,13
2021-05-26T23:59:59+02:00,8,5,3111,3370,5862,7280,8247,10856,16880,19963,26466,28476,22515,25201,16254,20646,5062,9545,1,1,792,856,1597,2427,2307,4100,3343,6166,5295,7142,5480,5944,11762,15073,4582,8493,154037,57611,25902,12515,46188,11614,3608,13,13
2021-05-25T23:59:59+02:00,8,5,3020,3308,5720,7163,8051,10692,15878,19185,26112,28122,22356,25043,16201,20566,5055,9535,1,1,773,839,1560,2380,2236,4040,3267,6094,5209,7079,5312,5774,11654,14992,4574,8481,152474,57540,23983,12325,46170,11006,3382,12,13
2021-05-24T23:59:59+02:00,8,5,2956,3292,5634,7118,7935,10630,14963,18494,25697,27811,22262,24938,16170,20530,5048,9523,1,1,764,837,1539,2363,2194,4003,3222,6046,5132,6999,5210,5666,11572,14916,4573,8475,151752,57502,21909,12249,46161,10568,3181,12,13
2021-05-23T23:59:59+02:00,8,4,2953,3287,5625,7110,7926,10622,14957,18493,25696,27810,22262,24938,16170,20530,5048,9523,1,1,762,834,1531,2356,2181,3990,3203,6031,5111,6966,5165,5614,11556,14893,4572,8473,151720,57494,21909,12249,46159,10321,3163,12,13
2021-05-22T23:59:59+02:00,7,4,2916,3243,5547,7059,7826,10536,14758,18330,25413,27564,22162,24851,16137,20486,5045,9518,1,1,740,814,1483,2302,2129,3909,3091,5909,4794,6391,4594,4865,10908,14068,4562,8434,150182,54245,21909,12249,46159,9347,3141,12,13
2021-05-21T23:59:59+02:00,5,4,2844,3171,5420,6958,7699,10389,14499,18101,25118,27328,22047,24743,16104,20438,5041,9509,1,1,713,761,1414,2173,2028,3640,2907,5576,4313,5496,4178,4326,10162,13128,4496,8308,148237,50498,21908,12249,46153,7751,3110,11,13
2021-05-20T23:59:59+02:00,5,4,2713,3015,5137,6703,7414,10018,14037,17616,24508,26777,21774,24447,16010,20317,5027,9479,0,1,700,751,1388,2149,1990,3606,2853,5519,4231,5417,4050,4222,10085,13065,4487,8296,144082,50401,21898,12238,46128,7275,2883,11,13
2021-05-19T23:59:59+02:00,5,4,2660,2962,5039,6561,7271,9837,12895,16580,24244,26486,21677,24319,15967,20256,5018,9472,0,1,683,725,1362,2101,1957,3520,2790,5372,4137,5309,3969,4132,10033,13000,4484,8292,142700,50370,19832,12172,46057,6658,2654,11,13
2021-05-18T23:59:59+02:00,5,4,2634,2937,4991,6528,7218,9805,12541,16306,24064,26333,21585,24230,15937,20203,5011,9460,0,1,654,667,1306,1973,1883,3319,2691,5163,4008,5112,3746,3854,9950,12920,4475,8282,142414,50345,18980,11170,46013,6101,2375,11,13
2021-05-17T23:59:59+02:00,5,4,2608,2918,4946,6458,7130,9697,12388,16127,23914,26170,21532,24180,15918,20181,5006,9452,0,1,646,653,1290,1937,1862,3271,2643,5055,3929,4997,3608,3702,9881,12857,4472,8274,141439,50321,18972,11160,45996,5367,2217,11,13
2021-05-16T23:59:59+02:00,5,4,2596,2905,4924,6391,7092,9614,12331,16053,23862,26109,21508,24163,15908,20167,5003,9449,0,1,641,649,1280,1934,1845,3262,2622,5043,3900,4973,3554,3635,9842,12825,4471,8272,141004,50306,18962,11149,45976,5150,2131,11,13
2021-05-15T23:59:59+02:00,4,4,2473,2769,4736,6185,6901,9426,11812,15634,23271,25557,21401,24045,15874,20124,5000,9441,0,1,592,586,1198,1845,1710,3109,2335,4734,3449,4463,3222,3206,9678,12620,4447,8243,137608,47346,18961,11149,45971,4824,2106,11,13
2021-05-14T23:59:59+02:00,4,4,2359,2593,4540,5962,6623,9114,11274,15122,22704,24987,21255,23905,15838,20066,4996,9430,0,1,530,510,1095,1724,1549,2894,2005,4329,2847,3874,2836,2769,9593,12471,4443,8239,133785,44411,18954,11147,45948,4060,2078,11,13
2021-05-13T23:59:59+02:00,4,4,2182,2309,4218,5578,6197,8643,10713,14433,21667,24071,20973,23631,15778,19967,4989,9415,0,1,526,510,1082,1709,1534,2876,1996,4305,2830,3853,2819,2755,9586,12467,4442,8239,127883,44359,18900,11138,45923,3965,2055,11,13
2021-05-12T23:59:59+02:00,4,4,2181,2307,4209,5575,6188,8637,10611,14311,21613,24031,20968,23620,15773,19959,4988,9415,0,1,519,488,1046,1655,1484,2797,1913,4218,2771,3794,2738,2660,9535,12394,4442,8239,127832,44356,18576,10311,45923,3962,2052,11,13
2021-05-11T23:59:59+02:00,4,4,2060,2268,4124,5512,6061,8522,10302,14060,21420,23869,20890,23548,15758,19927,4984,9410,0,1,494,464,985,1595,1414,2706,1814,4078,2698,3719,2584,2432,9470,12293,4441,8239,126883,44338,18239,9473,45640,3653,1950,11,13
2021-05-10T23:59:59+02:00,4,4,2021,2192,4017,5390,5924,8344,9513,13297,21041,23549,20799,23458,15719,19873,4974,9397,0,1,482,436,949,1532,1349,2615,1725,3917,2616,3627,2558,2413,9460,12275,4437,8234,125742,44325,16399,9293,45536,3167,1828,11,13
2021-05-09T23:59:59+02:00,4,4,1989,2179,3980,5352,5871,8296,9444,13228,20971,23476,20763,23417,15704,19846,4971,9383,0,1,475,429,926,1488,1323,2566,1691,3855,2578,3584,2549,2400,9449,12258,4437,8226,125294,44265,16395,9290,45439,2928,1739,11,13
2021-05-08T23:59:59+02:00,4,4,1926,2076,3798,5177,5597,8089,9134,12942,19838,22548,20568,23224,15671,19777,4966,9371,0,1,406,400,863,1448,1246,2493,1603,3754,2359,3371,2001,1973,9355,12172,4436,8226,121138,42784,16394,9289,45436,2293,1738,4,3
2021-05-07T23:59:59+02:00,4,4,1840,1963,3618,5008,5277,7794,8722,12567,18586,21272,20384,23011,15626,19720,4957,9352,0,1,321,345,753,1373,1114,2364,1469,3612,2183,3178,1631,1632,8867,11724,4435,8224,116192,41047,16390,9284,45413,1186,1706,4,3
2021-05-06T23:59:59+02:00,4,4,1656,1854,3333,4752,4826,7387,8080,12006,17341,20030,20051,22633,15518,19555,4947,9341,0,1,304,336,734,1343,1074,2317,1420,3528,2116,3110,1596,1577,8850,11693,4429,8221,110330,41027,16383,9278,45177,917,1424,4,3
2021-05-05T23:59:59+02:00,4,3,1586,1824,3248,4665,4747,7282,7952,11855,17187,19884,19931,22513,15441,19458,4925,9245,0,1,294,325,691,1292,1013,2243,1338,3379,2008,2993,1503,1478,8432,11125,4423,8204,109561,40990,16240,8149,45006,661,939,4,3
2021-05-04T23:59:59+02:00,4,3,1559,1795,3200,4587,4688,7171,7702,11559,16625,19304,19843,22381,15365,19360,4895,9131,0,1,278,313,668,1262,992,2189,1280,3259,1895,2835,1430,1372,8361,11021,4418,8186,108848,40963,14895,7873,44901,397,524,4,3
2021-05-03T23:59:59+02:00,4,3,1551,1791,3190,4572,4650,7146,7448,11325,15931,18708,19779,22295,15339,19326,4889,9121,0,1,263,293,646,1178,942,2101,1217,3120,1797,2698,1364,1291,8336,10986,4414,8177,108755,40953,13297,7665,44861,52,151,4,3
2021-05-02T23:59:59+02:00,4,3,1550,1789,3183,4570,4645,7143,7434,11315,15912,18697,19762,22287,15339,19324,4888,9121,0,1,263,290,643,1177,937,2098,1207,3114,1789,2692,1350,1284,8335,10981,4413,8177,108727,40930,13294,7663,44835,49,106,4,3
2021-05-01T23:59:59+02:00,4,3,1420,1646,2906,4321,4178,6787,6815,10833,13976,16816,19380,21889,15248,19208,4885,9105,0,1,261,290,640,1175,936,2095,1205,3112,1787,2688,1345,1280,8333,10979,4413,8177,101191,40899,13294,7663,44829,49,103,3,3
2021-04-30T23:59:59+02:00,3,3,1300,1501,2688,4100,3849,6391,6248,10241,12189,14782,18922,21348,15144,19066,4871,9094,0,1,256,289,633,1168,920,2087,1192,3102,1776,2674,1335,1271,8329,10974,4412,8176,93583,40853,13294,7663,44829,45,31,3,3
2021-04-29T23:59:59+02:00,2,3,1187,1439,2522,3975,3610,6188,5891,9940,10848,13501,18661,21071,15101,18996,4867,9088,0,1,255,285,628,1160,908,2081,1172,3097,1745,2637,1309,1247,8323,10965,4412,8176,88898,40820,13285,7529,44690,35,14,3,3
2021-04-28T23:59:59+02:00,2,3,1134,1433,2471,3955,3559,6164,5828,9907,10750,13432,18629,21037,15093,18980,4867,9085,0,1,255,284,625,1159,905,2079,1167,3093,1737,2636,1302,1228,7877,10442,4412,8176,88628,40796,13235,6536,44450,31,13,3,2
2021-04-27T23:59:59+02:00,2,3,1089,1406,2366,3910,3494,6135,5708,9850,10633,13354,18595,20997,15080,18965,4865,9083,0,1,254,284,623,1151,904,2077,1162,3090,1733,2632,1290,1211,7459,9860,4412,8176,88113,40776,13181,5503,44226,26,12,3,2
2021-04-26T23:59:59+02:00,2,3,1049,1377,2275,3817,3367,6035,5540,9729,10329,13095,18533,20942,15071,18947,4863,9083,0,1,253,283,622,1149,898,2073,1155,3087,1715,2623,1275,1198,7450,9840,4412,8176,86775,40689,13170,5482,44097,25,12,3,2
2021-04-25T23:59:59+02:00,2,3,1046,1375,2267,3814,3360,6030,5520,9721,10295,13064,18523,20930,15070,18941,4863,9082,0,1,252,283,622,1149,898,2073,1153,3087,1715,2623,1275,1198,7450,9838,4412,8176,86752,40687,13162,5480,43978,25,11,3,2
2021-04-24T23:59:59+02:00,2,2,1004,1262,2079,3276,3089,5414,5328,9308,9459,12017,17815,20033,14957,18781,4855,9071,0,1,251,282,621,1148,898,2072,1153,3086,1709,2618,1272,1193,7448,9836,4412,8175,80624,40662,13162,5476,43953,25,10,3,2
2021-04-23T23:59:59+02:00,1,2,971,1178,1967,2930,2906,4862,5132,8879,8903,11295,16184,18168,14808,18575,4847,9048,0,1,251,282,620,1148,896,2070,1152,3086,1708,2617,1267,1188,7444,9834,4412,8174,73589,40648,13161,5465,43893,25,10,3,2
2021-04-22T23:59:59+02:00,1,2,966,1166,1948,2914,2886,4842,5075,8833,8788,11190,16111,18091,14781,18545,4845,9043,0,1,249,282,616,1147,893,2069,1144,3074,1692,2597,1243,1166,7439,9826,4412,8174,73537,40634,13103,5354,43374,24,10,3,2
2021-04-21T23:59:59+02:00,1,2,956,1158,1934,2902,2858,4816,5029,8778,8680,11067,16025,18006,14752,18511,4845,9038,0,1,245,279,606,1138,879,2039,1134,3049,1682,2570,1230,1152,7213,9508,4411,8174,73494,40625,13045,4650,42806,23,10,3,2
2021-04-20T23:59:59+02:00,1,2,929,1110,1882,2788,2785,4653,4935,8599,8506,10858,15792,17724,14693,18452,4838,9032,0,1,232,276,588,1117,853,2007,1105,3023,1647,2529,1210,1138,7204,9503,4410,8174,73455,40604,11916,4383,42195,19,10,3,1
2021-04-19T23:59:59+02:00,1,2,920,1102,1848,2768,2735,4628,4811,8538,8306,10746,15700,17626,14671,18433,4838,9026,0,1,226,268,570,1096,834,1974,1087,2980,1601,2474,1192,1119,7197,9500,4408,8173,73054,40568,11895,4104,41737,17,10,3,1
2021-04-18T23:59:59+02:00,1,2,917,1101,1843,2762,2727,4616,4793,8527,8266,10703,15650,17567,14661,18416,4837,9024,0,1,226,268,570,1095,833,1974,1086,2980,1601,2473,1192,1118,7195,9499,4407,8173,73008,40561,11891,4102,41501,17,10,3,1
2021-04-17T23:59:59+02:00,0,2,885,1086,1794,2723,2658,4536,4638,8384,8002,10474,13278,14666,14462,18062,4820,8990,0,1,224,268,570,1092,829,1967,1074,2971,1590,2453,1153,1075,6862,9085,4382,8125,66177,39602,11891,4091,41379,17,10,3,1
2021-04-16T23:59:59+02:00,0,2,879,1080,1782,2713,2616,4496,4546,8300,7822,10280,10436,11416,14192,17644,4801,8935,0,1,223,264,568,1088,824,1963,1065,2968,1582,2440,1142,1060,6856,9079,4380,8122,58898,39523,11889,4074,41140,17,10,3,1
2021-04-15T23:59:59+02:00,0,2,867,1075,1760,2699,2573,4463,4428,8239,7592,10079,10185,11198,14130,17578,4794,8921,0,1,221,263,568,1086,823,1961,1062,2965,1579,2437,1136,1055,6854,9077,4380,8122,58874,39508,11887,4055,39809,16,10,3,1
2021-04-14T23:59:59+02:00,0,2,849,1048,1701,2617,2483,4339,4238,8055,7317,9795,9811,10713,13981,17397,4788,8909,0,1,197,238,527,1034,800,1894,1026,2885,1528,2374,1110,1025,6849,9069,4380,8121,58837,39492,10939,3541,38254,14,10,3,1
2021-04-13T23:59:59+02:00,0,2,825,1026,1664,2565,2416,4256,4137,7916,7104,9575,9403,10195,13835,17230,4783,8895,0,1,162,215,492,986,759,1801,991,2775,1475,2304,1091,990,6833,9058,4379,8121,58788,39428,9989,2986,37037,8,10,3,1
2021-04-12T23:59:59+02:00,0,2,820,1024,1645,2561,2387,4243,4085,7865,6963,9403,9137,9880,13772,17170,4772,8878,0,1,151,201,464,946,737,1737,971,2703,1431,2254,1069,973,6816,9038,4376,8116,58730,39311,9958,2654,35906,8,10,3,1
2021-04-11T23:59:59+02:00,0,2,819,1023,1634,2561,2373,4240,4062,7853,6898,9341,9003,9715,13745,17122,4767,8869,0,1,151,201,464,944,735,1735,969,2703,1429,2254,1069,973,6814,9038,4376,8116,58716,39301,9956,2653,35342,7,10,3,1
2021-04-10T23:59:59+02:00,0,2,803,1019,1605,2532,2336,4211,3992,7794,6765,9224,8445,8981,13078,16269,4756,8827,0,1,148,200,462,941,729,1732,969,2696,1420,2247,1055,957,6342,8539,4360,8100,55379,38229,9955,2651,35292,7,10,3,1
2021-04-09T23:59:59+02:00,0,2,782,991,1564,2483,2270,4131,3839,7634,6418,8891,7918,8321,12256,15245,4684,8688,0,1,146,198,460,935,722,1724,960,2686,1405,2236,1033,934,6100,8267,4340,8073,51390,37555,9948,2647,34766,7,10,3,1
2021-04-08T23:59:59+02:00,0,2,772,981,1537,2459,2204,4082,3706,7545,6164,8590,7302,7666,12094,15045,4673,8672,0,1,146,196,455,931,717,1717,952,2675,1396,2223,1021,931,6097,8265,4339,8073,51356,37532,9923,2585,32202,7,10,3,1
2021-04-07T23:59:59+02:00,0,2,765,972,1511,2441,2145,4044,3619,7475,5933,8325,6745,7032,11484,14296,4660,8644,0,1,127,189,423,884,671,1648,895,2605,1346,2154,1000,915,6089,8259,4338,8073,51326,37508,8765,2092,29990,7,9,3,1
2021-04-06T23:59:59+02:00,0,2,760,970,1499,2433,2116,4021,3546,7426,5752,8153,6299,6524,11281,14079,4645,8613,0,1,104,168,375,824,626,1573,851,2505,1293,2090,974,898,6070,8244,4336,8069,51257,37477,8580,1508,28271,7,8,3,1
2021-04-05T23:59:59+02:00,0,2,755,966,1483,2425,2090,4011,3495,7400,5608,8042,6094,6306,11214,13992,4639,8603,0,1,98,165,374,822,619,1564,842,2490,1280,2071,946,867,4964,6841,4259,7963,51057,34652,8576,1498,27481,7,8,3,1
2021-04-04T23:59:59+02:00,0,2,753,960,1481,2423,2086,4009,3477,7393,5598,8035,6083,6286,11200,13974,4637,8600,0,1,98,165,372,820,616,1559,835,2483,1265,2052,923,845,3954,5680,4193,7857,51042,32204,8574,1498,27370,7,8,3,1
2021-04-03T23:59:59+02:00,0,2,702,904,1399,2352,1963,3870,3216,7132,5137,7544,5738,5829,11028,13755,4609,8572,0,1,94,165,372,819,616,1557,834,2483,1265,2052,923,845,3954,5677,4193,7856,47799,32192,8574,1498,27368,7,8,3,1
2021-04-02T23:59:59+02:00,0,2,659,870,1343,2284,1865,3756,2963,6871,4619,7064,5346,5369,10928,13589,4604,8566,0,1,93,165,372,819,616,1557,833,2483,1263,2051,920,842,3951,5674,4192,7856,44866,32176,8573,1497,27249,7,7,3,1
2021-04-01T23:59:59+02:00,0,2,656,867,1333,2279,1845,3748,2934,6857,4544,6991,5237,5259,10889,13540,4603,8561,0,1,93,165,370,815,614,1553,833,2480,1259,2047,910,841,3946,5671,4191,7855,44849,32164,8428,1465,26858,7,7,3,1
2021-03-31T23:59:59+02:00,0,2,654,865,1325,2262,1837,3738,2906,6829,4481,6945,5097,5097,10374,12931,4599,8553,0,1,93,165,369,815,614,1553,833,2480,1257,2047,909,841,3946,5670,4191,7854,44836,32158,7295,1465,26355,7,7,2,1
2021-03-30T23:59:59+02:00,0,2,645,862,1307,2242,1808,3709,2869,6794,4395,6856,4928,4903,9846,12230,4592,8539,0,1,88,163,368,811,609,1551,828,2474,1249,2044,899,831,3938,5667,4190,7853,44812,32137,6106,1412,25600,7,7,2,1
2021-03-29T23:59:59+02:00,0,2,640,853,1294,2209,1790,3678,2838,6752,4323,6770,4728,4705,9760,12136,4589,8525,0,1,88,163,368,809,604,1547,826,2468,1244,2036,891,825,3930,5659,4190,7853,44742,32123,5888,1365,24953,6,7,2,1
2021-03-28T23:59:59+02:00,0,2,637,851,1291,2206,1776,3668,2822,6740,4288,6718,4633,4595,9724,12072,4584,8518,0,1,88,163,368,808,604,1547,823,2468,1242,2036,890,825,3929,5659,4190,7853,44720,32121,5879,1359,24517,6,7,2,1
2021-03-27T23:59:59+01:00,0,2,633,846,1281,2202,1759,3651,2794,6710,4125,6575,4054,4141,9495,11826,4571,8499,0,1,88,163,366,806,602,1545,821,2465,1234,2030,886,821,3750,5369,4083,7680,42774,31337,5875,1359,24506,6,7,2,1
2021-03-26T23:59:59+01:00,0,2,628,838,1273,2191,1737,3634,2769,6688,4049,6497,3645,3774,8893,11267,4558,8485,0,1,88,163,366,805,601,1542,817,2462,1224,2026,873,808,3023,4425,3874,7332,40832,29057,5862,1359,24225,6,7,2,1
2021-03-25T23:59:59+01:00,0,2,621,833,1260,2177,1718,3610,2710,6649,3965,6419,3471,3555,8782,11156,4552,8479,0,1,88,163,366,805,601,1541,817,2461,1222,2026,873,808,3022,4424,3873,7331,40818,29049,5754,1359,23378,6,7,2,1
2021-03-24T23:59:59+01:00,0,2,616,825,1227,2151,1673,3565,2632,6580,3808,6267,3152,3190,8371,10605,4543,8466,0,1,84,161,354,792,585,1523,784,2427,1172,1994,839,770,3013,4418,3873,7328,40794,28746,4995,1358,21875,6,7,2,1
2021-03-23T23:59:59+01:00,0,2,604,817,1202,2120,1631,3517,2550,6500,3659,6113,2771,2805,8154,10387,4535,8447,0,1,79,157,342,772,550,1492,723,2363,1071,1912,756,710,2976,4383,3869,7324,40749,28115,4704,1351,20353,6,7,1,1
2021-03-22T23:59:59+01:00,0,2,581,707,1165,2067,1598,3461,2497,6430,3518,5983,2529,2566,7823,10032,4519,8411,0,1,79,156,342,772,550,1490,721,2361,1068,1912,754,706,2972,4378,3867,7321,40281,28085,4383,1351,19217,6,7,1,1
2021-03-21T23:59:59+01:00,0,2,580,704,1159,2058,1586,3451,2480,6415,3480,5949,2387,2401,7730,9920,4510,8396,0,1,79,156,342,771,550,1490,721,2361,1068,1912,754,706,2972,4377,3867,7320,40276,28082,4369,1351,18555,6,7,1,1
2021-03-20T23:59:59+01:00,0,2,579,704,1157,2051,1579,3444,2474,6408,3462,5926,2354,2363,7238,9403,4493,8379,0,1,79,156,342,771,549,1490,719,2360,1068,1910,754,706,2972,4375,3865,7318,39233,28070,4357,1351,18418,6,7,1,1
2021-03-19T23:59:59+01:00,0,2,572,696,1138,2031,1544,3420,2406,6270,3398,5819,2172,2180,6929,9083,4471,8354,0,1,79,156,341,766,545,1487,714,2352,1059,1897,745,699,2542,3772,3442,6565,38623,25801,4340,1351,17514,2,7,1,1
2021-03-18T23:59:59+01:00,0,2,557,679,1118,2002,1517,3390,2366,6202,3323,5731,2018,1983,6808,8963,4465,8343,0,1,78,156,341,765,544,1487,713,2348,1055,1896,738,696,2492,3700,3415,6523,38602,25610,4328,1329,16530,2,6,1,1
2021-03-17T23:59:59+01:00,0,1,528,650,1073,1946,1480,3305,2288,6084,3170,5575,1763,1716,6642,8810,4455,8328,0,1,77,152,329,738,528,1443,691,2290,1017,1855,721,677,2252,3406,3328,6393,38530,24632,3798,1257,15479,2,6,1,1
2021-03-16T23:59:59+01:00,0,1,485,622,1033,1891,1428,3201,2223,5930,3055,5441,1563,1491,6507,8662,4444,8305,0,1,71,137,308,682,498,1367,662,2155,987,1727,671,627,2137,3268,3302,6306,38472,23873,3182,1025,14622,2,5,1,1
2021-03-15T23:59:59+01:00,0,1,473,610,1000,1842,1395,3134,2193,5845,2968,5357,1437,1356,5921,7973,4404,8241,0,1,68,130,294,624,483,1247,624,2025,947,1614,642,606,2099,3228,3287,6242,37231,23466,2829,692,14089,2,0,1,1
2021-03-14T23:59:59+01:00,0,1,468,603,991,1830,1391,3116,2177,5827,2933,5330,1394,1305,5525,7525,4381,8223,0,1,67,125,290,601,477,1220,618,1969,937,1589,642,606,2099,3228,3286,6240,36408,23460,2824,532,13787,2,0,1,1
2021-03-13T23:59:59+01:00,0,1,448,584,954,1782,1338,3052,1920,5239,2692,4915,1288,1192,4863,6675,4333,8150,0,1,67,125,289,598,475,1218,616,1967,936,1585,640,602,1736,2742,2758,5478,34722,21298,2820,532,11883,2,0,1,1
2021-03-12T23:59:59+01:00,0,1,432,563,933,1738,1307,2969,1717,4453,2486,4466,1216,1109,4165,5879,4286,8068,0,1,67,123,288,594,475,1215,614,1958,932,1579,637,595,1408,2198,2214,4682,33046,19046,2817,532,9924,1,0,1,1
2021-03-11T23:59:59+01:00,0,1,428,556,924,1724,1292,2950,1692,4417,2449,4429,1142,1053,4121,5842,4283,8064,0,1,67,115,282,572,461,1163,605,1909,913,1543,625,583,1402,2180,2205,4631,33007,18795,2721,460,9638,1,0,1,1
2021-03-10T23:59:59+01:00,0,1,409,544,878,1665,1236,2872,1618,4320,2382,4336,1108,1030,4105,5825,4282,8062,0,1,67,115,280,568,458,1156,600,1886,913,1538,620,575,1341,2093,2160,4574,32992,18508,2150,435,9530,1,0,1,1
2021-03-09T23:59:59+01:00,0,1,388,528,833,1616,1193,2808,1576,4237,2339,4283,1087,1019,4099,5818,4281,8060,0,1,65,114,279,567,457,1145,598,1874,907,1533,617,569,1135,1782,2042,4395,32945,17670,1704,408,9516,1,0,1,1
2021-03-08T23:59:59+01:00,0,1,381,517,822,1600,1185,2791,1569,4211,2327,4270,1074,1007,4062,5770,4279,8055,0,1,64,114,275,562,453,1139,597,1870,903,1531,617,569,1066,1691,1997,4350,32815,17413,1607,384,9498,1,0,1,1
2021-03-07T23:59:59+01:00,0,1,380,514,822,1599,1183,2789,1566,4204,2317,4265,1067,999,4056,5764,4278,8054,0,1,62,111,266,540,441,1113,581,1770,868,1456,616,569,962,1560,1945,4280,32799,17048,1567,92,9491,0,0,1,1
2021-03-06T23:59:59+01:00,0,1,372,498,803,1566,1159,2731,1525,4136,2123,3767,1037,962,3883,5491,4176,7889,0,1,62,111,266,540,441,1112,581,1770,868,1456,616,569,959,1559,1942,4279,32081,17039,1567,92,8470,0,0,1,1
2021-03-05T23:59:59+01:00,0,1,359,459,771,1462,1109,2515,1450,3923,1909,3101,1006,917,3126,4525,3971,7545,0,1,62,110,265,537,438,1106,580,1765,864,1453,613,567,920,1501,1919,4237,29760,16845,1566,92,6822,0,0,1,1
2021-03-04T23:59:59+01:00,0,1,346,450,763,1442,1096,2492,1431,3894,1886,3082,992,913,3122,4521,3968,7543,0,1,61,109,262,534,434,1090,570,1743,863,1445,611,565,883,1447,1896,4200,29747,16684,1527,29,6667,0,0,1,1
2021-03-03T23:59:59+01:00,0,1,337,419,744,1391,1066,2409,1381,3739,1807,2985,959,867,3112,4515,3968,7540,0,1,60,108,259,531,433,1086,568,1734,860,1441,611,564,863,1394,1807,4053,29432,16345,1527,27,6280,0,0,1,1
2021-03-02T23:59:59+01:00,0,1,331,411,729,1368,1018,2364,1313,3654,1691,2886,871,801,3069,4476,3962,7535,0,1,60,108,258,527,432,1078,568,1728,860,1437,610,564,863,1394,1807,4052,28792,16319,1463,27,6224,0,0,1,1
2021-03-01T23:59:59+01:00,0,1,327,397,722,1321,1005,2306,1293,3571,1664,2837,852,792,3061,4466,3961,7535,0,1,60,107,257,523,427,1064,564,1715,851,1429,609,562,767,1239,1750,3972,28751,15869,1411,27,5948,0,0,1,1
2021-02-28T23:59:59+01:00,0,1,322,385,714,1282,991,2229,1280,3484,1641,2758,848,782,3059,4462,3960,7532,0,1,60,107,256,523,427,1063,564,1715,849,1429,609,561,670,1114,1703,3891,28737,15515,1407,26,5585,0,0,1,1
2021-02-27T23:59:59+01:00,0,1,313,364,700,1255,972,2193,1245,3415,1618,2705,830,766,3056,4462,3959,7532,0,1,60,107,256,523,427,1063,563,1715,847,1429,609,561,670,1114,1703,3891,28733,15512,1407,26,5245,0,0,1,1
2021-02-26T23:59:59+01:00,0,1,287,313,653,1190,908,2074,1155,3248,1513,2567,801,743,2619,3856,3532,6754,0,1,60,107,253,520,427,1061,561,1713,844,1423,605,559,663,1102,1694,3872,26439,15438,1407,26,4367,0,0,1,1
2021-02-25T23:59:59+01:00,0,1,282,300,639,1160,887,2032,1136,3182,1495,2522,798,739,2572,3784,3502,6710,0,1,58,104,249,512,427,1057,556,1703,841,1412,599,555,585,993,1647,3814,26220,15088,1407,24,4113,0,0,1,1
2021-02-24T23:59:59+01:00,0,1,263,291,588,1115,841,1964,1078,3087,1452,2464,782,720,2331,3482,3413,6572,0,1,57,99,244,505,421,1038,547,1681,838,1392,592,543,571,973,1636,3791,25223,14912,1407,16,3813,0,0,1,1
2021-02-23T23:59:59+01:00,0,1,251,270,559,1059,804,1889,1010,2937,1378,2362,730,670,2216,3342,3387,6479,0,1,57,97,242,499,421,1022,537,1649,830,1370,583,536,555,922,1624,3738,24417,14666,1402,16,3524,0,0,1,1
2021-02-22T23:59:59+01:00,0,1,247,264,546,996,784,1813,984,2843,1342,2302,705,648,2186,3306,3378,6416,0,1,57,96,236,493,419,1009,528,1631,826,1345,569,522,533,896,1618,3683,24012,14446,1402,15,3346,0,0,1,1
2021-02-21T23:59:59+01:00,0,1,244,257,537,971,771,1776,976,2795,1312,2276,705,646,2184,3306,3377,6415,0,1,57,96,235,493,419,1009,528,1631,826,1344,569,521,533,896,1618,3682,24006,14442,1402,15,3140,0,0,1,1
2021-02-20T23:59:59+01:00,0,1,166,227,468,922,702,1699,906,2706,1227,2176,690,631,1810,2788,2821,5612,0,1,57,96,235,493,419,1009,528,1630,826,1344,569,521,533,896,1617,3682,21729,14440,1402,15,2420,0,0,1,1
2021-02-19T23:59:59+01:00,0,1,83,166,357,841,575,1567,773,2557,1091,2024,674,610,1502,2273,2272,4819,0,1,57,96,235,493,419,1008,528,1630,826,1344,569,521,527,894,1615,3676,19520,14423,1402,15,1262,0,0,1,1
2021-02-18T23:59:59+01:00,0,1,80,161,345,791,554,1478,740,2417,1058,1956,658,599,1493,2254,2263,4767,0,1,54,89,229,471,405,941,513,1550,806,1271,555,507,521,876,1612,3654,19276,14039,1377,15,961,0,0,1,1
2021-02-17T23:59:59+01:00,0,1,79,153,331,768,545,1445,711,2324,1021,1856,653,589,1435,2166,2215,4717,0,1,54,86,227,462,397,903,502,1485,787,1189,542,495,519,874,1612,3654,19015,13773,1304,15,689,0,0,1,1
2021-02-16T23:59:59+01:00,0,1,74,148,316,728,517,1371,679,2216,996,1751,642,582,1191,1819,2091,4534,0,1,53,77,226,455,391,873,489,1420,761,1123,521,482,517,874,1609,3653,18094,13522,1065,2,496,0,0,1,1
2021-02-15T23:59:59+01:00,0,1,69,132,290,623,482,1229,623,2003,946,1592,633,580,1108,1712,2039,4469,0,1,53,77,224,450,387,867,488,1416,759,1116,521,482,516,869,1608,3650,17764,13483,727,0,39,0,0,1,1
2021-02-14T23:59:59+01:00,0,1,68,125,285,597,477,1200,612,1949,932,1570,633,580,1010,1588,1992,4412,0,1,53,77,224,450,387,867,488,1414,759,1116,521,482,516,869,1608,3650,17435,13481,572,0,23,0,0,1,1
2021-02-13T23:59:59+01:00,0,1,68,124,285,596,476,1196,611,1947,930,1567,632,579,1009,1579,1988,4409,0,1,53,77,224,449,385,862,487,1409,757,1115,519,480,499,831,1349,3180,17401,12676,572,0,23,0,0,1,1
2021-02-12T23:59:59+01:00,0,1,67,124,284,595,472,1192,611,1944,927,1566,629,578,971,1528,1968,4368,0,1,53,77,224,445,381,853,482,1400,751,1108,512,472,481,790,986,2468,17232,11483,572,0,20,0,0,1,1
2021-02-11T23:59:59+01:00,0,1,66,117,281,582,459,1165,605,1918,920,1554,628,577,928,1471,1946,4329,0,1,53,74,209,414,367,806,465,1326,736,1076,509,471,481,790,985,2467,17053,11230,489,0,4,0,0,1,0
2021-02-10T23:59:59+01:00,0,1,65,117,278,579,457,1160,601,1901,915,1550,628,577,919,1455,1925,4285,0,1,52,64,176,336,313,704,415,1154,656,981,474,459,476,789,985,2466,16950,10501,461,0,1,0,0,1,0
2021-02-09T23:59:59+01:00,0,1,63,115,272,575,454,1147,600,1887,908,1544,627,576,907,1419,1855,4181,0,1,43,53,125,257,236,554,333,952,554,828,439,448,472,788,982,2466,16698,9531,432,0,0,0,0,1,0
2021-02-08T23:59:59+01:00,0,1,62,115,269,566,451,1140,598,1872,901,1536,625,573,804,1266,1798,4099,0,1,38,43,87,168,173,417,270,714,495,693,432,442,469,785,981,2466,16268,8674,407,0,0,0,0,1,0
2021-02-07T23:59:59+01:00,0,1,60,112,259,543,437,1109,582,1769,866,1457,624,572,702,1140,1750,4015,0,1,37,42,83,165,170,410,265,701,490,682,430,441,469,785,981,2465,15898,8617,99,0,0,0,0,1,0
2021-02-06T23:59:59+01:00,0,1,60,112,258,543,437,1109,580,1768,863,1454,621,570,700,1132,1744,4008,0,1,34,41,82,162,167,400,261,693,479,673,422,440,433,737,741,2074,15860,7840,99,0,0,0,0,1,0
2021-02-05T23:59:59+01:00,0,1,60,112,256,539,437,1107,579,1767,861,1452,619,570,690,1125,1738,3995,0,1,32,39,78,158,162,392,253,674,462,663,416,440,427,712,337,1442,15808,6688,99,0,0,0,0,1,0
2021-02-04T23:59:59+01:00,0,1,59,110,251,533,431,1091,563,1740,857,1438,612,560,604,1008,1687,3934,0,1,31,36,73,152,156,381,238,650,445,649,410,432,422,705,335,1435,15447,6551,31,0,0,0,0,1,0
2021-02-03T23:59:59+01:00,0,1,58,105,247,526,430,1072,560,1724,855,1423,608,550,593,998,1684,3920,0,1,24,28,59,121,123,280,175,508,335,499,304,330,337,548,257,1151,15324,5080,29,0,0,0,0,1,0
2021-02-02T23:59:59+01:00,0,1,58,103,244,521,430,1054,548,1691,846,1399,595,540,581,949,1674,3869,0,1,17,21,40,78,87,186,122,343,219,360,214,220,217,344,184,756,15074,3409,29,0,0,0,0,0,0
2021-02-01T23:59:59+01:00,0,1,58,101,240,513,428,1038,540,1669,842,1376,588,534,559,920,1666,3822,0,0,7,11,20,42,48,98,65,168,95,164,100,103,90,160,77,329,14866,1577,29,0,0,0,0,0,0
2021-01-31T23:59:59+01:00,0,1,58,101,239,512,426,1034,538,1664,840,1373,588,533,559,920,1666,3821,0,0,7,11,18,38,43,84,61,142,81,148,95,101,89,159,75,327,14844,1479,29,0,0,0,0,0,0
2021-01-30T23:59:59+01:00,0,1,58,101,239,512,426,1034,538,1664,840,1373,588,533,559,920,1666,3821,0,0,7,11,18,38,43,84,61,142,81,148,95,100,89,159,75,327,14844,1478,29,0,0,0,0,0,0
2021-01-29T23:59:59+01:00,0,1,58,101,239,512,426,1034,538,1664,840,1373,588,533,559,920,1666,3821,0,0,7,11,18,38,43,84,61,142,81,148,95,100,89,159,75,327,14844,1478,29,0,0,0,0,0,0
2021-01-28T23:59:59+01:00,0,1,56,93,235,483,414,967,520,1578,816,1292,575,518,553,903,1663,3802,0,0,3,2,4,6,11,16,19,34,22,32,16,22,21,34,19,99,14446,360,23,0,0,0,0,0,0
2021-01-27T23:59:59+01:00,0,1,54,89,235,473,406,928,510,1512,796,1209,563,505,551,901,1663,3802,0,0,3,2,4,6,9,16,19,33,21,30,16,21,21,34,19,99,14177,353,21,0,0,0,0,0,0
2021-01-26T23:59:59+01:00,0,1,53,83,230,470,399,899,499,1445,771,1142,541,492,549,901,1663,3802,0,0,1,2,4,6,9,15,17,29,17,25,14,18,19,32,19,91,13921,318,19,0,0,0,0,0,0
2021-01-25T23:59:59+01:00,0,1,53,83,227,464,396,893,499,1442,770,1137,541,492,549,898,1663,3800,0,0,0,0,0,0,0,2,0,0,0,0,1,1,0,2,0,0,13891,6,17,0,0,0,0,0,0
2021-01-24T23:59:59+01:00,0,1,53,83,227,464,396,893,499,1441,770,1137,541,492,549,898,1663,3800,0,0,0,0,0,0,0,2,0,0,0,0,1,1,0,2,0,0,13890,6,17,0,0,0,0,0,0
2021-01-23T23:59:59+01:00,0,1,53,83,227,463,395,889,499,1435,769,1135,538,490,532,860,1403,3322,0,0,0,0,0,0,0,1,0,0,0,0,1,1,0,2,0,0,13077,5,17,0,0,0,0,0,0
2021-01-22T23:59:59+01:00,0,1,53,83,226,459,390,879,494,1425,764,1128,532,481,515,818,1024,2583,0,0,0,0,0,0,0,1,0,0,0,0,1,1,0,2,0,0,11839,5,16,0,0,0,0,0,0
2021-01-21T23:59:59+01:00,0,1,53,80,207,425,363,823,466,1325,737,1093,528,481,515,818,1023,2582,0,0,0,0,0,0,0,1,0,0,0,0,1,1,0,2,0,0,11504,5,16,0,0,0,0,0,0
2021-01-20T23:59:59+01:00,0,1,51,70,180,353,322,738,423,1171,667,1003,492,470,510,818,1023,2581,0,0,0,0,0,0,0,1,0,0,0,0,1,1,0,2,0,0,10857,5,16,0,0,0,0,0,0
2021-01-19T23:59:59+01:00,0,1,44,57,136,275,248,580,346,989,577,863,457,458,506,816,1023,2581,0,0,0,0,0,0,0,0,0,0,0,0,1,0,0,2,0,0,9949,3,8,0,0,0,0,0,0
2021-01-18T23:59:59+01:00,0,1,40,44,87,174,179,429,279,726,505,706,449,451,503,812,1021,2581,0,0,0,0,0,0,0,0,0,0,0,0,0,0,0,1,0,0,8987,1,0,0,0,0,0,0,0
2021-01-17T23:59:59+01:00,0,1,37,43,84,171,175,421,275,715,500,693,447,451,503,812,1021,2580,0,0,0,0,0,0,0,0,0,0,0,0,0,0,0,0,0,0,8929,0,0,0,0,0,0,0,0
2021-01-16T23:59:59+01:00,0,1,34,42,82,169,171,412,268,708,485,684,438,449,464,765,774,2183,0,0,0,0,0,0,0,0,0,0,0,0,0,0,0,0,0,0,8129,0,0,0,0,0,0,0,0
2021-01-15T23:59:59+01:00,0,1,32,40,79,164,168,406,261,691,471,676,432,448,459,741,361,1541,0,0,0,0,0,0,0,0,0,0,0,0,0,0,0,0,0,0,6971,0,0,0,0,0,0,0,0
2021-01-14T23:59:59+01:00,0,1,32,38,77,158,163,401,253,678,460,668,429,445,459,740,361,1541,0,0,0,0,0,0,0,0,0,0,0,0,0,0,0,0,0,0,6904,0,0,0,0,0,0,0,0
2021-01-13T23:59:59+01:00,0,0,24,31,61,126,128,304,193,544,351,525,326,343,374,577,282,1246,0,0,0,0,0,0,0,0,0,0,0,0,0,0,0,0,0,0,5435,0,0,0,0,0,0,0,0
2021-01-12T23:59:59+01:00,0,0,17,24,45,87,93,216,139,393,238,389,234,235,247,371,205,845,0,0,0,0,0,0,0,0,0,0,0,0,0,0,0,0,0,0,3778,0,0,0,0,0,0,0,0
2021-01-11T23:59:59+01:00,0,0,9,15,26,47,62,139,88,220,125,208,116,112,106,179,93,374,0,0,0,0,0,0,0,0,0,0,0,0,0,0,0,0,0,0,1919,0,0,0,0,0,0,0,0
2021-01-10T23:59:59+01:00,0,0,8,15,22,44,55,110,80,179,105,175,110,108,102,177,90,374,0,0,0,0,0,0,0,0,0,0,0,0,0,0,0,0,0,0,1754,0,0,0,0,0,0,0,0
2021-01-09T23:59:59+01:00,0,0,8,15,22,44,55,110,80,179,105,175,110,107,102,177,90,374,0,0,0,0,0,0,0,0,0,0,0,0,0,0,0,0,0,0,1753,0,0,0,0,0,0,0,0
2021-01-08T23:59:59+01:00,0,0,8,14,21,43,52,103,75,168,99,172,107,103,97,168,88,364,0,0,0,0,0,0,0,0,0,0,0,0,0,0,0,0,0,0,1682,0,0,0,0,0,0,0,0
2021-01-07T23:59:59+01:00,0,0,3,3,4,7,11,17,20,34,24,36,17,22,23,35,23,107,0,0,0,0,0,0,0,0,0,0,0,0,0,0,0,0,0,0,386,0,0,0,0,0,0,0,0
2021-01-06T23:59:59+01:00,0,0,3,2,4,6,9,16,20,33,21,32,17,21,23,35,23,106,0,0,0,0,0,0,0,0,0,0,0,0,0,0,0,0,0,0,371,0,0,0,0,0,0,0,0
2021-01-05T23:59:59+01:00,0,0,3,2,4,6,9,16,20,33,21,32,17,21,23,35,23,106,0,0,0,0,0,0,0,0,0,0,0,0,0,0,0,0,0,0,371,0,0,0,0,0,0,0,0
2021-01-04T23:59:59+01:00,0,0,0,0,0,0,0,2,1,0,0,0,1,1,0,2,0,0,0,0,0,0,0,0,0,0,0,0,0,0,0,0,0,0,0,0,7,0,0,0,0,0,0,0,0
2021-01-03T23:59:59+01:00,0,0,0,0,0,0,0,2,1,0,0,0,1,1,0,2,0,0,0,0,0,0,0,0,0,0,0,0,0,0,0,0,0,0,0,0,7,0,0,0,0,0,0,0,0
2021-01-02T23:59:59+01:00,0,0,0,0,0,0,0,1,1,0,0,0,1,1,0,2,0,0,0,0,0,0,0,0,0,0,0,0,0,0,0,0,0,0,0,0,6,0,0,0,0,0,0,0,0
2021-01-01T23:59:59+01:00,0,0,0,0,0,0,0,1,1,0,0,0,1,1,0,2,0,0,0,0,0,0,0,0,0,0,0,0,0,0,0,0,0,0,0,0,6,0,0,0,0,0,0,0,0
2020-12-31T23:59:59+01:00,0,0,0,0,0,0,0,1,1,0,0,0,1,1,0,2,0,0,0,0,0,0,0,0,0,0,0,0,0,0,0,0,0,0,0,0,6,0,0,0,0,0,0,0,0
2020-12-30T23:59:59+01:00,0,0,0,0,0,0,0,1,1,0,0,0,1,1,0,2,0,0,0,0,0,0,0,0,0,0,0,0,0,0,0,0,0,0,0,0,6,0,0,0,0,0,0,0,0
2020-12-29T23:59:59+01:00,0,0,0,0,0,0,0,1,1,0,0,0,1,0,0,2,0,0,0,0,0,0,0,0,0,0,0,0,0,0,0,0,0,0,0,0,5,0,0,0,0,0,0,0,0
2020-12-28T23:59:59+01:00,0,0,0,0,0,0,0,1,0,0,0,0,1,0,0,1,0,0,0,0,0,0,0,0,0,0,0,0,0,0,0,0,0,0,0,0,3,0,0,0,0,0,0,0,0
2020-12-27T23:59:59+01:00,0,0,0,0,0,0,0,0,0,0,0,0,0,0,0,0,0,0,0,0,0,0,0,0,0,0,0,0,0,0,0,0,0,0,0,0,0,0,0,0,0,0,0,0,0
