Datum,<24_1_m,<24_1_w,25-34_1_m,25-34_1_w,35-44_1_m,35-44_1_w,45-54_1_m,45-54_1_w,55-64_1_m,55-64_1_w,65-74_1_m,65-74_1_w,75-84_1_m,75-84_1_w,>84_1_m,>84_1_w,<24_2_m,<24_2_w,25-34_2_m,25-34_2_w,35-44_2_m,35-44_2_w,45-54_2_m,45-54_2_w,55-64_2_m,55-64_2_w,65-74_2_m,65-74_2_w,75-84_2_m,75-84_2_w,>84_2_m,>84_2_w,bp_1,bp_2,mo_1,mo_2,az_1,az_2,ja
2021-05-28T23:59:59+02:00,3809,4110,6377,7799,9308,11785,18962,21756,26893,28872,21836,24459,15013,19685,4115,8029,998,1126,1737,2598,2449,4394,4020,7382,5797,7453,6050,6639,11433,14975,3718,7159,157545,57116,25846,12454,45455,14396,3962
2021-05-27T23:59:59+02:00,3672,3974,6118,7636,8789,11478,18521,21422,26514,28563,21707,24314,14967,19631,4108,8015,945,1061,1653,2501,2335,4253,3555,6335,5406,6952,5901,6488,11369,14911,3714,7144,154406,56645,25795,12411,45447,11686,3781
2021-05-26T23:59:59+02:00,3546,3882,5896,7462,8405,11194,18080,21114,26221,28351,21577,24188,14923,19565,4099,8000,926,1052,1605,2481,2294,4220,3485,6273,5311,6881,5780,6371,11314,14860,3710,7134,151754,56573,25780,12409,45426,11172,3543
2021-05-25T23:59:59+02:00,3446,3814,5758,7349,8207,11027,17070,20329,25894,28025,21434,24039,14880,19498,4093,7991,903,1032,1575,2436,2228,4164,3412,6210,5230,6812,5608,6203,11229,14791,3704,7124,150244,56519,23858,12226,45412,10576,3340
2021-05-24T23:59:59+02:00,3383,3798,5668,7304,8079,10957,16151,19635,25520,27732,21354,23939,14853,19472,4086,7981,894,1030,1550,2418,2189,4129,3360,6156,5153,6733,5523,6111,11167,14728,3704,7118,149572,56490,21795,12150,45404,10182,3141
2021-05-23T23:59:59+02:00,3380,3794,5660,7296,8071,10951,16147,19634,25519,27732,21354,23939,14853,19472,4086,7981,893,1029,1544,2413,2185,4123,3356,6154,5150,6730,5517,6104,11166,14726,3704,7118,149547,56483,21795,12150,45404,10156,3123
2021-05-22T23:59:59+02:00,3338,3745,5591,7252,7968,10870,15918,19438,25268,27519,21265,23860,14827,19436,4083,7978,867,1004,1500,2363,2134,4047,3242,6017,4835,6165,4589,4935,10905,14363,3696,7083,148035,53274,21795,12150,45403,9198,3123
2021-05-21T23:59:59+02:00,3280,3669,5488,7169,7880,10752,15668,19200,25040,27322,21167,23763,14801,19395,4078,7970,833,942,1433,2236,2023,3776,3030,5652,4375,5293,3971,4124,10393,13731,3644,6978,146355,49563,21795,12150,45399,7628,3093
2021-05-20T23:59:59+02:00,3125,3490,5218,6906,7592,10389,15154,18672,24480,26796,20917,23506,14723,19288,4065,7944,818,927,1409,2216,1984,3743,2976,5588,4293,5218,3842,4022,10332,13681,3636,6969,142240,49482,21786,12140,45378,7171,2861
2021-05-19T23:59:59+02:00,3061,3433,5122,6758,7349,10123,14095,17700,24238,26527,20826,23389,14688,19234,4058,7938,798,899,1385,2163,1947,3656,2915,5441,4199,5114,3766,3942,10288,13630,3633,6965,140876,49455,19726,12079,45308,6578,2629
2021-05-18T23:59:59+02:00,3035,3410,5074,6722,7270,10062,13766,17452,24062,26380,20744,23299,14661,19190,4051,7927,760,831,1333,2023,1877,3460,2808,5234,3984,4834,3632,3760,10217,13561,3624,6956,140612,49437,18876,11086,45264,6018,2353
2021-05-17T23:59:59+02:00,3005,3384,5024,6646,7181,9955,13600,17256,23935,26242,20694,23252,14645,19169,4048,7920,751,812,1318,1985,1853,3412,2756,5126,3905,4715,3495,3609,10162,13510,3623,6948,139645,49417,18868,11077,45249,5292,2194
2021-05-16T23:59:59+02:00,2994,3363,4999,6582,7143,9873,13538,17180,23885,26183,20672,23237,14635,19157,4045,7918,746,805,1309,1983,1837,3399,2733,5116,3878,4688,3439,3539,10131,13490,3622,6946,139211,49410,18860,11066,45227,5079,2106
2021-05-15T23:59:59+02:00,2871,3244,4807,6382,6961,9681,12885,16629,23447,25786,20579,23126,14603,19118,4043,7912,685,739,1225,1893,1704,3231,2424,4792,3441,4199,3109,3124,9999,13313,3603,6924,135911,46501,18860,11066,45221,4756,2082
2021-05-14T23:59:59+02:00,2736,3049,4598,6154,6687,9367,12234,16012,22994,25340,20462,22994,14575,19068,4039,7905,613,649,1120,1773,1537,3006,2060,4380,2862,3620,2751,2706,9935,13204,3601,6920,132109,43597,18855,11064,45199,4025,2051
2021-05-13T23:59:59+02:00,2531,2736,4273,5762,6253,8875,11587,15259,22053,24510,20224,22758,14523,18989,4033,7891,609,646,1109,1757,1520,2989,2052,4356,2845,3599,2735,2691,9930,13203,3600,6920,126251,43543,18803,11056,45173,3932,2030
2021-05-12T23:59:59+02:00,2529,2733,4267,5761,6244,8868,11472,15131,22016,24482,20217,22746,14521,18983,4032,7891,599,621,1074,1698,1469,2911,1971,4270,2788,3547,2655,2597,9880,13130,3600,6920,126213,43540,18479,10232,45173,3930,2028
2021-05-11T23:59:59+02:00,2401,2696,4186,5687,6107,8746,11152,14882,21849,24336,20152,22679,14506,18956,4029,7888,566,593,1020,1634,1389,2818,1878,4131,2717,3483,2503,2373,9815,13031,3600,6920,125287,43524,18143,9400,44894,3619,1928
2021-05-10T23:59:59+02:00,2350,2611,4087,5562,5982,8584,10298,14085,21533,24057,20080,22597,14472,18906,4021,7878,550,557,985,1576,1320,2726,1784,3965,2643,3406,2481,2356,9808,13012,3597,6917,124208,43516,16302,9224,44791,3141,1802
2021-05-09T23:59:59+02:00,2316,2594,4050,5523,5930,8532,10228,14011,21472,23992,20046,22558,14457,18882,4019,7866,542,546,964,1530,1295,2678,1751,3909,2607,3362,2471,2344,9798,12994,3597,6911,123768,43456,16297,9221,44698,2909,1713
2021-05-08T23:59:59+02:00,2239,2479,3848,5351,5682,8324,9809,13655,20452,23149,19875,22384,14432,18824,4014,7857,460,513,904,1484,1218,2613,1660,3796,2332,3127,1994,1957,9723,12928,3596,6911,119672,42013,16296,9219,44693,2271,1713
2021-05-07T23:59:59+02:00,2145,2346,3648,5174,5355,8035,9385,13247,19252,21923,19710,22181,14395,18776,4006,7841,357,446,791,1407,1095,2480,1525,3654,2154,2927,1564,1612,9350,12571,3595,6910,114771,40381,16294,9217,44672,1158,1682
2021-05-06T23:59:59+02:00,1940,2223,3371,4901,4907,7635,8717,12655,18068,20714,19394,21827,14309,18639,3997,7831,339,435,767,1379,1057,2421,1474,3575,2090,2862,1529,1556,9334,12548,3590,6907,108965,40363,16288,9211,44474,888,1401
2021-05-05T23:59:59+02:00,1863,2183,3298,4815,4829,7520,8583,12500,17911,20569,19276,21713,14237,18537,3977,7745,326,419,728,1329,991,2339,1388,3416,1986,2758,1439,1459,8927,11986,3585,6891,108212,40330,16145,8093,44287,632,912
2021-05-04T23:59:59+02:00,1834,2152,3257,4732,4772,7413,8234,12105,17450,20080,19192,21592,14165,18444,3952,7642,308,406,706,1296,971,2290,1312,3272,1882,2617,1374,1358,8863,11892,3581,6876,107523,40306,14805,7818,44184,376,504
2021-05-03T23:59:59+02:00,1825,2147,3249,4719,4732,7389,7854,11760,16880,19591,19136,21515,14141,18416,3947,7632,293,380,683,1215,922,2199,1245,3129,1784,2482,1311,1284,8841,11864,3578,6867,107441,40299,13217,7611,44144,36,131
2021-05-02T23:59:59+02:00,1823,2145,3245,4717,4726,7385,7843,11748,16862,19580,19120,21509,14141,18414,3946,7632,292,379,681,1214,916,2196,1236,3122,1776,2476,1297,1277,8840,11858,3577,6867,107415,40277,13215,7609,44121,33,85
2021-05-01T23:59:59+02:00,1673,1994,2947,4453,4245,7019,7211,11236,14925,17691,18806,21175,14064,18312,3943,7619,290,379,679,1212,915,2193,1234,3120,1773,2471,1293,1274,8838,11857,3577,6867,99899,40247,13214,7609,44117,33,83
2021-04-30T23:59:59+02:00,1527,1828,2745,4210,3898,6625,6613,10613,13100,15583,18456,20773,13979,18181,3930,7612,284,378,675,1207,904,2185,1224,3112,1765,2460,1283,1264,8834,11854,3576,6867,92314,40203,13214,7609,44117,32,28
2021-04-29T23:59:59+02:00,1396,1747,2569,4082,3658,6416,6231,10293,11737,14267,18265,20565,13951,18128,3927,7606,282,374,670,1202,895,2179,1200,3106,1734,2423,1260,1239,8830,11849,3576,6867,87639,40172,13206,7478,43982,25,11
2021-04-28T23:59:59+02:00,1326,1743,2526,4066,3613,6398,6161,10257,11654,14202,18237,20534,13945,18115,3927,7603,282,373,667,1201,893,2177,1197,3102,1726,2420,1253,1219,8389,11334,3576,6867,87396,40151,13156,6493,43745,22,10
2021-04-27T23:59:59+02:00,1272,1714,2421,4021,3552,6372,6037,10196,11553,14138,18207,20502,13935,18102,3925,7602,281,372,665,1195,892,2175,1193,3099,1722,2413,1237,1201,7979,10759,3576,6867,86894,40133,13103,5466,43543,18,9
2021-04-26T23:59:59+02:00,1221,1678,2331,3925,3428,6276,5861,10069,11245,13863,18170,20483,13927,18084,3923,7602,280,371,663,1195,888,2172,1185,3095,1704,2406,1222,1186,7973,10741,3576,6867,85567,40052,13093,5446,43417,17,9
2021-04-25T23:59:59+02:00,1218,1675,2322,3923,3422,6271,5842,10061,11210,13833,18163,20474,13926,18078,3923,7602,280,371,663,1195,887,2172,1185,3095,1704,2406,1222,1186,7973,10739,3576,6867,85547,40051,13086,5444,43301,17,9
2021-04-24T23:59:59+02:00,1167,1525,2126,3375,3150,5643,5660,9682,10155,12551,17679,19847,13834,17940,3917,7594,279,370,662,1194,887,2171,1185,3094,1698,2399,1218,1183,7972,10738,3576,6866,79474,40027,13086,5440,43277,17,8
2021-04-23T23:59:59+02:00,1130,1420,2004,3007,2967,5068,5447,9289,9325,11490,16344,18361,13709,17757,3912,7576,279,370,660,1194,886,2169,1184,3094,1697,2398,1213,1178,7969,10736,3576,6865,72496,40014,13085,5429,43217,17,8
2021-04-22T23:59:59+02:00,1124,1410,1987,2990,2947,5051,5381,9238,9214,11383,16284,18295,13688,17732,3910,7572,277,369,658,1194,883,2168,1176,3081,1676,2377,1191,1157,7967,10731,3576,6865,72453,40002,13034,5320,42711,16,8
2021-04-21T23:59:59+02:00,1114,1401,1971,2973,2924,5029,5330,9173,9095,11257,16204,18220,13672,17704,3910,7569,271,365,647,1184,870,2137,1164,3054,1667,2359,1180,1143,7745,10416,3575,6865,72413,39997,12976,4622,42149,15,8
2021-04-20T23:59:59+02:00,1081,1338,1924,2855,2850,4872,5225,8990,8821,10946,16078,18054,13623,17653,3903,7564,258,361,627,1160,843,2109,1138,3024,1631,2324,1163,1129,7737,10413,3575,6865,72344,39978,11849,4358,41576,13,8
2021-04-19T23:59:59+02:00,1070,1327,1886,2835,2808,4841,5081,8932,8631,10816,15994,17977,13606,17636,3903,7559,249,350,606,1139,827,2074,1116,2979,1589,2271,1146,1113,7732,10409,3573,6865,71946,39944,11827,4075,41121,11,8
2021-04-18T23:59:59+02:00,1068,1326,1882,2829,2799,4830,5065,8915,8584,10772,15950,17921,13600,17625,3902,7557,249,350,606,1139,826,2074,1116,2979,1589,2270,1146,1112,7730,10408,3572,6865,71903,39939,11825,4073,40889,11,8
2021-04-17T23:59:59+02:00,1033,1313,1833,2782,2723,4755,4915,8762,8180,10367,13734,15174,13437,17345,3889,7526,247,350,606,1135,822,2068,1105,2971,1577,2249,1107,1067,7394,9990,3556,6827,65167,38990,11825,4062,40768,11,8
2021-04-16T23:59:59+02:00,1025,1306,1822,2772,2680,4714,4813,8675,8000,10160,10962,11937,13255,17059,3875,7483,246,345,605,1132,817,2064,1096,2966,1568,2238,1096,1056,7388,9985,3554,6824,58175,38915,11823,4046,40532,11,8
2021-04-15T23:59:59+02:00,1013,1300,1795,2756,2633,4679,4699,8607,7756,9931,10733,11753,13212,17005,3869,7471,244,345,605,1130,816,2063,1093,2963,1565,2235,1091,1053,7386,9983,3554,6824,58153,38902,11821,4029,39230,11,8
2021-04-14T23:59:59+02:00,990,1267,1738,2668,2538,4551,4505,8417,7467,9629,10372,11299,13087,16851,3865,7461,214,318,566,1078,794,1995,1055,2881,1522,2177,1067,1026,7382,9975,3554,6824,58121,38887,10877,3523,37699,10,8
2021-04-13T23:59:59+02:00,963,1242,1701,2611,2464,4465,4400,8273,7251,9404,9973,10804,12962,16693,3860,7450,174,292,532,1026,754,1894,1019,2778,1473,2110,1048,992,7368,9967,3554,6824,58043,38824,9932,2969,36533,4,8
2021-04-12T23:59:59+02:00,959,1239,1684,2608,2433,4449,4347,8219,7094,9219,9724,10513,12920,16646,3849,7437,159,273,505,987,730,1823,995,2708,1431,2067,1028,974,7352,9951,3551,6819,57987,38709,9901,2632,35444,4,8
2021-04-11T23:59:59+02:00,957,1238,1674,2608,2421,4447,4325,8204,7024,9149,9600,10362,12894,16604,3845,7433,159,272,505,986,729,1822,994,2708,1430,2067,1028,974,7350,9951,3551,6819,57975,38703,9899,2631,34903,3,8
2021-04-10T23:59:59+02:00,939,1227,1646,2582,2383,4418,4253,8139,6882,9027,8661,9160,12625,16235,3836,7395,156,270,504,984,724,1820,993,2702,1421,2059,1014,959,6881,9451,3539,6805,54647,37641,9898,2630,34855,3,8
2021-04-09T23:59:59+02:00,915,1195,1606,2533,2310,4337,4073,7958,6543,8694,7913,8192,12055,15538,3777,7282,153,269,502,978,719,1811,985,2694,1404,2047,995,938,6633,9175,3526,6784,50679,36976,9895,2626,34339,3,8
2021-04-08T23:59:59+02:00,904,1184,1575,2510,2244,4286,3932,7860,6250,8352,7329,7556,11925,15390,3768,7264,153,266,495,975,715,1803,977,2683,1396,2037,983,936,6630,9173,3526,6784,50648,36955,9871,2566,31802,3,8
2021-04-07T23:59:59+02:00,897,1173,1548,2491,2188,4244,3839,7783,5994,8055,6771,6945,11370,14677,3757,7240,134,254,460,924,670,1737,919,2609,1350,1975,966,922,6624,9168,3525,6784,50623,36932,8721,2079,29621,3,7
2021-04-06T23:59:59+02:00,893,1170,1529,2484,2159,4219,3761,7726,5781,7865,6329,6446,11209,14488,3746,7214,111,233,407,859,629,1654,870,2514,1299,1916,943,905,6609,9156,3523,6780,50553,36905,8538,1493,27921,3,7
2021-04-05T23:59:59+02:00,885,1166,1514,2477,2136,4209,3706,7698,5623,7739,6138,6238,11156,14414,3742,7207,105,230,406,858,622,1645,863,2497,1282,1898,915,866,5472,7708,3493,6733,50358,34100,8534,1483,27149,3,7
2021-04-04T23:59:59+02:00,884,1162,1512,2475,2130,4207,3690,7691,5611,7730,6126,6216,11145,14400,3741,7204,105,230,404,856,617,1640,858,2490,1267,1877,892,833,4427,6510,3469,6679,50345,31661,8533,1483,27039,3,7
2021-04-03T23:59:59+02:00,821,1103,1429,2399,2009,4064,3398,7398,5162,7248,5781,5771,11001,14208,3719,7181,103,230,404,855,617,1638,857,2490,1267,1877,892,833,4427,6506,3469,6679,47114,31651,8533,1483,27038,3,7
2021-04-02T23:59:59+02:00,777,1062,1368,2333,1902,3937,3109,7122,4661,6748,5399,5326,10931,14086,3716,7175,103,230,404,855,617,1638,856,2490,1265,1875,891,830,4425,6504,3469,6679,44190,31640,8532,1482,26924,3,6
2021-04-01T23:59:59+02:00,772,1060,1358,2330,1883,3929,3077,7106,4584,6669,5290,5219,10902,14044,3715,7173,102,230,402,851,616,1635,855,2487,1262,1871,881,829,4421,6501,3468,6679,44178,31631,8390,1450,26537,3,6
2021-03-31T23:59:59+02:00,770,1056,1350,2317,1871,3917,3050,7076,4518,6613,5147,5058,10403,13451,3712,7168,102,230,401,851,616,1635,855,2487,1260,1871,880,829,4420,6500,3468,6678,44168,31624,7263,1450,26040,3,6
2021-03-30T23:59:59+02:00,761,1051,1331,2297,1838,3886,3008,7040,4430,6518,4970,4852,9904,12774,3705,7155,98,226,401,847,611,1632,849,2482,1253,1867,870,820,4413,6496,3467,6678,44146,31606,6078,1397,25290,1,6
2021-03-29T23:59:59+02:00,756,1043,1318,2260,1817,3855,2977,6999,4358,6420,4769,4662,9839,12699,3703,7144,98,226,401,844,607,1629,848,2475,1249,1861,861,812,4406,6492,3467,6678,44079,31594,5863,1353,24671,1,6
2021-03-28T23:59:59+02:00,753,1041,1314,2257,1803,3845,2959,6984,4319,6359,4673,4550,9808,12644,3697,7137,98,226,401,843,607,1629,846,2475,1247,1861,860,812,4405,6492,3467,6678,44057,31592,5854,1348,24226,1,6
2021-03-27T23:59:59+01:00,749,1036,1306,2249,1783,3830,2933,6956,4091,6173,4159,4122,9597,12419,3689,7122,98,226,398,841,606,1627,843,2472,1240,1855,856,807,4175,6111,3414,6599,42142,30813,5850,1348,24216,1,6
2021-03-26T23:59:59+01:00,742,1028,1298,2239,1764,3812,2904,6931,4003,6072,3633,3684,9129,11961,3680,7109,98,226,397,840,605,1624,839,2469,1230,1849,845,791,3376,5064,3286,6365,40205,28549,5837,1348,23941,1,6
2021-03-25T23:59:59+01:00,735,1022,1285,2226,1742,3784,2843,6891,3911,5985,3452,3467,9045,11869,3675,7107,98,226,397,840,605,1624,838,2468,1230,1849,845,791,3374,5063,3286,6364,40193,28543,5730,1348,23110,1,6
2021-03-24T23:59:59+01:00,725,1013,1253,2201,1695,3734,2762,6814,3745,5823,3113,3108,8685,11357,3666,7095,94,224,385,825,586,1604,805,2436,1175,1818,818,754,3366,5058,3286,6362,40171,28242,4976,1347,21636,1,6
2021-03-23T23:59:59+01:00,712,1003,1224,2166,1649,3686,2676,6727,3583,5651,2732,2716,8501,11181,3659,7079,89,220,372,799,548,1572,739,2372,1071,1736,735,697,3340,5026,3283,6360,40130,27611,4686,1341,20123,1,6
2021-03-22T23:59:59+01:00,683,882,1185,2119,1619,3630,2618,6650,3436,5512,2479,2478,8203,10841,3646,7049,89,219,372,799,548,1570,738,2371,1068,1735,733,694,3337,5021,3282,6358,39662,27586,4359,1341,19003,1,6
2021-03-21T23:59:59+01:00,682,877,1180,2112,1608,3622,2600,6634,3390,5467,2330,2311,8132,10750,3639,7036,89,219,372,798,548,1570,738,2371,1068,1735,733,694,3337,5020,3282,6358,39658,27584,4345,1341,18361,1,6
2021-03-20T23:59:59+01:00,680,877,1178,2104,1603,3617,2594,6627,3369,5444,2300,2272,7641,10235,3626,7021,89,219,372,798,547,1570,737,2370,1068,1734,733,694,3337,5019,3280,6356,38620,27575,4333,1341,18229,1,6
2021-03-19T23:59:59+01:00,672,870,1165,2089,1571,3595,2525,6474,3305,5355,2117,2092,7346,9927,3612,7000,89,219,372,792,543,1568,732,2361,1058,1724,724,687,2803,4269,2969,5756,38014,25318,4317,1341,17378,1,6
2021-03-18T23:59:59+01:00,656,853,1146,2058,1540,3562,2487,6400,3230,5265,1946,1889,7247,9827,3610,6990,88,219,372,791,543,1568,731,2357,1054,1723,716,684,2743,4188,2954,5723,37994,25128,4306,1319,16400,1,6
2021-03-17T23:59:59+01:00,622,822,1103,2000,1503,3475,2400,6277,3075,5103,1681,1622,7113,9699,3601,6977,86,213,360,765,527,1517,709,2303,1015,1685,698,662,2483,3876,2895,5623,37923,24162,3783,1248,15361,1,6
2021-03-16T23:59:59+01:00,575,790,1062,1943,1453,3358,2326,6131,2960,4958,1473,1399,7009,9572,3592,6960,79,194,337,707,499,1434,676,2160,986,1577,645,612,2374,3736,2877,5548,37869,23418,3165,1017,14522,1,5
2021-03-15T23:59:59+01:00,559,773,1032,1899,1415,3284,2291,6047,2871,4875,1347,1263,6425,8882,3570,6916,76,182,322,647,481,1316,640,2033,942,1464,618,593,2336,3694,2866,5492,36635,23017,2808,684,14006,1,0
2021-03-14T23:59:59+01:00,554,768,1022,1885,1412,3268,2275,6029,2835,4846,1305,1207,6024,8440,3559,6905,75,177,318,624,475,1288,634,1972,932,1445,618,593,2336,3693,2865,5491,35821,23011,2803,524,13710,1,0
2021-03-13T23:59:59+01:00,532,746,983,1838,1356,3202,2007,5387,2608,4486,1202,1097,5346,7557,3542,6876,75,177,317,621,473,1286,632,1970,932,1441,615,588,1881,3058,2442,4889,34145,20872,2799,524,11821,1,0
2021-03-12T23:59:59+01:00,514,721,964,1794,1319,3103,1788,4525,2415,4121,1133,1024,4626,6719,3528,6840,75,175,316,617,473,1282,628,1964,929,1435,612,582,1479,2390,1989,4229,32470,18650,2796,524,9868,1,0
2021-03-11T23:59:59+01:00,509,714,954,1782,1305,3082,1762,4492,2377,4083,1058,971,4588,6686,3526,6838,75,166,309,596,460,1228,618,1915,907,1402,603,569,1474,2372,1980,4180,32437,18401,2703,452,9587,1,0
2021-03-10T23:59:59+01:00,487,698,905,1718,1250,3010,1686,4390,2316,3998,1026,949,4575,6673,3525,6836,74,166,307,591,458,1222,614,1893,907,1397,595,559,1407,2275,1945,4136,32422,18117,2137,428,9483,1,0
2021-03-09T23:59:59+01:00,466,680,854,1668,1212,2938,1639,4311,2274,3951,1011,940,4569,6666,3524,6835,72,164,306,589,457,1213,612,1881,901,1391,593,551,1174,1929,1856,3999,32378,17286,1689,401,9471,1,0
2021-03-08T23:59:59+01:00,459,669,844,1652,1202,2923,1633,4285,2262,3939,999,929,4535,6621,3522,6831,71,162,303,587,453,1207,610,1877,898,1389,593,551,1092,1829,1824,3966,32255,17033,1593,378,9457,1,0
2021-03-07T23:59:59+01:00,458,666,844,1651,1199,2921,1630,4278,2252,3933,992,921,4529,6617,3521,6830,68,158,293,566,441,1173,592,1773,866,1327,592,551,980,1682,1783,3914,32238,16673,1554,86,9450,0,0
2021-03-06T23:59:59+01:00,449,646,825,1617,1174,2865,1585,4196,2059,3444,968,893,4304,6256,3474,6758,68,158,293,566,441,1172,592,1773,866,1327,592,551,977,1681,1780,3913,31522,16664,1554,86,8437,0,0
2021-03-05T23:59:59+01:00,433,598,792,1512,1120,2641,1499,3969,1849,2783,950,867,3478,5186,3350,6529,68,157,292,563,437,1166,591,1768,864,1323,587,549,937,1619,1762,3883,29219,16480,1553,86,6784,0,0
2021-03-04T23:59:59+01:00,418,588,783,1493,1108,2617,1477,3939,1829,2765,937,864,3472,5182,3349,6528,68,156,289,559,433,1148,582,1748,863,1315,585,548,891,1556,1748,3857,29206,16322,1513,24,6630,0,0
2021-03-03T23:59:59+01:00,406,549,764,1434,1074,2532,1428,3788,1747,2676,910,821,3463,5178,3349,6526,67,156,286,555,432,1145,580,1739,860,1312,585,547,859,1496,1672,3719,28893,15988,1513,22,6239,0,0
2021-03-02T23:59:59+01:00,400,539,748,1404,1024,2487,1353,3702,1630,2581,821,759,3430,5141,3345,6524,66,156,286,550,431,1139,580,1731,860,1310,584,547,859,1496,1672,3719,28255,15964,1450,22,6183,0,0
2021-03-01T23:59:59+01:00,393,524,744,1353,1009,2424,1333,3627,1605,2532,804,750,3422,5135,3345,6524,66,154,285,547,422,1125,580,1716,850,1304,584,545,749,1318,1632,3664,28216,15519,1401,22,5907,0,0
2021-02-28T23:59:59+01:00,388,510,735,1308,997,2346,1317,3545,1586,2453,800,744,3421,5131,3344,6522,66,154,285,547,422,1124,580,1716,849,1304,584,544,642,1169,1597,3608,28205,15169,1398,22,5544,0,0
2021-02-27T23:59:59+01:00,377,486,721,1284,977,2304,1284,3475,1561,2406,783,734,3420,5131,3344,6522,66,154,285,547,422,1124,579,1716,848,1304,584,544,642,1168,1597,3608,28204,15166,1398,22,5207,0,0
2021-02-26T23:59:59+01:00,347,426,674,1219,911,2187,1194,3318,1466,2285,759,718,2878,4374,3031,5904,66,154,282,545,422,1122,577,1713,845,1299,579,541,635,1154,1590,3592,25925,15094,1398,22,4368,0,0
2021-02-25T23:59:59+01:00,342,410,659,1191,890,2142,1174,3245,1450,2250,757,716,2819,4292,3014,5870,64,150,278,538,422,1119,572,1700,842,1290,571,535,553,1034,1551,3549,25707,14748,1398,20,4116,0,0
2021-02-24T23:59:59+01:00,317,393,613,1145,837,2069,1116,3154,1411,2198,739,694,2560,3971,2953,5764,63,146,274,528,416,1104,565,1677,839,1273,564,524,539,1013,1541,3530,24722,14582,1398,14,3814,0,0
2021-02-23T23:59:59+01:00,299,368,585,1088,801,1981,1035,2997,1349,2117,686,643,2448,3829,2936,5684,63,144,272,521,416,1085,555,1647,831,1254,553,516,527,962,1531,3487,23929,14350,1393,14,3524,0,0
2021-02-22T23:59:59+01:00,294,355,571,1027,784,1904,1008,2904,1312,2058,665,623,2420,3792,2929,5629,62,143,267,515,414,1071,546,1624,825,1236,538,502,510,936,1526,3436,23534,14137,1393,14,3348,0,0
2021-02-21T23:59:59+01:00,291,344,564,1005,771,1861,1000,2858,1282,2037,665,621,2418,3792,2928,5628,62,143,266,515,414,1071,546,1624,825,1234,538,502,510,936,1526,3435,23528,14133,1393,14,3144,0,0
2021-02-20T23:59:59+01:00,194,309,501,951,706,1790,925,2752,1199,1957,655,608,1953,3121,2480,4989,62,143,266,515,414,1071,546,1623,825,1234,538,502,510,936,1526,3435,21280,14132,1393,14,2417,0,0
2021-02-19T23:59:59+01:00,94,236,386,871,583,1647,789,2608,1072,1811,646,594,1563,2473,2024,4335,62,143,266,515,414,1070,546,1623,825,1234,538,502,502,932,1524,3430,19088,14112,1393,14,1251,0,0
2021-02-18T23:59:59+01:00,90,224,375,827,560,1553,759,2468,1035,1750,635,583,1555,2454,2015,4286,59,134,260,486,399,1008,533,1543,803,1165,527,488,496,914,1522,3412,18851,13735,1367,14,951,0,0
2021-02-17T23:59:59+01:00,89,216,362,797,548,1521,726,2345,1007,1685,627,571,1490,2355,1977,4249,59,130,257,475,391,963,521,1479,785,1090,515,477,494,913,1522,3412,18591,13469,1294,14,680,0,0
2021-02-16T23:59:59+01:00,83,208,344,751,523,1447,693,2233,984,1594,617,562,1217,1972,1885,4108,57,121,257,468,383,930,508,1414,759,1025,495,467,493,913,1519,3411,17678,13218,1055,2,488,0,0
2021-02-15T23:59:59+01:00,77,183,318,644,485,1304,639,2020,936,1451,607,561,1120,1853,1850,4060,56,121,256,462,379,925,506,1409,758,1019,495,467,492,909,1518,3408,17356,13180,717,0,35,0,0
2021-02-14T23:59:59+01:00,76,177,315,619,479,1273,629,1963,922,1434,607,561,1015,1716,1812,4016,56,121,256,462,379,925,506,1407,758,1019,495,467,492,909,1518,3408,17029,13178,564,0,21,0,0
2021-02-13T23:59:59+01:00,76,176,315,618,477,1269,628,1961,922,1430,606,560,1015,1712,1809,4014,56,120,256,462,377,921,505,1402,756,1017,493,466,473,865,1264,2950,17003,12383,564,0,21,0,0
2021-02-12T23:59:59+01:00,76,176,314,617,473,1265,628,1957,919,1429,601,559,974,1652,1793,3982,56,120,256,457,373,913,501,1393,750,1011,486,459,451,818,914,2256,16832,11214,564,0,19,0,0
2021-02-11T23:59:59+01:00,76,170,310,604,461,1238,622,1933,912,1417,600,559,923,1585,1780,3954,56,114,240,427,360,858,485,1322,732,989,486,458,451,818,912,2255,16657,10963,481,0,6,0,0
2021-02-10T23:59:59+01:00,74,170,307,601,458,1234,619,1917,907,1413,600,559,912,1567,1762,3912,55,100,201,346,307,746,433,1162,652,900,458,453,449,818,912,2254,16556,10246,454,0,2,0,0
2021-02-09T23:59:59+01:00,71,168,302,595,455,1225,618,1902,901,1408,599,558,891,1527,1703,3814,47,82,141,265,232,582,351,956,553,770,427,444,445,817,909,2254,16310,9275,426,0,1,0,0
2021-02-08T23:59:59+01:00,70,166,299,589,452,1218,617,1884,894,1403,599,556,774,1350,1663,3758,42,66,99,174,170,427,288,725,496,654,421,439,442,815,908,2254,15889,8420,402,0,1,0,0
2021-02-07T23:59:59+01:00,67,162,289,567,435,1179,600,1776,861,1337,599,555,661,1197,1627,3700,41,65,95,170,166,421,284,713,491,643,419,439,442,815,908,2253,15518,8365,94,0,0,0,0
2021-02-06T23:59:59+01:00,67,162,288,567,435,1178,598,1776,859,1334,595,553,659,1187,1621,3694,38,62,94,168,163,411,278,704,479,636,413,439,403,761,676,1875,15479,7600,94,0,0,0,0
2021-02-05T23:59:59+01:00,67,162,286,564,435,1176,597,1775,857,1332,593,553,650,1179,1615,3683,36,58,90,164,157,401,271,685,462,628,407,439,391,727,289,1258,15430,6463,94,0,0,0,0
2021-02-04T23:59:59+01:00,65,159,281,558,429,1157,581,1749,854,1318,584,544,561,1051,1573,3637,35,54,84,159,149,387,260,668,445,614,400,433,388,720,287,1252,15074,6335,27,0,0,0,0
2021-02-03T23:59:59+01:00,64,153,277,549,428,1141,579,1734,852,1304,578,532,552,1042,1570,3625,26,39,70,125,112,281,190,522,338,477,299,331,309,563,223,1002,14955,4907,25,0,0,0,0
2021-02-02T23:59:59+01:00,64,151,274,542,428,1121,566,1700,844,1285,564,521,543,992,1561,3584,18,27,45,80,82,189,135,354,215,348,211,211,198,358,159,662,14715,3292,25,0,0,0,0
2021-02-01T23:59:59+01:00,63,149,271,534,426,1104,558,1672,838,1270,553,512,529,963,1554,3542,7,14,22,43,44,96,67,173,97,155,102,97,79,158,68,303,14513,1525,25,0,0,0,0
2021-01-31T23:59:59+01:00,63,148,270,534,422,1100,558,1667,836,1266,553,512,529,963,1554,3541,7,13,20,40,39,80,63,148,82,139,98,97,78,157,66,302,14491,1429,25,0,0,0,0
2021-01-30T23:59:59+01:00,63,148,270,534,422,1100,558,1667,836,1266,553,512,529,963,1554,3541,7,13,20,40,39,80,63,148,82,139,98,96,78,157,66,302,14491,1428,25,0,0,0,0
2021-01-29T23:59:59+01:00,63,148,270,534,422,1100,558,1667,836,1266,553,512,529,963,1554,3541,7,13,20,40,39,80,63,148,82,139,98,96,78,157,66,302,14491,1428,25,0,0,0,0
2021-01-28T23:59:59+01:00,61,138,264,499,409,1037,542,1578,812,1192,542,497,523,946,1552,3526,2,2,5,7,9,14,21,35,21,27,15,19,19,35,17,92,14099,340,19,0,0,0,0
2021-01-27T23:59:59+01:00,59,133,263,487,401,990,531,1513,794,1117,530,485,521,945,1552,3526,2,2,5,7,7,14,21,34,21,27,15,19,19,35,17,92,13830,337,17,0,0,0,0
2021-01-26T23:59:59+01:00,58,127,259,482,392,958,520,1446,769,1051,509,475,520,945,1552,3526,1,2,5,7,7,12,19,31,17,22,14,16,17,33,17,85,13573,305,16,0,0,0,0
2021-01-25T23:59:59+01:00,57,127,257,477,388,952,520,1443,768,1046,509,475,520,943,1552,3524,0,0,0,0,0,0,0,0,0,0,1,1,0,1,0,0,13543,3,15,0,0,0,0
2021-01-24T23:59:59+01:00,57,127,257,477,388,952,520,1442,768,1046,509,475,520,943,1552,3524,0,0,0,0,0,0,0,0,0,0,1,1,0,1,0,0,13542,3,15,0,0,0,0
2021-01-23T23:59:59+01:00,57,126,257,477,387,948,520,1435,767,1044,506,474,501,899,1299,3055,0,0,0,0,0,0,0,0,0,0,1,1,0,1,0,0,12737,3,15,0,0,0,0
2021-01-22T23:59:59+01:00,57,126,256,472,382,940,516,1425,762,1037,500,467,479,850,937,2337,0,0,0,0,0,0,0,0,0,0,1,1,0,1,0,0,11528,3,15,0,0,0,0
2021-01-21T23:59:59+01:00,57,120,237,439,356,873,487,1332,736,1012,498,467,479,850,936,2336,0,0,0,0,0,0,0,0,0,0,1,1,0,1,0,0,11200,3,15,0,0,0,0
2021-01-20T23:59:59+01:00,55,105,205,366,315,777,444,1186,661,926,469,461,477,850,935,2335,0,0,0,0,0,0,0,0,0,0,1,1,0,1,0,0,10552,3,15,0,0,0,0
2021-01-19T23:59:59+01:00,49,88,152,283,243,610,367,1000,574,807,439,452,473,849,935,2335,0,0,0,0,0,0,0,0,0,0,1,0,0,1,0,0,9649,2,7,0,0,0,0
2021-01-18T23:59:59+01:00,43,67,100,182,175,442,301,741,504,671,433,447,470,845,933,2335,0,0,0,0,0,0,0,0,0,0,0,0,0,0,0,0,8689,0,0,0,0,0,0
2021-01-17T23:59:59+01:00,41,66,97,176,170,435,298,731,499,658,431,447,470,845,933,2334,0,0,0,0,0,0,0,0,0,0,0,0,0,0,0,0,8631,0,0,0,0,0,0
2021-01-16T23:59:59+01:00,38,63,95,175,165,426,291,723,482,651,425,447,428,792,694,1951,0,0,0,0,0,0,0,0,0,0,0,0,0,0,0,0,7846,0,0,0,0,0,0
2021-01-15T23:59:59+01:00,36,59,92,170,162,418,284,706,468,644,419,447,417,758,299,1324,0,0,0,0,0,0,0,0,0,0,0,0,0,0,0,0,6703,0,0,0,0,0,0
2021-01-14T23:59:59+01:00,36,55,88,168,158,412,277,698,457,636,416,445,417,757,299,1324,0,0,0,0,0,0,0,0,0,0,0,0,0,0,0,0,6643,0,0,0,0,0,0
2021-01-13T23:59:59+01:00,26,40,72,134,120,309,209,559,353,504,317,343,339,595,235,1065,0,0,0,0,0,0,0,0,0,0,0,0,0,0,0,0,5220,0,0,0,0,0,0
2021-01-12T23:59:59+01:00,18,30,51,90,89,222,153,405,236,377,225,222,223,392,170,720,0,0,0,0,0,0,0,0,0,0,0,0,0,0,0,0,3623,0,0,0,0,0,0
2021-01-11T23:59:59+01:00,9,19,29,50,60,139,93,226,125,197,115,106,93,178,78,330,0,0,0,0,0,0,0,0,0,0,0,0,0,0,0,0,1847,0,0,0,0,0,0
2021-01-10T23:59:59+01:00,8,18,24,45,54,110,83,185,105,165,110,104,90,176,75,330,0,0,0,0,0,0,0,0,0,0,0,0,0,0,0,0,1682,0,0,0,0,0,0
2021-01-09T23:59:59+01:00,8,18,24,45,54,110,83,185,105,165,110,103,90,176,75,330,0,0,0,0,0,0,0,0,0,0,0,0,0,0,0,0,1681,0,0,0,0,0,0
2021-01-08T23:59:59+01:00,8,17,23,44,51,102,79,175,99,162,106,100,86,166,73,322,0,0,0,0,0,0,0,0,0,0,0,0,0,0,0,0,1613,0,0,0,0,0,0
2021-01-07T23:59:59+01:00,2,3,5,8,9,15,24,36,21,32,16,19,20,36,19,96,0,0,0,0,0,0,0,0,0,0,0,0,0,0,0,0,361,0,0,0,0,0,0
2021-01-06T23:59:59+01:00,2,2,5,7,7,14,23,35,20,29,16,19,20,36,19,95,0,0,0,0,0,0,0,0,0,0,0,0,0,0,0,0,349,0,0,0,0,0,0
2021-01-05T23:59:59+01:00,2,2,5,7,7,14,23,35,20,29,16,19,20,36,19,95,0,0,0,0,0,0,0,0,0,0,0,0,0,0,0,0,349,0,0,0,0,0,0
2021-01-04T23:59:59+01:00,0,0,0,0,0,0,1,0,0,0,1,1,0,1,0,0,0,0,0,0,0,0,0,0,0,0,0,0,0,0,0,0,4,0,0,0,0,0,0
2021-01-03T23:59:59+01:00,0,0,0,0,0,0,1,0,0,0,1,1,0,1,0,0,0,0,0,0,0,0,0,0,0,0,0,0,0,0,0,0,4,0,0,0,0,0,0
2021-01-02T23:59:59+01:00,0,0,0,0,0,0,1,0,0,0,1,1,0,1,0,0,0,0,0,0,0,0,0,0,0,0,0,0,0,0,0,0,4,0,0,0,0,0,0
2021-01-01T23:59:59+01:00,0,0,0,0,0,0,1,0,0,0,1,1,0,1,0,0,0,0,0,0,0,0,0,0,0,0,0,0,0,0,0,0,4,0,0,0,0,0,0
2020-12-31T23:59:59+01:00,0,0,0,0,0,0,1,0,0,0,1,1,0,1,0,0,0,0,0,0,0,0,0,0,0,0,0,0,0,0,0,0,4,0,0,0,0,0,0
2020-12-30T23:59:59+01:00,0,0,0,0,0,0,1,0,0,0,1,1,0,1,0,0,0,0,0,0,0,0,0,0,0,0,0,0,0,0,0,0,4,0,0,0,0,0,0
2020-12-29T23:59:59+01:00,0,0,0,0,0,0,1,0,0,0,1,0,0,1,0,0,0,0,0,0,0,0,0,0,0,0,0,0,0,0,0,0,3,0,0,0,0,0,0
2020-12-28T23:59:59+01:00,0,0,0,0,0,0,0,0,0,0,1,0,0,0,0,0,0,0,0,0,0,0,0,0,0,0,0,0,0,0,0,0,1,0,0,0,0,0,0
2020-12-27T23:59:59+01:00,0,0,0,0,0,0,0,0,0,0,0,0,0,0,0,0,0,0,0,0,0,0,0,0,0,0,0,0,0,0,0,0,0,0,0,0,0,0,0
