Datum,<15_m,<15_w,15-24_1_m,15-24_1_w,25-34_1_m,25-34_1_w,35-44_1_m,35-44_1_w,45-54_1_m,45-54_1_w,55-64_1_m,55-64_1_w,65-74_1_m,65-74_1_w,75-84_1_m,75-84_1_w,>84_1_m,>84_1_w,<24_2_m,<24_2_w,25-34_2_m,25-34_2_w,35-44_2_m,35-44_2_w,45-54_2_m,45-54_2_w,55-64_2_m,55-64_2_w,65-74_2_m,65-74_2_w,75-84_2_m,75-84_2_w,>84_2_m,>84_2_w,bp_1,bp_2,mo_1,mo_2,az_1,az_2,ja,unb_1,unb_2
2021-09-09T23:59:59+02:00,1514,1326,13359,12672,16476,15400,19819,20180,26546,27681,33229,34256,25357,28248,17228,22047,5088,9626,11686,11084,15195,14071,18630,18679,25040,25917,31678,32579,24549,27310,16740,21325,4937,9205,238497,222857,31578,29474,46508,44775,13340,133,54
2021-09-08T23:59:59+02:00,1499,1310,13328,12646,16460,15378,19801,20168,26529,27669,33216,34245,25345,28241,17222,22041,5085,9624,11642,11043,15167,14053,18619,18664,25023,25892,31658,32569,24536,27296,16738,21319,4936,9202,238278,222584,31578,29474,46504,44773,13318,133,54
2021-09-07T23:59:59+02:00,1470,1293,13270,12600,16422,15346,19779,20139,26492,27648,33182,34215,25322,28223,17216,22025,5080,9618,11584,10979,15117,14000,18583,18634,24977,25848,31606,32542,24509,27272,16730,21303,4931,9199,238049,222284,31495,29360,46504,44773,13163,133,54
2021-09-06T23:59:59+02:00,1455,1285,13240,12566,16399,15322,19760,20119,26476,27633,33171,34206,25319,28210,17213,22021,5077,9618,11562,10947,15097,13968,18562,18618,24961,25828,31586,32527,24498,27259,16729,21296,4928,9199,237832,222058,31495,29350,46504,44772,13130,133,54
2021-09-05T23:59:59+02:00,1445,1278,13225,12547,16382,15305,19751,20112,26470,27626,33161,34193,25316,28208,17211,22017,5077,9618,11541,10931,15072,13951,18552,18609,24955,25822,31577,32508,24495,27249,16726,21291,4926,9198,237709,221913,31495,29350,46504,44771,13105,133,54
2021-09-04T23:59:59+02:00,1445,1278,13224,12546,16382,15305,19749,20112,26469,27626,33161,34193,25316,28208,17211,22016,5077,9618,11541,10929,15070,13951,18547,18609,24954,25820,31577,32506,24494,27249,16726,21291,4926,9198,237707,221902,31495,29349,46504,44771,13101,133,54
2021-09-03T23:59:59+02:00,1418,1262,13128,12445,16327,15256,19715,20073,26429,27600,33125,34176,25298,28198,17207,22005,5075,9617,11404,10804,15008,13882,18479,18563,24882,25773,31517,32471,24462,27221,16713,21275,4923,9194,237225,221112,31494,29343,46504,44771,13002,133,54
2021-09-02T23:59:59+02:00,1403,1256,13063,12403,16285,15226,19681,20049,26395,27567,33100,34156,25285,28185,17202,22001,5075,9613,11329,10763,14962,13851,18443,18545,24849,25752,31479,32442,24443,27200,16707,21270,4923,9192,237001,220849,31432,29302,46501,44762,12882,133,54
2021-09-01T23:59:59+02:00,1380,1240,13026,12363,16265,15205,19662,20035,26376,27549,33078,34131,25275,28174,17196,21992,5072,9609,11288,10729,14940,13823,18423,18525,24829,25729,31454,32412,24429,27186,16700,21264,4921,9190,236706,220523,31427,29300,46500,44761,12866,133,54
2021-08-31T23:59:59+02:00,1349,1218,12972,12303,16222,15168,19628,19993,26331,27500,33040,34098,25259,28153,17190,21980,5068,9606,11215,10659,14892,13763,18369,18494,24780,25676,31396,32369,24398,27171,16692,21251,4918,9183,236409,220096,31364,29269,46500,44745,12676,133,54
2021-08-30T23:59:59+02:00,1325,1204,12935,12266,16197,15147,19607,19975,26307,27483,33018,34082,25248,28142,17190,21976,5066,9604,11138,10625,14865,13743,18347,18471,24751,25660,31369,32342,24386,27157,16686,21244,4915,9180,236164,219803,31364,29269,46500,44734,12614,133,54
2021-08-29T23:59:59+02:00,1321,1198,12922,12249,16185,15138,19597,19965,26303,27475,33011,34068,25243,28135,17188,21975,5066,9604,11121,10589,14853,13726,18332,18457,24738,25651,31361,32330,24375,27146,16684,21238,4915,9180,236059,219627,31364,29269,46500,44730,12590,133,54
2021-08-28T23:59:59+02:00,1314,1186,12890,12227,16171,15127,19585,19951,26296,27466,33002,34062,25241,28130,17187,21972,5066,9603,11046,10517,14819,13693,18286,18430,24702,25618,31318,32299,24358,27133,16675,21222,4915,9177,235901,219103,31363,29269,46500,44730,12582,133,54
2021-08-27T23:59:59+02:00,1295,1171,12826,12171,16124,15080,19527,19904,26241,27417,32960,34032,25223,28118,17183,21958,5066,9600,11009,10484,14781,13668,18270,18415,24667,25594,31290,32278,24345,27122,16672,21218,4915,9176,235478,218950,31363,29268,46500,44729,12425,133,54
2021-08-26T23:59:59+02:00,1276,1155,12755,12114,16078,15037,19484,19864,26186,27360,32910,33985,25193,28089,17176,21950,5063,9597,10940,10435,14735,13626,18225,18386,24624,25556,31246,32237,24323,27106,16665,21209,4915,9172,235111,218640,31303,29254,46500,44722,12227,133,54
2021-08-25T23:59:59+02:00,1258,1139,12731,12071,16058,15012,19463,19849,26159,27344,32875,33957,25175,28070,17169,21943,5062,9594,10891,10392,14704,13597,18191,18355,24603,25537,31213,32199,24310,27089,16657,21199,4913,9169,234802,218267,31303,29253,46493,44718,12198,133,54
2021-08-24T23:59:59+02:00,1231,1121,12670,12000,16005,14970,19418,19809,26113,27298,32830,33924,25155,28046,17157,21932,5061,9589,10811,10318,14661,13555,18145,18319,24552,25488,31171,32162,24285,27062,16642,21184,4912,9168,234495,217849,31179,29214,46493,44718,12029,133,54
2021-08-23T23:59:59+02:00,1218,1108,12632,11961,15979,14951,19397,19774,26092,27264,32801,33902,25141,28033,17153,21923,5061,9586,10757,10267,14632,13516,18107,18285,24525,25459,31136,32130,24272,27043,16635,21181,4910,9167,234194,217451,31178,29214,46493,44716,11978,133,54
2021-08-22T23:59:59+02:00,1211,1101,12617,11939,15963,14935,19390,19755,26080,27254,32790,33887,25130,28027,17151,21920,5058,9586,10728,10238,14611,13500,18086,18274,24512,25443,31121,32117,24262,27033,16633,21176,4909,9166,234030,217234,31178,29213,46493,44715,11960,133,54
2021-08-21T23:59:59+02:00,1127,1030,12542,11882,15951,14924,19382,19744,26070,27243,32780,33871,25126,28022,17148,21917,5058,9586,10704,10208,14595,13496,18079,18263,24503,25437,31113,32111,24259,27032,16632,21176,4909,9166,233667,217114,31172,29212,46493,44715,11938,133,54
2021-08-20T23:59:59+02:00,1107,1014,12482,11813,15893,14874,19321,19706,26016,27210,32730,33844,25111,28011,17139,21912,5057,9584,10650,10170,14555,13461,18038,18236,24468,25418,31084,32094,24250,27025,16626,21173,4909,9165,233174,216830,31172,29211,46493,44715,11852,133,54
2021-08-19T23:59:59+02:00,1082,990,12416,11756,15835,14842,19271,19659,25955,27160,32688,33808,25079,27987,17127,21901,5054,9582,10559,10094,14486,13420,17983,18200,24400,25375,31018,32049,24208,27007,16617,21155,4908,9162,232883,216396,31081,29201,46493,44707,11602,133,54
2021-08-18T23:59:59+02:00,1070,973,12375,11721,15807,14812,19243,19629,25925,27130,32653,33783,25061,27975,17122,21892,5052,9581,10505,10028,14438,13395,17935,18171,24354,25337,30959,32010,24186,26990,16611,21142,4904,9156,232571,215940,31081,29196,46492,44697,11527,133,54
2021-08-17T23:59:59+02:00,1043,948,12323,11679,15778,14771,19210,19599,25897,27108,32618,33745,25042,27956,17112,21875,5051,9576,10412,9946,14387,13349,17881,18115,24301,25297,30898,31965,24159,26966,16599,21120,4902,9148,232271,215338,30956,29134,46492,44694,11479,133,54
2021-08-16T23:59:59+02:00,1032,941,12291,11655,15761,14753,19193,19581,25874,27084,32599,33723,25022,27941,17104,21860,5048,9574,10355,9880,14363,13306,17857,18079,24257,25262,30860,31934,24132,26932,16584,21106,4902,9145,232046,214896,30956,29133,46492,44688,11409,133,54
2021-08-15T23:59:59+02:00,1024,941,12266,11641,15748,14736,19178,19566,25864,27075,32578,33709,25016,27932,17100,21849,5047,9574,10310,9845,14329,13283,17837,18058,24235,25249,30839,31907,24113,26924,16579,21098,4901,9143,231889,214616,30955,29133,46491,44683,11376,133,54
2021-08-14T23:59:59+02:00,1023,941,12265,11637,15748,14734,19175,19564,25864,27075,32578,33708,25016,27932,17100,21849,5047,9574,10142,9625,14223,13193,17762,18011,24188,25218,30799,31874,24098,26911,16576,21095,4899,9142,231880,213612,30955,29132,46491,44682,11371,133,54
2021-08-13T23:59:59+02:00,979,901,12113,11509,15694,14680,19111,19507,25793,27023,32525,33672,24991,27903,17089,21839,5046,9570,10090,9572,14182,13165,17723,17986,24156,25198,30775,31853,24088,26898,16570,21085,4899,9138,231053,213277,30954,29132,46491,44679,11318,129,54
2021-08-12T23:59:59+02:00,966,880,12057,11448,15648,14641,19074,19480,25749,27001,32478,33643,24966,27887,17081,21834,5045,9567,9997,9503,14108,13123,17662,17938,24088,25162,30722,31805,24060,26873,16554,21067,4897,9138,230830,212853,30931,29126,46491,44664,11064,129,54
2021-08-11T23:59:59+02:00,952,869,12024,11414,15628,14618,19044,19461,25728,26982,32454,33615,24948,27865,17077,21827,5044,9565,9924,9441,14054,13084,17614,17893,24046,25141,30681,31755,24029,26841,16538,21054,4896,9133,230545,212279,30930,29122,46490,44636,11021,129,54
2021-08-10T23:59:59+02:00,934,859,11936,11363,15575,14588,19001,19424,25672,26948,32397,33561,24931,27850,17070,21814,5043,9562,9829,9360,14005,13048,17582,17859,24000,25102,30628,31708,23996,26808,16531,21034,4892,9128,230164,211767,30799,29087,46488,44622,10948,129,54
2021-08-09T23:59:59+02:00,932,842,11908,11327,15559,14572,18979,19412,25640,26924,32369,33529,24924,27841,17064,21806,5043,9559,9775,9299,13970,12998,17544,17817,23969,25057,30593,31667,23981,26791,16526,21021,4890,9122,229926,211317,30799,29084,46487,44615,10889,129,54
2021-08-08T23:59:59+02:00,922,835,11871,11303,15537,14557,18959,19391,25615,26904,32347,33512,24916,27826,17057,21802,5042,9559,9699,9244,13925,12970,17517,17787,23936,25022,30561,31635,23968,26772,16518,21007,4889,9119,229734,210920,30799,29083,46487,44614,10806,129,54
2021-08-07T23:59:59+02:00,902,808,11775,11225,15494,14516,18918,19357,25576,26874,32301,33480,24899,27814,17048,21784,5041,9556,9080,8642,13487,12619,17305,17603,23785,24911,30411,31559,23909,26721,16497,20980,4884,9116,229149,207723,30799,29083,46487,44614,10804,129,54
2021-08-06T23:59:59+02:00,892,805,11745,11198,15476,14503,18908,19351,25562,26858,32292,33473,24895,27810,17043,21782,5041,9555,8499,8013,12973,12224,17077,17398,23643,24800,30316,31480,23878,26674,16485,20966,4880,9110,229098,204559,30677,29070,46487,44614,10798,129,54
2021-08-05T23:59:59+02:00,889,798,11704,11167,15437,14476,18867,19320,25516,26822,32246,33426,24855,27788,17040,21771,5041,9549,8440,7948,12929,12174,17027,17356,23579,24760,30241,31425,23831,26633,16471,20948,4878,9101,228874,204136,30676,29065,46487,44605,10546,129,54
2021-08-04T23:59:59+02:00,872,782,11674,11137,15417,14444,18836,19295,25489,26793,32200,33387,24840,27775,17035,21765,5039,9541,8351,7859,12870,12127,16975,17313,23523,24716,30181,31354,23794,26594,16461,20935,4876,9095,228609,203546,30674,29064,46486,44570,10423,129,54
2021-08-03T23:59:59+02:00,856,763,11627,11098,15395,14422,18806,19275,25463,26765,32165,33352,24820,27756,17026,21760,5035,9540,8268,7770,12803,12078,16908,17259,23463,24678,30141,31305,23758,26560,16446,20924,4873,9091,228274,202889,30672,29054,46486,44562,10363,129,54
2021-08-02T23:59:59+02:00,847,760,11592,11067,15374,14389,18779,19254,25434,26740,32133,33325,24806,27737,17018,21751,5034,9538,8172,7677,12723,12018,16850,17195,23406,24606,30092,31248,23740,26537,16425,20914,4871,9086,227997,202184,30671,29053,46486,44554,10295,129,54
2021-08-01T23:59:59+02:00,840,753,11567,11038,15363,14376,18764,19243,25416,26728,32116,33310,24802,27729,17017,21748,5032,9537,8101,7610,12662,11970,16809,17149,23370,24575,30065,31223,23725,26518,16421,20908,4869,9085,227857,201728,30667,29052,46486,44536,10240,129,54
2021-07-31T23:59:59+02:00,837,752,11564,11032,15361,14373,18761,19239,25415,26727,32113,33309,24802,27728,17017,21748,5032,9537,7948,7421,11897,11297,16256,16711,23275,24496,30001,31152,23696,26482,16409,20889,4868,9083,227828,198511,30666,29052,46486,44535,10238,129,54
2021-07-30T23:59:59+02:00,836,751,11550,11023,15358,14370,18755,19234,25408,26722,32103,33304,24801,27726,17017,21745,5032,9537,7663,7181,11351,10852,15779,16284,23138,24389,29892,31039,23659,26437,16393,20867,4868,9078,227760,195431,30665,29051,46484,44522,10234,129,54
2021-07-29T23:59:59+02:00,824,742,11510,10976,15320,14349,18715,19208,25371,26687,32050,33275,24783,27706,17006,21728,5032,9534,7287,6869,10685,10336,15264,15871,22962,24243,29743,30928,23605,26385,16364,20842,4864,9075,227441,191960,30664,29043,46484,44436,10098,129,54
2021-07-28T23:59:59+02:00,805,730,11462,10923,15296,14319,18683,19181,25345,26659,32024,33250,24769,27688,17001,21716,5031,9530,7121,6712,10539,10216,15152,15736,22869,24147,29643,30832,23562,26329,16346,20813,4863,9065,227115,190717,30663,29041,46479,44327,10026,129,54
2021-07-27T23:59:59+02:00,796,721,11417,10885,15256,14279,18643,19155,25316,26633,31987,33228,24753,27663,16995,21705,5030,9522,6900,6499,10381,10099,15008,15601,22765,24039,29535,30719,23511,26265,16330,20786,4861,9054,226801,189568,30663,28713,46478,44292,9913,129,54
2021-07-26T23:59:59+02:00,786,708,11368,10839,15231,14258,18627,19126,25288,26603,31955,33202,24738,27641,16983,21693,5029,9519,6782,6422,10287,10022,14942,15522,22683,23978,29470,30645,23478,26222,16318,20769,4857,9048,226509,188781,30661,28710,46475,44250,9820,129,54
2021-07-25T23:59:59+02:00,775,698,11340,10811,15210,14232,18607,19102,25261,26578,31934,33184,24721,27630,16979,21684,5028,9517,6706,6340,10219,9958,14869,15462,22628,23922,29414,30607,23446,26200,16306,20755,4857,9044,226312,188189,30660,28706,46474,44219,9716,129,54
2021-07-24T23:59:59+02:00,751,676,11260,10727,15171,14205,18584,19080,25241,26563,31921,33171,24721,27626,16976,21682,5028,9517,6307,5980,10076,9844,14494,15181,22403,23765,29297,30523,23410,26162,16289,20738,4854,9040,225930,185829,30659,28705,46474,44217,9708,129,54
2021-07-23T23:59:59+02:00,725,654,11193,10644,15143,14172,18554,19065,25219,26543,31905,33154,24710,27621,16974,21682,5028,9514,5937,5669,9956,9738,14147,14917,22207,23592,29177,30406,23358,26094,16278,20717,4850,9033,225545,183560,30658,28705,46474,44206,9694,129,54
2021-07-22T23:59:59+02:00,684,614,11039,10480,15045,14084,18467,19017,25137,26488,31832,33089,24674,27580,16959,21664,5024,9509,5617,5368,9688,9524,13565,14440,21888,23332,28945,30179,23257,25997,16234,20679,4846,9030,224591,180237,30656,28694,46473,44187,9537,129,54
2021-07-21T23:59:59+02:00,664,589,10975,10426,15010,14057,18427,18979,25097,26459,31793,33039,24649,27546,16942,21652,5022,9504,4999,4901,9248,9273,13188,14210,21654,23177,28758,30030,23192,25921,16209,20656,4844,9027,224162,178472,30648,27425,46470,44019,9421,129,54
2021-07-20T23:59:59+02:00,646,572,10917,10372,14984,14021,18391,18952,25066,26426,31757,33005,24629,27525,16937,21638,5019,9497,4854,4789,9095,9141,13024,14076,21541,23055,28628,29906,23113,25818,16187,20616,4837,9021,223784,177128,30648,27413,46468,43870,9325,129,54
2021-07-19T23:59:59+02:00,633,560,10880,10341,14955,14001,18368,18944,25038,26401,31723,32976,24612,27502,16931,21627,5017,9494,4774,4719,8999,9064,12908,13979,21443,22949,28528,29786,23057,25761,16162,20586,4832,9015,223545,176188,30648,27405,46459,43773,9222,129,54
2021-07-18T23:59:59+02:00,618,551,10826,10289,14919,13980,18343,18926,25018,26384,31700,32957,24602,27491,16925,21618,5016,9489,4666,4616,8864,8943,12781,13840,21357,22858,28455,29707,23029,25732,16153,20573,4829,9014,223265,175177,30648,27391,46459,43720,9151,129,54
2021-07-17T23:59:59+02:00,545,480,10539,9992,14808,13880,18252,18848,24912,26309,31593,32906,24567,27457,16912,21598,5014,9488,4617,4572,8810,8871,12546,13645,20934,22517,28325,29574,22991,25679,16144,20558,4828,9011,221715,173383,30648,27391,46458,43718,9150,129,54
2021-07-16T23:59:59+02:00,516,443,10406,9871,14749,13840,18198,18797,24879,26276,31573,32882,24558,27442,16909,21591,5014,9485,4569,4530,8734,8831,12171,13366,20390,22119,28192,29479,22942,25642,16135,20553,4826,9009,221057,171269,30647,27389,46457,43711,9139,129,54
2021-07-15T23:59:59+02:00,485,405,10267,9766,14683,13791,18141,18730,24825,26228,31523,32829,24533,27405,16891,21575,5007,9481,4356,4390,8409,8624,11653,12965,19286,21276,27776,29134,22773,25473,16070,20480,4816,8993,220327,166575,30646,27375,46456,43514,9007,129,54
2021-07-14T23:59:59+02:00,464,392,10238,9741,14648,13771,18111,18695,24789,26187,31472,32776,24503,27377,16880,21558,5005,9479,4232,4239,8154,8451,11424,12820,19108,21165,27629,29006,22708,25395,16036,20442,4813,8984,219961,165005,30646,27357,46454,43340,8896,129,54
2021-07-13T23:59:59+02:00,440,377,10188,9688,14619,13743,18085,18662,24754,26166,31438,32735,24487,27347,16869,21547,5004,9477,4135,4144,7979,8292,11224,12629,18975,21027,27476,28844,22611,25310,16001,20389,4809,8973,219557,163549,30646,27336,46453,43082,8841,129,54
2021-07-12T23:59:59+02:00,427,356,10142,9638,14593,13724,18054,18632,24718,26124,31404,32690,24461,27324,16854,21542,5001,9474,4028,4045,7810,8171,11064,12494,18860,20905,27353,28723,22536,25248,15974,20363,4808,8968,219183,162383,30645,27314,46453,42891,8748,129,54
2021-07-11T23:59:59+02:00,419,338,10112,9608,14575,13704,18037,18622,24698,26116,31383,32672,24448,27314,16852,21540,5001,9472,3959,3972,7691,8071,10917,12366,18736,20805,27252,28609,22493,25200,15953,20338,4806,8965,218988,161416,30645,27309,46452,42692,8697,129,54
2021-07-10T23:59:59+02:00,393,315,10002,9502,14520,13665,17989,18599,24674,26096,31364,32656,24440,27305,16848,21536,4999,9470,3926,3947,7630,8029,10882,12337,18707,20781,27223,28587,22486,25185,15949,20333,4806,8965,218463,161114,30644,27308,46449,42644,8688,129,54
2021-07-09T23:59:59+02:00,333,268,9740,9293,14415,13583,17913,18529,24588,26043,31315,32595,24417,27274,16835,21518,4999,9464,3858,3907,7497,7938,10664,12192,18482,20643,26808,28265,22302,24991,15894,20272,4803,8958,217238,158971,30644,27304,46448,42515,8663,129,54
2021-07-08T23:59:59+02:00,254,201,9546,9150,14314,13507,17818,18457,24528,25992,31232,32537,24389,27243,16822,21500,4995,9459,3702,3781,7187,7749,10309,11962,18136,20361,26503,28008,22129,24832,15826,20198,4796,8942,216136,156590,30641,27258,46435,41944,8603,129,54
2021-07-07T23:59:59+02:00,215,173,9444,9045,14262,13473,17775,18414,24476,25952,31189,32496,24365,27214,16810,21482,4995,9451,3506,3651,6858,7524,9357,11230,17550,19930,26101,27698,21893,24527,15749,20102,4782,8928,215502,153972,30638,25506,46433,41347,8529,129,54
2021-07-06T23:59:59+02:00,193,161,9366,8986,14212,13445,17739,18372,24434,25913,31128,32448,24328,27186,16795,21465,4993,9449,3391,3576,6658,7402,9086,11067,17305,19749,25824,27440,21736,24325,15668,19998,4769,8913,214937,152040,30621,25496,46430,40842,8496,129,54
2021-07-05T23:59:59+02:00,181,146,9279,8905,14172,13402,17705,18322,24398,25883,31083,32397,24304,27164,16787,21451,4992,9447,3339,3541,6529,7323,8936,10946,17163,19610,25653,27285,21593,24157,15618,19945,4758,8903,214392,150976,30621,25487,46428,40354,8448,129,54
2021-07-04T23:59:59+02:00,166,139,9225,8855,14141,13389,17679,18304,24373,25863,31062,32371,24289,27150,16781,21443,4991,9444,3287,3497,6466,7283,8848,10874,17076,19525,25524,27174,21468,24028,15576,19892,4756,8896,214119,150315,30620,25478,46413,39956,8384,129,54
2021-07-03T23:59:59+02:00,163,136,8713,8356,13983,13269,17578,18186,24278,25805,30997,32322,24268,27128,16769,21431,4989,9441,3227,3417,6346,7164,8676,10732,16859,19341,25136,26865,21353,23891,15546,19852,4752,8890,212282,148263,30620,25478,46413,39900,8368,129,54
2021-07-02T23:59:59+02:00,156,132,8144,7884,13839,13160,17487,18109,24208,25735,30937,32260,24230,27086,16763,21411,4987,9436,3116,3308,6076,7008,8419,10490,16489,19012,24662,26441,21125,23618,15476,19770,4746,8887,210440,145188,30620,25476,46410,39575,8365,129,54
2021-07-01T23:59:59+02:00,143,122,8015,7776,13756,13102,17416,18057,24139,25684,30884,32207,24202,27061,16753,21399,4986,9435,2927,3118,5728,6724,7982,10074,15901,18540,23896,25785,20638,23143,15349,19609,4734,8862,209647,140620,30615,25464,46405,38544,8341,129,54
2021-06-30T23:59:59+02:00,126,109,7869,7659,13687,13053,17363,18004,24088,25631,30825,32161,24170,27039,16739,21381,4986,9430,2831,3039,5574,6580,7756,9852,14942,17669,23281,25234,20280,22748,15216,19448,4720,8828,209083,139082,30441,23189,46401,37419,8266,129,54
2021-06-29T23:59:59+02:00,111,96,7801,7566,13644,13014,17324,17959,24035,25570,30775,32101,24149,27013,16729,21365,4983,9426,2772,2995,5445,6482,7602,9718,14774,17497,23040,25000,20021,22423,15117,19347,4708,8808,208459,137963,30439,23177,46398,36328,8236,129,54
2021-06-28T23:59:59+02:00,106,90,7737,7495,13580,12955,17278,17908,23993,25525,30719,32057,24132,26985,16722,21355,4981,9424,2743,2963,5377,6434,7509,9647,14677,17416,22889,24785,19817,22177,15062,19278,4704,8794,207926,137365,30437,23167,46390,35533,8160,129,54
2021-06-27T23:59:59+02:00,92,85,7688,7431,13550,12919,17249,17875,23974,25490,30692,32029,24120,26977,16715,21349,4981,9422,2720,2948,5326,6409,7438,9602,14581,17352,22794,24698,19689,22035,15031,19227,4700,8785,207571,136854,30437,23156,46384,35159,8117,129,54
2021-06-26T23:59:59+02:00,88,82,7184,6875,13156,12619,17136,17772,23909,25431,30656,31994,24112,26960,16711,21338,4980,9421,2619,2839,5139,6221,7238,9412,14035,16896,22134,24064,19541,21892,14986,19174,4698,8777,205384,133231,30437,23156,46384,35139,8117,102,27
2021-06-25T23:59:59+02:00,87,79,6699,6391,12702,12246,16977,17654,23818,25365,30576,31953,24089,26933,16706,21328,4978,9419,2515,2683,4964,6029,6979,9113,13504,16364,21582,23479,19343,21682,14928,19107,4694,8765,202978,129529,30437,23156,46384,34925,8099,102,27
2021-06-24T23:59:59+02:00,77,67,6475,6174,12477,12095,16871,17570,23746,25312,30518,31905,24055,26891,16700,21318,4976,9412,2306,2444,4593,5651,6478,8622,12781,15649,20431,22475,18878,21200,14823,18976,4682,8750,201701,123576,30435,23144,46377,33973,8024,102,27
2021-06-23T23:59:59+02:00,72,65,5900,5674,12315,11983,16752,17456,23672,25265,30454,31855,24021,26868,16693,21304,4972,9408,2269,2392,4530,5529,6386,8471,12548,15360,20187,22216,18579,20869,14726,18862,4671,8733,201190,122554,29096,22995,46367,32783,7974,102,27
2021-06-22T23:59:59+02:00,68,60,5758,5543,12215,11877,16665,17380,23614,25203,30386,31777,23994,26836,16683,21283,4968,9406,2216,2357,4435,5447,6262,8325,11678,14698,19773,21808,18245,20514,14618,18723,4661,8713,200252,121631,29089,21299,46348,31595,7925,102,27
2021-06-21T23:59:59+02:00,65,57,5622,5429,12141,11784,16604,17294,23559,25129,30336,31719,23969,26808,16670,21268,4968,9402,2183,2321,4377,5350,6175,8197,10895,13993,19321,21398,18019,20287,14558,18628,4652,8696,199430,120834,29085,19512,46343,30817,7864,102,27
2021-06-20T23:59:59+02:00,63,55,5503,5303,11978,11600,16539,17169,23508,25064,30294,31663,23953,26787,16664,21253,4963,9397,2165,2291,4336,5310,6105,8147,10790,13914,19209,21270,17862,20096,14492,18545,4648,8689,198418,120297,29081,19509,46337,30222,7818,102,27
2021-06-19T23:59:59+02:00,59,51,5485,5283,11211,10935,16060,16777,23447,25020,30250,31620,23934,26767,16656,21241,4963,9397,2093,2170,4128,5078,5820,7865,10463,13578,18155,20418,17694,19910,14459,18480,4643,8677,195820,116074,29081,19509,46336,30208,7817,102,27
2021-06-18T23:59:59+02:00,56,50,5451,5257,10567,10352,15446,16213,23356,24951,30181,31557,23907,26737,16645,21226,4962,9395,2024,2082,3984,4934,5542,7595,10081,13214,17003,19209,17491,19673,14410,18416,4640,8667,192980,111662,29075,19508,46336,29956,7816,102,27
2021-06-17T23:59:59+02:00,49,41,5331,5154,9887,9843,14957,15821,23257,24863,30100,31463,23867,26691,16630,21205,4961,9392,1893,1975,3727,4688,5154,7231,9542,12725,15817,18016,17030,19183,14268,18242,4627,8643,190403,106535,29073,19500,46333,29037,7673,30,20
2021-06-16T23:59:59+02:00,47,33,5197,5017,9690,9682,14810,15691,23164,24769,30001,31387,23823,26646,16615,21193,4960,9382,1852,1933,3623,4603,5052,7113,8511,11873,15544,17720,16734,18847,14133,18071,4621,8610,189222,105652,29062,17620,46330,28089,7463,30,20
2021-06-15T23:59:59+02:00,41,27,5009,4830,9508,9527,14675,15549,23072,24678,29924,31301,23780,26573,16588,21160,4952,9367,1789,1875,3545,4508,4958,6999,8395,11731,15366,17492,16414,18536,13991,17902,4598,8552,187900,104890,29059,17616,46311,26868,7261,30,20
2021-06-14T23:59:59+02:00,39,24,4932,4766,9414,9418,14597,15460,23000,24604,29852,31240,23748,26534,16573,21142,4949,9361,1766,1852,3508,4484,4917,6967,8295,11668,15228,17358,16234,18332,13900,17805,4593,8545,187152,104664,29053,17613,46305,26046,7113,30,20
2021-06-13T23:59:59+02:00,38,23,4874,4718,9328,9343,14514,15393,22938,24553,29785,31187,23722,26506,16564,21132,4949,9359,1716,1837,3466,4460,4861,6924,8224,11631,15129,17263,16078,18148,13846,17731,4586,8538,186571,104382,29047,17611,46289,25440,6989,30,20
2021-06-12T23:59:59+02:00,36,22,4855,4703,9300,9320,14276,15216,22808,24424,29740,31142,23702,26489,16555,21124,4948,9357,1591,1714,3228,4249,4457,6621,7676,11199,13353,15574,15726,17776,13766,17629,4584,8523,185665,97676,29047,17611,46289,25376,6987,29,20
2021-06-11T23:59:59+02:00,32,21,4801,4649,9219,9267,13956,14993,22611,24276,29644,31050,23665,26444,16537,21112,4947,9354,1487,1579,3044,4037,4158,6257,7164,10654,11714,13686,15248,17198,13652,17482,4569,8509,184301,90750,29043,17610,46288,25145,6917,29,20
2021-06-10T23:59:59+02:00,26,18,4516,4421,8674,8936,12680,13972,22043,23825,29269,30745,23528,26286,16483,21044,4934,9339,1364,1486,2807,3856,3829,5973,6726,10261,10300,12355,14735,16622,13481,17274,4554,8482,178961,86202,29027,17607,46281,23839,6441,29,20
2021-06-09T23:59:59+02:00,23,14,4281,4256,8081,8643,11777,13310,21722,23610,29039,30591,23465,26222,16464,21020,4931,9335,1276,1432,2652,3785,3686,5893,6519,10168,10037,12176,14411,16272,13311,17093,4547,8461,176849,85869,27749,17504,46274,22447,5883,29,20
2021-06-08T23:59:59+02:00,19,11,4150,4156,7679,8417,11291,13020,21496,23431,28840,30438,23406,26148,16431,20978,4925,9326,1198,1405,2516,3727,3526,5825,5622,9417,9563,11812,14075,15863,13086,16854,4533,8439,175098,85513,27377,15345,46249,21178,5409,29,20
2021-06-07T23:59:59+02:00,15,9,4029,4077,7442,8311,11002,12842,21292,23317,28686,30320,23347,26095,16413,20953,4921,9318,1149,1285,2395,3667,3396,5762,5456,9341,9352,11685,13845,15605,12930,16685,4526,8421,173870,85322,27367,15340,46239,19938,4884,29,20
2021-06-06T23:59:59+02:00,13,9,3911,4018,7204,8189,10752,12681,21105,23228,28600,30229,23317,26061,16401,20935,4918,9314,1128,1268,2330,3631,3300,5710,5349,9266,9234,11583,13688,15451,12858,16591,4523,8414,172719,85128,27350,15336,46229,19286,4558,29,20
2021-06-05T23:59:59+02:00,13,9,3882,3981,7164,8149,10575,12526,20477,22719,28438,30083,23267,26016,16387,20916,4918,9310,1096,1167,2164,3178,3068,5170,5179,8934,8453,10630,13036,14611,12745,16444,4512,8404,170676,79738,27350,15336,46228,19152,4548,28,20
2021-06-04T23:59:59+02:00,13,9,3852,3954,7128,8124,10478,12434,20115,22391,28334,29986,23232,25977,16373,20906,4916,9309,1064,1100,2066,2868,2908,4693,5022,8564,7939,9972,11537,12894,12620,16247,4505,8386,169397,73361,27337,15335,46227,19130,4542,28,20
2021-06-03T23:59:59+02:00,8,6,3717,3851,6907,7986,9922,12012,18888,21460,27933,29676,23099,25835,16320,20844,4912,9295,1011,1056,1977,2756,2771,4536,4817,8260,7576,9521,11159,12493,12512,16134,4502,8373,164636,71575,27327,15332,46223,18073,4457,28,20
2021-06-02T23:59:59+02:00,8,6,3710,3843,6895,7969,9911,12001,18700,21280,27862,29627,23076,25813,16314,20835,4909,9293,1007,1049,1965,2726,2750,4517,4606,8076,7040,9033,11122,12452,12497,16119,4498,8367,164570,71467,26782,13839,46222,18051,4450,28,20
2021-06-01T23:59:59+02:00,7,5,3583,3767,6658,7821,9623,11808,18245,20933,27625,29432,22982,25711,16273,20782,4906,9281,970,1001,1880,2656,2670,4445,4327,7842,6442,8500,10908,12239,12399,16017,4493,8355,162881,71026,26002,12545,46208,17233,4323,28,20
2021-05-31T23:59:59+02:00,7,5,3536,3722,6569,7753,9487,11708,18119,20842,27535,29355,22915,25650,16256,20754,4901,9274,941,977,1813,2616,2590,4402,4220,7778,6323,8425,10720,12070,12298,15900,4483,8347,162040,70664,25971,12540,46195,16528,4154,28,20
2021-05-30T23:59:59+02:00,7,4,3505,3698,6505,7698,9397,11617,18031,20762,27458,29284,22870,25605,16234,20727,4895,9264,935,970,1802,2606,2577,4390,4191,7753,6270,8383,10658,11990,12264,15857,4478,8338,161339,70620,25966,12537,46178,16238,4050,28,20
2021-05-29T23:59:59+02:00,7,4,3494,3679,6469,7671,9353,11580,17993,20722,27313,29178,22816,25531,16219,20707,4892,9260,899,951,1745,2560,2504,4305,4001,7498,5997,8085,8459,9331,12071,15515,4463,8309,160680,64375,25966,12535,46164,15715,4050,28,20
2021-05-28T23:59:59+02:00,7,4,3431,3624,6338,7594,9213,11449,17836,20591,27130,29055,22751,25454,16198,20689,4891,9259,886,937,1726,2540,2468,4251,3849,7201,5803,7822,5756,6218,11794,15118,4447,8260,159322,57495,25964,12535,46159,14987,4041,28,20
2021-05-27T23:59:59+02:00,7,4,3284,3494,6053,7414,8611,11116,17360,20253,26716,28707,22584,25288,16140,20626,4884,9241,836,879,1644,2445,2351,4117,3426,6227,5379,7224,5595,6044,11715,15045,4441,8243,155847,57014,25905,12488,46149,12238,3853,28,20
2021-05-26T23:59:59+02:00,7,4,3177,3411,5834,7248,8239,10830,16894,19947,26415,28471,22435,25155,16089,20552,4871,9221,819,871,1592,2420,2298,4087,3353,6153,5282,7152,5459,5917,11650,14979,4436,8231,153143,56940,25889,12486,46127,11642,3613,28,20
2021-05-25T23:59:59+02:00,7,4,3086,3348,5692,7134,8042,10668,15892,19169,26061,28117,22276,24998,16037,20472,4864,9211,800,853,1556,2376,2227,4028,3278,6083,5197,7088,5292,5747,11542,14899,4428,8220,151588,56873,23963,12298,46111,11035,3390,26,20
2021-05-24T23:59:59+02:00,7,4,3023,3330,5604,7090,7924,10606,14975,18480,25646,27805,22181,24894,16006,20436,4857,9199,791,851,1534,2359,2183,3991,3231,6034,5120,7008,5191,5639,11462,14823,4427,8214,150863,56834,21892,12222,46101,10599,3185,26,20
2021-05-23T23:59:59+02:00,7,4,3020,3326,5595,7083,7915,10598,14970,18479,25645,27804,22181,24894,16006,20436,4857,9199,789,848,1526,2352,2171,3978,3212,6019,5099,6975,5146,5587,11445,14799,4426,8212,150835,56826,21892,12222,46099,10351,3167,26,20
2021-05-22T23:59:59+02:00,6,4,2983,3284,5522,7037,7815,10511,14771,18318,25365,27561,22081,24808,15973,20393,4854,9195,767,829,1482,2300,2120,3899,3098,5897,4784,6407,4576,4845,10799,13977,4416,8173,149297,53579,21892,12222,46099,9383,3167,26,20
2021-05-21T23:59:59+02:00,4,4,2911,3209,5395,6940,7688,10365,14512,18088,25071,27326,21968,24700,15940,20345,4849,9186,736,775,1414,2172,2018,3632,2914,5564,4302,5507,4162,4306,10056,13035,4351,8047,147355,49833,21891,12222,46093,7781,3137,25,20
2021-05-20T23:59:59+02:00,4,4,2779,3046,5116,6685,7402,9997,14050,17605,24459,26776,21697,24402,15846,20225,4835,9156,722,764,1387,2147,1979,3599,2859,5509,4219,5429,4034,4203,9979,12972,4342,8035,143204,49741,21882,12210,46068,7304,2905,25,20
2021-05-19T23:59:59+02:00,4,4,2727,2994,5019,6545,7259,9815,12903,16569,24196,26488,21600,24272,15801,20164,4827,9149,703,738,1362,2099,1947,3514,2796,5362,4124,5321,3952,4112,9926,12907,4339,8031,141831,49712,19811,12145,45997,6685,2672,25,20
2021-05-18T23:59:59+02:00,4,4,2703,2971,4972,6513,7208,9784,12549,16293,24016,26335,21507,24183,15771,20111,4819,9137,674,680,1307,1970,1874,3312,2698,5154,3995,5121,3727,3835,9844,12827,4329,8021,141555,49691,18956,11146,45953,6121,2391,25,20
2021-05-17T23:59:59+02:00,4,4,2677,2950,4929,6443,7120,9676,12396,16115,23867,26174,21453,24132,15752,20088,4814,9129,666,666,1291,1934,1853,3263,2650,5045,3916,5007,3588,3683,9776,12764,4326,8012,140584,49668,18948,11136,45936,5387,2230,25,20
2021-05-16T23:59:59+02:00,4,4,2665,2936,4906,6376,7082,9593,12336,16041,23815,26110,21429,24115,15742,20074,4811,9126,661,660,1281,1931,1836,3254,2628,5033,3887,4984,3534,3616,9737,12732,4325,8010,140144,49655,18940,11125,45914,5168,2142,25,20
2021-05-15T23:59:59+02:00,4,4,2540,2798,4719,6170,6891,9406,11818,15623,23226,25560,21322,23997,15708,20031,4808,9118,611,597,1198,1844,1699,3100,2340,4725,3439,4473,3202,3188,9574,12527,4301,7981,136753,46695,18939,11125,45909,4843,2117,25,20
2021-05-14T23:59:59+02:00,4,4,2424,2621,4524,5945,6613,9093,11281,15110,22659,24992,21175,23856,15672,19973,4804,9107,548,519,1095,1724,1538,2884,2008,4322,2839,3883,2817,2750,9490,12380,4297,7977,132927,43764,18932,11123,45885,4077,2088,25,20
2021-05-13T23:59:59+02:00,4,4,2242,2334,4202,5562,6186,8619,10721,14422,21628,24077,20892,23582,15612,19874,4797,9092,544,519,1082,1708,1523,2865,1998,4296,2818,3857,2801,2733,9483,12376,4296,7977,127021,43691,18878,11115,45859,3984,2067,25,20
2021-05-12T23:59:59+02:00,4,4,2241,2331,4194,5561,6177,8613,10619,14301,21574,24038,20887,23571,15607,19866,4796,9092,536,497,1046,1653,1474,2786,1915,4209,2759,3798,2720,2638,9432,12303,4296,7977,126976,43688,18552,10287,45859,3981,2064,25,20
2021-05-11T23:59:59+02:00,4,4,2120,2292,4110,5496,6052,8499,10313,14050,21382,23876,20811,23499,15592,19833,4792,9087,511,473,985,1593,1405,2695,1815,4071,2686,3724,2567,2410,9368,12202,4295,7976,126033,43670,18215,9453,45576,3671,1963,25,20
2021-05-10T23:59:59+02:00,4,4,2078,2215,4003,5371,5916,8320,9522,13286,21002,23553,20720,23409,15553,19779,4782,9074,499,445,949,1529,1340,2606,1725,3909,2602,3629,2539,2387,9358,12184,4291,7971,124891,43648,16365,9273,45473,3186,1837,25,20
2021-05-09T23:59:59+02:00,4,4,2046,2200,3969,5331,5863,8272,9456,13217,20932,23480,20687,23368,15539,19752,4779,9060,492,436,928,1486,1314,2557,1691,3847,2564,3586,2530,2375,9348,12167,4291,7963,124448,43589,16361,9270,45378,2950,1747,25,20
2021-05-08T23:59:59+02:00,4,4,1983,2096,3785,5156,5588,8065,9145,12931,19796,22550,20491,23174,15506,19683,4774,9048,419,406,863,1446,1238,2484,1603,3745,2345,3373,1984,1944,9254,12082,4290,7963,120292,42113,16360,9269,45375,2308,1746,6,4
2021-05-07T23:59:59+02:00,4,4,1895,1984,3600,4985,5266,7769,8735,12560,18545,21276,20308,22962,15460,19625,4765,9029,326,347,754,1371,1105,2353,1469,3602,2171,3180,1616,1609,8765,11635,4289,7961,115345,40385,16358,9263,45351,1190,1712,6,4
2021-05-06T23:59:59+02:00,4,4,1711,1875,3313,4733,4815,7364,8093,11996,17303,20032,19974,22584,15353,19461,4755,9018,309,338,732,1342,1065,2307,1420,3518,2104,3112,1580,1554,8748,11604,4283,7958,109485,40365,16351,9257,45116,919,1430,6,4
2021-05-05T23:59:59+02:00,4,3,1641,1845,3231,4646,4738,7259,7961,11845,17147,19886,19854,22465,15277,19365,4733,8922,298,326,690,1290,1004,2232,1336,3368,1995,2995,1487,1454,8331,11036,4277,7940,108725,40327,16208,8129,44945,662,938,6,4
2021-05-04T23:59:59+02:00,4,3,1615,1816,3189,4572,4679,7149,7709,11551,16588,19306,19767,22335,15202,19268,4705,8812,282,313,667,1261,983,2178,1277,3248,1882,2838,1415,1348,8260,10933,4273,7922,108039,40302,14860,7853,44842,399,523,6,4
2021-05-03T23:59:59+02:00,4,3,1607,1812,3181,4558,4641,7127,7456,11319,15895,18711,19703,22250,15176,19234,4699,8802,267,292,645,1179,934,2090,1214,3109,1784,2700,1349,1268,8235,10898,4269,7913,107958,40292,13262,7645,44802,56,150,6,4
2021-05-02T23:59:59+02:00,4,3,1606,1810,3176,4556,4636,7124,7443,11309,15876,18699,19687,22242,15176,19232,4698,8802,267,289,642,1178,929,2087,1204,3103,1776,2693,1335,1261,8234,10893,4268,7913,107932,40269,13259,7643,44778,53,104,6,4
2021-05-01T23:59:59+02:00,4,3,1473,1668,2896,4306,4168,6764,6824,10826,13939,16818,19306,21845,15085,19116,4695,8786,265,289,639,1176,928,2084,1202,3101,1774,2689,1330,1257,8232,10891,4268,7913,100383,40238,13259,7643,44774,53,101,5,4
2021-04-30T23:59:59+02:00,3,3,1350,1518,2680,4083,3838,6368,6256,10230,12148,14778,18848,21305,14981,18974,4681,8776,260,288,632,1169,913,2076,1190,3091,1763,2676,1319,1248,8228,10886,4267,7912,92753,40192,13259,7643,44774,50,30,4,4
2021-04-29T23:59:59+02:00,2,3,1234,1453,2512,3957,3597,6164,5899,9927,10806,13501,18589,21027,14938,18904,4677,8770,259,284,627,1162,901,2070,1170,3086,1733,2640,1293,1224,8222,10877,4267,7912,88060,40160,13250,7510,44633,41,13,4,4
2021-04-28T23:59:59+02:00,2,3,1175,1447,2462,3938,3546,6140,5837,9894,10709,13433,18559,20993,14931,18888,4677,8767,259,283,625,1161,898,2068,1165,3082,1725,2639,1287,1206,7780,10357,4267,7912,87790,40139,13200,6524,44395,37,12,4,3
2021-04-27T23:59:59+02:00,2,3,1127,1420,2360,3894,3481,6113,5718,9839,10592,13357,18526,20954,14918,18873,4676,8765,258,283,623,1154,897,2066,1160,3079,1721,2635,1275,1189,7363,9775,4267,7912,87281,40119,13147,5493,44175,32,11,4,3
2021-04-26T23:59:59+02:00,2,3,1085,1391,2270,3802,3354,6013,5551,9719,10289,13098,18464,20900,14909,18855,4674,8765,257,282,622,1152,891,2063,1153,3076,1703,2625,1260,1176,7354,9755,4267,7912,85944,40032,13137,5472,44048,31,11,4,3
2021-04-25T23:59:59+02:00,2,3,1082,1389,2262,3800,3347,6009,5531,9712,10254,13068,18454,20888,14908,18849,4674,8764,256,282,622,1152,891,2063,1151,3076,1703,2625,1260,1176,7354,9753,4267,7912,85922,40030,13128,5470,43932,31,10,4,3
2021-04-24T23:59:59+02:00,2,2,1039,1272,2074,3263,3077,5393,5337,9300,9422,12022,17748,19992,14794,18690,4666,8753,254,281,621,1150,891,2062,1151,3075,1697,2620,1257,1171,7352,9752,4267,7911,79798,40004,13128,5466,43907,31,9,4,3
2021-04-23T23:59:59+02:00,1,2,1007,1188,1961,2916,2894,4842,5142,8871,8868,11300,16118,18134,14648,18484,4658,8730,254,281,620,1150,889,2060,1150,3075,1696,2619,1252,1166,7348,9750,4267,7910,72777,39990,13127,5455,43847,31,9,4,3
2021-04-22T23:59:59+02:00,1,2,1002,1177,1941,2900,2874,4823,5085,8825,8756,11197,16047,18057,14622,18454,4656,8725,252,281,616,1149,886,2059,1142,3063,1681,2599,1228,1145,7343,9742,4267,7910,72729,39977,13071,5345,43331,30,9,4,3
2021-04-21T23:59:59+02:00,1,2,993,1169,1929,2887,2847,4797,5039,8769,8649,11074,15961,17973,14593,18420,4656,8720,247,278,606,1140,872,2029,1132,3038,1670,2574,1215,1132,7119,9424,4266,7910,72689,39970,13015,4642,42762,29,9,4,3
2021-04-20T23:59:59+02:00,1,2,966,1120,1877,2772,2774,4636,4946,8590,8475,10866,15730,17691,14534,18361,4649,8714,234,275,588,1119,846,1999,1103,3012,1635,2532,1195,1119,7111,9419,4265,7909,72653,39949,11886,4377,42152,25,9,4,2
2021-04-19T23:59:59+02:00,1,2,957,1111,1845,2752,2724,4611,4822,8529,8275,10755,15638,17593,14512,18342,4649,8708,227,267,570,1096,828,1967,1085,2969,1589,2477,1177,1100,7103,9416,4263,7908,72253,39914,11865,4096,41695,22,9,4,2
2021-04-18T23:59:59+02:00,1,2,954,1110,1840,2746,2716,4598,4804,8517,8235,10713,15589,17535,14502,18325,4648,8706,227,267,570,1095,827,1967,1084,2969,1589,2476,1177,1099,7101,9415,4262,7908,72206,39907,11862,4094,41460,22,9,4,2
2021-04-17T23:59:59+02:00,0,2,921,1096,1791,2708,2648,4518,4650,8376,7973,10484,13220,14632,14305,17972,4631,8670,225,267,570,1092,823,1961,1072,2962,1579,2456,1140,1057,6769,8999,4237,7860,65384,38954,11862,4083,41338,22,9,4,2
2021-04-16T23:59:59+02:00,0,2,915,1090,1779,2697,2606,4479,4558,8292,7792,10291,10384,11378,14032,17555,4612,8614,223,262,569,1089,818,1957,1062,2959,1571,2443,1129,1043,6763,8994,4234,7857,58105,38875,11860,4067,41098,22,9,4,1
2021-04-15T23:59:59+02:00,0,2,901,1085,1757,2683,2563,4446,4444,8231,7561,10090,10135,11158,13970,17488,4606,8600,221,261,569,1087,817,1955,1059,2956,1568,2440,1124,1039,6761,8992,4234,7857,58081,38861,11858,4049,39768,21,9,4,1
2021-04-14T23:59:59+02:00,0,2,882,1058,1699,2600,2474,4323,4253,8048,7287,9807,9760,10675,13821,17309,4600,8591,196,236,528,1036,794,1888,1024,2876,1518,2379,1098,1010,6757,8983,4234,7856,58048,38845,10910,3540,38218,19,9,4,1
2021-04-13T23:59:59+02:00,0,2,857,1036,1661,2548,2406,4240,4152,7910,7077,9590,9355,10155,13677,17142,4595,8579,160,212,493,987,754,1795,990,2766,1466,2309,1079,975,6741,8972,4233,7856,58003,38781,9963,2985,37003,13,9,4,1
2021-04-12T23:59:59+02:00,0,2,853,1034,1642,2545,2376,4227,4099,7859,6936,9418,9090,9841,13613,17083,4584,8563,149,198,465,947,731,1730,968,2694,1422,2259,1057,957,6725,8952,4230,7851,57945,38664,9933,2649,35874,13,9,4,1
2021-04-11T23:59:59+02:00,0,2,852,1033,1631,2545,2363,4225,4076,7847,6871,9356,8956,9676,13586,17035,4579,8554,149,198,465,945,731,1729,966,2694,1421,2259,1057,957,6723,8952,4230,7851,57933,38658,9931,2648,35310,12,9,4,1
2021-04-10T23:59:59+02:00,0,2,836,1028,1603,2516,2326,4196,4005,7789,6739,9239,8400,8941,12922,16182,4568,8512,146,198,463,942,725,1726,966,2687,1412,2252,1044,941,6253,8454,4215,7835,54599,37592,9930,2646,35262,12,9,4,1
2021-04-09T23:59:59+02:00,0,2,814,999,1563,2468,2259,4116,3852,7630,6392,8907,7877,8283,12106,15155,4498,8375,144,197,461,937,719,1719,958,2677,1397,2241,1022,920,6011,8184,4198,7808,50625,36930,9922,2642,34736,12,9,4,1
2021-04-08T23:59:59+02:00,0,2,805,989,1536,2444,2193,4066,3717,7543,6138,8607,7262,7626,11946,14955,4487,8358,144,194,456,934,714,1712,950,2667,1390,2228,1010,918,6008,8182,4197,7808,50592,36910,9898,2581,32171,12,9,4,1
2021-04-07T23:59:59+02:00,0,2,799,980,1510,2426,2135,4028,3630,7473,5906,8340,6709,6993,11339,14206,4475,8331,125,187,425,887,668,1643,894,2597,1340,2159,989,902,6000,8176,4196,7808,50565,36886,8740,2090,29965,12,8,4,1
2021-04-06T23:59:59+02:00,0,2,794,978,1496,2418,2106,4006,3557,7424,5725,8167,6263,6484,11137,13990,4460,8303,101,166,376,825,623,1568,850,2497,1288,2095,965,886,5982,8163,4194,7804,50495,36859,8556,1505,28248,12,7,4,1
2021-04-05T23:59:59+02:00,0,2,789,974,1480,2410,2082,3997,3506,7398,5582,8057,6060,6269,11070,13904,4454,8293,95,164,375,823,616,1559,842,2482,1275,2076,937,855,4889,6763,4115,7698,50297,34050,8552,1495,27467,12,7,4,1
2021-04-04T23:59:59+02:00,0,2,787,968,1478,2408,2078,3995,3489,7391,5572,8050,6049,6249,11056,13886,4452,8290,95,164,373,821,613,1554,835,2475,1260,2056,914,833,3887,5601,4049,7592,50282,31608,8550,1495,27357,12,7,4,1
2021-04-03T23:59:59+02:00,0,2,735,913,1396,2338,1955,3856,3228,7130,5111,7556,5706,5794,10884,13669,4426,8261,93,164,373,820,613,1552,834,2475,1260,2056,914,833,3887,5598,4049,7591,47044,31598,8550,1495,27355,12,7,4,1
2021-04-02T23:59:59+02:00,0,2,692,878,1341,2270,1857,3742,2972,6868,4596,7077,5316,5334,10787,13505,4421,8255,92,164,373,820,613,1552,832,2475,1258,2053,912,829,3884,5595,4048,7591,44117,31579,8549,1494,27237,12,6,4,1
2021-04-01T23:59:59+02:00,0,2,689,876,1330,2264,1837,3734,2943,6854,4522,7004,5207,5225,10748,13456,4420,8251,92,164,371,816,611,1549,832,2472,1254,2049,902,828,3880,5593,4047,7590,44100,31570,8405,1462,26847,12,6,4,1
2021-03-31T23:59:59+02:00,0,2,687,874,1323,2248,1829,3724,2915,6826,4459,6958,5068,5064,10239,12849,4416,8243,92,164,370,816,611,1549,832,2472,1252,2049,901,828,3880,5592,4047,7589,44088,31564,7278,1462,26349,12,6,3,1
2021-03-30T23:59:59+02:00,0,2,678,871,1305,2228,1799,3695,2877,6791,4373,6868,4901,4870,9714,12149,4409,8228,87,161,369,812,606,1546,827,2466,1244,2047,890,818,3872,5589,4046,7588,44061,31543,6093,1409,25595,10,6,3,1
2021-03-29T23:59:59+02:00,0,2,673,863,1292,2193,1782,3664,2846,6749,4301,6782,4702,4672,9628,12055,4406,8214,87,161,369,810,601,1542,825,2460,1240,2040,882,812,3864,5582,4046,7588,43991,31530,5875,1364,24949,9,6,3,1
2021-03-28T23:59:59+02:00,0,2,670,861,1289,2190,1767,3654,2831,6737,4267,6729,4606,4562,9591,11990,4401,8207,87,161,369,809,601,1542,823,2460,1238,2040,881,812,3863,5582,4046,7588,43969,31528,5866,1359,24510,9,6,3,1
2021-03-27T23:59:59+01:00,0,2,666,856,1280,2185,1751,3638,2803,6707,4104,6586,4027,4106,9362,11743,4388,8188,87,161,367,807,599,1540,821,2457,1230,2034,877,808,3685,5292,3945,7419,42021,30755,5862,1359,24500,9,6,3,1
2021-03-26T23:59:59+01:00,0,2,660,847,1272,2175,1729,3621,2777,6685,4028,6508,3622,3742,8765,11185,4375,8174,87,161,366,806,598,1537,817,2454,1221,2030,864,795,2968,4352,3736,7076,40088,28494,5849,1359,24222,9,6,2,1
2021-03-25T23:59:59+01:00,0,2,653,842,1259,2161,1710,3597,2718,6645,3945,6429,3447,3524,8655,11074,4370,8168,87,161,366,806,598,1537,817,2453,1220,2030,864,795,2967,4351,3735,7075,40075,28488,5742,1359,23374,9,6,2,1
2021-03-24T23:59:59+01:00,0,2,647,835,1226,2135,1665,3552,2640,6576,3788,6279,3129,3162,8248,10524,4361,8156,83,159,354,793,581,1519,784,2419,1170,1997,831,758,2958,4345,3735,7072,40053,28186,4985,1358,21879,8,6,2,1
2021-03-23T23:59:59+01:00,0,2,634,827,1201,2103,1623,3505,2558,6495,3639,6123,2747,2777,8031,10305,4354,8139,78,155,342,771,546,1488,723,2356,1068,1916,748,698,2922,4311,3731,7068,40009,27556,4695,1351,20352,8,6,1,1
2021-03-22T23:59:59+01:00,0,2,610,714,1165,2048,1590,3450,2505,6425,3499,5992,2505,2539,7701,9950,4338,8103,78,154,342,771,546,1486,721,2354,1065,1916,746,694,2918,4306,3730,7065,39541,27527,4370,1351,19218,8,6,1,1
2021-03-21T23:59:59+01:00,0,2,609,711,1159,2040,1579,3440,2488,6410,3461,5958,2363,2375,7608,9837,4330,8089,78,154,342,770,546,1486,721,2354,1065,1916,746,694,2918,4305,3730,7065,39537,27525,4356,1351,18559,8,6,1,1
2021-03-20T23:59:59+01:00,0,2,608,711,1157,2034,1572,3433,2482,6403,3444,5936,2331,2337,7118,9320,4314,8073,78,154,342,770,545,1486,719,2353,1065,1915,746,694,2918,4303,3728,7063,38499,27514,4344,1351,18425,8,6,1,1
2021-03-19T23:59:59+01:00,0,2,601,704,1143,2018,1537,3409,2412,6263,3381,5828,2149,2154,6810,9001,4295,8048,78,154,341,764,541,1483,714,2345,1054,1902,737,687,2495,3701,3314,6317,37893,25268,4328,1351,17527,2,6,1,1
2021-03-18T23:59:59+01:00,0,2,586,688,1122,1987,1510,3379,2372,6195,3308,5739,1997,1958,6691,8882,4289,8037,77,154,341,762,540,1483,713,2341,1051,1901,730,683,2445,3629,3287,6275,37873,25076,4317,1328,16545,2,6,1,1
2021-03-17T23:59:59+01:00,0,1,556,659,1077,1931,1473,3295,2295,6078,3156,5584,1740,1692,6525,8729,4279,8022,76,150,329,735,524,1439,691,2283,1013,1860,713,664,2205,3334,3206,6151,37801,24109,3791,1256,15493,2,6,1,1
2021-03-16T23:59:59+01:00,0,1,512,630,1037,1875,1421,3191,2229,5924,3040,5450,1543,1470,6391,8582,4269,8001,70,136,308,679,494,1362,662,2148,984,1729,664,614,2094,3200,3183,6067,37746,23362,3172,1025,14642,2,5,1,1
2021-03-15T23:59:59+01:00,0,1,500,619,1006,1829,1387,3123,2198,5839,2952,5366,1419,1335,5812,7895,4230,7937,67,129,293,621,479,1242,624,2018,944,1616,636,594,2057,3161,3170,6008,36512,22966,2817,691,14118,2,0,1,1
2021-03-14T23:59:59+01:00,0,1,495,613,996,1817,1384,3106,2182,5821,2918,5339,1375,1285,5419,7448,4207,7919,66,124,289,598,473,1215,618,1962,934,1591,636,594,2057,3161,3169,6006,35697,22960,2812,531,13815,2,0,1,1
2021-03-13T23:59:59+01:00,0,1,474,595,959,1770,1331,3042,1926,5232,2678,4925,1270,1172,4770,6600,4158,7844,66,124,288,595,471,1213,616,1960,933,1587,634,589,1696,2681,2645,5252,34028,20817,2808,531,11910,2,0,1,1
2021-03-12T23:59:59+01:00,0,1,458,573,939,1729,1301,2961,1722,4442,2471,4474,1200,1089,4074,5799,4111,7762,66,122,287,591,471,1210,614,1952,928,1581,631,582,1375,2141,2111,4458,32353,18588,2805,531,9947,1,0,1,1
2021-03-11T23:59:59+01:00,0,1,454,566,931,1717,1286,2944,1697,4408,2435,4438,1126,1034,4032,5763,4108,7758,66,114,281,569,457,1158,605,1903,909,1545,619,569,1369,2124,2102,4409,32321,18339,2710,459,9666,1,0,1,1
2021-03-10T23:59:59+01:00,0,1,433,555,884,1659,1232,2867,1624,4311,2369,4345,1092,1011,4016,5748,4107,7756,66,114,279,565,454,1151,600,1880,909,1540,613,561,1308,2038,2059,4353,32306,18055,2143,434,9560,1,0,1,1
2021-03-09T23:59:59+01:00,0,1,411,539,836,1609,1191,2804,1582,4228,2326,4292,1071,1000,4010,5741,4106,7754,64,113,278,564,453,1140,598,1868,903,1535,611,555,1103,1729,1944,4181,32259,17231,1693,407,9548,1,0,1,1
2021-03-08T23:59:59+01:00,0,1,404,528,826,1595,1182,2788,1574,4203,2315,4279,1058,989,3973,5694,4104,7749,63,113,274,559,449,1134,597,1864,899,1533,611,555,1034,1638,1899,4138,32131,16976,1597,383,9533,1,0,1,1
2021-03-07T23:59:59+01:00,0,1,403,525,826,1594,1180,2786,1570,4197,2305,4274,1052,981,3967,5688,4103,7748,60,110,265,537,437,1108,582,1764,864,1458,610,555,930,1509,1848,4070,32115,16617,1558,90,9526,0,0,1,1
2021-03-06T23:59:59+01:00,0,1,395,509,807,1561,1157,2728,1528,4130,2112,3778,1023,944,3794,5417,4006,7587,60,110,265,537,437,1107,582,1764,864,1458,610,555,927,1508,1845,4069,31408,16608,1558,90,8510,0,0,1,1
2021-03-05T23:59:59+01:00,0,1,380,468,774,1457,1107,2511,1453,3917,1898,3107,992,899,3049,4457,3802,7248,60,109,264,534,434,1101,581,1759,860,1455,607,553,888,1449,1822,4031,29111,16417,1557,90,6851,0,0,1,1
2021-03-04T23:59:59+01:00,0,1,365,460,767,1437,1094,2488,1434,3888,1875,3088,979,895,3045,4453,3798,7246,60,108,261,531,430,1085,571,1737,859,1447,605,551,851,1395,1799,3996,29097,16259,1519,27,6696,0,0,1,1
2021-03-03T23:59:59+01:00,0,1,354,428,748,1386,1063,2405,1383,3734,1796,2990,946,851,3035,4447,3798,7243,59,107,258,529,429,1081,569,1728,856,1443,605,550,831,1342,1714,3850,28781,15926,1519,25,6307,0,0,1,1
2021-03-02T23:59:59+01:00,0,1,348,419,732,1362,1015,2360,1314,3650,1679,2893,858,785,2993,4410,3792,7237,59,107,257,525,428,1073,569,1722,856,1439,604,550,831,1342,1714,3850,28141,15901,1456,25,6250,0,0,1,1
2021-03-01T23:59:59+01:00,0,1,344,405,725,1315,1002,2302,1294,3567,1653,2844,840,776,2985,4400,3792,7237,59,106,256,521,423,1059,565,1709,847,1431,603,548,735,1190,1660,3770,28101,15457,1407,25,5973,0,0,1,1
2021-02-28T23:59:59+01:00,0,1,339,392,717,1276,989,2224,1282,3480,1630,2765,836,766,2983,4396,3791,7235,59,106,256,521,423,1058,565,1709,844,1431,603,547,638,1065,1614,3690,28090,15106,1404,23,5607,0,0,1,1
2021-02-27T23:59:59+01:00,0,1,330,372,703,1251,969,2187,1247,3411,1607,2712,819,751,2980,4396,3790,7235,59,106,256,521,423,1058,564,1709,843,1431,603,547,638,1064,1614,3690,28088,15103,1404,23,5268,0,0,1,1
2021-02-26T23:59:59+01:00,0,1,304,319,655,1186,904,2068,1157,3245,1503,2573,790,728,2551,3791,3373,6469,59,106,253,519,423,1056,562,1707,840,1425,599,545,631,1052,1605,3671,25825,15030,1404,23,4387,0,0,1,1
2021-02-25T23:59:59+01:00,0,1,299,306,642,1154,883,2026,1138,3179,1484,2528,787,725,2505,3718,3343,6425,57,104,249,511,423,1052,557,1697,837,1414,593,540,553,942,1561,3614,25604,14683,1404,21,4134,0,0,1,1
2021-02-24T23:59:59+01:00,0,1,280,296,591,1108,836,1959,1080,3084,1440,2470,770,706,2265,3416,3261,6295,56,100,245,504,417,1034,548,1675,834,1394,586,529,540,922,1550,3592,24621,14511,1404,15,3832,0,0,1,1
2021-02-23T23:59:59+01:00,0,1,267,275,563,1051,799,1882,1012,2934,1368,2365,719,656,2154,3281,3238,6205,56,98,243,498,417,1018,538,1643,827,1372,577,523,525,875,1539,3548,23829,14282,1399,15,3541,0,0,1,1
2021-02-22T23:59:59+01:00,0,1,263,269,551,989,779,1806,986,2839,1332,2305,695,635,2127,3246,3230,6148,56,97,237,492,415,1005,529,1626,823,1347,562,511,507,850,1533,3498,23436,14073,1399,15,3365,0,0,1,1
2021-02-21T23:59:59+01:00,0,1,260,261,542,964,766,1769,978,2791,1302,2279,695,633,2125,3246,3229,6147,56,97,236,492,415,1005,529,1626,823,1346,562,510,507,850,1533,3497,23430,14069,1399,15,3158,0,0,1,1
2021-02-20T23:59:59+01:00,0,1,176,230,470,915,698,1691,908,2702,1217,2180,680,617,1757,2732,2679,5352,56,97,236,492,415,1005,529,1625,823,1346,562,510,507,850,1533,3497,21177,14068,1399,15,2428,0,0,1,1
2021-02-19T23:59:59+01:00,0,1,83,167,358,833,572,1558,775,2553,1081,2027,664,596,1455,2219,2144,4561,56,97,236,492,415,1004,529,1625,823,1345,562,510,501,848,1532,3491,18993,14052,1399,14,1254,0,0,1,1
2021-02-18T23:59:59+01:00,0,1,80,162,346,783,551,1469,742,2413,1048,1960,649,586,1446,2201,2135,4512,53,90,231,470,401,939,514,1545,804,1271,548,496,495,830,1531,3474,18756,13678,1374,14,953,0,0,1,1
2021-02-17T23:59:59+01:00,0,1,79,154,332,760,542,1436,713,2320,1012,1861,643,576,1388,2114,2089,4463,53,87,229,461,393,900,503,1480,785,1189,535,483,493,828,1531,3474,18498,13410,1301,14,683,0,0,1,1
2021-02-16T23:59:59+01:00,0,1,74,148,317,721,514,1363,681,2212,987,1756,633,569,1144,1770,1971,4286,52,78,228,453,387,870,490,1414,759,1121,514,470,491,828,1528,3473,17592,13154,1063,2,491,0,0,1,1
2021-02-15T23:59:59+01:00,0,1,69,132,291,618,479,1222,626,1999,937,1597,624,567,1061,1664,1920,4224,52,78,226,448,383,864,489,1410,756,1114,514,470,490,825,1527,3470,17267,13116,725,0,38,0,0,1,1
2021-02-14T23:59:59+01:00,0,1,68,125,286,593,474,1193,615,1945,923,1575,624,567,964,1541,1875,4168,52,78,226,448,383,864,489,1408,756,1114,514,470,490,825,1527,3470,16943,13114,570,0,23,0,0,1,1
2021-02-13T23:59:59+01:00,0,1,68,124,286,592,473,1189,614,1943,921,1572,623,566,963,1532,1871,4165,52,78,226,447,381,859,488,1403,754,1113,512,468,473,787,1272,3012,16909,12325,570,0,23,0,0,1,1
2021-02-12T23:59:59+01:00,0,1,67,124,285,591,469,1185,614,1939,918,1571,620,565,924,1481,1851,4125,52,78,226,443,378,850,483,1395,748,1107,505,460,455,748,925,2320,16739,11173,570,0,20,0,0,1,1
2021-02-11T23:59:59+01:00,0,1,67,117,281,580,456,1158,608,1913,911,1559,619,564,882,1423,1829,4086,52,75,211,413,364,803,467,1322,733,1075,502,459,455,748,924,2319,16561,10923,487,0,5,0,0,1,0
2021-02-10T23:59:59+01:00,0,1,66,117,277,577,454,1153,604,1897,906,1555,619,564,873,1407,1808,4042,51,65,177,336,310,700,417,1150,654,981,467,447,450,747,924,2318,16459,10195,459,0,1,0,0,1,0
2021-02-09T23:59:59+01:00,0,1,64,115,271,574,451,1140,603,1883,899,1549,618,563,861,1372,1743,3939,43,53,124,258,234,549,336,948,552,827,432,436,446,746,922,2318,16215,9225,430,0,0,0,0,1,0
2021-02-08T23:59:59+01:00,0,1,63,115,268,565,448,1133,602,1868,893,1541,616,561,760,1222,1689,3857,38,43,86,168,171,411,270,710,492,692,424,429,442,743,921,2318,15796,8359,405,0,0,0,0,1,0
2021-02-07T23:59:59+01:00,0,1,60,112,259,542,433,1102,586,1765,858,1462,615,560,657,1095,1642,3774,37,42,82,166,168,404,265,697,487,681,422,428,442,743,921,2317,15426,8303,96,0,0,0,0,1,0
2021-02-06T23:59:59+01:00,0,1,60,112,258,542,433,1102,584,1764,856,1459,612,558,655,1086,1636,3767,34,41,81,163,165,394,261,689,476,673,414,427,406,695,687,1935,15388,7542,96,0,0,0,0,1,0
2021-02-05T23:59:59+01:00,0,1,60,112,256,539,433,1100,583,1763,854,1457,610,558,645,1079,1630,3756,32,39,77,157,160,386,253,670,459,663,408,427,400,670,299,1313,15339,6414,96,0,0,0,0,1,0
2021-02-04T23:59:59+01:00,0,1,58,110,251,532,427,1084,567,1736,850,1443,603,547,560,959,1582,3697,31,36,73,152,154,375,238,649,442,649,403,421,395,663,297,1308,14978,6287,28,0,0,0,0,1,0
2021-02-03T23:59:59+01:00,0,1,57,105,247,525,426,1064,564,1720,848,1428,599,537,550,949,1579,3684,24,28,59,120,121,276,174,507,333,499,301,321,320,522,226,1047,14856,4879,26,0,0,0,0,1,0
2021-02-02T23:59:59+01:00,0,1,57,103,244,519,426,1046,552,1687,840,1404,586,528,539,904,1570,3640,17,21,40,79,85,182,122,342,218,360,212,215,204,328,162,693,14619,3281,26,0,0,0,0,1,0
2021-02-01T23:59:59+01:00,0,1,57,101,240,511,424,1030,544,1666,836,1381,578,522,522,875,1562,3596,7,11,20,42,47,94,65,168,94,163,100,98,85,153,70,307,14419,1524,26,0,0,0,0,1,0
2021-01-31T23:59:59+01:00,0,1,57,101,239,510,422,1026,542,1661,833,1378,578,521,522,875,1562,3595,7,11,18,38,42,80,61,142,81,148,96,98,84,152,68,306,14397,1432,25,0,0,0,0,1,0
2021-01-30T23:59:59+01:00,0,1,57,101,239,510,422,1026,542,1661,833,1378,578,521,522,875,1562,3595,7,11,18,38,42,80,61,142,81,148,96,97,84,152,68,306,14397,1431,25,0,0,0,0,1,0
2021-01-29T23:59:59+01:00,0,1,57,101,239,510,422,1026,542,1661,833,1378,578,521,522,875,1562,3595,7,11,18,38,42,80,61,142,81,148,96,97,84,152,68,306,14397,1431,25,0,0,0,0,1,0
2021-01-28T23:59:59+01:00,0,1,55,93,235,482,410,960,524,1575,811,1295,565,506,516,858,1560,3581,3,2,4,6,11,13,19,34,21,31,16,20,19,34,17,91,14007,341,19,0,0,0,0,1,0
2021-01-27T23:59:59+01:00,0,1,53,89,235,472,402,921,514,1509,791,1212,553,492,514,856,1560,3581,3,2,4,6,9,13,19,33,21,30,16,20,19,34,17,91,13737,337,17,0,0,0,0,1,0
2021-01-26T23:59:59+01:00,0,1,52,83,231,466,395,892,503,1440,766,1144,530,479,512,856,1560,3581,1,2,4,6,9,12,17,29,17,25,14,18,17,32,17,84,13474,304,16,0,0,0,0,1,0
2021-01-25T23:59:59+01:00,0,1,52,83,228,461,392,886,503,1437,764,1139,530,479,512,855,1560,3579,0,0,0,0,0,0,0,0,0,0,1,1,0,2,0,0,13445,4,15,0,0,0,0,1,0
2021-01-24T23:59:59+01:00,0,1,52,83,228,461,392,886,503,1436,764,1139,530,479,512,855,1560,3579,0,0,0,0,0,0,0,0,0,0,1,1,0,2,0,0,13444,4,15,0,0,0,0,1,0
2021-01-23T23:59:59+01:00,0,1,52,83,228,460,391,882,503,1430,763,1137,527,477,495,817,1307,3111,0,0,0,0,0,0,0,0,0,0,1,1,0,2,0,0,12648,4,15,0,0,0,0,1,0
2021-01-22T23:59:59+01:00,0,1,52,83,227,456,387,872,498,1420,758,1129,521,469,478,776,948,2395,0,0,0,0,0,0,0,0,0,0,1,1,0,2,0,0,11455,4,15,0,0,0,0,0,0
2021-01-21T23:59:59+01:00,0,1,52,80,209,423,360,816,471,1321,732,1095,517,469,478,776,947,2394,0,0,0,0,0,0,0,0,0,0,1,1,0,2,0,0,11126,4,15,0,0,0,0,0,0
2021-01-20T23:59:59+01:00,0,1,50,70,181,352,319,730,429,1167,662,1004,481,458,473,776,947,2393,0,0,0,0,0,0,0,0,0,0,1,1,0,2,0,0,10478,4,15,0,0,0,0,0,0
2021-01-19T23:59:59+01:00,0,1,44,57,135,275,246,571,352,985,570,862,446,446,469,774,947,2393,0,0,0,0,0,0,0,0,0,0,1,0,0,2,0,0,9566,3,7,0,0,0,0,0,0
2021-01-18T23:59:59+01:00,0,1,40,44,86,175,177,421,282,722,499,705,437,439,466,769,945,2393,0,0,0,0,0,0,0,0,0,0,0,0,0,1,0,0,8601,1,0,0,0,0,0,0,0
2021-01-17T23:59:59+01:00,0,1,37,43,83,171,173,413,278,711,494,692,435,439,466,769,945,2392,0,0,0,0,0,0,0,0,0,0,0,0,0,0,0,0,8542,0,0,0,0,0,0,0,0
2021-01-16T23:59:59+01:00,0,1,34,42,81,169,169,404,270,704,479,684,427,438,427,722,704,2007,0,0,0,0,0,0,0,0,0,0,0,0,0,0,0,0,7762,0,0,0,0,0,0,0,0
2021-01-15T23:59:59+01:00,0,1,32,40,78,162,166,398,263,687,465,676,421,437,422,698,310,1376,0,0,0,0,0,0,0,0,0,0,0,0,0,0,0,0,6632,0,0,0,0,0,0,0,0
2021-01-14T23:59:59+01:00,0,1,32,38,77,158,161,393,255,677,454,668,417,435,422,697,310,1376,0,0,0,0,0,0,0,0,0,0,0,0,0,0,0,0,6571,0,0,0,0,0,0,0,0
2021-01-13T23:59:59+01:00,0,0,24,31,61,125,126,298,195,543,346,525,319,334,348,552,239,1107,0,0,0,0,0,0,0,0,0,0,0,0,0,0,0,0,5173,0,0,0,0,0,0,0,0
2021-01-12T23:59:59+01:00,0,0,17,24,45,87,91,210,141,392,236,389,228,228,227,355,173,750,0,0,0,0,0,0,0,0,0,0,0,0,0,0,0,0,3593,0,0,0,0,0,0,0,0
2021-01-11T23:59:59+01:00,0,0,9,15,26,46,61,134,88,220,124,207,114,107,99,172,80,333,0,0,0,0,0,0,0,0,0,0,0,0,0,0,0,0,1835,0,0,0,0,0,0,0,0
2021-01-10T23:59:59+01:00,0,0,8,15,22,43,54,106,80,179,105,174,108,104,95,170,77,333,0,0,0,0,0,0,0,0,0,0,0,0,0,0,0,0,1673,0,0,0,0,0,0,0,0
2021-01-09T23:59:59+01:00,0,0,8,15,22,43,54,106,80,179,105,174,108,103,95,170,77,333,0,0,0,0,0,0,0,0,0,0,0,0,0,0,0,0,1672,0,0,0,0,0,0,0,0
2021-01-08T23:59:59+01:00,0,0,8,14,21,42,52,100,75,168,99,171,105,99,90,161,75,325,0,0,0,0,0,0,0,0,0,0,0,0,0,0,0,0,1605,0,0,0,0,0,0,0,0
2021-01-07T23:59:59+01:00,0,0,3,3,4,7,11,14,20,34,23,35,18,20,20,34,19,95,0,0,0,0,0,0,0,0,0,0,0,0,0,0,0,0,360,0,0,0,0,0,0,0,0
2021-01-06T23:59:59+01:00,0,0,3,2,4,6,9,13,20,33,21,32,18,20,20,34,19,94,0,0,0,0,0,0,0,0,0,0,0,0,0,0,0,0,348,0,0,0,0,0,0,0,0
2021-01-05T23:59:59+01:00,0,0,3,2,4,6,9,13,20,33,21,32,18,20,20,34,19,94,0,0,0,0,0,0,0,0,0,0,0,0,0,0,0,0,348,0,0,0,0,0,0,0,0
2021-01-04T23:59:59+01:00,0,0,0,0,0,0,0,0,1,0,0,0,1,1,0,2,0,0,0,0,0,0,0,0,0,0,0,0,0,0,0,0,0,0,5,0,0,0,0,0,0,0,0
2021-01-03T23:59:59+01:00,0,0,0,0,0,0,0,0,1,0,0,0,1,1,0,2,0,0,0,0,0,0,0,0,0,0,0,0,0,0,0,0,0,0,5,0,0,0,0,0,0,0,0
2021-01-02T23:59:59+01:00,0,0,0,0,0,0,0,0,1,0,0,0,1,1,0,2,0,0,0,0,0,0,0,0,0,0,0,0,0,0,0,0,0,0,5,0,0,0,0,0,0,0,0
2021-01-01T23:59:59+01:00,0,0,0,0,0,0,0,0,1,0,0,0,1,1,0,2,0,0,0,0,0,0,0,0,0,0,0,0,0,0,0,0,0,0,5,0,0,0,0,0,0,0,0
2020-12-31T23:59:59+01:00,0,0,0,0,0,0,0,0,1,0,0,0,1,1,0,2,0,0,0,0,0,0,0,0,0,0,0,0,0,0,0,0,0,0,5,0,0,0,0,0,0,0,0
2020-12-30T23:59:59+01:00,0,0,0,0,0,0,0,0,1,0,0,0,1,1,0,2,0,0,0,0,0,0,0,0,0,0,0,0,0,0,0,0,0,0,5,0,0,0,0,0,0,0,0
2020-12-29T23:59:59+01:00,0,0,0,0,0,0,0,0,1,0,0,0,1,0,0,2,0,0,0,0,0,0,0,0,0,0,0,0,0,0,0,0,0,0,4,0,0,0,0,0,0,0,0
2020-12-28T23:59:59+01:00,0,0,0,0,0,0,0,0,0,0,0,0,1,0,0,1,0,0,0,0,0,0,0,0,0,0,0,0,0,0,0,0,0,0,2,0,0,0,0,0,0,0,0
2020-12-27T23:59:59+01:00,0,0,0,0,0,0,0,0,0,0,0,0,0,0,0,0,0,0,0,0,0,0,0,0,0,0,0,0,0,0,0,0,0,0,0,0,0,0,0,0,0,0,0
