Datum,<15_m,<15_w,15-24_1_m,15-24_1_w,25-34_1_m,25-34_1_w,35-44_1_m,35-44_1_w,45-54_1_m,45-54_1_w,55-64_1_m,55-64_1_w,65-74_1_m,65-74_1_w,75-84_1_m,75-84_1_w,>84_1_m,>84_1_w,<24_2_m,<24_2_w,25-34_2_m,25-34_2_w,35-44_2_m,35-44_2_w,45-54_2_m,45-54_2_w,55-64_2_m,55-64_2_w,65-74_2_m,65-74_2_w,75-84_2_m,75-84_2_w,>84_2_m,>84_2_w,bp_1,bp_2,mo_1,mo_2,az_1,az_2,ja,unb_1,unb_2
2021-09-26T23:59:59+02:00,1796,1597,14340,13642,17296,16166,20610,20858,27249,28360,33816,34790,25645,28511,17361,22266,5148,9768,12679,12015,15998,14744,19375,19334,25723,26517,32305,33100,24861,27598,16873,21506,4970,9313,244270,228444,32052,29805,46434,44766,16371,110,46
2021-09-25T23:59:59+02:00,1793,1595,14327,13626,17278,16157,20591,20850,27232,28345,33804,34784,25639,28505,17356,22263,5147,9766,12669,12001,15983,14737,19358,19326,25710,26503,32295,33095,24856,27594,16868,21503,4970,9311,244227,228426,32052,29805,46434,44766,16253,110,46
2021-09-24T23:59:59+02:00,1775,1571,14248,13550,17209,16107,20536,20801,27193,28303,33766,34754,25621,28494,17346,22253,5145,9762,12576,11899,15902,14673,19305,19267,25664,26468,32249,33065,24833,27574,16859,21491,4968,9307,243842,227924,32034,29802,46434,44766,16032,110,46
2021-09-23T23:59:59+02:00,1756,1553,14148,13457,17123,16021,20446,20727,27112,28247,33719,34696,25595,28472,17334,22234,5141,9755,12489,11826,15837,14608,19234,19219,25608,26413,32204,33030,24814,27555,16853,21480,4965,9302,243375,227609,31934,29764,46434,44766,15701,110,46
2021-09-22T23:59:59+02:00,1738,1541,14110,13407,17070,15979,20396,20681,27074,28202,33670,34646,25565,28446,17326,22212,5137,9751,12448,11781,15791,14575,19204,19190,25578,26385,32155,32996,24786,27529,16847,21466,4961,9293,242961,227290,31910,29755,46434,44764,15553,110,46
2021-09-21T23:59:59+02:00,1725,1526,14055,13354,17047,15932,20364,20643,27046,28164,33636,34624,25552,28429,17314,22189,5129,9724,12402,11722,15764,14548,19172,19151,25551,26357,32130,32969,24765,27512,16844,21457,4959,9282,242487,226915,31908,29707,46434,44762,15531,110,46
2021-09-20T23:59:59+02:00,1715,1519,14008,13316,17017,15893,20326,20610,27006,28128,33602,34590,25532,28401,17305,22167,5117,9693,12354,11685,15735,14528,19145,19128,25524,26335,32108,32945,24752,27499,16842,21448,4954,9268,242046,226623,31907,29707,46434,44762,15465,110,46
2021-09-19T23:59:59+02:00,1711,1510,13989,13291,16991,15872,20305,20592,26985,28101,33589,34578,25524,28393,17302,22165,5116,9691,12333,11664,15719,14509,19136,19109,25511,26325,32098,32935,24746,27494,16836,21442,4953,9268,241825,226457,31906,29706,46434,44760,15447,110,46
2021-09-18T23:59:59+02:00,1709,1506,13977,13279,16981,15865,20295,20585,26978,28097,33583,34574,25524,28393,17302,22164,5116,9691,12326,11657,15709,14504,19125,19106,25504,26321,32093,32933,24746,27494,16836,21442,4953,9268,241789,226438,31893,29700,46434,44760,15410,110,46
2021-09-17T23:59:59+02:00,1686,1472,13874,13164,16876,15790,20212,20516,26911,28037,33530,34530,25501,28370,17290,22153,5115,9688,12238,11577,15610,14428,19040,19039,25438,26254,32031,32890,24727,27474,16826,21424,4952,9264,241327,226006,31844,29687,46434,44759,15017,110,46
2021-09-16T23:59:59+02:00,1659,1437,13775,13056,16790,15695,20122,20430,26810,27952,33454,34463,25469,28337,17276,22128,5107,9667,12151,11498,15541,14366,18958,18961,25349,26172,31969,32834,24687,27437,16816,21411,4949,9253,240720,225541,31747,29629,46434,44757,14633,110,46
2021-09-15T23:59:59+02:00,1643,1429,13714,13006,16736,15634,20077,20379,26756,27902,33402,34407,25443,28305,17261,22100,5100,9644,12086,11438,15486,14317,18907,18910,25290,26124,31911,32777,24654,27404,16800,21391,4945,9242,240310,225106,31726,29614,46430,44755,14379,110,46
2021-09-14T23:59:59+02:00,1627,1418,13652,12941,16669,15583,20018,20333,26707,27845,33354,34359,25423,28288,17249,22088,5096,9639,12023,11376,15420,14261,18854,18866,25242,26071,31854,32724,24623,27381,16786,21375,4945,9237,239921,224710,31673,29524,46430,44755,14172,110,46
2021-09-13T23:59:59+02:00,1605,1402,13613,12904,16643,15558,19999,20307,26685,27820,33336,34335,25413,28281,17244,22077,5096,9636,11981,11342,15388,14239,18830,18836,25217,26042,31828,32701,24614,27371,16773,21366,4942,9236,239639,224398,31672,29522,46425,44753,14124,110,46
2021-09-12T23:59:59+02:00,1595,1399,13591,12882,16620,15541,19990,20297,26675,27803,33331,34323,25409,28276,17243,22073,5096,9633,11948,11323,15359,14221,18808,18815,25201,26029,31814,32687,24606,27362,16770,21362,4941,9233,239488,224178,31672,29522,46423,44752,14100,110,46
2021-09-11T23:59:59+02:00,1584,1398,13575,12870,16605,15532,19981,20294,26663,27796,33327,34319,25405,28275,17242,22072,5094,9633,11881,11272,15343,14212,18802,18804,25189,26018,31806,32674,24604,27360,16769,21361,4941,9233,239422,223855,31652,29520,46423,44752,14074,110,46
2021-09-10T23:59:59+02:00,1546,1353,13434,12742,16534,15457,19875,20209,26579,27732,33265,34264,25365,28244,17226,22049,5088,9628,11761,11167,15258,14130,18695,18720,25094,25961,31732,32616,24562,27329,16752,21341,4936,9228,238834,223301,31638,29509,46423,44752,13599,110,46
2021-09-09T23:59:59+02:00,1525,1332,13364,12675,16480,15407,19823,20174,26527,27666,33223,34223,25337,28225,17221,22036,5083,9619,11699,11095,15207,14078,18642,18692,25038,25921,31686,32580,24540,27315,16739,21331,4933,9217,238464,222933,31563,29470,46423,44752,13393,110,46
2021-09-08T23:59:59+02:00,1510,1315,13333,12650,16463,15383,19804,20161,26511,27654,33210,34212,25325,28217,17215,22030,5080,9616,11654,11052,15180,14060,18630,18674,25020,25896,31665,32569,24527,27300,16737,21325,4933,9215,238240,222653,31563,29470,46419,44751,13370,110,46
2021-09-07T23:59:59+02:00,1481,1298,13275,12604,16425,15351,19782,20133,26474,27633,33176,34182,25301,28199,17209,22014,5075,9610,11596,10988,15130,14007,18594,18641,24973,25851,31613,32542,24499,27277,16729,21308,4928,9213,238011,222347,31480,29356,46419,44751,13215,110,46
2021-09-06T23:59:59+02:00,1466,1290,13246,12570,16402,15327,19763,20113,26458,27618,33165,34173,25298,28186,17206,22010,5072,9610,11575,10956,15109,13975,18572,18625,24957,25831,31591,32527,24488,27264,16728,21300,4925,9213,237794,222117,31480,29345,46419,44750,13183,110,46
2021-09-05T23:59:59+02:00,1456,1282,13230,12551,16387,15310,19753,20106,26452,27609,33155,34160,25295,28184,17204,22006,5072,9610,11554,10940,15084,13959,18561,18616,24951,25825,31582,32508,24485,27254,16725,21295,4923,9212,237669,221971,31480,29345,46419,44749,13157,110,46
2021-09-04T23:59:59+02:00,1456,1282,13229,12550,16387,15310,19751,20106,26451,27609,33155,34160,25295,28184,17204,22005,5072,9610,11554,10938,15082,13959,18556,18616,24950,25823,31582,32506,24484,27254,16725,21295,4923,9212,237667,221960,31480,29344,46419,44749,13153,110,46
2021-09-03T23:59:59+02:00,1429,1266,13132,12449,16331,15259,19716,20067,26411,27583,33118,34143,25277,28174,17200,21994,5070,9609,11417,10813,15020,13890,18488,18570,24878,25775,31522,32470,24452,27226,16712,21279,4920,9208,237179,221168,31479,29338,46419,44749,13054,110,46
2021-09-02T23:59:59+02:00,1414,1260,13069,12407,16287,15225,19679,20043,26377,27549,33093,34123,25263,28161,17195,21989,5070,9605,11342,10772,14972,13855,18450,18551,24845,25753,31484,32441,24433,27205,16706,21274,4920,9206,236954,220904,31417,29297,46416,44740,12925,110,46
2021-09-01T23:59:59+02:00,1391,1244,13032,12367,16267,15205,19660,20029,26359,27530,33071,34098,25253,28151,17189,21979,5067,9601,11301,10737,14950,13826,18430,18531,24824,25730,31459,32410,24419,27191,16699,21268,4918,9204,236660,220574,31412,29295,46415,44739,12909,110,46
2021-08-31T23:59:59+02:00,1360,1222,12977,12307,16224,15168,19625,19987,26314,27481,33032,34064,25237,28130,17183,21966,5063,9598,11228,10667,14901,13766,18376,18500,24774,25677,31401,32367,24388,27175,16691,21255,4915,9197,236358,220147,31349,29264,46415,44720,12719,110,46
2021-08-30T23:59:59+02:00,1336,1207,12940,12269,16199,15147,19604,19969,26290,27464,33010,34048,25226,28120,17183,21962,5061,9596,11151,10633,14874,13746,18354,18476,24746,25661,31374,32340,24376,27160,16685,21248,4912,9194,236112,219853,31349,29264,46415,44709,12657,110,46
2021-08-29T23:59:59+02:00,1332,1201,12927,12253,16187,15138,19595,19960,26287,27456,33003,34034,25221,28114,17181,21961,5061,9596,11134,10595,14862,13729,18339,18462,24733,25653,31366,32328,24367,27148,16683,21243,4912,9194,236012,219678,31349,29264,46415,44705,12633,110,46
2021-08-28T23:59:59+02:00,1325,1189,12895,12231,16173,15126,19583,19946,26280,27446,32994,34028,25219,28109,17180,21958,5061,9595,11059,10523,14828,13696,18293,18435,24697,25620,31323,32297,24350,27135,16674,21227,4912,9191,235852,219154,31348,29264,46415,44705,12625,110,46
2021-08-27T23:59:59+02:00,1306,1174,12831,12175,16126,15079,19525,19899,26225,27397,32951,33998,25201,28097,17176,21944,5061,9592,11022,10490,14790,13671,18277,18420,24662,25596,31295,32276,24337,27124,16671,21223,4912,9190,235428,219001,31348,29263,46415,44704,12468,110,46
2021-08-26T23:59:59+02:00,1287,1158,12760,12118,16080,15036,19482,19859,26170,27339,32900,33951,25171,28068,17169,21934,5058,9589,10953,10441,14744,13630,18232,18391,24618,25558,31251,32237,24315,27108,16664,21214,4912,9186,235057,218693,31288,29249,46415,44697,12270,110,46
2021-08-25T23:59:59+02:00,1269,1142,12736,12075,16060,15011,19461,19844,26143,27323,32865,33923,25153,28049,17162,21927,5057,9586,10904,10397,14713,13601,18198,18360,24597,25539,31218,32199,24302,27091,16657,21204,4910,9183,234748,218320,31288,29248,46408,44693,12241,110,46
2021-08-24T23:59:59+02:00,1242,1124,12675,12004,16007,14969,19416,19804,26096,27278,32820,33890,25133,28025,17150,21916,5056,9581,10824,10323,14670,13559,18152,18324,24546,25490,31176,32162,24278,27064,16642,21189,4909,9182,234440,217903,31164,29209,46408,44693,12072,110,46
2021-08-23T23:59:59+02:00,1229,1111,12637,11965,15981,14950,19395,19769,26075,27244,32791,33868,25119,28012,17146,21907,5056,9578,10769,10272,14641,13521,18114,18290,24519,25460,31141,32130,24265,27045,16635,21186,4907,9181,234139,217503,31163,29209,46408,44691,12021,110,46
2021-08-22T23:59:59+02:00,1221,1104,12622,11943,15965,14934,19388,19750,26063,27233,32780,33853,25108,28006,17144,21904,5053,9578,10739,10243,14620,13505,18094,18279,24506,25443,31126,32117,24256,27035,16633,21181,4906,9180,233974,217287,31163,29208,46408,44690,12002,110,46
2021-08-21T23:59:59+02:00,1134,1032,12547,11886,15953,14922,19379,19739,26053,27222,32770,33837,25103,28001,17141,21901,5053,9578,10715,10213,14604,13501,18087,18267,24497,25437,31118,32111,24253,27034,16632,21181,4906,9180,233604,217166,31157,29207,46408,44690,11980,110,46
2021-08-20T23:59:59+02:00,1114,1016,12486,11817,15895,14872,19318,19701,25999,27189,32720,33810,25088,27990,17132,21896,5052,9576,10661,10175,14564,13466,18046,18240,24462,25418,31089,32094,24244,27027,16626,21178,4906,9179,233110,216882,31157,29206,46408,44690,11894,110,46
2021-08-19T23:59:59+02:00,1088,992,12419,11760,15837,14840,19268,19654,25938,27139,32678,33774,25056,27967,17120,21885,5049,9574,10569,10099,14495,13425,17991,18204,24394,25375,31023,32049,24202,27008,16617,21160,4905,9176,232819,216447,31066,29196,46408,44682,11643,110,46
2021-08-18T23:59:59+02:00,1076,975,12378,11725,15809,14810,19240,19624,25908,27108,32643,33749,25038,27955,17115,21876,5047,9573,10515,10033,14448,13400,17942,18176,24348,25338,30964,32011,24180,26991,16611,21147,4901,9170,232506,215995,31066,29191,46407,44672,11568,110,46
2021-08-17T23:59:59+02:00,1049,950,12326,11683,15780,14768,19207,19593,25880,27086,32607,33711,25019,27935,17105,21859,5046,9568,10422,9951,14397,13353,17888,18121,24297,25298,30903,31966,24153,26967,16600,21127,4899,9162,232204,215398,30939,29129,46407,44669,11520,110,46
2021-08-16T23:59:59+02:00,1037,943,12294,11658,15763,14750,19190,19575,25857,27062,32588,33689,24999,27920,17097,21844,5043,9566,10365,9885,14373,13310,17864,18085,24253,25263,30865,31935,24126,26933,16585,21113,4899,9159,231977,214956,30939,29128,46407,44663,11450,110,46
2021-08-15T23:59:59+02:00,1029,943,12269,11644,15750,14733,19175,19560,25847,27053,32567,33675,24993,27911,17093,21833,5042,9566,10320,9850,14339,13288,17844,18064,24230,25250,30844,31909,24109,26925,16580,21105,4898,9157,231820,214679,30938,29128,46406,44658,11417,110,46
2021-08-14T23:59:59+02:00,1028,943,12268,11640,15750,14731,19172,19558,25846,27053,32567,33674,24993,27911,17093,21833,5042,9566,10152,9630,14232,13198,17768,18017,24182,25219,30804,31876,24094,26912,16577,21102,4896,9156,231811,213673,30938,29127,46406,44657,11411,110,46
2021-08-13T23:59:59+02:00,984,903,12117,11512,15696,14677,19108,19501,25775,27001,32514,33638,24968,27882,17082,21823,5041,9562,10100,9577,14191,13170,17729,17992,24150,25199,30780,31855,24084,26899,16571,21093,4896,9152,230983,213339,30937,29127,46406,44654,11358,108,46
2021-08-12T23:59:59+02:00,969,882,12060,11451,15649,14637,19071,19474,25730,26980,32468,33609,24943,27866,17074,21817,5040,9559,10007,9509,14117,13128,17668,17944,24084,25165,30727,31807,24056,26874,16555,21075,4894,9152,230754,212920,30914,29121,46406,44639,11104,108,46
2021-08-11T23:59:59+02:00,955,871,12028,11417,15629,14614,19040,19455,25708,26961,32443,33580,24925,27844,17070,21809,5039,9557,9933,9447,14063,13089,17620,17899,24043,25144,30686,31759,24026,26842,16539,21062,4893,9147,230465,212349,30913,29117,46405,44611,11061,108,46
2021-08-10T23:59:59+02:00,936,861,11940,11366,15576,14584,18996,19418,25652,26927,32386,33526,24908,27828,17063,21796,5038,9554,9838,9366,14014,13053,17588,17865,23997,25105,30633,31712,23993,26809,16532,21043,4889,9142,230081,211838,30782,29082,46403,44597,10988,108,46
2021-08-09T23:59:59+02:00,934,844,11912,11330,15560,14568,18974,19405,25620,26904,32357,33495,24900,27819,17057,21788,5038,9551,9784,9305,13979,13003,17550,17823,23966,25060,30598,31671,23979,26792,16527,21030,4887,9136,229842,211390,30782,29079,46402,44590,10929,108,46
2021-08-08T23:59:59+02:00,924,837,11875,11305,15538,14554,18954,19384,25595,26884,32335,33478,24892,27804,17050,21784,5037,9551,9708,9250,13934,12975,17523,17793,23933,25025,30566,31640,23966,26773,16519,21016,4886,9133,229649,210994,30782,29078,46402,44589,10846,108,46
2021-08-07T23:59:59+02:00,904,810,11779,11227,15495,14513,18913,19350,25556,26854,32289,33446,24875,27792,17041,21766,5036,9548,9085,8648,13495,12623,17310,17609,23781,24913,30416,31564,23908,26722,16498,20989,4881,9130,229064,207787,30782,29078,46402,44589,10844,108,46
2021-08-06T23:59:59+02:00,894,807,11749,11200,15478,14500,18903,19344,25541,26838,32280,33439,24871,27788,17036,21764,5036,9547,8504,8018,12980,12228,17083,17405,23639,24802,30321,31485,23877,26675,16486,20975,4877,9124,229013,204622,30660,29065,46402,44589,10838,108,46
2021-08-05T23:59:59+02:00,891,800,11710,11169,15439,14472,18862,19312,25495,26802,32234,33392,24831,27766,17034,21753,5036,9541,8445,7953,12936,12177,17033,17363,23575,24762,30245,31430,23830,26633,16472,20957,4875,9115,228788,204196,30659,29060,46402,44580,10586,108,46
2021-08-04T23:59:59+02:00,874,784,11680,11139,15419,14440,18831,19287,25468,26773,32188,33353,24816,27753,17029,21747,5034,9533,8356,7864,12876,12130,16981,17320,23519,24718,30184,31358,23793,26594,16462,20944,4873,9109,228524,203604,30657,29059,46401,44545,10462,108,46
2021-08-03T23:59:59+02:00,858,765,11633,11100,15397,14418,18800,19267,25442,26745,32154,33318,24796,27734,17020,21742,5030,9532,8273,7775,12809,12081,16913,17267,23459,24681,30143,31309,23757,26560,16447,20933,4870,9105,228190,202948,30655,29049,46401,44537,10401,108,46
2021-08-02T23:59:59+02:00,849,762,11598,11069,15376,14385,18773,19247,25413,26720,32122,33291,24782,27715,17012,21733,5029,9530,8177,7681,12729,12021,16855,17204,23402,24609,30093,31252,23739,26537,16426,20923,4868,9100,227913,202242,30654,29048,46401,44529,10333,108,46
2021-08-01T23:59:59+02:00,842,755,11573,11039,15365,14372,18758,19236,25395,26708,32105,33276,24778,27707,17011,21730,5027,9529,8106,7614,12668,11974,16814,17158,23366,24578,30066,31227,23724,26518,16422,20917,4866,9099,227772,201787,30650,29047,46401,44511,10278,108,46
2021-07-31T23:59:59+02:00,839,754,11570,11033,15363,14369,18754,19232,25394,26707,32102,33275,24778,27706,17011,21730,5027,9529,7953,7425,11903,11301,16261,16720,23271,24499,30002,31156,23695,26482,16410,20898,4865,9097,227742,198570,30649,29047,46401,44510,10276,108,46
2021-07-30T23:59:59+02:00,838,753,11556,11024,15360,14366,18748,19227,25387,26702,32092,33270,24777,27704,17011,21727,5027,9529,7667,7185,11357,10855,15783,16292,23134,24392,29893,31043,23658,26437,16394,20876,4865,9092,227674,195486,30648,29046,46399,44497,10272,108,46
2021-07-29T23:59:59+02:00,826,744,11516,10977,15322,14345,18708,19201,25349,26667,32039,33241,24759,27684,17000,21709,5027,9526,7291,6874,10691,10339,15268,15878,22958,24246,29745,30932,23604,26385,16365,20851,4861,9089,227353,192016,30647,29038,46399,44411,10136,108,46
2021-07-28T23:59:59+02:00,807,732,11468,10924,15298,14315,18676,19174,25323,26639,32013,33216,24745,27666,16995,21697,5026,9522,7125,6717,10545,10219,15155,15743,22864,24150,29645,30834,23561,26328,16347,20822,4860,9079,227027,190768,30646,29036,46394,44302,10064,108,46
2021-07-27T23:59:59+02:00,798,723,11423,10885,15256,14275,18636,19148,25294,26613,31976,33194,24729,27641,16988,21686,5025,9514,6904,6504,10387,10102,15011,15608,22760,24042,29537,30721,23509,26264,16331,20795,4858,9067,226709,189616,30646,28709,46393,44267,9951,108,46
2021-07-26T23:59:59+02:00,788,710,11373,10839,15230,14254,18620,19121,25266,26584,31944,33168,24714,27619,16976,21674,5024,9511,6786,6427,10292,10025,14945,15529,22678,23982,29472,30647,23476,26221,16319,20778,4854,9061,226416,188830,30644,28706,46392,44225,9857,108,46
2021-07-25T23:59:59+02:00,777,700,11345,10811,15208,14228,18600,19097,25239,26559,31923,33150,24697,27608,16972,21665,5023,9509,6710,6345,10224,9961,14872,15469,22623,23927,29416,30609,23445,26200,16307,20764,4854,9057,226218,188239,30643,28702,46391,44195,9753,108,46
2021-07-24T23:59:59+02:00,753,678,11265,10727,15168,14201,18577,19075,25219,26544,31910,33137,24697,27604,16969,21663,5023,9509,6310,5985,10080,9847,14499,15188,22399,23770,29299,30525,23409,26162,16290,20747,4851,9053,225835,185880,30642,28701,46391,44193,9745,108,46
2021-07-23T23:59:59+02:00,727,656,11198,10644,15140,14168,18547,19060,25197,26524,31894,33120,24686,27599,16967,21663,5023,9506,5939,5674,9960,9741,14152,14923,22203,23596,29179,30407,23357,26094,16279,20726,4847,9046,225450,183607,30641,28701,46391,44182,9731,108,46
2021-07-22T23:59:59+02:00,686,616,11043,10480,15042,14080,18460,19012,25116,26470,31821,33056,24650,27558,16952,21645,5019,9501,5620,5371,9692,9527,13570,14447,21886,23336,28947,30180,23256,25997,16235,20688,4843,9043,224498,180286,30639,28690,46390,44163,9574,108,46
2021-07-21T23:59:59+02:00,666,591,10978,10426,15007,14053,18420,18974,25076,26441,31782,33006,24625,27524,16936,21633,5016,9496,5000,4903,9253,9276,13191,14217,21653,23181,28760,30031,23191,25921,16210,20665,4841,9040,224068,178520,30631,27418,46387,43996,9458,108,46
2021-07-20T23:59:59+02:00,648,574,10920,10372,14981,14017,18384,18947,25046,26408,31746,32972,24605,27503,16931,21619,5013,9489,4855,4791,9100,9144,13027,14083,21540,23059,28630,29907,23112,25818,16188,20625,4834,9034,223691,177176,30631,27406,46385,43847,9362,108,46
2021-07-19T23:59:59+02:00,635,562,10883,10341,14952,13997,18361,18939,25018,26383,31713,32943,24588,27480,16925,21608,5011,9486,4775,4721,9003,9067,12911,13986,21442,22953,28531,29787,23056,25761,16163,20596,4829,9028,223453,176237,30631,27398,46376,43750,9259,108,46
2021-07-18T23:59:59+02:00,620,553,10829,10289,14916,13976,18336,18921,24998,26366,31691,32924,24578,27469,16919,21599,5010,9481,4667,4617,8868,8946,12784,13845,21356,22862,28458,29708,23028,25732,16154,20583,4826,9027,223174,175223,30631,27384,46376,43697,9188,108,46
2021-07-17T23:59:59+02:00,545,482,10542,9992,14805,13877,18245,18843,24892,26291,31584,32873,24544,27435,16906,21579,5008,9480,4618,4573,8814,8874,12549,13649,20932,22519,28328,29576,22990,25679,16145,20568,4825,9024,221624,173426,30631,27384,46375,43695,9187,108,46
2021-07-16T23:59:59+02:00,516,445,10409,9870,14746,13836,18191,18792,24858,26258,31564,32849,24535,27420,16903,21572,5008,9477,4570,4531,8738,8834,12173,13370,20387,22121,28195,29480,22941,25642,16136,20563,4823,9022,220963,171309,30630,27382,46374,43688,9176,108,46
2021-07-15T23:59:59+02:00,485,407,10270,9765,14680,13787,18134,18725,24804,26210,31514,32796,24510,27383,16885,21556,5001,9473,4357,4390,8413,8627,11655,12969,19282,21276,27778,29135,22772,25473,16071,20490,4813,9006,220233,166610,30629,27368,46373,43491,9044,108,46
2021-07-14T23:59:59+02:00,464,394,10241,9740,14645,13767,18104,18690,24767,26169,31462,32743,24480,27355,16874,21539,5000,9471,4233,4239,8158,8454,11426,12824,19104,21165,27632,29008,22707,25395,16037,20452,4808,8997,219866,165043,30629,27350,46372,43315,8932,108,46
2021-07-13T23:59:59+02:00,440,379,10191,9687,14616,13739,18078,18657,24732,26148,31428,32702,24464,27324,16863,21528,4999,9469,4136,4144,7983,8295,11226,12633,18969,21026,27477,28846,22610,25310,16002,20399,4804,8986,219461,163583,30629,27329,46371,43056,8877,108,46
2021-07-12T23:59:59+02:00,428,357,10144,9637,14590,13720,18047,18627,24696,26106,31394,32657,24439,27301,16848,21523,4996,9466,4029,4045,7814,8174,11066,12498,18854,20904,27354,28725,22535,25248,15975,20373,4803,8981,219086,162417,30628,27307,46371,42865,8784,108,46
2021-07-11T23:59:59+02:00,420,339,10114,9607,14571,13700,18030,18617,24676,26098,31373,32639,24427,27291,16846,21521,4996,9464,3960,3972,7695,8074,10919,12370,18730,20804,27253,28611,22492,25200,15954,20348,4801,8978,218892,161450,30627,27302,46370,42666,8733,108,46
2021-07-10T23:59:59+02:00,394,316,10004,9501,14516,13661,17982,18594,24652,26078,31354,32623,24419,27282,16842,21517,4994,9462,3926,3947,7635,8032,10884,12341,18701,20780,27224,28589,22485,25185,15950,20343,4801,8978,218367,161147,30626,27301,46367,42618,8724,108,46
2021-07-09T23:59:59+02:00,334,269,9742,9292,14411,13579,17906,18525,24566,26025,31305,32562,24396,27251,16829,21499,4994,9456,3858,3907,7502,7941,10666,12192,18476,20642,26809,28268,22301,24991,15895,20282,4798,8971,217143,159001,30626,27297,46366,42489,8699,108,46
2021-07-08T23:59:59+02:00,255,202,9548,9148,14310,13503,17811,18453,24506,25974,31222,32504,24368,27220,16816,21481,4990,9451,3702,3781,7191,7752,10311,11963,18130,20360,26504,28010,22127,24833,15827,20207,4791,8955,216040,156619,30623,27251,46353,41917,8639,108,46
2021-07-07T23:59:59+02:00,216,174,9446,9043,14258,13469,17767,18410,24453,25934,31180,32463,24343,27190,16804,21463,4990,9443,3506,3651,6862,7527,9359,11229,17543,19929,26102,27699,21890,24527,15750,20111,4777,8941,215403,153998,30620,25499,46351,41317,8565,108,46
2021-07-06T23:59:59+02:00,194,162,9368,8984,14208,13440,17731,18368,24412,25895,31119,32416,24306,27162,16789,21446,4988,9441,3390,3576,6661,7405,9088,11066,17298,19748,25825,27442,21733,24324,15669,20007,4764,8926,214839,152063,30603,25489,46348,40813,8532,108,46
2021-07-05T23:59:59+02:00,182,147,9281,8903,14168,13397,17697,18318,24376,25865,31074,32366,24282,27140,16780,21432,4987,9439,3338,3541,6532,7326,8938,10945,17156,19608,25654,27287,21590,24156,15619,19954,4753,8916,214294,150998,30603,25480,46346,40325,8484,108,46
2021-07-04T23:59:59+02:00,167,140,9227,8853,14137,13384,17671,18300,24351,25845,31053,32340,24267,27126,16774,21424,4986,9436,3286,3497,6469,7286,8850,10873,17069,19523,25525,27176,21465,24027,15577,19902,4751,8909,214021,150337,30602,25471,46331,39928,8420,108,46
2021-07-03T23:59:59+02:00,164,137,8715,8356,13979,13264,17570,18182,24257,25787,30988,32291,24246,27104,16762,21412,4984,9433,3226,3417,6349,7167,8678,10731,16852,19339,25137,26865,21349,23890,15547,19862,4747,8903,212187,148282,30602,25471,46331,39872,8404,108,46
2021-07-02T23:59:59+02:00,157,133,8146,7885,13835,13155,17479,18105,24187,25717,30928,32229,24208,27062,16756,21392,4982,9428,3115,3309,6079,7010,8421,10489,16482,19009,24663,26441,21122,23617,15477,19780,4741,8900,210346,145206,30602,25469,46328,39548,8401,108,46
2021-07-01T23:59:59+02:00,144,123,8017,7776,13752,13096,17409,18052,24118,25666,30875,32176,24180,27037,16746,21380,4981,9427,2926,3120,5731,6726,7984,10072,15890,18535,23897,25782,20635,23142,15350,19619,4729,8875,209552,140630,30597,25457,46322,38516,8377,108,46
2021-06-30T23:59:59+02:00,127,110,7870,7658,13683,13047,17356,17999,24067,25613,30816,32130,24148,27015,16732,21362,4981,9422,2829,3041,5577,6582,7758,9850,14931,17663,23283,25232,20276,22748,15217,19458,4715,8841,208986,139091,30423,23181,46318,37393,8302,108,46
2021-06-29T23:59:59+02:00,112,97,7803,7565,13640,13008,17317,17954,24014,25552,30766,32070,24127,26989,16722,21346,4978,9418,2770,2997,5448,6484,7604,9717,14763,17491,23042,24997,20017,22423,15118,19357,4703,8821,208363,137972,30421,23169,46315,36302,8272,108,46
2021-06-28T23:59:59+02:00,107,91,7739,7494,13576,12949,17271,17903,23972,25507,30709,32026,24110,26961,16715,21336,4976,9416,2741,2965,5379,6436,7511,9646,14666,17410,22891,24783,19813,22177,15063,19288,4699,8807,207829,137374,30419,23159,46307,35507,8196,108,46
2021-06-27T23:59:59+02:00,93,86,7690,7430,13546,12913,17242,17870,23953,25472,30682,31998,24098,26953,16708,21330,4976,9414,2718,2950,5329,6411,7439,9601,14570,17346,22796,24696,19685,22035,15032,19237,4695,8798,207474,136862,30419,23148,46301,35134,8153,108,46
2021-06-26T23:59:59+02:00,89,83,7185,6874,13152,12613,17129,17767,23888,25413,30646,31963,24090,26936,16704,21319,4975,9413,2617,2840,5142,6223,7239,9411,14024,16891,22136,24062,19537,21892,14987,19184,4693,8790,205284,133234,30419,23148,46301,35114,8153,83,24
2021-06-25T23:59:59+02:00,88,80,6701,6390,12698,12240,16970,17649,23797,25347,30566,31922,24067,26909,16699,21309,4973,9411,2512,2684,4967,6031,6980,9113,13492,16359,21583,23477,19339,21682,14929,19117,4689,8778,202879,129530,30419,23148,46301,34900,8135,83,24
2021-06-24T23:59:59+02:00,78,68,6477,6173,12473,12089,16864,17566,23725,25294,30508,31874,24033,26867,16693,21299,4971,9404,2303,2445,4596,5652,6479,8622,12769,15644,20431,22474,18874,21200,14824,18986,4677,8763,201603,123576,30417,23136,46294,33948,8060,83,24
2021-06-23T23:59:59+02:00,73,66,5901,5673,12311,11977,16745,17452,23651,25247,30444,31824,23999,26844,16686,21285,4967,9400,2266,2393,4533,5530,6387,8471,12535,15355,20187,22215,18576,20870,14727,18872,4666,8746,201092,122553,29077,22987,46284,32760,8010,83,24
2021-06-22T23:59:59+02:00,69,61,5759,5543,12211,11871,16658,17378,23593,25185,30376,31746,23972,26811,16676,21264,4963,9398,2213,2358,4438,5448,6263,8324,11664,14694,19773,21808,18242,20516,14619,18733,4656,8726,200157,121629,29070,21291,46264,31574,7961,83,24
2021-06-21T23:59:59+02:00,66,58,5623,5429,12136,11778,16597,17292,23537,25111,30326,31688,23947,26783,16663,21249,4963,9394,2180,2322,4380,5351,6176,8196,10883,13989,19321,21398,18016,20289,14559,18638,4647,8709,199333,120832,29066,19506,46259,30796,7900,83,24
2021-06-20T23:59:59+02:00,64,56,5504,5303,11973,11594,16532,17167,23486,25047,30284,31632,23931,26762,16657,21234,4958,9389,2162,2292,4339,5311,6106,8146,10779,13910,19209,21272,17859,20098,14493,18555,4643,8702,198322,120298,29062,19503,46253,30201,7854,83,24
2021-06-19T23:59:59+02:00,60,52,5486,5283,11206,10929,16052,16774,23425,25003,30240,31589,23912,26742,16649,21222,4958,9389,2090,2171,4131,5080,5820,7864,10451,13574,18154,20418,17690,19911,14460,18490,4638,8690,195722,116069,29062,19503,46252,30187,7853,83,24
2021-06-18T23:59:59+02:00,57,51,5451,5256,10562,10346,15439,16210,23334,24933,30171,31526,23885,26712,16638,21207,4957,9387,2021,2083,3988,4935,5542,7594,10069,13210,17002,19208,17487,19673,14411,18426,4635,8680,192880,111655,29056,19502,46252,29935,7852,83,24
2021-06-17T23:59:59+02:00,50,42,5331,5153,9882,9838,14951,15819,23235,24845,30090,31432,23845,26666,16624,21186,4956,9384,1890,1977,3731,4689,5154,7230,9531,12722,15818,18015,17027,19183,14270,18252,4622,8656,190296,106533,29054,19494,46249,29018,7709,22,17
2021-06-16T23:59:59+02:00,48,34,5197,5017,9685,9677,14804,15689,23142,24751,29990,31356,23801,26621,16609,21174,4955,9374,1848,1935,3627,4604,5052,7112,8499,11870,15545,17719,16731,18847,14135,18081,4616,8623,189115,105649,29043,17613,46246,28070,7499,22,17
2021-06-15T23:59:59+02:00,42,28,5009,4830,9503,9522,14669,15547,23050,24661,29913,31270,23758,26548,16583,21141,4947,9359,1785,1877,3549,4509,4958,6998,8383,11728,15367,17490,16411,18536,13992,17912,4594,8565,187795,104886,29040,17609,46227,26849,7297,22,17
2021-06-14T23:59:59+02:00,40,25,4932,4766,9409,9413,14591,15457,22978,24587,29841,31209,23726,26509,16568,21123,4944,9353,1762,1854,3512,4485,4917,6965,8283,11665,15229,17356,16231,18332,13901,17815,4589,8558,187047,104660,29034,17606,46221,26027,7148,22,17
2021-06-13T23:59:59+02:00,39,24,4874,4718,9323,9338,14508,15390,22916,24536,29774,31156,23700,26481,16559,21113,4944,9351,1712,1840,3470,4461,4861,6922,8212,11628,15129,17261,16074,18148,13847,17741,4582,8551,186466,104378,29028,17604,46205,25420,7024,22,17
2021-06-12T23:59:59+02:00,37,23,4855,4703,9295,9315,14270,15213,22786,24407,29729,31111,23680,26464,16550,21105,4943,9349,1587,1717,3232,4250,4456,6619,7664,11196,13351,15572,15721,17776,13767,17639,4580,8536,185560,97668,29028,17604,46205,25356,7022,21,17
2021-06-11T23:59:59+02:00,33,22,4800,4649,9214,9262,13950,14990,22589,24259,29633,31019,23643,26419,16532,21093,4942,9346,1483,1582,3048,4038,4159,6255,7151,10652,11710,13679,15241,17198,13653,17492,4565,8522,184195,90735,29024,17603,46204,25125,6952,21,17
2021-06-10T23:59:59+02:00,27,19,4514,4420,8669,8931,12675,13969,22023,23808,29259,30713,23506,26261,16478,21025,4929,9331,1361,1489,2812,3857,3830,5971,6713,10260,10294,12347,14728,16622,13482,17284,4550,8495,178856,86186,29008,17600,46197,23820,6476,21,17
2021-06-09T23:59:59+02:00,24,15,4278,4255,8076,8639,11772,13308,21702,23593,29029,30560,23442,26198,16459,21001,4926,9327,1273,1435,2656,3787,3687,5891,6506,10167,10031,12167,14405,16271,13311,17104,4543,8474,176742,85852,27732,17497,46191,22427,5919,21,17
2021-06-08T23:59:59+02:00,20,12,4147,4155,7672,8413,11286,13018,21476,23414,28830,30407,23383,26124,16426,20959,4920,9318,1195,1408,2520,3729,3527,5823,5607,9417,9558,11803,14069,15862,13086,16865,4529,8452,174990,85496,27360,15337,46165,21159,5445,21,17
2021-06-07T23:59:59+02:00,15,10,4026,4076,7434,8307,10997,12840,21273,23300,28676,30289,23324,26071,16408,20934,4916,9310,1146,1288,2399,3669,3397,5760,5440,9341,9347,11676,13839,15604,12930,16696,4522,8434,173760,85305,27350,15332,46156,19918,4920,21,17
2021-06-06T23:59:59+02:00,13,10,3908,4017,7196,8185,10747,12679,21086,23212,28590,30198,23294,26037,16396,20916,4913,9306,1125,1271,2334,3632,3301,5707,5334,9266,9229,11574,13682,15450,12857,16602,4519,8427,172610,85111,27333,15328,46146,19264,4594,21,17
2021-06-05T23:59:59+02:00,13,10,3879,3980,7157,8145,10570,12524,20458,22702,28428,30053,23244,25992,16382,20897,4913,9302,1092,1170,2167,3178,3069,5167,5164,8932,8448,10620,13030,14610,12744,16455,4508,8417,170568,79715,27333,15328,46145,19130,4584,20,17
2021-06-04T23:59:59+02:00,13,10,3849,3954,7121,8120,10473,12432,20096,22374,28324,29956,23209,25953,16368,20887,4911,9301,1060,1103,2069,2868,2909,4690,5007,8562,7934,9962,11531,12894,12619,16258,4501,8399,169290,73339,27320,15327,46144,19108,4578,20,17
2021-06-03T23:59:59+02:00,8,7,3714,3851,6900,7982,9917,12009,18869,21445,27924,29646,23076,25811,16315,20825,4907,9287,1007,1059,1980,2756,2772,4533,4802,8258,7571,9513,11153,12494,12510,16144,4498,8386,164531,71554,27310,15324,46140,18051,4493,20,17
2021-06-02T23:59:59+02:00,8,7,3707,3843,6888,7965,9906,11998,18680,21264,27853,29597,23053,25789,16309,20816,4904,9285,1003,1052,1968,2726,2751,4514,4591,8074,7035,9025,11116,12453,12495,16129,4494,8380,164463,71446,26765,13831,46139,18029,4486,20,17
2021-06-01T23:59:59+02:00,7,6,3580,3766,6651,7817,9621,11804,18225,20917,27616,29402,22959,25687,16268,20763,4901,9273,966,1004,1883,2656,2671,4442,4312,7840,6437,8492,10902,12240,12397,16028,4489,8368,162774,71005,25986,12537,46125,17212,4359,20,17
2021-05-31T23:59:59+02:00,7,6,3533,3721,6562,7749,9485,11703,18099,20826,27525,29325,22892,25626,16251,20735,4896,9266,936,979,1815,2616,2591,4400,4205,7776,6317,8417,10716,12071,12296,15912,4479,8360,161931,70640,25955,12532,46112,16510,4190,20,17
2021-05-30T23:59:59+02:00,7,5,3502,3697,6498,7693,9395,11612,18011,20746,27448,29254,22847,25581,16229,20708,4890,9256,930,972,1804,2606,2578,4388,4176,7751,6264,8375,10654,11991,12262,15869,4474,8351,161229,70596,25950,12529,46095,16220,4086,20,17
2021-05-29T23:59:59+02:00,7,5,3491,3678,6462,7666,9351,11575,17973,20706,27303,29148,22793,25507,16214,20688,4887,9252,894,953,1747,2560,2505,4304,3986,7496,5991,8076,8452,9333,12069,15527,4459,8322,160570,64349,25950,12527,46081,15697,4086,20,17
2021-05-28T23:59:59+02:00,7,5,3428,3623,6331,7589,9211,11443,17816,20575,27120,29026,22730,25430,16193,20670,4886,9251,881,939,1728,2540,2469,4250,3835,7199,5797,7814,5749,6220,11793,15130,4443,8273,159214,57471,25948,12527,46076,14970,4077,20,17
2021-05-27T23:59:59+02:00,7,5,3281,3493,6046,7409,8609,11110,17340,20237,26707,28679,22564,25265,16135,20607,4879,9233,831,881,1646,2445,2352,4116,3412,6226,5375,7215,5587,6045,11714,15057,4437,8256,155740,56990,25889,12480,46069,12221,3889,20,17
2021-05-26T23:59:59+02:00,7,5,3174,3409,5827,7243,8238,10824,16875,19931,26406,28443,22415,25132,16084,20533,4866,9213,814,872,1594,2420,2299,4085,3339,6152,5278,7143,5452,5918,11648,14991,4432,8244,153038,56914,25873,12478,46047,11626,3648,20,17
2021-05-25T23:59:59+02:00,7,5,3083,3346,5685,7129,8041,10661,15873,19155,26052,28089,22256,24975,16032,20453,4859,9203,795,855,1558,2376,2228,4026,3264,6082,5193,7080,5285,5748,11540,14911,4424,8233,151481,56847,23950,12291,46031,11020,3425,18,17
2021-05-24T23:59:59+02:00,7,5,3020,3328,5597,7085,7923,10599,14958,18466,25637,27777,22161,24872,16001,20417,4852,9191,786,853,1536,2359,2184,3990,3218,6034,5116,7000,5184,5640,11460,14835,4423,8227,150756,56810,21881,12215,46022,10585,3220,18,17
2021-05-23T23:59:59+02:00,7,4,3017,3324,5588,7078,7914,10591,14953,18465,25636,27776,22161,24872,16001,20417,4852,9191,784,850,1528,2352,2172,3977,3199,6019,5095,6967,5139,5588,11443,14811,4422,8225,150727,56802,21881,12215,46020,10337,3202,18,17
2021-05-22T23:59:59+02:00,6,4,2981,3280,5508,7026,7811,10500,14751,18300,25354,27528,22060,24784,15968,20373,4849,9186,762,829,1478,2296,2119,3893,3084,5895,4779,6392,4568,4842,10797,13987,4412,8186,149188,53559,21881,12215,46020,9367,3163,18,17
2021-05-21T23:59:59+02:00,4,4,2908,3205,5382,6929,7684,10354,14492,18070,25060,27293,21946,24676,15935,20325,4844,9177,731,775,1410,2168,2017,3625,2900,5562,4298,5493,4155,4303,10054,13045,4347,8060,147245,49815,21880,12215,46014,7765,3133,17,17
2021-05-20T23:59:59+02:00,4,4,2777,3042,5103,6674,7398,9986,14031,17587,24449,26743,21675,24379,15841,20205,4830,9147,717,764,1383,2143,1979,3592,2846,5506,4215,5415,4027,4200,9977,12982,4338,8048,143098,49722,21871,12203,45989,7290,2901,17,17
2021-05-19T23:59:59+02:00,4,4,2725,2990,5006,6534,7255,9804,12884,16551,24186,26456,21578,24249,15796,20144,4822,9140,698,738,1358,2095,1947,3507,2783,5359,4120,5307,3945,4109,9924,12917,4335,8044,141726,49693,19800,12138,45918,6671,2668,17,17
2021-05-18T23:59:59+02:00,4,4,2700,2967,4959,6502,7204,9773,12530,16275,24006,26302,21485,24160,15766,20091,4814,9128,669,680,1303,1966,1874,3306,2685,5151,3991,5109,3720,3831,9842,12837,4325,8034,141448,49672,18945,11138,45874,6110,2387,17,17
2021-05-17T23:59:59+02:00,4,4,2674,2946,4916,6432,7116,9665,12377,16097,23857,26141,21431,24109,15747,20068,4809,9120,661,666,1287,1930,1853,3259,2637,5043,3912,4995,3581,3679,9774,12774,4322,8025,140477,49649,18937,11128,45857,5379,2226,17,17
2021-05-16T23:59:59+02:00,4,4,2662,2932,4893,6365,7078,9582,12317,16023,23805,26080,21407,24092,15737,20054,4806,9117,656,660,1277,1927,1836,3250,2615,5031,3883,4972,3527,3612,9735,12742,4321,8023,140039,49636,18929,11117,45835,5160,2138,17,17
2021-05-15T23:59:59+02:00,4,4,2537,2795,4706,6159,6887,9395,11799,15605,23216,25530,21300,23974,15703,20011,4803,9109,606,597,1194,1841,1699,3095,2328,4723,3435,4460,3195,3184,9573,12537,4297,7994,136649,46678,18928,11117,45830,4834,2113,17,17
2021-05-14T23:59:59+02:00,4,4,2421,2618,4512,5935,6610,9082,11262,15094,22649,24963,21153,23834,15667,19953,4799,9098,543,519,1091,1721,1539,2879,1997,4320,2836,3870,2809,2747,9489,12390,4293,7990,132829,43750,18921,11115,45807,4068,2084,17,17
2021-05-13T23:59:59+02:00,4,4,2239,2331,4190,5552,6183,8608,10702,14405,21617,24051,20870,23560,15607,19854,4792,9083,540,519,1078,1705,1524,2861,1988,4295,2816,3846,2792,2731,9482,12386,4292,7990,126924,43685,18867,11107,45781,3974,2063,17,17
2021-05-12T23:59:59+02:00,4,4,2238,2328,4182,5551,6174,8602,10600,14284,21563,24012,20865,23549,15602,19846,4791,9083,532,497,1042,1650,1475,2782,1905,4208,2757,3787,2711,2636,9431,12313,4292,7990,126879,43682,18541,10279,45781,3971,2060,17,17
2021-05-11T23:59:59+02:00,4,4,2116,2289,4098,5486,6048,8487,10294,14033,21371,23850,20789,23477,15587,19813,4787,9078,507,473,981,1590,1406,2691,1805,4070,2684,3712,2558,2408,9367,12212,4291,7990,125934,43664,18204,9445,45497,3661,1959,17,17
2021-05-10T23:59:59+02:00,4,4,2075,2211,3991,5364,5912,8308,9504,13270,20991,23527,20698,23387,15548,19759,4777,9065,495,445,945,1526,1341,2602,1716,3908,2600,3617,2531,2386,9357,12194,4287,7985,124796,43644,16354,9265,45394,3176,1834,17,17
2021-05-09T23:59:59+02:00,4,4,2043,2196,3957,5324,5859,8260,9437,13201,20921,23455,20665,23346,15534,19732,4774,9051,488,436,924,1483,1315,2554,1682,3846,2562,3575,2522,2374,9347,12177,4287,7977,124353,43585,16350,9262,45298,2941,1745,17,17
2021-05-08T23:59:59+02:00,4,4,1980,2093,3773,5149,5584,8054,9127,12916,19786,22526,20469,23153,15501,19663,4769,9039,415,406,860,1443,1239,2481,1594,3744,2343,3362,1978,1946,9253,12092,4286,7977,120196,42112,16349,9261,45295,2300,1744,6,3
2021-05-07T23:59:59+02:00,4,4,1893,1980,3587,4978,5262,7759,8717,12545,18536,21252,20286,22941,15455,19606,4760,9020,323,347,751,1368,1107,2351,1460,3601,2168,3169,1610,1608,8764,11644,4285,7975,115250,40378,16347,9256,45272,1185,1710,6,3
2021-05-06T23:59:59+02:00,4,4,1709,1871,3302,4726,4811,7354,8075,11981,17294,20008,19952,22563,15348,19442,4750,9009,306,338,731,1339,1067,2305,1411,3517,2101,3101,1574,1553,8747,11613,4279,7972,109390,40358,16340,9250,45039,916,1428,6,3
2021-05-05T23:59:59+02:00,4,3,1639,1841,3221,4640,4734,7250,7944,11830,17139,19862,19832,22444,15272,19346,4728,8913,295,326,689,1287,1006,2230,1328,3367,1993,2984,1481,1454,8330,11045,4273,7954,108632,40321,16197,8122,44869,659,938,6,3
2021-05-04T23:59:59+02:00,4,3,1612,1812,3179,4566,4675,7140,7692,11536,16580,19283,19745,22314,15197,19249,4700,8803,279,313,666,1258,985,2176,1269,3247,1880,2827,1409,1348,8259,10941,4269,7936,107945,40295,14850,7846,44766,396,523,6,3
2021-05-03T23:59:59+02:00,4,3,1604,1808,3171,4552,4637,7118,7439,11304,15887,18688,19681,22229,15171,19215,4694,8793,264,292,644,1176,936,2088,1206,3108,1782,2690,1343,1268,8234,10906,4265,7927,107864,40285,13252,7639,44726,53,150,6,3
2021-05-02T23:59:59+02:00,4,3,1603,1806,3166,4550,4632,7115,7426,11294,15868,18676,19665,22221,15171,19213,4693,8793,264,289,641,1175,931,2085,1196,3102,1774,2683,1329,1261,8233,10901,4264,7927,107838,40262,13249,7637,44702,50,104,6,3
2021-05-01T23:59:59+02:00,4,3,1469,1664,2887,4300,4165,6755,6808,10811,13930,16796,19284,21823,15080,19097,4690,8777,262,289,638,1173,930,2082,1194,3100,1772,2679,1324,1257,8231,10899,4264,7927,100291,40231,13249,7637,44697,50,101,5,3
2021-04-30T23:59:59+02:00,3,3,1346,1514,2671,4077,3835,6360,6240,10216,12139,14756,18826,21283,14976,18955,4676,8767,257,288,631,1166,915,2074,1182,3090,1761,2666,1314,1248,8227,10894,4263,7926,92663,40186,13249,7637,44697,47,30,4,3
2021-04-29T23:59:59+02:00,2,3,1230,1449,2504,3951,3594,6156,5883,9913,10797,13479,18567,21005,14933,18885,4672,8761,256,284,626,1159,903,2068,1162,3085,1731,2630,1288,1224,8221,10885,4263,7926,87971,40154,13240,7504,44556,38,13,4,3
2021-04-28T23:59:59+02:00,2,3,1171,1443,2454,3932,3543,6132,5821,9880,10700,13411,18537,20971,14926,18869,4672,8758,256,283,624,1158,900,2066,1157,3081,1723,2629,1282,1206,7779,10364,4263,7926,87701,40133,13190,6517,44318,34,12,4,2
2021-04-27T23:59:59+02:00,2,3,1123,1416,2352,3888,3478,6105,5702,9825,10583,13335,18504,20932,14913,18854,4671,8756,255,283,622,1151,899,2064,1152,3078,1719,2625,1270,1189,7362,9782,4263,7926,87192,40113,13137,5486,44098,29,11,4,2
2021-04-26T23:59:59+02:00,2,3,1081,1387,2262,3796,3351,6005,5535,9705,10280,13076,18442,20878,14904,18836,4669,8756,254,282,621,1149,893,2061,1145,3075,1701,2616,1255,1176,7353,9762,4263,7926,85855,40027,13127,5465,43971,28,11,4,2
2021-04-25T23:59:59+02:00,2,3,1078,1385,2254,3794,3344,6001,5515,9698,10245,13046,18432,20866,14903,18830,4669,8755,253,282,621,1149,893,2061,1143,3075,1701,2616,1255,1176,7353,9760,4263,7926,85833,40025,13118,5463,43855,28,10,4,2
2021-04-24T23:59:59+02:00,2,2,1034,1268,2066,3255,3074,5385,5322,9285,9413,12000,17726,19970,14789,18671,4661,8744,252,281,620,1147,893,2060,1143,3074,1695,2611,1252,1171,7351,9758,4263,7925,79706,39999,13118,5459,43830,28,9,4,2
2021-04-23T23:59:59+02:00,1,2,1002,1184,1953,2908,2891,4834,5127,8857,8859,11278,16097,18113,14643,18465,4653,8721,252,281,619,1147,891,2058,1142,3074,1694,2610,1247,1166,7347,9756,4263,7924,72688,39985,13117,5448,43770,28,9,4,2
2021-04-22T23:59:59+02:00,1,2,997,1173,1933,2892,2871,4815,5070,8811,8747,11175,16026,18036,14616,18435,4651,8716,250,281,615,1146,888,2057,1134,3062,1679,2590,1223,1145,7342,9748,4263,7924,72639,39972,13061,5338,43254,27,9,4,2
2021-04-21T23:59:59+02:00,1,2,988,1165,1921,2879,2844,4789,5024,8756,8640,11052,15939,17952,14587,18401,4651,8711,245,278,605,1137,874,2027,1124,3037,1668,2565,1210,1132,7118,9430,4262,7924,72598,39965,13005,4635,42686,26,9,4,2
2021-04-20T23:59:59+02:00,1,2,961,1116,1869,2764,2771,4628,4931,8577,8465,10843,15708,17670,14528,18342,4644,8705,232,275,587,1116,848,1997,1095,3011,1633,2523,1190,1119,7110,9425,4261,7923,72561,39944,11876,4370,42075,22,9,4,1
2021-04-19T23:59:59+02:00,1,2,952,1107,1837,2744,2721,4603,4807,8516,8265,10732,15616,17572,14506,18323,4644,8699,226,267,569,1093,830,1965,1077,2968,1587,2468,1172,1100,7103,9422,4259,7922,72161,39909,11855,4090,41618,20,9,4,1
2021-04-18T23:59:59+02:00,1,2,949,1106,1832,2738,2713,4591,4789,8504,8225,10690,15567,17514,14496,18306,4643,8697,226,267,569,1092,829,1965,1076,2968,1587,2467,1172,1099,7101,9421,4258,7922,72115,39902,11852,4088,41383,20,9,4,1
2021-04-17T23:59:59+02:00,0,2,916,1092,1783,2700,2645,4512,4635,8363,7963,10461,13198,14614,14299,17953,4626,8661,224,267,569,1089,825,1959,1064,2961,1577,2447,1135,1057,6769,9006,4233,7874,65297,38950,11852,4077,41261,20,9,4,1
2021-04-16T23:59:59+02:00,0,2,910,1086,1771,2689,2603,4473,4543,8279,7783,10269,10363,11362,14026,17536,4607,8605,223,262,568,1086,820,1955,1055,2958,1569,2434,1124,1043,6763,9001,4231,7871,58022,38873,11850,4061,41022,20,9,4,1
2021-04-15T23:59:59+02:00,0,2,897,1081,1749,2675,2561,4440,4426,8218,7552,10068,10113,11144,13964,17470,4601,8591,221,261,568,1084,819,1953,1052,2955,1566,2431,1119,1039,6761,8999,4231,7871,57998,38859,11848,4043,39693,19,9,4,1
2021-04-14T23:59:59+02:00,0,2,878,1054,1691,2592,2472,4317,4235,8035,7278,9786,9738,10661,13815,17291,4595,8582,196,236,527,1033,796,1886,1017,2875,1516,2370,1093,1010,6757,8990,4231,7870,57965,38843,10900,3534,38144,17,9,4,1
2021-04-13T23:59:59+02:00,0,2,853,1032,1654,2540,2404,4234,4134,7898,7068,9566,9333,10142,13671,17124,4590,8570,160,212,492,984,756,1793,983,2765,1464,2300,1074,975,6741,8979,4230,7870,57921,38779,9953,2979,36928,11,9,4,1
2021-04-12T23:59:59+02:00,0,2,849,1030,1635,2537,2374,4221,4081,7847,6927,9394,9068,9828,13607,17064,4579,8554,149,198,464,944,733,1728,963,2693,1420,2250,1052,958,6725,8959,4227,7865,57863,38663,9922,2645,35799,11,9,4,1
2021-04-11T23:59:59+02:00,0,2,848,1029,1624,2537,2361,4219,4058,7835,6862,9332,8935,9663,13580,17016,4574,8545,149,198,464,942,733,1727,961,2693,1419,2250,1052,958,6723,8959,4227,7865,57851,38657,9920,2644,35236,10,9,4,1
2021-04-10T23:59:59+02:00,0,2,832,1024,1596,2508,2324,4190,3987,7777,6730,9215,8379,8928,12916,16163,4563,8503,146,198,462,939,727,1724,961,2686,1410,2243,1039,942,6253,8460,4212,7849,54517,37590,9919,2642,35188,10,9,4,1
2021-04-09T23:59:59+02:00,0,2,810,995,1556,2460,2257,4110,3834,7618,6384,8884,7858,8270,12100,15137,4493,8366,144,197,460,934,721,1717,953,2676,1395,2233,1017,921,6011,8190,4195,7822,50545,36929,9912,2638,34664,10,9,4,1
2021-04-08T23:59:59+02:00,0,2,801,985,1529,2436,2191,4061,3700,7531,6130,8584,7245,7615,11940,14937,4482,8349,144,194,455,931,716,1710,945,2666,1388,2220,1005,919,6008,8188,4194,7822,50512,36909,9888,2577,32105,10,9,4,1
2021-04-07T23:59:59+02:00,0,2,795,976,1503,2418,2133,4023,3613,7461,5899,8318,6692,6983,11333,14188,4470,8322,125,187,424,884,670,1641,889,2596,1338,2151,985,903,6000,8182,4193,7822,50485,36885,8730,2087,29902,10,8,4,1
2021-04-06T23:59:59+02:00,0,2,790,974,1489,2410,2104,4001,3540,7412,5718,8146,6246,6475,11132,13972,4455,8294,101,166,375,822,625,1566,845,2496,1286,2087,961,887,5982,8169,4191,7818,50415,36858,8546,1502,28188,10,7,4,1
2021-04-05T23:59:59+02:00,0,2,785,970,1473,2402,2080,3992,3489,7386,5575,8036,6042,6261,11065,13886,4449,8284,95,164,374,820,618,1557,837,2481,1273,2068,933,856,4889,6768,4112,7712,50217,34048,8542,1492,27407,10,7,4,1
2021-04-04T23:59:59+02:00,0,2,783,964,1471,2400,2076,3990,3472,7379,5565,8029,6031,6241,11051,13868,4447,8281,95,164,372,818,615,1552,830,2474,1258,2049,910,834,3887,5607,4046,7606,50202,31608,8540,1492,27297,10,7,4,1
2021-04-03T23:59:59+02:00,0,2,731,909,1389,2331,1953,3851,3211,7119,5105,7536,5688,5786,10880,13651,4421,8252,93,164,372,817,615,1550,829,2474,1258,2049,910,834,3887,5604,4046,7605,46969,31598,8540,1492,27295,10,7,4,1
2021-04-02T23:59:59+02:00,0,2,688,874,1334,2263,1855,3737,2957,6859,4590,7057,5297,5327,10783,13488,4416,8246,92,164,372,817,615,1550,827,2474,1256,2048,908,830,3884,5601,4045,7605,44047,31581,8539,1491,27177,10,6,4,1
2021-04-01T23:59:59+02:00,0,2,685,872,1323,2257,1835,3729,2928,6845,4516,6984,5188,5218,10744,13439,4415,8242,92,164,370,813,613,1547,827,2471,1252,2044,898,829,3880,5599,4044,7604,44030,31572,8395,1459,26787,10,6,4,1
2021-03-31T23:59:59+02:00,0,2,683,870,1316,2241,1827,3719,2900,6817,4453,6938,5049,5057,10235,12832,4411,8234,92,164,369,813,613,1547,827,2471,1250,2044,897,829,3880,5598,4044,7603,44018,31566,7268,1459,26289,10,6,3,1
2021-03-30T23:59:59+02:00,0,2,674,867,1298,2221,1797,3690,2863,6782,4367,6848,4882,4863,9710,12133,4404,8219,87,161,368,809,608,1545,822,2465,1242,2042,886,819,3872,5595,4043,7602,43991,31545,6083,1406,25537,9,6,3,1
2021-03-29T23:59:59+02:00,0,2,669,859,1285,2186,1780,3659,2832,6740,4295,6763,4683,4665,9624,12039,4401,8205,87,161,368,807,603,1541,820,2459,1238,2035,878,813,3864,5588,4043,7602,43922,31532,5866,1361,24890,8,6,3,1
2021-03-28T23:59:59+02:00,0,2,666,857,1282,2183,1766,3649,2817,6728,4261,6710,4587,4555,9587,11975,4396,8198,87,161,368,806,603,1541,818,2459,1236,2035,877,813,3863,5588,4043,7602,43900,31530,5857,1356,24453,8,6,3,1
2021-03-27T23:59:59+01:00,0,2,662,852,1273,2178,1750,3633,2789,6698,4098,6567,4012,4102,9358,11729,4383,8179,87,161,366,804,601,1539,816,2456,1228,2029,873,809,3685,5298,3942,7433,41960,30757,5853,1356,24443,8,6,3,1
2021-03-26T23:59:59+01:00,0,2,656,843,1265,2168,1729,3616,2764,6676,4022,6489,3607,3737,8761,11171,4370,8165,87,161,365,803,600,1536,812,2453,1219,2025,860,796,2968,4358,3733,7090,40027,28496,5840,1356,24165,8,6,3,1
2021-03-25T23:59:59+01:00,0,2,649,838,1252,2154,1710,3592,2705,6637,3939,6411,3432,3519,8651,11061,4365,8159,87,161,365,803,600,1535,812,2452,1217,2025,860,796,2967,4357,3732,7089,40014,28488,5733,1356,23320,8,6,3,1
2021-03-24T23:59:59+01:00,0,2,643,831,1219,2128,1665,3547,2627,6569,3782,6261,3114,3157,8243,10511,4356,8147,83,159,353,790,583,1517,779,2418,1168,1993,827,759,2958,4351,3732,7086,39991,28188,4976,1355,21826,7,6,3,1
2021-03-23T23:59:59+01:00,0,2,630,823,1194,2096,1623,3500,2546,6489,3633,6107,2734,2772,8026,10292,4349,8130,78,155,341,768,548,1486,718,2355,1067,1912,744,699,2922,4317,3728,7082,39948,27559,4686,1348,20304,7,6,2,1
2021-03-22T23:59:59+01:00,0,2,607,710,1157,2041,1590,3445,2493,6419,3493,5977,2492,2534,7696,9937,4333,8094,78,154,341,768,548,1484,716,2353,1064,1912,742,695,2918,4312,3727,7079,39480,27530,4364,1348,19168,7,6,2,1
2021-03-21T23:59:59+01:00,0,2,606,707,1151,2033,1579,3435,2476,6404,3455,5943,2350,2370,7603,9825,4325,8080,78,154,341,767,548,1484,716,2353,1064,1912,742,695,2918,4311,3727,7079,39476,27528,4350,1348,18510,7,6,2,1
2021-03-20T23:59:59+01:00,0,2,605,707,1149,2027,1572,3428,2470,6397,3438,5921,2318,2332,7113,9307,4309,8064,78,154,341,767,547,1484,714,2352,1064,1910,742,695,2918,4309,3725,7077,38437,27516,4338,1348,18376,7,6,2,1
2021-03-19T23:59:59+01:00,0,2,598,700,1135,2011,1537,3404,2400,6257,3375,5813,2136,2149,6805,8988,4290,8039,78,154,340,761,543,1481,709,2344,1055,1897,733,688,2494,3707,3311,6331,37832,25270,4322,1348,17477,2,6,2,1
2021-03-18T23:59:59+01:00,0,2,583,684,1115,1981,1510,3374,2360,6189,3301,5724,1984,1953,6686,8869,4284,8028,77,154,340,759,542,1481,708,2340,1051,1896,726,685,2444,3635,3284,6289,37812,25078,4311,1326,16497,2,5,2,1
2021-03-17T23:59:59+01:00,0,1,553,655,1070,1925,1473,3290,2283,6072,3149,5569,1729,1687,6521,8716,4274,8013,76,150,328,732,526,1437,686,2282,1013,1855,709,666,2204,3340,3203,6165,37740,24111,3786,1254,15447,2,5,2,1
2021-03-16T23:59:59+01:00,0,1,509,626,1030,1869,1422,3186,2218,5918,3033,5435,1533,1465,6387,8569,4264,7992,70,136,307,676,496,1360,657,2147,984,1727,660,616,2093,3206,3180,6081,37685,23367,3167,1023,14599,2,4,2,1
2021-03-15T23:59:59+01:00,0,1,497,615,1000,1823,1388,3118,2188,5833,2946,5351,1408,1331,5809,7882,4225,7929,67,129,293,618,481,1240,619,2017,944,1614,632,596,2056,3167,3167,6021,36453,22970,2813,689,14076,2,0,2,1
2021-03-14T23:59:59+01:00,0,1,492,609,990,1811,1385,3101,2172,5815,2912,5324,1365,1281,5417,7435,4202,7911,66,124,289,595,475,1213,613,1961,934,1589,632,596,2056,3167,3166,6019,35638,22964,2808,529,13775,2,0,2,1
2021-03-13T23:59:59+01:00,0,1,471,591,953,1764,1332,3037,1917,5228,2672,4910,1260,1168,4768,6588,4153,7836,66,124,288,592,473,1211,611,1959,933,1585,630,592,1695,2687,2644,5265,33970,20824,2804,529,11873,2,0,2,1
2021-03-12T23:59:59+01:00,0,1,455,570,933,1723,1302,2956,1714,4440,2467,4461,1190,1085,4072,5789,4106,7754,66,122,287,588,473,1208,609,1951,928,1579,627,585,1374,2147,2110,4473,32298,18597,2801,529,9917,1,0,2,1
2021-03-11T23:59:59+01:00,0,1,451,563,925,1711,1287,2939,1689,4405,2431,4425,1116,1030,4030,5753,4103,7750,66,114,281,566,459,1156,600,1902,909,1543,615,572,1368,2130,2101,4424,32265,18348,2706,457,9636,1,0,2,1
2021-03-10T23:59:59+01:00,0,1,430,552,879,1653,1233,2862,1616,4308,2365,4332,1083,1007,4014,5738,4102,7748,66,114,279,562,456,1149,595,1879,909,1538,609,564,1307,2044,2058,4368,32250,18064,2140,432,9531,1,0,2,1
2021-03-09T23:59:59+01:00,0,1,408,536,831,1603,1192,2799,1574,4225,2322,4279,1063,996,4008,5731,4101,7746,64,113,278,561,455,1138,593,1867,903,1533,607,558,1102,1735,1943,4196,32203,17240,1691,405,9519,1,0,2,1
2021-03-08T23:59:59+01:00,0,1,401,525,821,1589,1183,2783,1566,4200,2311,4266,1050,985,3971,5684,4099,7741,63,113,274,556,451,1132,592,1863,899,1531,607,558,1033,1644,1898,4154,32075,16986,1595,381,9504,1,0,2,1
2021-03-07T23:59:59+01:00,0,1,400,522,821,1588,1181,2781,1562,4194,2301,4261,1044,977,3965,5678,4098,7740,60,110,265,534,439,1106,577,1763,864,1456,606,558,929,1515,1848,4086,32059,16628,1556,88,9497,0,0,2,1
2021-03-06T23:59:59+01:00,0,1,392,506,802,1555,1158,2723,1521,4127,2108,3764,1015,940,3792,5407,4001,7579,60,110,265,534,439,1105,577,1763,864,1456,606,558,926,1514,1845,4085,31352,16619,1556,88,8481,0,0,2,1
2021-03-05T23:59:59+01:00,0,1,377,466,769,1451,1108,2506,1446,3914,1895,3095,985,895,3047,4447,3797,7240,60,109,264,531,436,1099,576,1758,860,1453,603,556,887,1456,1822,4047,29055,16429,1555,88,6827,0,0,2,1
2021-03-04T23:59:59+01:00,0,1,362,458,762,1431,1095,2483,1427,3885,1872,3076,972,891,3043,4443,3794,7238,60,108,261,528,432,1083,566,1736,859,1445,601,554,850,1402,1799,4011,29042,16270,1517,25,6672,0,0,2,1
2021-03-03T23:59:59+01:00,0,1,351,426,743,1380,1064,2400,1377,3731,1794,2979,939,847,3033,4437,3794,7235,59,107,258,526,431,1079,564,1727,856,1441,601,553,830,1349,1714,3866,28729,15938,1517,23,6283,0,0,2,1
2021-03-02T23:59:59+01:00,0,1,345,417,727,1356,1016,2355,1308,3647,1678,2882,851,781,2991,4400,3788,7229,59,107,257,522,430,1071,564,1721,856,1437,600,553,830,1349,1714,3866,28090,15913,1454,23,6226,0,0,2,1
2021-03-01T23:59:59+01:00,0,1,341,403,720,1309,1003,2297,1288,3564,1652,2834,833,772,2983,4390,3788,7229,59,106,256,518,425,1057,560,1708,847,1429,599,551,734,1197,1660,3786,28050,15469,1405,23,5950,0,0,2,1
2021-02-28T23:59:59+01:00,0,1,336,390,712,1270,990,2220,1276,3477,1629,2755,829,762,2981,4386,3787,7227,59,106,256,518,425,1056,560,1708,845,1429,599,550,637,1072,1614,3706,28037,15118,1402,22,5587,0,0,2,1
2021-02-27T23:59:59+01:00,0,1,327,370,698,1246,970,2183,1241,3408,1606,2702,812,747,2978,4386,3786,7227,59,106,256,518,425,1056,559,1708,843,1429,599,550,637,1071,1614,3706,28035,15114,1402,22,5249,0,0,2,1
2021-02-26T23:59:59+01:00,0,1,302,318,650,1181,906,2066,1151,3242,1502,2563,783,724,2549,3781,3369,6461,59,106,253,516,425,1054,557,1706,840,1423,595,548,630,1059,1605,3687,25772,15041,1402,22,4373,0,0,2,1
2021-02-25T23:59:59+01:00,0,1,297,305,637,1149,885,2024,1132,3176,1484,2518,780,721,2503,3708,3339,6417,57,104,249,508,425,1050,552,1696,837,1412,589,544,554,950,1561,3631,25552,14699,1402,20,4120,0,0,2,1
2021-02-24T23:59:59+01:00,0,1,278,295,586,1103,838,1957,1074,3081,1440,2460,763,702,2264,3408,3257,6289,56,100,245,501,419,1032,543,1674,834,1392,582,532,541,930,1550,3609,24574,14526,1402,14,3818,0,0,2,1
2021-02-23T23:59:59+01:00,0,1,265,274,558,1046,801,1880,1006,2931,1368,2358,712,652,2153,3273,3234,6200,56,98,243,495,419,1016,533,1642,826,1370,573,525,526,883,1538,3563,23786,14292,1397,14,3527,0,0,2,1
2021-02-22T23:59:59+01:00,0,1,261,268,546,984,781,1804,980,2836,1332,2298,688,631,2126,3238,3226,6143,56,97,237,489,417,1003,524,1625,822,1345,559,513,508,858,1532,3513,23393,14084,1397,14,3351,0,0,2,1
2021-02-21T23:59:59+01:00,0,1,258,260,537,959,768,1767,972,2788,1302,2272,688,629,2124,3238,3225,6142,56,97,236,489,417,1003,524,1625,822,1344,559,512,508,858,1532,3512,23387,14080,1397,14,3144,0,0,2,1
2021-02-20T23:59:59+01:00,0,1,174,229,466,910,700,1690,902,2699,1217,2172,673,614,1756,2724,2676,5348,56,97,236,489,417,1003,524,1624,822,1344,559,512,508,858,1532,3512,21136,14079,1397,14,2416,0,0,2,1
2021-02-19T23:59:59+01:00,0,1,83,167,356,829,574,1558,769,2550,1082,2021,657,593,1454,2212,2141,4559,56,97,236,489,417,1002,524,1624,822,1344,559,512,502,856,1531,3506,18955,14063,1397,14,1252,0,0,2,1
2021-02-18T23:59:59+01:00,0,1,80,162,344,779,553,1469,736,2410,1049,1954,642,584,1445,2194,2132,4510,53,90,231,467,403,937,509,1544,803,1270,545,498,496,838,1530,3489,18718,13689,1373,14,951,0,0,2,1
2021-02-17T23:59:59+01:00,0,1,79,154,330,756,544,1436,707,2317,1012,1855,636,574,1387,2107,2086,4461,53,87,229,458,395,899,498,1479,784,1188,532,487,494,836,1530,3489,18460,13424,1300,14,680,0,0,2,1
2021-02-16T23:59:59+01:00,0,1,74,148,315,717,516,1364,675,2209,987,1750,626,567,1143,1763,1968,4284,52,78,228,453,389,869,485,1414,758,1121,511,474,492,836,1527,3488,17554,13173,1062,2,489,0,0,2,1
2021-02-15T23:59:59+01:00,0,1,69,132,289,614,481,1223,620,1996,937,1591,617,565,1060,1657,1918,4222,52,78,226,448,385,863,484,1410,755,1114,511,474,491,833,1526,3485,17230,13135,724,0,36,0,0,2,1
2021-02-14T23:59:59+01:00,0,1,68,125,284,589,476,1194,609,1942,923,1569,617,565,963,1534,1873,4166,52,78,226,448,385,863,484,1408,755,1114,511,474,491,833,1526,3485,16906,13133,569,0,21,0,0,2,1
2021-02-13T23:59:59+01:00,0,1,68,124,284,588,475,1190,608,1940,921,1566,616,564,962,1525,1869,4163,52,78,226,447,383,858,483,1403,753,1113,509,472,474,795,1271,3027,16872,12344,569,0,21,0,0,2,1
2021-02-12T23:59:59+01:00,0,1,67,124,283,587,471,1186,608,1937,918,1565,613,563,923,1474,1849,4123,52,78,226,443,380,849,478,1394,747,1106,502,464,456,756,924,2336,16703,11191,569,0,18,0,0,2,1
2021-02-11T23:59:59+01:00,0,1,67,117,281,576,458,1159,602,1911,911,1553,612,562,881,1416,1827,4085,52,75,211,413,366,802,462,1321,732,1074,499,463,456,756,923,2335,16526,10941,486,0,5,0,0,2,0
2021-02-10T23:59:59+01:00,0,1,66,117,277,573,456,1154,598,1895,906,1549,612,562,872,1400,1806,4042,51,65,177,336,312,700,412,1149,653,980,464,451,451,755,923,2334,16425,10214,458,0,1,0,0,2,0
2021-02-09T23:59:59+01:00,0,1,64,115,271,570,453,1141,597,1881,899,1543,611,561,860,1365,1741,3939,43,53,124,258,236,549,331,947,552,827,429,440,447,754,921,2334,16181,9246,429,0,0,0,0,2,0
2021-02-08T23:59:59+01:00,0,1,63,115,268,561,450,1133,596,1866,892,1535,609,558,759,1215,1687,3857,38,43,86,168,173,413,266,709,493,692,421,434,443,751,920,2334,15759,8385,404,0,0,0,0,2,0
2021-02-07T23:59:59+01:00,0,1,60,112,259,538,435,1102,580,1763,857,1456,608,557,656,1088,1640,3774,37,42,82,166,170,406,261,696,488,681,419,433,443,751,920,2333,15389,8329,95,0,0,0,0,2,0
2021-02-06T23:59:59+01:00,0,1,60,112,258,538,435,1102,578,1762,854,1453,605,555,654,1079,1634,3767,34,41,81,163,167,396,257,688,477,673,411,432,407,703,687,1952,15350,7570,95,0,0,0,0,2,0
2021-02-05T23:59:59+01:00,0,1,60,112,256,535,435,1100,577,1761,852,1451,603,555,644,1072,1628,3756,32,39,77,157,162,388,249,669,460,663,405,432,401,678,299,1330,15301,6442,95,0,0,0,0,2,0
2021-02-04T23:59:59+01:00,0,1,58,110,251,528,429,1084,561,1734,848,1437,596,546,560,955,1580,3698,31,36,73,152,156,377,235,647,443,649,400,425,396,671,297,1325,14947,6314,27,0,0,0,0,2,0
2021-02-03T23:59:59+01:00,0,1,57,105,247,521,428,1064,558,1718,846,1422,592,536,550,945,1577,3685,24,28,59,120,123,278,172,507,334,499,298,324,321,528,226,1062,14825,4904,25,0,0,0,0,2,0
2021-02-02T23:59:59+01:00,0,1,57,103,244,516,428,1046,546,1685,837,1398,579,526,539,900,1567,3640,17,21,40,79,87,184,121,342,219,360,210,216,205,333,162,705,14586,3302,25,0,0,0,0,1,0
2021-02-01T23:59:59+01:00,0,1,57,101,240,508,426,1030,538,1664,833,1375,572,520,522,871,1559,3596,7,11,20,42,48,96,65,168,95,163,99,100,85,156,70,310,14387,1535,25,0,0,0,0,1,0
2021-01-31T23:59:59+01:00,0,1,57,101,239,507,424,1026,536,1659,831,1372,572,519,522,871,1559,3595,7,11,18,38,43,82,61,142,82,147,95,100,84,155,68,308,14365,1441,25,0,0,0,0,1,0
2021-01-30T23:59:59+01:00,0,1,57,101,239,507,424,1026,536,1659,831,1372,572,519,522,871,1559,3595,7,11,18,38,43,82,61,142,82,147,95,99,84,155,68,308,14365,1440,25,0,0,0,0,1,0
2021-01-29T23:59:59+01:00,0,1,57,101,239,507,424,1026,536,1659,831,1372,572,519,522,871,1559,3595,7,11,18,38,43,82,61,142,82,147,95,99,84,155,68,308,14365,1440,25,0,0,0,0,1,0
2021-01-28T23:59:59+01:00,0,1,55,93,235,479,412,960,518,1573,809,1290,559,505,516,854,1557,3582,3,2,4,6,11,14,19,34,21,30,15,21,19,34,17,91,13978,341,19,0,0,0,0,1,0
2021-01-27T23:59:59+01:00,0,1,53,89,235,469,404,921,508,1507,789,1207,547,493,514,852,1557,3582,3,2,4,6,9,14,19,33,21,29,15,20,19,34,17,91,13710,336,17,0,0,0,0,1,0
2021-01-26T23:59:59+01:00,0,1,52,83,231,466,397,892,497,1440,764,1140,525,480,512,852,1557,3582,1,2,4,6,9,13,17,29,17,24,13,18,17,32,17,84,13454,303,16,0,0,0,0,1,0
2021-01-25T23:59:59+01:00,0,1,52,83,228,461,394,887,497,1437,762,1135,525,480,512,851,1557,3580,0,0,0,0,0,0,0,0,0,0,1,1,0,2,0,0,13426,4,15,0,0,0,0,1,0
2021-01-24T23:59:59+01:00,0,1,52,83,228,461,394,887,497,1436,762,1135,525,480,512,851,1557,3580,0,0,0,0,0,0,0,0,0,0,1,1,0,2,0,0,13425,4,15,0,0,0,0,1,0
2021-01-23T23:59:59+01:00,0,1,52,83,228,460,393,883,497,1430,761,1133,522,478,495,813,1304,3112,0,0,0,0,0,0,0,0,0,0,1,1,0,2,0,0,12629,4,15,0,0,0,0,1,0
2021-01-22T23:59:59+01:00,0,1,52,83,227,456,389,873,492,1420,756,1125,516,470,478,772,945,2397,0,0,0,0,0,0,0,0,0,0,1,1,0,2,0,0,11437,4,15,0,0,0,0,0,0
2021-01-21T23:59:59+01:00,0,1,52,80,209,423,362,817,465,1321,730,1091,512,470,478,772,944,2396,0,0,0,0,0,0,0,0,0,0,1,1,0,2,0,0,11108,4,15,0,0,0,0,0,0
2021-01-20T23:59:59+01:00,0,1,50,70,181,352,321,732,423,1167,660,1000,476,459,473,772,944,2395,0,0,0,0,0,0,0,0,0,0,1,1,0,2,0,0,10461,4,15,0,0,0,0,0,0
2021-01-19T23:59:59+01:00,0,1,44,57,135,275,248,573,346,985,570,860,441,447,469,770,944,2395,0,0,0,0,0,0,0,0,0,0,1,0,0,2,0,0,9553,3,7,0,0,0,0,0,0
2021-01-18T23:59:59+01:00,0,1,40,44,86,175,179,423,278,722,499,703,432,440,466,765,942,2395,0,0,0,0,0,0,0,0,0,0,0,0,0,1,0,0,8590,1,0,0,0,0,0,0,0
2021-01-17T23:59:59+01:00,0,1,37,43,83,171,175,415,274,711,494,690,430,440,466,765,942,2394,0,0,0,0,0,0,0,0,0,0,0,0,0,0,0,0,8531,0,0,0,0,0,0,0,0
2021-01-16T23:59:59+01:00,0,1,34,42,81,169,171,406,267,704,479,682,422,438,427,718,702,2010,0,0,0,0,0,0,0,0,0,0,0,0,0,0,0,0,7753,0,0,0,0,0,0,0,0
2021-01-15T23:59:59+01:00,0,1,32,40,78,162,168,400,260,687,465,674,416,437,422,694,308,1379,0,0,0,0,0,0,0,0,0,0,0,0,0,0,0,0,6623,0,0,0,0,0,0,0,0
2021-01-14T23:59:59+01:00,0,1,32,38,77,158,163,395,252,676,454,666,413,435,422,693,308,1379,0,0,0,0,0,0,0,0,0,0,0,0,0,0,0,0,6562,0,0,0,0,0,0,0,0
2021-01-13T23:59:59+01:00,0,0,24,31,61,125,128,300,192,543,346,523,316,334,348,549,237,1110,0,0,0,0,0,0,0,0,0,0,0,0,0,0,0,0,5167,0,0,0,0,0,0,0,0
2021-01-12T23:59:59+01:00,0,0,17,24,45,87,93,212,139,392,236,387,226,229,227,353,171,753,0,0,0,0,0,0,0,0,0,0,0,0,0,0,0,0,3591,0,0,0,0,0,0,0,0
2021-01-11T23:59:59+01:00,0,0,9,15,26,46,62,136,88,220,124,205,113,108,99,169,78,331,0,0,0,0,0,0,0,0,0,0,0,0,0,0,0,0,1829,0,0,0,0,0,0,0,0
2021-01-10T23:59:59+01:00,0,0,8,15,22,43,55,108,80,179,105,172,107,105,95,167,75,331,0,0,0,0,0,0,0,0,0,0,0,0,0,0,0,0,1667,0,0,0,0,0,0,0,0
2021-01-09T23:59:59+01:00,0,0,8,15,22,43,55,108,80,179,105,172,107,104,95,167,75,331,0,0,0,0,0,0,0,0,0,0,0,0,0,0,0,0,1666,0,0,0,0,0,0,0,0
2021-01-08T23:59:59+01:00,0,0,8,14,21,42,52,101,75,168,99,169,104,100,90,158,73,323,0,0,0,0,0,0,0,0,0,0,0,0,0,0,0,0,1597,0,0,0,0,0,0,0,0
2021-01-07T23:59:59+01:00,0,0,3,3,4,7,11,15,20,34,23,34,17,21,20,34,19,95,0,0,0,0,0,0,0,0,0,0,0,0,0,0,0,0,360,0,0,0,0,0,0,0,0
2021-01-06T23:59:59+01:00,0,0,3,2,4,6,9,14,20,33,21,31,17,20,20,34,19,94,0,0,0,0,0,0,0,0,0,0,0,0,0,0,0,0,347,0,0,0,0,0,0,0,0
2021-01-05T23:59:59+01:00,0,0,3,2,4,6,9,14,20,33,21,31,17,20,20,34,19,94,0,0,0,0,0,0,0,0,0,0,0,0,0,0,0,0,347,0,0,0,0,0,0,0,0
2021-01-04T23:59:59+01:00,0,0,0,0,0,0,0,0,1,0,0,0,1,1,0,2,0,0,0,0,0,0,0,0,0,0,0,0,0,0,0,0,0,0,5,0,0,0,0,0,0,0,0
2021-01-03T23:59:59+01:00,0,0,0,0,0,0,0,0,1,0,0,0,1,1,0,2,0,0,0,0,0,0,0,0,0,0,0,0,0,0,0,0,0,0,5,0,0,0,0,0,0,0,0
2021-01-02T23:59:59+01:00,0,0,0,0,0,0,0,0,1,0,0,0,1,1,0,2,0,0,0,0,0,0,0,0,0,0,0,0,0,0,0,0,0,0,5,0,0,0,0,0,0,0,0
2021-01-01T23:59:59+01:00,0,0,0,0,0,0,0,0,1,0,0,0,1,1,0,2,0,0,0,0,0,0,0,0,0,0,0,0,0,0,0,0,0,0,5,0,0,0,0,0,0,0,0
2020-12-31T23:59:59+01:00,0,0,0,0,0,0,0,0,1,0,0,0,1,1,0,2,0,0,0,0,0,0,0,0,0,0,0,0,0,0,0,0,0,0,5,0,0,0,0,0,0,0,0
2020-12-30T23:59:59+01:00,0,0,0,0,0,0,0,0,1,0,0,0,1,1,0,2,0,0,0,0,0,0,0,0,0,0,0,0,0,0,0,0,0,0,5,0,0,0,0,0,0,0,0
2020-12-29T23:59:59+01:00,0,0,0,0,0,0,0,0,1,0,0,0,1,0,0,2,0,0,0,0,0,0,0,0,0,0,0,0,0,0,0,0,0,0,4,0,0,0,0,0,0,0,0
2020-12-28T23:59:59+01:00,0,0,0,0,0,0,0,0,0,0,0,0,1,0,0,1,0,0,0,0,0,0,0,0,0,0,0,0,0,0,0,0,0,0,2,0,0,0,0,0,0,0,0
2020-12-27T23:59:59+01:00,0,0,0,0,0,0,0,0,0,0,0,0,0,0,0,0,0,0,0,0,0,0,0,0,0,0,0,0,0,0,0,0,0,0,0,0,0,0,0,0,0,0,0
