Datum,<15_1_m,<15_1_w,15-24_1_m,15-24_1_w,25-34_1_m,25-34_1_w,35-44_1_m,35-44_1_w,45-54_1_m,45-54_1_w,55-64_1_m,55-64_1_w,65-74_1_m,65-74_1_w,75-84_1_m,75-84_1_w,>84_1_m,>84_1_w,<15_2_m,<15_2_w,15-24_2_m,15-24_2_w,25-34_2_m,25-34_2_w,35-44_2_m,35-44_2_w,45-54_2_m,45-54_2_w,55-64_2_m,55-64_2_w,65-74_2_m,65-74_2_w,75-84_2_m,75-84_2_w,>84_2_m,>84_2_w,bp_1,bp_2,mo_1,mo_2,az_1,az_2,ja,unb_1,unb_2
2021-12-11T23:59:59+01:00,4710,4443,19459,17989,22093,20470,24471,24505,30733,31457,36588,37310,26797,29837,18060,23126,5466,10413,2723,2501,16983,15887,19956,18365,22633,22437,28862,29500,34886,35522,25960,28863,17537,22400,5284,9968,289058,264722,33365,31763,46689,44980,18763,86,39
2021-12-10T23:59:59+01:00,4517,4259,19417,17948,22064,20440,24443,24476,30713,31445,36576,37296,26788,29830,18059,23123,5464,10411,2660,2447,16863,15767,19858,18241,22545,22362,28781,29428,34832,35460,25940,28844,17526,22392,5284,9965,288416,263695,33351,31718,46687,44980,18763,86,39
2021-12-09T23:59:59+01:00,4445,4179,19364,17879,22009,20384,24403,24426,30668,31408,36536,37258,26767,29805,18043,23107,5462,10401,2608,2396,16707,15659,19711,18114,22429,22242,28666,29323,34757,35353,25910,28799,17508,22372,5280,9960,287722,262359,33333,31665,46687,44980,18751,85,39
2021-12-08T23:59:59+01:00,4324,4058,19320,17846,21967,20347,24384,24388,30643,31384,36511,37232,26749,29784,18032,23092,5461,10391,2551,2341,16615,15531,19614,18005,22320,22119,28581,29231,34692,35272,25882,28758,17494,22351,5277,9945,287104,261178,33326,31637,46687,44980,18745,85,39
2021-12-07T23:59:59+01:00,4317,4051,19298,17833,21954,20334,24377,24376,30637,31371,36505,37219,26742,29778,18029,23090,5460,10391,2545,2334,16577,15509,19579,17984,22308,22104,28557,29214,34677,35259,25877,28756,17492,22349,5277,9945,286956,260960,33323,31619,46687,44980,18745,85,39
2021-12-06T23:59:59+01:00,4255,3994,19266,17790,21927,20289,24348,24343,30604,31337,36465,37169,26721,29756,18021,23067,5453,10381,2508,2295,16483,15428,19496,17896,22234,22029,28482,29144,34617,35198,25857,28733,17485,22329,5270,9935,286388,260063,33321,31603,46687,44975,18739,85,39
2021-12-05T23:59:59+01:00,4215,3942,19232,17766,21899,20260,24328,24313,30585,31314,36441,37146,26706,29735,18017,23048,5451,10374,2491,2263,16407,15369,19411,17820,22165,21974,28433,29082,34566,35159,25842,28719,17472,22316,5265,9922,285977,259326,33320,31599,46687,44975,18737,85,39
2021-12-04T23:59:59+01:00,4109,3841,19214,17745,21882,20246,24314,24302,30573,31294,36427,37135,26695,29731,18015,23043,5449,10372,2455,2248,16272,15276,19304,17738,22097,21922,28374,29019,34526,35114,25835,28709,17465,22306,5264,9920,285592,258494,33320,31599,46687,44975,18737,85,39
2021-12-03T23:59:59+01:00,3881,3624,19184,17705,21857,20211,24296,24280,30551,31266,36412,37107,26687,29722,18011,23033,5448,10372,2401,2204,16070,15121,19178,17613,22007,21815,28255,28924,34434,35045,25809,28686,17457,22290,5261,9916,284860,257177,33312,31558,46687,44975,18737,85,39
2021-12-02T23:59:59+01:00,3750,3498,19120,17644,21805,20156,24252,24218,30499,31215,36378,37047,26659,29705,17998,23012,5446,10361,2338,2136,15930,14967,19054,17503,21908,21693,28134,28804,34351,34957,25776,28639,17432,22272,5257,9909,284005,255825,33297,31499,46687,44975,18723,85,38
2021-12-01T23:59:59+01:00,3652,3404,19083,17604,21759,20093,24212,24184,30456,31183,36338,37008,26638,29673,17984,22989,5442,10352,2306,2107,15833,14864,18941,17404,21823,21614,28037,28727,34279,34894,25751,28606,17425,22251,5255,9899,283320,254831,33293,31471,46687,44973,18703,85,38
2021-11-30T23:59:59+01:00,3543,3307,19045,17562,21725,20051,24184,24127,30422,31140,36305,36960,26611,29643,17963,22971,5438,10340,2278,2075,15752,14767,18831,17308,21751,21541,27971,28664,34208,34837,25722,28571,17418,22235,5251,9889,282611,253924,33290,31436,46687,44973,18698,85,38
2021-11-29T23:59:59+01:00,3414,3193,19017,17537,21695,20018,24157,24101,30402,31112,36284,36934,26596,29614,17955,22956,5433,10336,2259,2044,15680,14704,18778,17254,21686,21493,27919,28616,34159,34802,25707,28549,17408,22223,5248,9883,282036,253302,33288,31408,46687,44973,18691,85,38
2021-11-28T23:59:59+01:00,3387,3155,18985,17517,21669,19988,24137,24077,30372,31088,36260,36912,26584,29599,17949,22947,5431,10328,2245,2027,15638,14671,18722,17211,21663,21464,27874,28592,34120,34776,25701,28535,17404,22214,5248,9880,281671,252883,33288,31408,46687,44969,18687,85,38
2021-11-27T23:59:59+01:00,3332,3111,18953,17487,21631,19952,24104,24051,30346,31071,36243,36890,26581,29589,17946,22943,5431,10327,2210,2003,15489,14536,18605,17101,21555,21402,27775,28533,34073,34727,25689,28526,17400,22210,5247,9880,281275,251859,33287,31408,46687,44969,18687,85,38
2021-11-26T23:59:59+01:00,3282,3073,18866,17429,21559,19891,24064,23990,30302,31043,36209,36853,26564,29566,17938,22930,5430,10320,2171,1970,15291,14360,18446,16999,21422,21299,27664,28431,34002,34658,25669,28506,17395,22203,5246,9877,280610,250533,33274,31383,46687,44969,18686,85,38
2021-11-25T23:59:59+01:00,3205,3006,18808,17368,21501,19823,24023,23944,30254,30986,36164,36794,26536,29535,17921,22911,5429,10309,2138,1944,15212,14294,18355,16917,21352,21232,27585,28369,33947,34594,25654,28489,17391,22187,5242,9872,279853,249761,33249,31330,46687,44969,18676,85,38
2021-11-24T23:59:59+01:00,3164,2961,18761,17317,21454,19771,23978,23894,30220,30941,36104,36743,26509,29497,17907,22886,5425,10300,2117,1927,15128,14221,18270,16845,21276,21163,27519,28308,33896,34548,25638,28463,17378,22168,5239,9866,279188,249013,33242,31287,46687,44969,18663,85,38
2021-11-23T23:59:59+01:00,3120,2919,18701,17284,21410,19708,23939,23856,30175,30896,36065,36707,26492,29468,17898,22859,5423,10291,2105,1915,15066,14157,18212,16786,21224,21121,27460,28261,33856,34501,25625,28443,17371,22152,5239,9857,278576,248433,33236,31251,46687,44969,18660,85,38
2021-11-22T23:59:59+01:00,3084,2883,18652,17242,21361,19660,23902,23813,30141,30857,36026,36660,26464,29432,17889,22848,5421,10280,2100,1904,15031,14128,18171,16756,21186,21095,27424,28233,33828,34474,25614,28433,17363,22142,5239,9852,278001,248086,33233,31240,46686,44966,18643,85,38
2021-11-21T23:59:59+01:00,3057,2867,18610,17207,21320,19626,23867,23789,30110,30831,35990,36628,26453,29411,17884,22838,5418,10275,2098,1902,15013,14124,18156,16738,21177,21084,27410,28213,33814,34462,25606,28424,17361,22133,5238,9849,277580,247930,33233,31240,46685,44963,18631,85,38
2021-11-20T23:59:59+01:00,3022,2834,18511,17133,21235,19541,23772,23718,30044,30790,35961,36591,26436,29389,17879,22833,5417,10272,2096,1894,14981,14101,18102,16713,21155,21062,27389,28188,33792,34448,25595,28417,17359,22128,5238,9848,276778,247636,33232,31239,46685,44962,18631,85,38
2021-11-19T23:59:59+01:00,2951,2783,18348,16982,21107,19418,23664,23605,29937,30691,35888,36513,26410,29358,17868,22814,5416,10265,2071,1864,14833,14003,17986,16616,21064,20985,27278,28112,33724,34392,25582,28400,17348,22120,5238,9846,275455,246637,33200,31199,46685,44962,18626,85,38
2021-11-18T23:59:59+01:00,2901,2736,18228,16891,20972,19304,23582,23519,29862,30611,35811,36433,26382,29318,17848,22790,5410,10261,2054,1844,14766,13949,17917,16567,21007,20937,27233,28056,33664,34349,25567,28378,17339,22102,5235,9841,274394,246086,33158,31149,46685,44962,18570,85,38
2021-11-17T23:59:59+01:00,2852,2684,18118,16790,20874,19191,23485,23412,29782,30532,35748,36356,26333,29269,17831,22760,5404,10252,2038,1830,14715,13904,17873,16514,20963,20901,27188,28016,33622,34317,25546,28352,17331,22082,5232,9824,273254,245575,33138,31126,46682,44962,18547,85,38
2021-11-16T23:59:59+01:00,2808,2657,17988,16689,20757,19074,23368,23317,29697,30460,35678,36290,26300,29225,17810,22725,5401,10247,2022,1819,14679,13859,17834,16472,20921,20869,27160,27966,33581,34275,25529,28344,17321,22070,5231,9815,272107,245134,33116,31100,46682,44962,18534,85,37
2021-11-15T23:59:59+01:00,2787,2626,17901,16616,20666,18996,23307,23250,29632,30383,35624,36237,26282,29199,17797,22716,5400,10239,2013,1811,14629,13838,17802,16451,20905,20836,27129,27926,33563,34249,25518,28324,17314,22058,5222,9788,271301,244775,33110,31086,46679,44962,18516,85,37
2021-11-14T23:59:59+01:00,2768,2593,17853,16590,20615,18948,23263,23207,29596,30343,35601,36197,26270,29184,17793,22707,5397,10234,2008,1806,14606,13822,17777,16434,20887,20822,27108,27896,33541,34234,25508,28318,17308,22055,5219,9784,270847,244575,33108,31086,46677,44961,18474,85,37
2021-11-13T23:59:59+01:00,2718,2540,17640,16446,20420,18810,23149,23100,29479,30256,35526,36125,26258,29170,17786,22696,5395,10232,2003,1799,14575,13807,17749,16408,20858,20799,27084,27880,33517,34211,25500,28310,17304,22050,5219,9784,269436,244300,33107,31086,46677,44961,18473,85,37
2021-11-12T23:59:59+01:00,2658,2473,17356,16210,20197,18614,22983,22957,29316,30104,35404,36023,26233,29141,17771,22669,5389,10227,1995,1780,14492,13744,17657,16334,20776,20756,27010,27814,33479,34166,25495,28294,17303,22040,5219,9781,267485,243628,33056,31055,46676,44960,18455,85,37
2021-11-11T23:59:59+01:00,2596,2416,17163,16047,20033,18475,22834,22808,29179,29987,35330,35927,26195,29101,17753,22652,5386,10217,1980,1759,14415,13685,17588,16270,20706,20691,26946,27759,33426,34126,25477,28268,17298,22028,5215,9778,266014,243059,32978,30982,46676,44959,18378,85,37
2021-11-10T23:59:59+01:00,2547,2376,17030,15925,19885,18358,22731,22704,29078,29903,35259,35854,26168,29068,17744,22633,5382,10205,1971,1746,14379,13631,17543,16230,20661,20638,26896,27705,33387,34090,25450,28239,17282,22019,5215,9775,264833,242565,32945,30952,46675,44959,18344,85,37
2021-11-09T23:59:59+01:00,2528,2346,16914,15811,19778,18256,22620,22603,29000,29831,35190,35790,26146,29041,17729,22618,5380,10198,1964,1732,14353,13595,17519,16206,20635,20612,26865,27672,33352,34061,25438,28224,17274,22010,5215,9769,263799,242256,32923,30915,46675,44959,18329,85,37
2021-11-08T23:59:59+01:00,2422,2226,16677,15623,19652,18145,22514,22512,28906,29751,35113,35730,26121,29022,17716,22603,5378,10193,1953,1726,14307,13548,17492,16170,20611,20576,26834,27640,33325,34028,25426,28206,17272,22002,5211,9767,262365,241912,32922,30892,46669,44958,18295,85,37
2021-11-07T23:59:59+01:00,2408,2210,16628,15586,19594,18095,22468,22473,28862,29723,35073,35699,26112,29014,17709,22597,5378,10191,1942,1720,14289,13521,17473,16143,20592,20556,26823,27621,33304,34012,25417,28196,17265,21995,5210,9764,261919,241695,32921,30892,46666,44958,18261,85,37
2021-11-06T23:59:59+01:00,2370,2169,16412,15401,19423,17954,22336,22374,28742,29633,35008,35644,26099,29002,17704,22593,5377,10190,1937,1718,14264,13504,17449,16125,20580,20542,26808,27609,33298,33998,25413,28192,17263,21993,5210,9763,260532,241518,32919,30892,46666,44958,18261,85,37
2021-11-05T23:59:59+01:00,2297,2100,16100,15116,19183,17726,22127,22193,28577,29482,34899,35562,26083,28982,17697,22582,5377,10188,1920,1706,14183,13425,17391,16073,20527,20496,26766,27574,33276,33979,25408,28183,17258,21982,5210,9760,258529,241106,32858,30851,46666,44958,18165,85,37
2021-11-04T23:59:59+01:00,2261,2069,15954,14973,19034,17592,22021,22078,28469,29373,34819,35513,26070,28958,17694,22573,5376,10187,1900,1686,14124,13363,17330,16006,20476,20429,26722,27516,33233,33938,25395,28165,17245,21970,5210,9751,257500,240678,32812,30802,46661,44954,17988,85,37
2021-11-03T23:59:59+01:00,2243,2045,15833,14871,18935,17515,21923,21995,28384,29310,34762,35483,26050,28936,17687,22562,5374,10184,1882,1672,14087,13323,17292,15959,20440,20398,26686,27475,33192,33908,25380,28145,17236,21953,5209,9742,256621,240248,32806,30788,46660,44954,17952,85,37
2021-11-02T23:59:59+01:00,2234,2032,15762,14800,18848,17444,21848,21938,28317,29268,34726,35449,26038,28920,17682,22560,5373,10181,1862,1660,14043,13281,17244,15930,20403,20363,26657,27450,33159,33875,25370,28130,17230,21943,5207,9736,256013,239863,32776,30773,46660,44952,17918,85,37
2021-11-01T23:59:59+01:00,2227,2019,15704,14758,18783,17411,21805,21908,28280,29247,34706,35432,26032,28919,17680,22557,5373,10180,1850,1653,14006,13258,17222,15903,20383,20349,26636,27432,33147,33868,25362,28126,17227,21934,5206,9734,255638,239647,32776,30765,46658,44951,17896,85,37
2021-10-31T23:59:59+01:00,2227,2019,15704,14758,18783,17411,21805,21908,28279,29247,34705,35432,26032,28919,17680,22557,5373,10180,1850,1653,14006,13258,17222,15902,20383,20349,26635,27432,33147,33868,25362,28126,17227,21934,5206,9734,255637,239646,32776,30765,46658,44951,17895,85,37
2021-10-30T23:59:59+02:00,2225,2016,15701,14758,18783,17411,21803,21907,28278,29247,34705,35431,26032,28918,17680,22557,5373,10180,1848,1652,14005,13258,17222,15902,20383,20349,26635,27432,33146,33868,25362,28126,17227,21934,5206,9734,255624,239641,32775,30765,46658,44951,17895,85,37
2021-10-29T23:59:59+02:00,2201,1985,15571,14655,18638,17300,21682,21821,28161,29176,34637,35391,26021,28910,17675,22555,5373,10178,1835,1639,13940,13222,17171,15855,20334,20327,26598,27407,33127,33848,25359,28122,17225,21930,5206,9731,254717,239385,32727,30728,46658,44951,17775,85,37
2021-10-28T23:59:59+02:00,2178,1956,15431,14556,18453,17183,21561,21733,28063,29103,34575,35343,26008,28898,17671,22548,5373,10176,1821,1623,13861,13150,17077,15789,20273,20271,26550,27363,33088,33822,25337,28103,17217,21920,5202,9727,253874,238989,32639,30634,46657,44948,17586,85,37
2021-10-27T23:59:59+02:00,2153,1943,15371,14496,18405,17133,21505,21705,28029,29072,34549,35324,26003,28882,17664,22545,5373,10175,1809,1609,13829,13117,17056,15768,20258,20253,26531,27328,33065,33802,25319,28082,17209,21904,5198,9725,253426,238692,32636,30630,46657,44948,17555,85,37
2021-10-26T23:59:59+02:00,2140,1919,15329,14465,18368,17097,21474,21688,28011,29052,34530,35314,25996,28878,17661,22543,5373,10175,1800,1602,13804,13079,17032,15740,20236,20232,26514,27310,33043,33789,25309,28064,17199,21885,5194,9708,253124,238385,32630,30621,46657,44948,17549,85,37
2021-10-25T23:59:59+02:00,2133,1914,15296,14447,18346,17080,21459,21679,27998,29046,34526,35309,25996,28876,17661,22543,5373,10175,1799,1602,13800,13075,17029,15738,20236,20229,26513,27309,33040,33787,25309,28064,17199,21884,5194,9708,252972,238364,32626,30617,46657,44948,17549,85,37
2021-10-24T23:59:59+02:00,2123,1908,15281,14440,18330,17070,21446,21671,27985,29033,34518,35302,25995,28871,17659,22543,5373,10175,1793,1596,13787,13056,17021,15725,20228,20220,26502,27303,33035,33779,25305,28059,17197,21883,5193,9707,252848,238248,32626,30617,46656,44947,17540,85,37
2021-10-23T23:59:59+02:00,2123,1908,15281,14440,18329,17070,21446,21670,27985,29033,34518,35302,25995,28871,17659,22543,5373,10175,1793,1596,13787,13056,17021,15725,20228,20220,26502,27303,33034,33779,25305,28059,17197,21883,5193,9707,252846,238247,32626,30617,46656,44947,17540,85,37
2021-10-22T23:59:59+02:00,2108,1891,15213,14394,18235,17011,21378,21620,27931,28986,34487,35286,25995,28867,17658,22540,5372,10174,1776,1575,13733,12992,16975,15690,20195,20196,26481,27285,33014,33762,25297,28057,17197,21880,5193,9706,252374,237926,32565,30596,46656,44947,17498,85,37
2021-10-21T23:59:59+02:00,2078,1859,15093,14309,18115,16920,21287,21560,27857,28923,34422,35247,25981,28847,17652,22530,5371,10170,1749,1558,13654,12911,16908,15640,20137,20151,26426,27239,32966,33727,25280,28038,17186,21857,5192,9701,251614,237452,32509,30496,46656,44947,17388,85,37
2021-10-20T23:59:59+02:00,2066,1848,15043,14276,18066,16883,21239,21520,27826,28897,34394,35229,25974,28834,17644,22519,5370,10165,1727,1545,13624,12877,16875,15604,20106,20120,26395,27209,32943,33694,25260,28026,17175,21847,5192,9696,251213,237073,32495,30484,46656,44947,17374,85,37
2021-10-19T23:59:59+02:00,2057,1841,15023,14246,18044,16862,21223,21505,27813,28881,34376,35217,25962,28825,17642,22516,5370,10165,1713,1527,13603,12839,16839,15566,20076,20096,26369,27185,32912,33672,25243,28009,17169,21833,5188,9690,251002,236702,32495,30483,46656,44947,17360,85,37
2021-10-18T23:59:59+02:00,2052,1834,15001,14228,18027,16842,21198,21480,27798,28869,34363,35203,25960,28819,17640,22513,5367,10164,1699,1515,13575,12809,16824,15538,20055,20071,26351,27160,32897,33653,25231,28000,17165,21825,5185,9688,250816,236441,32484,30471,46656,44945,17347,85,37
2021-10-17T23:59:59+02:00,2048,1832,14980,14218,18024,16836,21194,21474,27792,28860,34360,35198,25955,28816,17638,22513,5366,10160,1697,1509,13548,12788,16804,15522,20041,20054,26335,27148,32887,33642,25222,27992,17161,21822,5180,9679,250732,236246,32483,30470,46656,44940,17338,85,37
2021-10-16T23:59:59+02:00,2048,1831,14980,14215,18024,16836,21193,21474,27792,28860,34360,35198,25955,28816,17638,22513,5366,10160,1697,1509,13548,12788,16804,15522,20041,20054,26335,27148,32887,33642,25222,27992,17161,21822,5180,9679,250727,236246,32483,30470,46656,44940,17338,85,37
2021-10-15T23:59:59+02:00,2043,1816,14951,14181,18004,16813,21169,21460,27776,28849,34345,35192,25955,28813,17637,22509,5366,10158,1679,1487,13478,12733,16770,15489,20004,20028,26313,27123,32876,33626,25219,27989,17156,21819,5179,9678,250557,235923,32458,30435,46656,44940,17311,85,37
2021-10-14T23:59:59+02:00,2015,1799,14861,14112,17943,16759,21131,21427,27739,28818,34316,35170,25947,28805,17633,22501,5365,10152,1652,1458,13381,12636,16705,15426,19958,19958,26255,27071,32833,33591,25201,27967,17142,21800,5177,9675,250149,235393,32402,30285,46656,44940,17231,85,37
2021-10-13T23:59:59+02:00,2000,1790,14829,14069,17918,16731,21116,21408,27715,28802,34297,35157,25940,28795,17625,22493,5364,10149,1637,1446,13336,12596,16675,15391,19920,19912,26227,27045,32804,33550,25181,27946,17133,21775,5172,9669,249873,234943,32400,30281,46656,44940,17214,85,37
2021-10-12T23:59:59+02:00,1991,1785,14796,14038,17899,16705,21091,21386,27696,28781,34278,35140,25935,28789,17623,22485,5363,10147,1623,1438,13295,12549,16651,15346,19886,19877,26202,27018,32776,33527,25163,27922,17121,21754,5162,9638,249613,234486,32398,30279,46656,44940,17206,85,37
2021-10-11T23:59:59+02:00,1985,1777,14773,14025,17885,16688,21077,21374,27684,28770,34269,35126,25931,28782,17619,22480,5363,10143,1619,1427,13261,12517,16634,15319,19867,19851,26183,26991,32751,33498,25145,27901,17114,21742,5161,9628,249452,234162,32398,30279,46655,44940,17191,85,37
2021-10-10T23:59:59+02:00,1972,1764,14755,14007,17867,16673,21069,21360,27678,28765,34259,35119,25931,28778,17618,22477,5361,10143,1599,1417,13233,12491,16607,15290,19847,19831,26167,26972,32738,33483,25137,27891,17109,21739,5159,9625,249311,233906,32398,30279,46655,44936,17177,85,37
2021-10-09T23:59:59+02:00,1972,1764,14755,14007,17866,16672,21068,21359,27678,28765,34258,35118,25931,28776,17618,22477,5361,10143,1599,1417,13233,12491,16606,15290,19846,19831,26167,26971,32737,33481,25137,27889,17109,21739,5159,9625,249309,233905,32398,30278,46655,44936,17171,85,37
2021-10-08T23:59:59+02:00,1955,1749,14718,13985,17838,16647,21045,21344,27659,28750,34243,35103,25926,28775,17618,22475,5360,10141,1576,1378,13156,12403,16550,15238,19793,19791,26138,26937,32716,33460,25126,27878,17104,21734,5157,9624,249113,233397,32380,30261,46655,44936,17128,85,37
2021-10-07T23:59:59+02:00,1933,1729,14647,13912,17769,16595,20999,21283,27611,28722,34193,35073,25902,28753,17610,22463,5359,10137,1536,1345,13058,12329,16487,15166,19743,19742,26064,26884,32667,33417,25101,27856,17086,21715,5150,9608,248654,232877,32323,30101,46654,44935,17004,85,37
2021-10-06T23:59:59+02:00,1925,1711,14611,13877,17745,16567,20980,21259,27582,28690,34160,35052,25888,28740,17607,22458,5356,10134,1519,1332,13031,12289,16462,15138,19718,19716,26036,26858,32644,33387,25089,27843,17076,21703,5148,9602,248351,232561,32323,30101,46654,44935,16957,85,37
2021-10-05T23:59:59+02:00,1918,1699,14587,13840,17713,16551,20959,21237,27560,28663,34140,35025,25871,28724,17598,22447,5356,10131,1502,1317,12998,12257,16436,15120,19697,19692,26015,26831,32621,33369,25081,27834,17069,21696,5144,9597,248052,232269,32322,30101,46653,44934,16935,85,37
2021-10-04T23:59:59+02:00,1906,1694,14538,13802,17681,16522,20937,21216,27536,28639,34125,35006,25864,28707,17595,22442,5355,10128,1480,1301,12959,12220,16416,15090,19683,19668,25990,26803,32603,33341,25070,27824,17063,21689,5142,9593,247802,231980,32295,30098,46651,44933,16887,85,37
2021-10-03T23:59:59+02:00,1894,1688,14519,13773,17662,16504,20925,21206,27525,28627,34115,34997,25855,28702,17588,22434,5354,10126,1469,1291,12937,12202,16391,15072,19672,19656,25980,26790,32592,33328,25059,27813,17063,21681,5142,9593,247663,231828,32284,30094,46648,44932,16840,85,37
2021-10-02T23:59:59+02:00,1893,1688,14517,13772,17661,16503,20925,21205,27525,28627,34114,34997,25855,28701,17588,22434,5354,10126,1469,1291,12937,12201,16391,15072,19672,19656,25980,26790,32592,33328,25059,27813,17063,21681,5142,9593,247654,231827,32284,30094,46648,44932,16840,85,37
2021-10-01T23:59:59+02:00,1880,1669,14451,13708,17599,16451,20882,21163,27488,28607,34089,34978,25847,28697,17588,22428,5354,10123,1434,1254,12835,12099,16309,15015,19613,19607,25944,26755,32561,33300,25044,27798,17059,21673,5141,9591,247320,231256,32252,30084,46648,44932,16723,85,37
2021-09-30T23:59:59+02:00,1867,1649,14351,13621,17536,16393,20823,21112,27433,28549,34032,34952,25825,28680,17579,22418,5352,10120,1410,1230,12729,12024,16237,14965,19563,19554,25891,26697,32507,33272,25023,27776,17053,21661,5138,9590,246949,230943,32125,29903,46645,44923,16514,85,37
2021-09-29T23:59:59+02:00,1852,1629,14326,13596,17513,16351,20786,21082,27406,28516,34007,34929,25806,28664,17573,22408,5352,10119,1392,1217,12697,11991,16217,14937,19549,19535,25875,26679,32489,33249,25008,27763,17043,21648,5135,9586,246602,230663,32124,29903,46645,44922,16485,85,37
2021-09-28T23:59:59+02:00,1835,1620,14294,13564,17486,16316,20759,21046,27373,28493,33980,34905,25792,28644,17563,22398,5349,10113,1367,1211,12658,11960,16197,14910,19533,19509,25855,26668,32476,33228,25002,27752,17040,21642,5133,9585,246244,230406,32123,29903,46645,44921,16459,85,37
2021-09-27T23:59:59+02:00,1827,1615,14265,13537,17464,16293,20732,21023,27351,28473,33961,34883,25784,28631,17561,22390,5349,10110,1353,1200,12618,11925,16173,14888,19505,19491,25835,26645,32467,33208,24993,27739,17034,21634,5131,9584,246020,230166,32123,29903,46645,44915,16402,85,37
2021-09-26T23:59:59+02:00,1823,1610,14249,13517,17444,16276,20721,21008,27335,28458,33953,34870,25773,28626,17557,22389,5348,10109,1346,1196,12602,11905,16158,14871,19493,19479,25826,26634,32456,33197,24987,27737,17031,21630,5130,9583,245868,230036,32123,29902,46645,44915,16371,85,37
2021-09-25T23:59:59+02:00,1820,1608,14236,13500,17422,16264,20700,20997,27316,28442,33940,34862,25765,28621,17552,22386,5347,10107,1344,1194,12591,11890,16139,14860,19473,19467,25811,26617,32444,33189,24980,27732,17026,21627,5130,9581,245825,230009,32123,29902,46645,44915,16232,85,37
2021-09-24T23:59:59+02:00,1802,1584,14154,13420,17353,16215,20645,20947,27277,28398,33900,34831,25747,28610,17542,22376,5345,10103,1315,1175,12496,11786,16056,14791,19420,19406,25764,26580,32396,33159,24957,27711,17017,21615,5128,9577,245432,229492,32104,29897,46645,44915,16008,85,37
2021-09-23T23:59:59+02:00,1780,1564,14051,13321,17261,16129,20554,20870,27195,28338,33850,34771,25721,28587,17530,22357,5341,10096,1302,1166,12408,11711,15986,14724,19346,19356,25704,26523,32350,33123,24937,27692,17011,21604,5125,9571,244938,229159,32004,29859,46644,44914,15670,85,37
2021-09-22T23:59:59+02:00,1761,1551,14014,13273,17211,16085,20500,20822,27156,28291,33799,34720,25691,28560,17522,22335,5337,10092,1285,1157,12366,11665,15939,14690,19315,19327,25675,26495,32299,33088,24909,27667,17005,21590,5122,9562,244515,228835,31978,29850,46644,44912,15522,85,37
2021-09-21T23:59:59+02:00,1748,1536,13953,13219,17188,16035,20467,20782,27125,28250,33763,34699,25678,28542,17510,22311,5329,10064,1260,1134,12319,11605,15908,14662,19282,19288,25648,26467,32275,33061,24888,27649,17002,21581,5120,9551,244021,228454,31974,29800,46644,44910,15499,85,37
2021-09-20T23:59:59+02:00,1738,1529,13900,13181,17152,15994,20428,20749,27084,28212,33728,34664,25659,28515,17502,22294,5318,10037,1241,1130,12260,11571,15875,14639,19254,19260,25620,26443,32253,33037,24875,27636,17000,21573,5115,9537,243579,228146,31974,29800,46644,44910,15426,85,37
2021-09-19T23:59:59+02:00,1733,1520,13875,13155,17121,15972,20403,20730,27063,28183,33715,34650,25651,28506,17499,22291,5317,10035,1237,1119,12236,11550,15852,14619,19242,19241,25607,26431,32243,33026,24868,27631,16994,21567,5114,9537,243350,227978,31972,29799,46644,44908,15392,85,37
2021-09-18T23:59:59+02:00,1730,1516,13863,13143,17110,15965,20393,20723,27056,28179,33709,34646,25651,28506,17499,22290,5317,10035,1237,1117,12229,11542,15842,14614,19232,19238,25600,26427,32238,33024,24868,27631,16994,21567,5114,9537,243313,227958,31959,29794,46644,44908,15354,85,37
2021-09-17T23:59:59+02:00,1707,1482,13763,13029,17002,15889,20312,20652,26985,28119,33656,34602,25628,28483,17487,22279,5316,10032,1220,1100,12144,11465,15741,14537,19144,19166,25531,26358,32175,32981,24849,27611,16984,21549,5113,9533,242849,227517,31912,29782,46644,44908,14957,85,37
2021-09-16T23:59:59+02:00,1680,1444,13665,12919,16915,15792,20219,20561,26884,28033,33578,34536,25596,28450,17473,22255,5309,10011,1196,1074,12055,11386,15671,14472,19062,19086,25443,26277,32113,32926,24807,27573,16974,21536,5110,9522,242231,227048,31815,29723,46644,44906,14569,85,37
2021-09-15T23:59:59+02:00,1662,1435,13604,12866,16863,15730,20173,20509,26828,27982,33527,34481,25570,28418,17458,22226,5302,9988,1176,1058,11994,11325,15614,14419,19010,19034,25382,26227,32056,32871,24775,27540,16958,21517,5106,9511,241811,226609,31794,29707,46640,44904,14316,85,37
2021-09-14T23:59:59+02:00,1646,1424,13542,12798,16791,15678,20113,20462,26778,27926,33477,34430,25548,28398,17445,22215,5298,9983,1148,1036,11933,11263,15542,14359,18955,18990,25334,26173,31999,32819,24745,27516,16944,21501,5106,9506,241409,226217,31742,29611,46640,44904,14100,85,37
2021-09-13T23:59:59+02:00,1624,1408,13502,12761,16762,15651,20095,20437,26756,27901,33455,34406,25537,28390,17440,22204,5298,9980,1131,1021,11889,11230,15507,14337,18932,18960,25310,26145,31972,32797,24734,27505,16931,21492,5103,9505,241124,225908,31741,29609,46635,44902,14045,85,37
2021-09-12T23:59:59+02:00,1613,1405,13468,12738,16722,15635,20080,20426,26745,27882,33449,34394,25531,28383,17439,22200,5298,9977,1119,1015,11845,11210,15463,14318,18907,18939,25294,26132,31958,32783,24726,27496,16928,21488,5102,9502,240964,225692,31741,29609,46632,44901,13986,85,37
2021-09-11T23:59:59+02:00,1602,1404,13452,12726,16708,15626,20070,20423,26733,27876,33445,34390,25527,28382,17438,22199,5296,9977,1040,953,11778,11159,15447,14310,18899,18928,25281,26120,31950,32770,24724,27494,16927,21487,5102,9502,240899,225367,31720,29607,46632,44901,13959,85,37
2021-09-10T23:59:59+02:00,1563,1358,13304,12600,16636,15549,19962,20338,26651,27812,33383,34336,25487,28352,17422,22176,5290,9972,1013,928,11657,11056,15361,14227,18790,18844,25188,26063,31876,32713,24682,27464,16910,21467,5097,9497,240301,224810,31703,29596,46632,44901,13489,85,37
2021-09-09T23:59:59+02:00,1540,1337,13234,12535,16582,15499,19909,20299,26599,27745,33341,34296,25459,28334,17417,22163,5286,9965,993,904,11593,10983,15309,14176,18735,18813,25133,26022,31828,32679,24660,27449,16897,21457,5094,9486,239930,224434,31628,29556,46632,44901,13283,85,37
2021-09-08T23:59:59+02:00,1525,1320,13205,12511,16566,15475,19889,20286,26583,27733,33328,34285,25447,28326,17411,22157,5283,9962,981,888,11549,10939,15284,14158,18723,18796,25115,25998,31805,32668,24646,27434,16895,21451,5094,9484,239710,224156,31628,29556,46628,44900,13259,85,37
2021-09-07T23:59:59+02:00,1492,1302,13147,12464,16526,15443,19866,20257,26546,27712,33294,34255,25422,28308,17405,22142,5278,9956,963,879,11490,10874,15230,14105,18686,18763,25068,25953,31753,32641,24618,27411,16887,21434,5089,9482,239476,223848,31544,29441,46628,44900,13100,85,37
2021-09-06T23:59:59+02:00,1477,1294,13117,12429,16506,15420,19848,20237,26529,27697,33283,34246,25419,28296,17402,22137,5275,9956,950,869,11468,10842,15213,14074,18665,18748,25052,25933,31732,32626,24608,27399,16886,21426,5086,9482,239257,223621,31544,29430,46628,44899,13072,85,37
2021-09-05T23:59:59+02:00,1467,1286,13100,12409,16492,15403,19837,20230,26523,27688,33273,34234,25417,28293,17400,22133,5275,9956,943,864,11449,10826,15190,14058,18653,18738,25045,25927,31723,32606,24605,27388,16883,21421,5084,9481,239128,223470,31544,29430,46628,44898,13049,85,37
2021-09-04T23:59:59+02:00,1467,1286,13099,12408,16492,15403,19835,20230,26522,27688,33273,34234,25417,28293,17400,22132,5275,9956,942,864,11449,10824,15188,14058,18648,18738,25044,25925,31723,32604,24604,27388,16883,21421,5084,9481,239126,223459,31544,29429,46628,44898,13045,85,37
2021-09-03T23:59:59+02:00,1440,1270,13000,12312,16435,15348,19798,20191,26480,27661,33236,34217,25399,28282,17396,22121,5273,9955,899,829,11309,10696,15126,13984,18576,18692,24973,25876,31663,32568,24571,27360,16870,21405,5081,9477,238629,222649,31544,29426,46628,44898,12946,85,36
2021-09-02T23:59:59+02:00,1425,1263,12936,12270,16392,15314,19762,20163,26446,27627,33211,34196,25384,28270,17391,22116,5273,9951,894,823,11232,10657,15078,13949,18539,18671,24940,25854,31625,32538,24552,27339,16864,21400,5081,9475,238403,222387,31479,29383,46624,44888,12817,85,36
2021-09-01T23:59:59+02:00,1402,1248,12900,12232,16371,15294,19743,20148,26427,27607,33189,34170,25374,28259,17385,22106,5270,9947,878,801,11191,10622,15058,13921,18519,18651,24919,25832,31599,32505,24537,27325,16856,21394,5079,9473,238102,222057,31479,29380,46623,44886,12801,85,36
2021-08-31T23:59:59+02:00,1370,1227,12845,12172,16325,15258,19709,20103,26381,27558,33149,34135,25358,28238,17379,22093,5266,9943,856,776,11119,10553,15010,13860,18466,18618,24869,25778,31542,32462,24506,27309,16847,21381,5076,9466,237792,221628,31416,29351,46623,44867,12612,84,36
2021-08-30T23:59:59+02:00,1346,1212,12799,12134,16298,15236,19689,20086,26357,27541,33128,34118,25347,28228,17379,22089,5264,9941,848,765,11040,10520,14982,13839,18444,18594,24841,25762,31516,32435,24495,27294,16841,21374,5073,9463,237533,221330,31416,29351,46623,44856,12553,84,36
2021-08-29T23:59:59+02:00,1340,1206,12785,12117,16287,15227,19680,20076,26354,27532,33121,34104,25342,28222,17377,22088,5264,9941,835,756,11022,10482,14971,13822,18428,18580,24828,25752,31507,32423,24486,27282,16839,21368,5073,9463,237428,221150,31416,29350,46623,44852,12529,84,36
2021-08-28T23:59:59+02:00,1333,1192,12753,12096,16273,15215,19669,20062,26347,27522,33112,34098,25340,28217,17376,22085,5264,9940,816,731,10946,10411,14936,13789,18381,18553,24792,25719,31464,32392,24469,27269,16830,21352,5073,9460,237266,220623,31416,29350,46623,44852,12522,84,36
2021-08-27T23:59:59+02:00,1314,1177,12690,12041,16227,15167,19611,20013,26293,27471,33069,34068,25322,28206,17372,22071,5264,9937,813,725,10909,10376,14895,13762,18365,18538,24757,25694,31436,32370,24456,27258,16827,21348,5073,9459,236843,220461,31416,29349,46623,44851,12364,84,36
2021-08-26T23:59:59+02:00,1294,1161,12622,11985,16181,15124,19567,19973,26239,27413,33018,34023,25292,28177,17365,22061,5261,9933,803,710,10842,10326,14847,13718,18318,18509,24712,25657,31390,32331,24434,27241,16820,21339,5073,9455,236473,220144,31357,29334,46623,44844,12167,84,36
2021-08-25T23:59:59+02:00,1277,1146,12599,11943,16160,15097,19545,19957,26212,27395,32983,33994,25273,28158,17358,22054,5260,9930,789,697,10793,10284,14817,13689,18284,18478,24689,25638,31357,32293,24421,27224,16813,21329,5071,9452,236156,219768,31357,29334,46617,44840,12140,84,36
2021-08-24T23:59:59+02:00,1250,1128,12540,11870,16103,15053,19500,19916,26165,27350,32938,33961,25253,28134,17346,22042,5259,9925,767,677,10715,10210,14773,13649,18238,18442,24639,25587,31315,32256,24397,27197,16798,21313,5070,9451,235845,219355,31230,29294,46617,44840,11969,84,36
2021-08-23T23:59:59+02:00,1237,1115,12500,11834,16077,15034,19477,19881,26145,27314,32907,33938,25239,28122,17342,22033,5259,9922,744,661,10658,10155,14743,13608,18200,18407,24612,25557,31280,32222,24384,27177,16791,21310,5068,9450,235541,218944,31229,29294,46616,44837,11917,84,35
2021-08-22T23:59:59+02:00,1229,1108,12485,11813,16062,15018,19470,19862,26133,27303,32896,33922,25227,28116,17340,22031,5256,9922,729,652,10629,10125,14722,13591,18179,18396,24598,25538,31265,32209,24375,27166,16789,21305,5067,9449,235377,218722,31229,29294,46616,44835,11898,84,35
2021-08-21T23:59:59+02:00,1141,1036,12410,11755,16050,15005,19459,19850,26123,27291,32886,33906,25222,28112,17337,22028,5256,9922,718,646,10605,10095,14704,13586,18170,18382,24589,25532,31258,32203,24372,27166,16788,21305,5067,9449,235002,218598,31223,29292,46616,44835,11875,84,35
2021-08-20T23:59:59+02:00,1121,1020,12348,11686,15991,14950,19396,19811,26069,27257,32836,33879,25207,28101,17328,22023,5255,9920,714,640,10550,10058,14663,13551,18130,18356,24553,25513,31228,32187,24363,27159,16782,21302,5067,9448,234499,218315,31223,29292,46616,44835,11787,84,35
2021-08-19T23:59:59+02:00,1095,996,12278,11630,15930,14917,19346,19760,26008,27208,32792,33844,25176,28078,17316,22012,5252,9918,705,628,10453,9980,14594,13512,18074,18318,24485,25472,31161,32143,24322,27140,16773,21285,5066,9445,234206,217882,31131,29283,46615,44825,11531,84,35
2021-08-18T23:59:59+02:00,1083,980,12238,11594,15902,14887,19318,19730,25978,27177,32755,33818,25157,28066,17311,22003,5250,9917,691,617,10398,9912,14547,13489,18024,18289,24438,25434,31102,32104,24300,27122,16767,21272,5062,9439,233888,217424,31130,29275,46613,44814,11460,84,34
2021-08-17T23:59:59+02:00,1056,955,12187,11553,15874,14844,19286,19698,25949,27153,32719,33780,25139,28046,17301,21986,5249,9911,676,593,10304,9830,14493,13441,17969,18234,24388,25392,31042,32061,24271,27098,16756,21252,5059,9432,233586,216824,31003,29215,46613,44810,11410,84,32
2021-08-16T23:59:59+02:00,1044,948,12155,11526,15856,14828,19267,19679,25926,27129,32700,33758,25120,28031,17293,21971,5246,9909,660,580,10248,9762,14468,13398,17944,18196,24344,25357,31005,32030,24245,27064,16741,21238,5059,9429,233357,216377,31002,29215,46613,44804,11340,84,32
2021-08-15T23:59:59+02:00,1036,948,12130,11510,15842,14811,19253,19664,25915,27119,32679,33743,25114,28022,17289,21960,5245,9909,653,572,10200,9727,14429,13375,17921,18172,24318,25343,30985,32004,24228,27056,16736,21230,5058,9427,233197,216083,31001,29215,46612,44799,11305,84,32
2021-08-14T23:59:59+02:00,1035,948,12129,11507,15842,14810,19250,19662,25914,27119,32679,33742,25114,28022,17289,21960,5245,9909,597,511,10034,9507,14324,13284,17846,18126,24269,25311,30945,31971,24213,27043,16733,21227,5056,9426,233189,215079,31001,29214,46612,44798,11300,84,32
2021-08-13T23:59:59+02:00,990,907,11979,11382,15789,14749,19185,19607,25842,27069,32626,33707,25089,27994,17278,21950,5244,9905,589,506,9979,9453,14284,13255,17806,18100,24237,25292,30921,31949,24202,27029,16727,21218,5056,9422,232360,214736,31000,29214,46612,44795,11248,82,32
2021-08-12T23:59:59+02:00,976,885,11922,11321,15739,14709,19148,19581,25796,27045,32580,33678,25064,27978,17269,21944,5244,9902,580,497,9887,9385,14210,13213,17744,18050,24170,25256,30867,31900,24174,27004,16711,21200,5054,9422,232128,214311,30975,29208,46612,44780,10993,82,32
2021-08-11T23:59:59+02:00,962,874,11889,11286,15720,14686,19116,19563,25774,27026,32555,33649,25045,27956,17265,21936,5243,9900,536,464,9813,9323,14156,13172,17696,18005,24129,25234,30827,31852,24144,26971,16696,21187,5053,9416,231835,213736,30975,29203,46611,44752,10951,82,32
2021-08-10T23:59:59+02:00,943,864,11801,11232,15667,14655,19071,19526,25720,26991,32498,33595,25028,27941,17258,21923,5242,9897,523,457,9717,9235,14104,13137,17663,17971,24082,25195,30774,31805,24111,26937,16689,21167,5049,9411,231453,213212,30840,29168,46609,44738,10877,82,32
2021-08-09T23:59:59+02:00,940,847,11773,11198,15651,14639,19049,19512,25688,26970,32469,33565,25020,27932,17252,21915,5242,9894,511,441,9661,9176,14061,13087,17626,17930,24051,25149,30739,31766,24097,26920,16684,21154,5047,9405,231213,212754,30840,29165,46608,44732,10822,82,32
2021-08-08T23:59:59+02:00,929,840,11736,11175,15627,14624,19029,19491,25663,26949,32446,33548,25012,27916,17245,21910,5241,9894,489,432,9583,9120,14012,13059,17599,17900,24018,25114,30707,31734,24084,26901,16676,21140,5046,9402,231015,212351,30840,29164,46608,44731,10738,82,32
2021-08-07T23:59:59+02:00,909,813,11639,11097,15583,14583,18988,19457,25624,26919,32400,33516,24995,27904,17236,21892,5240,9891,420,359,8959,8530,13566,12702,17387,17714,23867,25003,30554,31657,24026,26850,16655,21113,5041,9399,230426,209139,30840,29162,46608,44731,10738,82,32
2021-08-06T23:59:59+02:00,900,810,11609,11072,15569,14569,18977,19450,25609,26903,32391,33509,24991,27900,17231,21890,5240,9890,378,310,8371,7911,13054,12306,17157,17509,23722,24892,30459,31578,23995,26803,16643,21099,5038,9392,230376,205972,30718,29149,46608,44730,10734,82,32
2021-08-05T23:59:59+02:00,897,803,11569,11041,15526,14540,18938,19418,25562,26868,32343,33462,24950,27878,17229,21879,5240,9884,370,304,8317,7847,13005,12251,17108,17468,23657,24852,30383,31524,23948,26761,16629,21081,5036,9383,230149,205548,30717,29144,46606,44721,10479,82,32
2021-08-04T23:59:59+02:00,879,787,11539,11010,15507,14508,18904,19392,25536,26839,32297,33424,24935,27865,17224,21873,5238,9876,348,294,8227,7759,12949,12205,17054,17422,23601,24808,30323,31454,23911,26723,16619,21068,5034,9377,229881,204957,30714,29142,46604,44686,10359,81,32
2021-08-03T23:59:59+02:00,863,770,11492,10971,15482,14486,18871,19370,25510,26810,32262,33389,24915,27846,17214,21868,5234,9875,323,283,8145,7671,12879,12152,16985,17370,23541,24770,30280,31404,23875,26689,16604,21056,5031,9373,229541,204292,30712,29132,46603,44678,10297,81,32
2021-08-02T23:59:59+02:00,854,767,11456,10940,15459,14455,18844,19350,25481,26785,32230,33361,24901,27826,17206,21859,5233,9873,313,276,8048,7578,12801,12091,16926,17303,23484,24698,30229,31346,23856,26666,16583,21045,5029,9368,229260,203577,30711,29130,46602,44670,10231,81,32
2021-08-01T23:59:59+02:00,846,760,11430,10912,15446,14441,18828,19338,25460,26772,32213,33346,24897,27817,17205,21856,5231,9872,300,259,7981,7510,12739,12044,16880,17255,23447,24666,30202,31321,23840,26647,16579,21039,5027,9367,229110,203117,30707,29129,46602,44650,10175,81,32
2021-07-31T23:59:59+02:00,843,759,11427,10906,15444,14438,18824,19334,25459,26771,32210,33345,24897,27816,17205,21856,5231,9872,278,238,7827,7325,11968,11376,16325,16816,23350,24587,30137,31250,23810,26611,16567,21020,5026,9365,229080,199894,30706,29129,46602,44648,10173,81,32
2021-07-30T23:59:59+02:00,842,758,11414,10897,15441,14435,18816,19327,25452,26766,32200,33340,24896,27814,17205,21853,5231,9872,231,198,7546,7086,11425,10929,15846,16384,23210,24481,30028,31138,23773,26566,16550,20998,5026,9361,229011,196815,30705,29128,46600,44634,10167,81,32
2021-07-29T23:59:59+02:00,830,749,11375,10850,15402,14414,18776,19301,25415,26732,32147,33311,24878,27794,17194,21835,5231,9869,141,134,7174,6779,10759,10411,15329,15967,23033,24334,29881,31027,23718,26514,16521,20973,5022,9358,228692,193344,30703,29118,46600,44549,10032,81,32
2021-07-28T23:59:59+02:00,811,735,11328,10797,15379,14385,18745,19273,25389,26704,32120,33286,24862,27776,17189,21823,5230,9865,122,106,7009,6629,10612,10286,15216,15830,22940,24237,29779,30928,23675,26456,16502,20944,5021,9348,228363,192095,30703,29116,46595,44437,9960,81,32
2021-07-27T23:59:59+02:00,802,726,11283,10757,15336,14346,18704,19247,25360,26678,32085,33265,24846,27751,17183,21812,5228,9857,102,93,6788,6413,10452,10171,15071,15697,22835,24127,29671,30816,23623,26390,16487,20917,5018,9335,228042,190933,30703,28789,46594,44401,9851,81,32
2021-07-26T23:59:59+02:00,792,713,11232,10709,15309,14325,18686,19219,25332,26647,32052,33239,24831,27729,17171,21800,5227,9854,94,84,6672,6338,10357,10097,15003,15617,22752,24066,29606,30741,23590,26346,16475,20900,5014,9329,227740,190147,30701,28785,46593,44360,9757,80,32
2021-07-25T23:59:59+02:00,780,703,11202,10681,15288,14300,18666,19195,25305,26622,32031,33221,24815,27718,17167,21791,5226,9852,79,79,6595,6257,10289,10034,14929,15557,22698,24012,29550,30704,23559,26325,16463,20886,5014,9325,227541,189559,30701,28781,46592,44330,9653,80,32
2021-07-24T23:59:59+02:00,756,681,11125,10595,15250,14270,18642,19173,25285,26606,32019,33208,24815,27714,17164,21789,5226,9852,78,78,6192,5912,10140,9920,14553,15274,22474,23854,29431,30620,23523,26287,16446,20868,5011,9321,227155,187198,30700,28777,46592,44328,9647,80,32
2021-07-23T23:59:59+02:00,730,659,11057,10509,15221,14235,18614,19159,25264,26584,32004,33190,24804,27709,17162,21789,5226,9849,75,74,5823,5606,10019,9809,14206,15009,22278,23677,29310,30502,23471,26219,16435,20847,5007,9314,226768,184927,30699,28777,46592,44316,9630,80,31
2021-07-22T23:59:59+02:00,689,619,10902,10343,15123,14146,18527,19110,25184,26530,31932,33126,24768,27668,17148,21771,5222,9844,63,63,5506,5309,9751,9593,13622,14531,21956,23417,29079,30273,23371,26122,16393,20809,5003,9311,225812,181603,30698,28766,46591,44297,9475,80,31
2021-07-21T23:59:59+02:00,669,594,10837,10288,15086,14119,18487,19072,25144,26501,31893,33076,24743,27633,17132,21759,5219,9839,53,57,4897,4847,9308,9337,13237,14301,21721,23261,28893,30123,23306,26045,16367,20786,5001,9308,225381,179827,30687,27503,46589,44129,9358,80,31
2021-07-20T23:59:59+02:00,651,577,10779,10233,15059,14082,18450,19046,25113,26469,31858,33042,24723,27612,17127,21744,5216,9832,48,47,4756,4735,9158,9204,13067,14167,21608,23140,28763,29997,23227,25941,16344,20745,4994,9302,224998,178478,30687,27490,46587,43980,9264,80,31
2021-07-19T23:59:59+02:00,638,564,10740,10202,15028,14058,18426,19037,25084,26443,31825,33013,24705,27589,17121,21733,5214,9829,42,44,4675,4667,9059,9126,12949,14071,21510,23032,28664,29877,23171,25884,16318,20716,4989,9296,224748,177537,30687,27481,46578,43882,9159,80,31
2021-07-18T23:59:59+02:00,623,554,10686,10150,14992,14036,18401,19020,25064,26427,31802,32994,24695,27579,17116,21724,5213,9824,40,42,4568,4566,8922,9004,12823,13931,21423,22941,28591,29798,23142,25854,16309,20703,4986,9295,224472,176526,30687,27467,46578,43828,9086,80,31
2021-07-17T23:59:59+02:00,548,483,10395,9852,14875,13934,18309,18939,24958,26352,31694,32942,24661,27544,17103,21704,5211,9823,39,41,4522,4525,8868,8931,12588,13738,20997,22595,28459,29667,23105,25802,16300,20688,4985,9292,222903,174732,30686,27467,46576,43827,9085,80,31
2021-07-16T23:59:59+02:00,519,446,10260,9731,14815,13894,18257,18887,24922,26319,31674,32917,24652,27529,17100,21697,5211,9820,39,41,4475,4483,8792,8890,12218,13459,20452,22195,28324,29573,23055,25765,16291,20683,4983,9290,222236,172617,30686,27464,46575,43820,9076,80,31
2021-07-15T23:59:59+02:00,487,409,10122,9626,14747,13843,18202,18818,24867,26271,31624,32863,24627,27492,17082,21682,5204,9816,26,31,4261,4345,8464,8679,11702,13056,19345,21346,27905,29228,22884,25594,16226,20610,4973,9274,221501,167902,30684,27451,46574,43619,8946,80,31
2021-07-14T23:59:59+02:00,466,396,10091,9600,14709,13822,18170,18783,24828,26229,31573,32810,24597,27464,17071,21665,5203,9813,22,28,4137,4193,8205,8507,11470,12911,19167,21235,27756,29101,22817,25516,16192,20572,4968,9264,221124,166326,30684,27432,46573,43440,8832,80,31
2021-07-13T23:59:59+02:00,442,382,10041,9547,14679,13793,18143,18749,24793,26208,31537,32768,24581,27433,17060,21653,5202,9810,22,25,4042,4098,8031,8349,11271,12719,19032,21095,27600,28937,22720,25433,16157,20518,4964,9253,220712,164862,30684,27412,46572,43185,8776,80,31
2021-07-12T23:59:59+02:00,430,360,9994,9495,14651,13774,18112,18720,24756,26166,31505,32725,24557,27410,17045,21648,5199,9808,21,22,3937,4000,7859,8228,11111,12582,18916,20975,27479,28818,22645,25372,16130,20492,4963,9249,220336,163696,30683,27393,46571,42992,8687,80,31
2021-07-11T23:59:59+02:00,422,342,9963,9465,14630,13754,18094,18709,24734,26157,31484,32706,24545,27400,17043,21646,5199,9806,18,20,3867,3930,7741,8128,10962,12454,18790,20873,27378,28703,22601,25323,16109,20467,4961,9246,220136,162730,30680,27388,46570,42787,8635,80,31
2021-07-10T23:59:59+02:00,396,318,9850,9362,14575,13714,18043,18687,24709,26137,31465,32690,24537,27391,17039,21642,5197,9804,18,19,3832,3906,7682,8088,10927,12424,18761,20848,27349,28681,22593,25307,16105,20462,4961,9246,219607,162426,30678,27387,46567,42739,8626,80,31
2021-07-09T23:59:59+02:00,336,270,9592,9150,14473,13634,17964,18616,24622,26085,31416,32629,24514,27361,17025,21625,5197,9799,17,18,3765,3868,7544,7996,10709,12275,18536,20709,26932,28363,22408,25114,16050,20403,4958,9239,218383,160276,30678,27382,46566,42612,8603,80,31
2021-07-08T23:59:59+02:00,257,203,9397,9004,14370,13559,17869,18541,24563,26034,31333,32571,24486,27330,17012,21607,5194,9794,15,15,3606,3744,7232,7807,10357,12046,18188,20426,26626,28102,22231,24954,15982,20327,4951,9223,217278,157894,30674,27333,46553,42033,8541,80,31
2021-07-07T23:59:59+02:00,218,175,9310,8899,14331,13529,17833,18500,24509,25997,31291,32531,24461,27300,16999,21589,5194,9786,13,11,3429,3616,6914,7584,9419,11312,17598,19997,26223,27790,21993,24646,15903,20230,4937,9209,216640,155279,30671,25572,46551,41430,8512,80,31
2021-07-06T23:59:59+02:00,196,163,9231,8841,14280,13498,17797,18457,24467,25957,31230,32483,24425,27272,16984,21572,5192,9783,13,10,3313,3543,6708,7461,9148,11148,17351,19814,25946,27535,21836,24443,15822,20126,4924,9194,216068,153343,30657,25559,46548,40925,8477,80,31
2021-07-05T23:59:59+02:00,184,148,9144,8754,14237,13452,17762,18406,24429,25927,31185,32433,24401,27249,16975,21557,5191,9781,13,9,3260,3510,6579,7383,8998,11027,17202,19673,25774,27376,21693,24274,15773,20072,4913,9184,215509,152269,30656,25550,46546,40437,8426,80,31
2021-07-04T23:59:59+02:00,169,141,9093,8704,14204,13438,17735,18388,24403,25906,31163,32407,24386,27235,16969,21549,5190,9778,11,8,3212,3467,6513,7340,8909,10955,17118,19587,25643,27264,21568,24145,15731,20020,4911,9177,215232,151605,30655,25538,46531,40043,8362,80,31
2021-07-03T23:59:59+02:00,166,138,8586,8226,14045,13320,17634,18271,24307,25846,31099,32359,24365,27214,16957,21538,5188,9775,10,8,3153,3389,6393,7221,8735,10810,16899,19399,25254,26951,21452,24007,15701,19980,4907,9171,213429,149543,30654,25538,46531,39986,8342,80,31
2021-07-02T23:59:59+02:00,159,134,8020,7769,13903,13211,17542,18194,24238,25777,31039,32297,24327,27172,16951,21518,5186,9770,9,8,3042,3280,6122,7065,8475,10568,16528,19070,24775,26525,21224,23732,15632,19898,4901,9168,211608,146455,30654,25534,46528,39663,8339,80,31
2021-07-01T23:59:59+02:00,146,124,7892,7665,13819,13151,17473,18141,24172,25727,30987,32244,24299,27147,16941,21506,5185,9769,8,7,2855,3094,5772,6780,8034,10146,15939,18591,24003,25860,20735,23259,15505,19736,4889,9143,210824,141852,30649,25521,46521,38636,8316,80,31
2021-06-30T23:59:59+02:00,128,111,7746,7549,13753,13101,17418,18087,24119,25673,30927,32198,24268,27125,16927,21488,5185,9764,7,7,2758,3018,5614,6638,7807,9924,14980,17720,23387,25306,20375,22865,15372,19575,4875,9109,210257,140312,30473,23247,46517,37505,8242,80,31
2021-06-29T23:59:59+02:00,113,98,7679,7453,13704,13061,17381,18042,24066,25612,30876,32138,24248,27098,16916,21471,5182,9760,5,5,2700,2971,5485,6539,7653,9789,14810,17546,23141,25070,20114,22539,15271,19474,4863,9089,209627,139180,30469,23234,46514,36409,8210,80,31
2021-06-28T23:59:59+02:00,108,92,7615,7382,13635,12999,17334,17991,24024,25567,30819,32094,24231,27070,16909,21461,5180,9758,4,4,2668,2937,5417,6487,7562,9717,14713,17464,22988,24856,19910,22293,15215,19405,4859,9074,209082,138572,30467,23224,46506,35610,8136,80,31
2021-06-27T23:59:59+02:00,94,87,7567,7321,13603,12962,17305,17958,24005,25532,30791,32066,24219,27062,16902,21455,5180,9756,3,3,2646,2923,5367,6462,7489,9671,14616,17397,22891,24770,19784,22150,15184,19354,4855,9065,208728,138055,30466,23212,46500,35239,8093,80,31
2021-06-26T23:59:59+02:00,90,84,7066,6781,13211,12661,17191,17853,23939,25475,30755,32031,24210,27045,16898,21444,5179,9755,3,3,2547,2814,5177,6271,7289,9480,14068,16941,22229,24130,19636,22007,15138,19301,4853,9057,206550,134402,30464,23211,46500,35219,8093,63,19
2021-06-25T23:59:59+02:00,89,82,6586,6300,12756,12291,17030,17734,23849,25410,30674,31991,24187,27018,16893,21434,5177,9752,3,3,2446,2660,5004,6076,7028,9182,13535,16407,21675,23543,19440,21798,15079,19234,4849,9045,204152,130697,30464,23211,46500,35004,8076,63,19
2021-06-24T23:59:59+02:00,79,70,6363,6089,12533,12136,16924,17651,23776,25357,30616,31943,24152,26975,16887,21424,5175,9745,3,3,2241,2425,4633,5696,6528,8693,12811,15691,20522,22538,18977,21316,14973,19103,4837,9030,202877,124741,30462,23201,46493,34057,8002,63,19
2021-06-23T23:59:59+02:00,74,68,5795,5595,12370,12026,16805,17539,23701,25309,30552,31893,24119,26952,16880,21410,5171,9741,3,3,2205,2372,4568,5576,6434,8543,12576,15402,20277,22275,18678,20985,14876,18989,4826,9013,202367,123710,29137,23054,46483,32866,7952,63,19
2021-06-22T23:59:59+02:00,68,63,5655,5465,12269,11919,16717,17463,23641,25247,30483,31814,24090,26918,16870,21389,5167,9739,3,2,2153,2334,4474,5494,6308,8397,11701,14740,19864,21868,18343,20630,14766,18849,4816,8992,201420,122781,29130,21361,46464,31671,7902,63,19
2021-06-21T23:59:59+02:00,65,60,5522,5352,12192,11825,16651,17376,23584,25173,30434,31755,24065,26890,16857,21374,5167,9735,3,2,2120,2299,4414,5397,6221,8268,10920,14031,19410,21458,18115,20398,14704,18752,4807,8975,200592,121975,29124,19573,46459,30886,7841,63,19
2021-06-20T23:59:59+02:00,63,58,5404,5228,12027,11648,16583,17253,23535,25107,30392,31699,24049,26868,16851,21359,5162,9730,3,2,2102,2269,4372,5356,6151,8217,10817,13952,19299,21333,17958,20208,14638,18668,4803,8968,199588,121442,29120,19570,46453,30291,7794,63,19
2021-06-19T23:59:59+02:00,59,54,5386,5209,11257,10986,16103,16858,23473,25062,30348,31656,24031,26848,16843,21347,5162,9730,3,2,2029,2148,4168,5121,5864,7933,10487,13615,18240,20471,17783,20014,14605,18602,4798,8956,196986,117184,29120,19570,46452,30273,7793,63,19
2021-06-18T23:59:59+02:00,56,53,5350,5181,10616,10403,15493,16293,23380,24993,30278,31593,24003,26818,16832,21332,5161,9728,3,2,1959,2059,4026,4979,5585,7663,10105,13250,17084,19256,17581,19775,14556,18536,4795,8946,194147,112761,29112,19570,46452,30019,7791,63,19
2021-06-17T23:59:59+02:00,49,44,5236,5079,9935,9899,15006,15903,23280,24905,30195,31499,23963,26772,16818,21311,5160,9725,3,2,1832,1953,3771,4733,5198,7295,9563,12762,15895,18062,17120,19286,14414,18361,4782,8922,191549,107626,29109,19560,46449,29102,7653,21,13
2021-06-16T23:59:59+02:00,47,36,5104,4949,9740,9733,14859,15773,23185,24811,30096,31423,23919,26728,16803,21299,5159,9715,3,2,1789,1912,3664,4643,5092,7174,8528,11909,15620,17765,16826,18949,14280,18188,4776,8888,190372,106717,29097,17678,46447,28156,7444,21,13
2021-06-15T23:59:59+02:00,41,29,4923,4766,9558,9579,14721,15628,23093,24720,30020,31337,23876,26654,16776,21266,5151,9700,3,2,1730,1855,3581,4547,4998,7055,8412,11764,15438,17534,16507,18638,14138,18019,4753,8829,189052,105941,29094,17673,46428,26931,7245,21,13
2021-06-14T23:59:59+02:00,39,26,4846,4704,9467,9470,14643,15538,23020,24648,29949,31274,23844,26615,16761,21248,5148,9694,3,2,1710,1832,3546,4520,4956,7020,8311,11700,15301,17400,16326,18433,14045,17921,4748,8821,188304,105710,29088,17669,46422,26102,7101,21,13
2021-06-13T23:59:59+02:00,38,25,4790,4656,9385,9397,14557,15471,22958,24597,29882,31220,23818,26587,16752,21238,5148,9692,3,2,1664,1819,3502,4497,4899,6976,8238,11662,15200,17304,16169,18249,13991,17846,4741,8814,187726,105426,29081,17667,46406,25491,6979,21,13
2021-06-12T23:59:59+02:00,36,23,4771,4641,9357,9373,14318,15293,22828,24466,29837,31175,23798,26570,16743,21230,5147,9690,3,2,1541,1694,3266,4287,4490,6675,7690,11231,13421,15612,15815,17876,13910,17744,4739,8799,186814,98711,29081,17666,46406,25428,6977,20,13
2021-06-11T23:59:59+02:00,32,22,4718,4591,9276,9321,13997,15068,22631,24319,29740,31084,23761,26525,16725,21218,5146,9687,3,2,1441,1561,3075,4072,4192,6308,7179,10687,11770,13716,15330,17295,13796,17596,4724,8785,185456,91759,29076,17665,46404,25188,6907,20,13
2021-06-10T23:59:59+02:00,26,19,4435,4369,8728,8993,12720,14043,22061,23865,29366,30779,23626,26366,16674,21150,5133,9672,3,2,1321,1475,2839,3890,3865,6025,6742,10296,10348,12384,14817,16720,13625,17388,4708,8758,180112,87209,29060,17662,46399,23884,6438,18,13
2021-06-09T23:59:59+02:00,23,15,4203,4209,8134,8702,11820,13381,21739,23654,29136,30627,23562,26303,16654,21125,5130,9668,3,2,1237,1421,2684,3817,3724,5944,6533,10203,10080,12204,14491,16367,13453,17208,4701,8737,178000,86866,27790,17557,46393,22487,5886,18,13
2021-06-08T23:59:59+02:00,19,12,4075,4109,7735,8474,11334,13091,21513,23473,28936,30471,23504,26230,16622,21084,5124,9659,3,2,1161,1394,2546,3758,3564,5873,5636,9451,9607,11837,14154,15958,13226,16967,4687,8715,176252,86501,27418,15399,46368,21215,5411,18,13
2021-06-07T23:59:59+02:00,14,10,3954,4033,7496,8367,11043,12912,21306,23360,28781,30352,23446,26176,16604,21060,5120,9651,3,2,1112,1279,2425,3694,3434,5810,5470,9376,9396,11708,13923,15697,13069,16800,4680,8696,175012,86309,27407,15394,46360,19967,4891,17,13
2021-06-06T23:59:59+02:00,12,10,3837,3975,7255,8248,10793,12748,21119,23272,28694,30261,23415,26142,16592,21042,5117,9646,3,2,1092,1261,2359,3659,3337,5755,5363,9301,9275,11607,13767,15541,12996,16706,4677,8689,173860,86110,27388,15388,46349,19313,4566,17,13
2021-06-05T23:59:59+02:00,12,10,3808,3938,7215,8208,10616,12597,20491,22761,28532,30117,23365,26097,16578,21023,5117,9642,3,1,1060,1162,2190,3206,3104,5214,5194,8969,8495,10649,13113,14699,12885,16559,4666,8679,171821,80715,27388,15388,46348,19176,4556,16,13
2021-06-04T23:59:59+02:00,12,10,3778,3910,7175,8181,10518,12505,20126,22430,28428,30021,23330,26059,16564,21014,5115,9641,3,1,1029,1095,2091,2893,2945,4736,5038,8596,7978,9989,11610,12980,12757,16362,4659,8661,170532,74323,27374,15387,46348,19151,4549,16,13
2021-06-03T23:59:59+02:00,7,6,3643,3808,6955,8040,9962,12081,18906,21498,28028,29708,23198,25918,16511,20952,5111,9627,3,1,980,1048,2001,2781,2806,4578,4833,8288,7611,9538,11228,12576,12646,16247,4656,8648,165777,72525,27363,15384,46343,18084,4463,15,13
2021-06-02T23:59:59+02:00,7,6,3634,3800,6942,8023,9950,12070,18716,21317,27956,29659,23174,25897,16505,20943,5108,9625,3,1,974,1040,1989,2752,2783,4559,4619,8103,7074,9049,11191,12534,12631,16232,4652,8642,165705,72415,26818,13888,46343,18059,4453,15,13
2021-06-01T23:59:59+02:00,6,5,3508,3724,6701,7874,9668,11876,18259,20973,27718,29463,23081,25795,16464,20890,5105,9613,3,1,937,992,1903,2682,2703,4484,4339,7869,6476,8513,10976,12320,12533,16132,4647,8630,164012,71965,26041,12595,46327,17237,4330,15,13
2021-05-31T23:59:59+02:00,6,5,3462,3679,6611,7806,9533,11775,18133,20883,27626,29386,23014,25733,16447,20861,5100,9606,3,1,906,964,1833,2639,2623,4441,4231,7805,6354,8434,10788,12149,12432,16016,4637,8622,163165,71594,26013,12588,46314,16523,4161,15,12
2021-05-30T23:59:59+02:00,6,4,3431,3654,6546,7750,9440,11681,18043,20804,27550,29314,22969,25688,16425,20833,5094,9596,3,1,899,956,1822,2630,2607,4427,4201,7780,6301,8391,10727,12069,12398,15972,4632,8613,162454,71549,26007,12585,46297,16226,4057,15,12
2021-05-29T23:59:59+02:00,6,4,3419,3637,6510,7722,9397,11641,18005,20764,27402,29209,22913,25613,16410,20813,5091,9592,2,1,863,937,1764,2584,2534,4342,4010,7524,6025,8092,8510,9398,12204,15630,4617,8582,161791,65271,26007,12582,46284,15701,4053,15,12
2021-05-28T23:59:59+02:00,6,4,3356,3583,6380,7645,9256,11509,17847,20633,27219,29086,22852,25537,16390,20796,5090,9591,2,1,850,924,1745,2560,2496,4288,3858,7228,5828,7827,5786,6262,11930,15228,4601,8533,160438,58341,26005,12581,46280,14969,4044,15,12
2021-05-27T23:59:59+02:00,6,4,3212,3459,6095,7464,8654,11176,17370,20293,26805,28738,22684,25371,16332,20733,5083,9573,2,1,804,867,1659,2463,2377,4154,3434,6255,5403,7227,5625,6086,11848,15153,4595,8516,156967,57845,25945,12534,46270,12221,3857,15,12
2021-05-26T23:59:59+02:00,6,4,3107,3376,5876,7297,8284,10891,16907,19986,26505,28500,22534,25238,16280,20659,5070,9553,2,1,789,857,1606,2437,2324,4122,3360,6179,5306,7155,5489,5959,11782,15085,4590,8504,154271,57760,25926,12532,46248,11627,3616,14,12
2021-05-25T23:59:59+02:00,6,4,3016,3314,5736,7180,8088,10727,15903,19209,26150,28146,22376,25080,16227,20579,5063,9543,2,1,769,840,1569,2389,2252,4060,3283,6107,5220,7090,5322,5789,11673,15004,4582,8492,152709,57684,24007,12341,46230,11017,3390,13,12
2021-05-24T23:59:59+02:00,6,4,2950,3298,5649,7135,7971,10664,14988,18519,25736,27835,22282,24976,16196,20543,5056,9531,2,1,760,838,1548,2371,2208,4022,3237,6058,5144,7010,5220,5681,11591,14929,4581,8486,151987,57641,21935,12265,46219,10583,3187,13,11
2021-05-23T23:59:59+02:00,6,3,2947,3293,5640,7127,7960,10656,14982,18517,25735,27833,22282,24976,16196,20543,5056,9531,2,1,758,835,1540,2364,2194,4009,3218,6043,5123,6976,5175,5629,11575,14905,4580,8484,151951,57633,21935,12264,46217,10334,3169,13,11
2021-05-22T23:59:59+02:00,5,3,2911,3250,5563,7077,7859,10571,14783,18354,25452,27586,22183,24890,16163,20499,5053,9526,2,1,737,816,1493,2311,2142,3928,3105,5920,4802,6400,4603,4879,10927,14083,4570,8445,150415,54385,21935,12263,46217,9355,3150,13,11
2021-05-21T23:59:59+02:00,3,3,2839,3178,5436,6976,7729,10424,14525,18126,25153,27349,22068,24781,16130,20451,5048,9517,2,1,710,763,1424,2181,2040,3659,2920,5586,4321,5504,4184,4338,10181,13140,4503,8318,148464,50626,21933,12263,46210,7757,3118,13,11
2021-05-20T23:59:59+02:00,3,3,2706,3022,5154,6719,7442,10053,14063,17641,24543,26797,21793,24485,16036,20330,5034,9487,1,1,697,753,1397,2157,2000,3625,2866,5529,4239,5424,4056,4234,10103,13077,4494,8306,144303,50528,21923,12251,46184,7279,2890,13,11
2021-05-19T23:59:59+02:00,3,3,2654,2969,5057,6577,7297,9870,12919,16605,24280,26505,21696,24357,15993,20270,5025,9480,1,1,680,728,1371,2110,1967,3539,2803,5382,4146,5315,3975,4144,10051,13013,4491,8302,142918,50497,19856,12184,46112,6664,2663,13,11
2021-05-18T23:59:59+02:00,3,3,2627,2944,5008,6543,7241,9837,12563,16331,24100,26352,21604,24269,15963,20217,5018,9468,1,1,652,670,1315,1982,1891,3337,2704,5173,4016,5118,3751,3866,9967,12933,4482,8292,142628,50469,19004,11183,46065,6105,2383,13,11
2021-05-17T23:59:59+02:00,3,3,2600,2925,4963,6473,7152,9727,12411,16151,23950,26188,21552,24218,15944,20195,5013,9461,0,1,644,656,1299,1946,1870,3286,2655,5065,3937,5003,3615,3712,9897,12870,4479,8285,141649,50439,18995,11173,46047,5370,2227,13,11
2021-05-16T23:59:59+02:00,3,3,2588,2912,4940,6407,7114,9644,12353,16078,23898,26128,21528,24201,15934,20181,5010,9458,0,1,639,652,1289,1943,1851,3276,2633,5054,3906,4980,3561,3645,9858,12838,4478,8283,141214,50419,18985,11161,46026,5153,2143,13,11
2021-05-15T23:59:59+02:00,2,3,2465,2776,4752,6200,6923,9456,11834,15658,23308,25573,21421,24083,15900,20138,5007,9450,0,1,590,589,1206,1853,1716,3124,2346,4745,3454,4471,3232,3216,9694,12634,4454,8254,137814,47462,18984,11161,46021,4827,2118,13,11
2021-05-14T23:59:59+02:00,2,3,2353,2600,4556,5977,6643,9143,11296,15146,22741,25003,21275,23943,15864,20080,5003,9439,0,1,527,513,1103,1732,1556,2908,2016,4340,2852,3882,2845,2777,9609,12485,4450,8250,133993,44525,18978,11158,45995,4063,2089,13,11
2021-05-13T23:59:59+02:00,2,3,2176,2315,4233,5593,6218,8670,10734,14455,21704,24088,20994,23669,15803,19980,4996,9424,0,1,523,513,1090,1717,1539,2890,2005,4316,2835,3861,2828,2763,9602,12481,4449,8250,128090,44472,18922,11149,45968,3966,2065,13,11
2021-05-12T23:59:59+02:00,2,3,2174,2313,4223,5589,6209,8664,10631,14333,21649,24048,20989,23658,15798,19972,4995,9424,0,1,517,490,1053,1663,1489,2811,1921,4229,2776,3802,2747,2668,9551,12408,4449,8250,128034,44468,18598,10322,45968,3962,2062,13,11
2021-05-11T23:59:59+02:00,2,3,2052,2274,4138,5526,6082,8548,10322,14081,21455,23886,20911,23586,15782,19939,4991,9419,0,1,492,466,991,1604,1420,2720,1821,4089,2702,3727,2593,2440,9485,12308,4448,8250,127084,44447,18260,9486,45681,3653,1960,13,11
2021-05-10T23:59:59+02:00,2,3,2012,2199,4031,5403,5944,8370,9528,13315,21076,23565,20820,23496,15741,19885,4981,9406,0,1,480,438,955,1541,1355,2629,1732,3927,2619,3635,2567,2421,9475,12290,4444,8245,125938,44432,16415,9307,45576,3167,1837,12,11
2021-05-09T23:59:59+02:00,2,3,1980,2186,3993,5365,5890,8321,9458,13245,21006,23492,20784,23455,15726,19858,4978,9392,0,1,473,431,932,1497,1329,2580,1698,3865,2581,3592,2558,2408,9464,12273,4444,8237,125487,44372,16410,9304,45479,2928,1748,11,11
2021-05-08T23:59:59+02:00,2,3,1917,2084,3811,5191,5614,8113,9147,12959,19871,22561,20589,23261,15693,19789,4973,9380,0,1,406,402,868,1457,1252,2506,1610,3764,2362,3379,2009,1979,9369,12187,4443,8237,121323,42882,16409,9303,45476,2294,1746,5,6
2021-05-07T23:59:59+02:00,2,3,1831,1972,3630,5023,5292,7818,8736,12584,18617,21284,20405,23048,15649,19732,4964,9361,0,1,321,349,756,1382,1120,2377,1476,3622,2186,3185,1638,1637,8880,11739,4442,8235,116374,41141,16405,9298,45454,1187,1714,5,6
2021-05-06T23:59:59+02:00,2,3,1648,1861,3345,4767,4842,7410,8094,12021,17372,20040,20070,22671,15540,19567,4954,9350,0,1,304,339,737,1352,1080,2330,1427,3536,2118,3117,1603,1580,8862,11708,4436,8232,110510,41118,16397,9292,45216,916,1430,5,6
2021-05-05T23:59:59+02:00,2,3,1579,1831,3260,4679,4763,7303,7962,11869,17217,19895,19950,22550,15464,19470,4932,9254,0,1,295,328,693,1300,1017,2254,1344,3387,2009,3001,1510,1482,8446,11140,4430,8215,109736,41078,16254,8163,45044,660,945,5,6
2021-05-04T23:59:59+02:00,2,3,1553,1800,3211,4600,4702,7191,7712,11572,16653,19312,19862,22417,15387,19372,4902,9141,0,1,279,316,670,1270,995,2200,1286,3267,1896,2842,1437,1376,8374,11036,4425,8197,109018,41052,14904,7886,44938,395,528,5,6
2021-05-03T23:59:59+02:00,2,3,1545,1796,3201,4584,4664,7165,7458,11338,15958,18715,19798,22331,15361,19338,4896,9131,0,1,264,296,648,1186,945,2113,1222,3128,1799,2704,1370,1296,8349,11001,4421,8188,108921,41040,13304,7678,44898,50,157,5,6
2021-05-02T23:59:59+02:00,2,3,1544,1794,3194,4582,4659,7160,7444,11327,15939,18703,19780,22323,15361,19336,4895,9131,0,1,264,293,645,1185,940,2110,1212,3122,1791,2697,1355,1288,8348,10996,4420,8188,108891,41017,13300,7676,44872,47,110,5,5
2021-05-01T23:59:59+02:00,2,3,1414,1648,2917,4332,4191,6803,6825,10845,14001,16820,19398,21924,15270,19220,4892,9115,0,1,262,293,642,1183,939,2107,1210,3120,1789,2693,1350,1283,8346,10994,4420,8188,101346,40985,13299,7676,44865,47,107,4,5
2021-04-30T23:59:59+02:00,2,3,1294,1503,2699,4112,3862,6407,6259,10253,12210,14787,18939,21382,15166,19079,4878,9104,0,1,257,292,635,1175,923,2099,1197,3110,1778,2679,1340,1274,8342,10989,4419,8187,93737,40938,13299,7676,44865,43,35,4,5
2021-04-29T23:59:59+02:00,1,3,1180,1442,2531,3987,3623,6204,5903,9953,10869,13506,18678,21104,15123,19009,4874,9098,0,1,256,288,630,1167,911,2093,1177,3104,1747,2642,1313,1250,8336,10980,4419,8187,89050,40904,13289,7541,44728,33,18,4,5
2021-04-28T23:59:59+02:00,1,3,1127,1436,2482,3967,3572,6180,5839,9920,10769,13438,18646,21070,15115,18993,4874,9095,0,1,256,287,627,1166,908,2089,1173,3100,1739,2641,1306,1231,7890,10458,4419,8187,88779,40878,13239,6549,44489,29,17,4,5
2021-04-27T23:59:59+02:00,1,3,1082,1409,2376,3923,3507,6151,5720,9863,10651,13361,18613,21030,15102,18978,4872,9093,0,1,255,287,625,1159,907,2086,1168,3097,1735,2637,1294,1214,7471,9874,4419,8187,88266,40858,13185,5514,44265,23,16,4,5
2021-04-26T23:59:59+02:00,1,3,1043,1379,2284,3830,3380,6050,5551,9742,10348,13102,18550,20975,15093,18960,4870,9093,0,1,254,286,624,1157,901,2081,1161,3094,1717,2628,1279,1201,7462,9854,4419,8187,86925,40770,13174,5493,44136,22,16,4,5
2021-04-25T23:59:59+02:00,1,3,1040,1377,2276,3826,3373,6044,5531,9733,10313,13071,18540,20961,15092,18954,4870,9092,0,1,253,286,624,1156,901,2080,1159,3094,1717,2628,1279,1201,7461,9852,4419,8187,86897,40766,13166,5490,44017,22,15,3,5
2021-04-24T23:59:59+02:00,1,2,998,1264,2087,3288,3102,5427,5339,9321,9477,12025,17832,20063,14979,18794,4862,9081,0,1,251,285,622,1155,900,2079,1159,3093,1711,2623,1276,1196,7459,9850,4419,8186,80768,40738,13166,5486,43992,22,14,3,5
2021-04-23T23:59:59+02:00,1,2,966,1180,1975,2942,2920,4875,5144,8892,8920,11303,16199,18201,14829,18588,4854,9058,0,1,251,285,621,1155,898,2077,1157,3093,1709,2622,1271,1191,7455,9848,4419,8185,73737,40724,13165,5474,43932,22,13,3,5
2021-04-22T23:59:59+02:00,1,2,961,1168,1956,2925,2898,4855,5087,8846,8804,11197,16126,18123,14802,18558,4852,9053,0,1,249,285,617,1152,894,2076,1149,3081,1693,2602,1247,1169,7450,9840,4419,8185,73683,40707,13106,5363,43410,21,13,3,5
2021-04-21T23:59:59+02:00,1,2,951,1160,1942,2912,2869,4829,5039,8791,8696,11074,16038,18038,14773,18524,4852,9048,0,1,245,282,607,1143,880,2046,1138,3056,1683,2575,1234,1155,7224,9521,4418,8185,73637,40697,13048,4658,42839,20,13,3,5
2021-04-20T23:59:59+02:00,1,2,925,1112,1890,2797,2796,4666,4945,8613,8523,10864,15806,17756,14714,18465,4845,9042,0,1,232,279,589,1122,854,2013,1109,3030,1648,2534,1214,1141,7216,9516,4417,8185,73597,40677,11922,4390,42228,16,13,3,4
2021-04-19T23:59:59+02:00,1,2,916,1104,1856,2777,2746,4641,4821,8551,8323,10752,15713,17659,14692,18446,4845,9036,0,1,226,271,571,1101,835,1980,1091,2987,1602,2479,1196,1122,7209,9513,4414,8184,73195,40640,11901,4111,41770,14,13,3,4
2021-04-18T23:59:59+02:00,1,2,913,1103,1851,2771,2737,4628,4803,8539,8283,10708,15663,17600,14682,18429,4844,9034,0,1,226,271,571,1100,834,1980,1090,2987,1602,2478,1196,1121,7207,9512,4413,8184,73148,40633,11897,4109,41531,14,13,3,4
2021-04-17T23:59:59+02:00,0,2,881,1088,1802,2732,2669,4549,4648,8395,8017,10479,13286,14691,14483,18075,4827,8998,0,1,224,271,571,1097,830,1973,1078,2980,1592,2458,1156,1078,6874,9097,4388,8136,66301,39675,11897,4098,41409,14,13,3,4
2021-04-16T23:59:59+02:00,0,2,875,1082,1790,2721,2627,4509,4556,8311,7836,10284,10440,11424,14211,17656,4808,8943,0,1,223,267,569,1095,825,1970,1069,2977,1584,2445,1143,1064,6868,9091,4386,8133,58996,39598,11894,4081,41170,14,13,3,4
2021-04-15T23:59:59+02:00,0,2,864,1077,1768,2707,2584,4475,4439,8251,7604,10085,10187,11204,14149,17590,4801,8929,0,1,221,266,569,1093,824,1968,1066,2974,1581,2442,1137,1059,6866,9089,4386,8133,58969,39583,11892,4062,39840,13,13,3,4
2021-04-14T23:59:59+02:00,0,2,846,1051,1710,2626,2494,4351,4248,8067,7328,9802,9814,10720,14001,17409,4795,8917,0,1,197,240,528,1041,801,1900,1030,2894,1530,2379,1111,1029,6861,9081,4386,8132,58934,39565,10947,3548,38285,11,13,3,4
2021-04-13T23:59:59+02:00,0,2,822,1029,1672,2574,2424,4267,4145,7928,7116,9582,9407,10200,13853,17242,4790,8903,0,1,162,217,493,993,760,1806,994,2784,1477,2309,1092,994,6845,9070,4385,8132,58878,39500,9998,2992,37065,5,13,3,4
2021-04-12T23:59:59+02:00,0,2,817,1026,1653,2569,2395,4253,4092,7877,6975,9410,9140,9885,13790,17182,4779,8886,0,1,151,203,465,953,738,1742,974,2712,1433,2259,1070,977,6828,9050,4382,8127,58815,39383,9967,2660,35934,5,13,3,4
2021-04-11T23:59:59+02:00,0,2,816,1025,1642,2569,2380,4250,4069,7865,6910,9348,9007,9720,13763,17133,4774,8877,0,1,151,203,465,951,736,1740,972,2711,1431,2259,1070,977,6826,9050,4382,8127,58801,39372,9964,2659,35370,4,13,3,4
2021-04-10T23:59:59+02:00,0,2,801,1021,1613,2540,2343,4221,3999,7806,6777,9231,8448,8986,13096,16280,4763,8835,0,1,148,202,463,948,730,1737,972,2704,1423,2252,1056,961,6354,8550,4366,8111,55465,38300,9962,2657,35320,4,13,3,4
2021-04-09T23:59:59+02:00,0,2,780,993,1572,2490,2277,4141,3846,7645,6428,8898,7918,8326,12274,15256,4691,8696,0,1,146,200,460,941,723,1729,964,2694,1408,2241,1034,938,6112,8274,4346,8084,51470,37621,9955,2653,34793,4,13,3,4
2021-04-08T23:59:59+02:00,0,2,770,983,1546,2466,2211,4092,3713,7556,6172,8597,7300,7671,12111,15056,4680,8680,0,1,146,198,454,937,718,1722,956,2683,1399,2229,1021,935,6109,8272,4345,8084,51434,37598,9930,2591,32227,4,12,3,4
2021-04-07T23:59:59+02:00,0,2,765,973,1519,2448,2152,4052,3625,7486,5942,8331,6744,7036,11501,14307,4667,8652,0,1,127,191,422,890,672,1653,899,2613,1349,2160,1000,918,6101,8265,4344,8084,51401,37571,8773,2099,30014,4,11,3,4
2021-04-06T23:59:59+02:00,0,2,761,971,1505,2440,2123,4028,3552,7437,5761,8158,6299,6530,11298,14089,4652,8621,0,1,104,170,374,830,627,1578,856,2513,1296,2096,974,901,6081,8250,4342,8080,51330,37539,8587,1516,28297,4,10,3,4
2021-04-05T23:59:59+02:00,0,2,756,967,1489,2432,2097,4017,3501,7411,5616,8047,6094,6310,11231,14002,4646,8611,0,1,98,167,373,828,620,1569,846,2498,1283,2077,946,870,4974,6849,4266,7974,51127,34715,8583,1506,27506,4,10,3,4
2021-04-04T23:59:59+02:00,0,2,754,960,1487,2430,2093,4015,3483,7404,5606,8040,6083,6290,11216,13984,4644,8608,0,1,98,167,371,826,617,1564,839,2491,1268,2058,923,848,3964,5686,4200,7869,51111,32266,8581,1506,27394,4,10,3,4
2021-04-03T23:59:59+02:00,0,2,703,904,1405,2359,1970,3876,3222,7143,5144,7549,5739,5834,11043,13766,4616,8580,0,1,94,167,371,824,617,1562,838,2491,1268,2058,923,848,3964,5683,4200,7868,47870,32253,8581,1506,27391,4,10,3,4
2021-04-02T23:59:59+02:00,0,2,659,870,1349,2291,1873,3762,2969,6882,4625,7070,5347,5373,10941,13600,4611,8574,0,1,94,167,371,824,617,1562,837,2491,1266,2057,922,846,3962,5680,4199,7868,44933,32242,8580,1505,27273,4,9,3,4
2021-04-01T23:59:59+02:00,0,2,656,867,1340,2285,1852,3754,2940,6867,4550,6997,5238,5262,10902,13551,4610,8569,0,1,94,167,369,820,615,1558,837,2488,1262,2052,912,845,3957,5677,4197,7867,44914,32229,8435,1472,26881,4,9,3,4
2021-03-31T23:59:59+02:00,0,2,654,865,1332,2268,1844,3744,2912,6839,4487,6952,5099,5100,10387,12942,4606,8561,0,1,94,167,368,819,615,1558,837,2488,1259,2052,911,843,3957,5676,4197,7866,44901,32221,7302,1471,26380,4,8,3,4
2021-03-30T23:59:59+02:00,0,2,645,862,1313,2249,1815,3714,2874,6804,4401,6863,4930,4906,9856,12240,4599,8547,0,1,89,165,367,815,610,1556,832,2482,1251,2049,901,833,3949,5673,4196,7865,44876,32200,6112,1418,25621,4,8,3,4
2021-03-29T23:59:59+02:00,0,2,640,853,1300,2216,1797,3683,2843,6762,4329,6777,4730,4708,9770,12146,4595,8533,0,1,89,165,366,813,604,1552,829,2476,1246,2041,893,827,3941,5665,4196,7865,44805,32183,5894,1371,24974,3,8,3,4
2021-03-28T23:59:59+02:00,0,2,637,851,1297,2213,1782,3673,2827,6750,4294,6725,4635,4597,9734,12081,4590,8526,0,1,89,164,366,811,604,1552,827,2476,1244,2040,892,827,3940,5665,4196,7865,44783,32180,5885,1364,24535,3,8,3,4
2021-03-27T23:59:59+01:00,0,2,633,846,1287,2209,1765,3656,2799,6720,4131,6581,4055,4141,9505,11835,4577,8507,0,1,89,164,364,809,602,1550,825,2473,1236,2034,888,823,3760,5375,4089,7692,42835,31395,5881,1364,24522,3,8,3,4
2021-03-26T23:59:59+01:00,0,2,628,838,1279,2199,1743,3640,2773,6696,4055,6503,3647,3775,8903,11277,4564,8493,0,1,89,164,364,808,601,1547,821,2470,1227,2030,875,810,3031,4431,3880,7344,40898,29114,5868,1364,24238,3,8,3,4
2021-03-25T23:59:59+01:00,0,2,621,833,1265,2186,1724,3616,2714,6657,3971,6425,3473,3557,8792,11166,4558,8487,0,1,89,164,364,808,601,1546,821,2469,1225,2030,875,809,3030,4430,3878,7342,40882,29104,5760,1364,23394,2,8,3,4
2021-03-24T23:59:59+01:00,0,2,616,824,1232,2160,1679,3570,2636,6588,3814,6273,3154,3192,8381,10615,4549,8474,0,1,85,162,352,795,585,1528,788,2435,1175,1997,841,771,3021,4424,3878,7339,40856,28800,5001,1363,21891,2,8,3,4
2021-03-23T23:59:59+01:00,0,2,604,816,1207,2128,1637,3521,2554,6508,3665,6119,2773,2808,8165,10397,4541,8455,0,1,80,158,340,774,550,1497,727,2371,1074,1914,758,711,2984,4389,3874,7334,40812,28166,4709,1356,20369,2,8,2,4
2021-03-22T23:59:59+01:00,0,2,579,706,1169,2075,1604,3465,2501,6438,3523,5989,2530,2569,7833,10042,4525,8419,0,1,80,157,340,774,550,1495,725,2369,1071,1914,756,707,2980,4383,3872,7331,40343,28135,4387,1356,19229,2,8,2,4
2021-03-21T23:59:59+01:00,0,2,578,703,1163,2065,1592,3455,2484,6423,3485,5955,2388,2404,7740,9930,4516,8404,0,1,80,157,340,773,550,1495,724,2368,1071,1914,756,707,2980,4382,3872,7330,40338,28130,4373,1356,18566,2,8,2,4
2021-03-20T23:59:59+01:00,0,2,577,703,1161,2059,1585,3448,2478,6416,3467,5932,2355,2366,7248,9411,4499,8387,0,1,80,157,340,773,549,1495,722,2367,1071,1912,756,707,2980,4381,3870,7328,39293,28119,4361,1356,18430,2,8,2,4
2021-03-19T23:59:59+01:00,0,2,570,695,1142,2040,1550,3424,2409,6277,3402,5825,2174,2184,6939,9089,4477,8362,0,1,80,157,339,768,545,1492,717,2359,1063,1900,747,700,2550,3778,3446,6574,38683,25848,4344,1356,17524,0,8,2,4
2021-03-18T23:59:59+01:00,0,2,555,678,1122,2011,1523,3394,2369,6209,3327,5736,2020,1987,6818,8970,4471,8351,0,1,79,157,339,767,544,1492,716,2355,1059,1899,740,697,2500,3706,3419,6532,38662,25657,4332,1334,16540,0,7,2,4
2021-03-17T23:59:59+01:00,0,1,526,649,1077,1955,1486,3309,2292,6091,3174,5580,1765,1720,6652,8816,4461,8336,0,1,78,153,327,739,528,1448,694,2297,1021,1858,723,678,2257,3412,3332,6401,38588,24674,3804,1262,15489,0,7,2,4
2021-03-16T23:59:59+01:00,0,1,483,621,1037,1899,1434,3203,2227,5937,3058,5446,1565,1495,6516,8668,4450,8313,0,1,72,138,306,683,498,1372,665,2162,991,1730,673,628,2142,3274,3306,6314,38527,23915,3187,1030,14631,0,6,2,4
2021-03-15T23:59:59+01:00,0,1,471,609,1004,1849,1401,3136,2197,5852,2972,5361,1439,1359,5931,7980,4410,8249,0,1,69,131,292,625,483,1252,626,2031,950,1617,643,607,2104,3235,3291,6251,37287,23510,2834,696,14098,0,0,2,2
2021-03-14T23:59:59+01:00,0,1,466,602,995,1837,1397,3118,2181,5834,2937,5334,1396,1308,5534,7531,4387,8231,0,1,68,126,288,602,477,1225,620,1975,940,1592,643,607,2104,3235,3290,6249,36462,23504,2829,536,13796,0,0,2,2
2021-03-13T23:59:59+01:00,0,1,446,583,958,1787,1344,3054,1924,5247,2697,4920,1290,1195,4872,6681,4339,8157,0,1,68,126,287,599,475,1223,618,1973,939,1588,641,602,1740,2749,2763,5487,34775,21341,2825,536,11893,0,0,2,2
2021-03-12T23:59:59+01:00,0,1,430,562,936,1742,1313,2971,1721,4460,2491,4470,1218,1111,4172,5883,4292,8076,0,1,68,124,286,595,475,1220,616,1965,935,1582,638,596,1411,2200,2217,4690,33095,19081,2822,536,9930,0,0,2,2
2021-03-11T23:59:59+01:00,0,1,426,555,926,1728,1297,2952,1695,4423,2454,4431,1144,1055,4127,5846,4289,8072,0,1,68,116,280,573,460,1168,607,1916,916,1546,626,583,1405,2182,2208,4638,33053,18829,2725,463,9641,0,0,2,1
2021-03-10T23:59:59+01:00,0,1,407,543,880,1669,1241,2874,1621,4326,2387,4338,1110,1032,4111,5829,4288,8070,0,1,68,116,278,569,457,1161,602,1893,916,1541,621,575,1344,2095,2162,4581,33037,18541,2155,438,9533,0,0,2,1
2021-03-09T23:59:59+01:00,0,1,386,527,835,1620,1198,2810,1579,4243,2343,4285,1089,1021,4105,5822,4287,8069,0,1,66,115,277,568,456,1150,600,1880,909,1536,618,569,1138,1783,2044,4402,32991,17702,1709,409,9518,0,0,2,1
2021-03-08T23:59:59+01:00,0,1,379,516,824,1604,1189,2793,1571,4217,2331,4272,1076,1009,4068,5774,4285,8064,0,1,65,115,273,563,452,1144,598,1876,905,1534,618,569,1068,1692,1999,4355,32859,17441,1612,385,9500,0,0,2,1
2021-03-07T23:59:59+01:00,0,1,378,513,823,1603,1186,2791,1568,4210,2320,4266,1069,1000,4062,5768,4284,8063,0,1,63,112,264,541,440,1118,582,1776,870,1459,617,569,963,1561,1947,4284,32839,17074,1572,92,9492,0,0,2,1
2021-03-06T23:59:59+01:00,0,1,370,498,804,1570,1161,2733,1527,4142,2126,3770,1039,963,3888,5496,4182,7898,0,1,63,112,264,541,440,1117,582,1776,870,1459,617,569,960,1560,1944,4283,32121,17065,1572,92,8473,0,0,2,1
2021-03-05T23:59:59+01:00,0,1,357,459,772,1466,1111,2518,1452,3928,1911,3104,1008,918,3131,4529,3977,7554,0,1,63,111,263,538,437,1111,581,1771,866,1455,614,567,921,1502,1921,4241,29800,16870,1571,92,6823,0,0,2,1
2021-03-04T23:59:59+01:00,0,1,344,450,764,1446,1098,2495,1433,3899,1889,3084,994,914,3127,4525,3974,7552,0,1,62,109,260,535,433,1094,571,1748,865,1447,612,565,884,1448,1898,4204,29787,16706,1532,29,6668,0,0,2,1
2021-03-03T23:59:59+01:00,0,1,335,420,745,1395,1068,2412,1383,3744,1809,2987,961,868,3117,4519,3974,7549,0,1,61,108,257,532,432,1090,569,1739,862,1443,612,564,864,1395,1810,4057,29471,16368,1532,27,6282,0,0,2,1
2021-03-02T23:59:59+01:00,0,1,329,412,729,1371,1020,2367,1315,3659,1693,2888,873,803,3074,4480,3967,7543,0,1,61,108,256,528,431,1082,569,1733,862,1439,612,564,864,1395,1810,4057,28829,16344,1468,27,6225,0,0,2,1
2021-03-01T23:59:59+01:00,0,1,325,398,722,1324,1007,2309,1295,3576,1666,2838,854,794,3066,4470,3966,7542,0,1,61,107,255,524,426,1068,565,1720,853,1431,611,562,767,1240,1753,3977,28787,15893,1416,27,5948,0,0,2,1
2021-02-28T23:59:59+01:00,0,1,320,386,714,1285,993,2232,1282,3488,1643,2759,850,784,3064,4466,3965,7539,0,1,61,107,254,524,426,1067,565,1720,851,1431,611,561,670,1115,1705,3896,28771,15538,1413,26,5585,0,0,2,1
2021-02-27T23:59:59+01:00,0,1,311,365,700,1258,974,2196,1247,3419,1620,2706,832,768,3061,4466,3964,7539,0,1,60,107,254,524,426,1067,564,1720,849,1431,611,561,670,1115,1705,3896,28767,15534,1413,26,5245,0,0,2,1
2021-02-26T23:59:59+01:00,0,1,285,314,653,1193,910,2077,1157,3252,1515,2568,803,745,2624,3859,3536,6762,0,1,60,107,251,521,426,1065,562,1718,846,1425,607,559,663,1103,1696,3877,26472,15460,1413,26,4367,0,0,2,1
2021-02-25T23:59:59+01:00,0,1,280,300,639,1163,888,2036,1138,3186,1497,2523,800,741,2577,3787,3506,6718,0,1,58,104,247,513,426,1061,557,1708,843,1414,601,555,586,994,1649,3819,26253,15111,1412,24,4113,0,0,2,1
2021-02-24T23:59:59+01:00,0,1,261,290,587,1118,841,1968,1080,3091,1453,2465,783,722,2336,3485,3416,6579,0,1,57,99,242,506,420,1042,548,1686,840,1394,594,543,572,974,1638,3796,25251,14935,1412,16,3811,0,0,2,1
2021-02-23T23:59:59+01:00,0,1,249,269,558,1062,804,1893,1012,2941,1379,2363,731,672,2221,3345,3390,6486,0,1,57,97,240,500,420,1026,538,1654,832,1372,585,536,555,922,1626,3743,24445,14687,1407,16,3522,0,0,2,1
2021-02-22T23:59:59+01:00,0,1,245,263,545,999,783,1817,986,2847,1343,2303,706,650,2191,3308,3381,6424,0,1,57,96,234,494,418,1013,529,1636,828,1347,571,522,532,896,1620,3687,24040,14465,1407,15,3343,0,0,2,1
2021-02-21T23:59:59+01:00,0,1,242,256,536,974,770,1780,978,2799,1313,2277,706,648,2189,3308,3380,6423,0,1,57,96,233,494,418,1013,529,1636,828,1346,571,521,532,896,1620,3686,24034,14461,1407,15,3137,0,0,2,1
2021-02-20T23:59:59+01:00,0,1,166,226,467,925,701,1703,908,2710,1228,2178,691,633,1815,2791,2824,5620,0,1,57,96,233,494,418,1013,529,1635,828,1346,571,521,532,896,1619,3686,21758,14459,1407,15,2420,0,0,2,1
2021-02-19T23:59:59+01:00,0,1,84,167,355,844,574,1571,776,2561,1092,2025,675,611,1507,2275,2273,4827,0,1,57,96,233,494,418,1012,529,1635,828,1346,571,521,527,894,1617,3680,19546,14443,1407,15,1263,0,0,2,1
2021-02-18T23:59:59+01:00,0,1,81,162,343,794,553,1482,743,2421,1059,1957,659,599,1498,2256,2264,4775,0,1,54,89,227,472,404,945,514,1555,808,1272,557,507,521,876,1614,3658,19302,14058,1381,15,962,0,0,2,1
2021-02-17T23:59:59+01:00,0,1,80,154,329,771,544,1449,714,2328,1022,1857,654,589,1440,2168,2216,4725,0,1,54,86,225,463,396,907,503,1489,789,1190,544,495,519,874,1614,3658,19041,13791,1308,15,690,0,0,2,1
2021-02-16T23:59:59+01:00,0,1,75,149,314,731,516,1375,682,2220,997,1752,643,582,1195,1821,2092,4542,0,1,53,77,224,456,390,877,490,1424,763,1124,523,482,517,874,1611,3657,18119,13540,1069,2,497,0,0,2,1
2021-02-15T23:59:59+01:00,0,1,70,133,288,626,481,1233,624,2007,946,1592,634,580,1111,1714,2040,4475,0,1,53,77,222,451,386,871,489,1420,761,1117,523,482,516,869,1610,3654,17785,13501,731,0,39,0,0,0,1
2021-02-14T23:59:59+01:00,0,1,69,126,283,599,476,1204,613,1953,932,1570,634,580,1012,1590,1993,4418,0,1,53,77,222,451,386,871,489,1418,761,1117,523,482,516,869,1610,3654,17455,13499,575,0,23,0,0,0,1
2021-02-13T23:59:59+01:00,0,1,69,125,283,598,475,1200,612,1951,930,1566,633,579,1011,1581,1989,4415,0,1,53,77,222,450,384,866,488,1413,759,1116,521,480,499,831,1350,3184,17420,12693,575,0,23,0,0,0,1
2021-02-12T23:59:59+01:00,0,1,68,125,282,597,471,1196,612,1948,927,1565,630,578,971,1529,1969,4373,0,1,53,77,222,446,380,857,483,1404,753,1109,514,472,481,790,986,2470,17247,11497,575,0,20,0,0,0,1
2021-02-11T23:59:59+01:00,0,1,67,117,279,584,458,1169,606,1921,920,1553,629,577,929,1471,1947,4333,0,1,53,74,207,415,367,810,466,1330,738,1077,511,471,481,790,986,2470,17066,11247,491,0,4,0,0,0,0
2021-02-10T23:59:59+01:00,0,1,66,117,276,581,456,1164,602,1904,915,1549,629,577,920,1455,1926,4288,0,1,52,64,174,337,313,708,416,1157,658,982,477,459,476,789,986,2469,16962,10518,463,0,1,0,0,0,0
2021-02-09T23:59:59+01:00,0,1,64,115,270,577,453,1150,601,1889,907,1543,629,576,908,1419,1856,4182,0,1,43,53,123,258,237,558,334,955,555,829,441,448,472,788,983,2469,16708,9547,432,0,0,0,0,0,0
2021-02-08T23:59:59+01:00,0,1,63,115,267,568,450,1143,599,1874,900,1535,627,573,805,1266,1799,4100,0,1,38,43,85,169,174,420,272,717,496,694,434,442,469,785,982,2469,16278,8690,407,0,0,0,0,0,0
2021-02-07T23:59:59+01:00,0,1,61,112,257,545,436,1112,583,1771,865,1456,626,572,703,1141,1750,4016,0,1,37,42,81,166,171,412,267,704,491,683,432,441,469,785,982,2468,15908,8632,99,0,0,0,0,0,0
2021-02-06T23:59:59+01:00,0,1,60,112,256,545,436,1112,581,1770,862,1453,623,570,701,1133,1744,4009,0,1,34,41,80,163,168,402,263,696,480,674,424,440,433,737,742,2075,15869,7853,99,0,0,0,0,0,0
2021-02-05T23:59:59+01:00,0,1,60,112,254,541,436,1110,580,1769,860,1451,621,570,691,1126,1738,3996,0,1,32,39,76,159,163,394,255,677,463,664,418,440,427,712,337,1442,15817,6699,99,0,0,0,0,0,0
2021-02-04T23:59:59+01:00,0,1,59,110,249,535,430,1094,564,1742,856,1437,614,560,605,1009,1687,3935,0,1,31,36,72,153,157,383,240,653,446,650,412,432,422,705,334,1435,15456,6562,31,0,0,0,0,0,0
2021-02-03T23:59:59+01:00,0,1,58,105,245,528,429,1075,561,1726,854,1422,610,550,593,998,1684,3921,0,1,24,28,58,122,123,281,176,511,336,500,306,330,337,548,256,1150,15331,5087,29,0,0,0,0,0,0
2021-02-02T23:59:59+01:00,0,1,58,103,242,523,429,1057,549,1694,846,1398,597,540,581,949,1674,3870,0,1,17,21,39,79,87,187,123,345,219,361,215,220,217,344,182,756,15082,3413,29,0,0,0,0,0,0
2021-02-01T23:59:59+01:00,0,1,58,101,238,515,427,1041,541,1672,842,1375,590,534,559,920,1666,3823,0,0,7,11,20,43,48,99,66,168,95,166,101,103,90,160,76,329,14874,1582,29,0,0,0,0,0,0
2021-01-31T23:59:59+01:00,0,1,58,101,237,514,425,1037,539,1667,840,1372,590,533,559,920,1666,3822,0,0,7,11,18,38,43,84,62,142,81,150,96,101,89,159,74,327,14852,1482,29,0,0,0,0,0,0
2021-01-30T23:59:59+01:00,0,1,58,101,237,514,425,1037,539,1667,840,1372,590,533,559,920,1666,3822,0,0,7,11,18,38,43,84,62,142,81,150,96,100,89,159,74,327,14852,1481,29,0,0,0,0,0,0
2021-01-29T23:59:59+01:00,0,1,58,101,237,514,425,1037,539,1667,840,1372,590,533,559,920,1666,3822,0,0,7,11,18,38,43,84,62,142,81,150,96,100,89,159,74,327,14852,1481,29,0,0,0,0,0,0
2021-01-28T23:59:59+01:00,0,1,56,93,233,485,413,970,521,1581,816,1291,577,518,553,903,1663,3803,0,0,3,2,5,6,11,16,20,34,22,33,17,22,21,34,19,99,14454,364,23,0,0,0,0,0,0
2021-01-27T23:59:59+01:00,0,1,54,89,233,475,405,931,511,1514,796,1208,565,505,551,901,1663,3803,0,0,3,2,5,6,9,16,20,33,21,31,17,21,21,34,19,99,14184,357,21,0,0,0,0,0,0
2021-01-26T23:59:59+01:00,0,1,53,83,228,472,398,902,500,1447,771,1141,543,492,549,901,1663,3803,0,0,1,2,5,6,9,15,18,29,17,26,15,18,19,32,19,91,13928,322,19,0,0,0,0,0,0
2021-01-25T23:59:59+01:00,0,1,53,83,225,466,395,896,500,1444,770,1136,543,492,549,898,1663,3801,0,0,0,0,0,0,0,2,1,0,0,0,1,1,0,2,0,0,13898,7,17,0,0,0,0,0,0
2021-01-24T23:59:59+01:00,0,1,53,83,225,466,395,896,500,1443,770,1136,543,492,549,898,1663,3801,0,0,0,0,0,0,0,2,1,0,0,0,1,1,0,2,0,0,13897,7,17,0,0,0,0,0,0
2021-01-23T23:59:59+01:00,0,1,53,83,225,465,394,892,500,1437,769,1134,540,490,532,860,1402,3324,0,0,0,0,0,0,0,1,1,0,0,0,1,1,0,2,0,0,13084,6,17,0,0,0,0,0,0
2021-01-22T23:59:59+01:00,0,1,53,83,224,461,389,882,495,1427,764,1127,534,481,515,818,1023,2583,0,0,0,0,0,0,0,1,1,0,0,0,1,1,0,2,0,0,11844,6,16,0,0,0,0,0,0
2021-01-21T23:59:59+01:00,0,1,53,80,205,427,363,826,467,1327,737,1092,530,481,515,818,1023,2583,0,0,0,0,0,0,0,1,1,0,0,0,1,1,0,2,0,0,11512,6,16,0,0,0,0,0,0
2021-01-20T23:59:59+01:00,0,1,51,70,178,355,322,741,424,1173,667,1002,494,470,510,818,1023,2582,0,0,0,0,0,0,0,1,1,0,0,0,1,1,0,2,0,0,10865,6,16,0,0,0,0,0,0
2021-01-19T23:59:59+01:00,0,1,44,57,134,277,248,583,347,991,577,863,459,458,506,816,1023,2582,0,0,0,0,0,0,0,0,0,0,0,0,1,0,0,2,0,0,9958,3,8,0,0,0,0,0,0
2021-01-18T23:59:59+01:00,0,1,40,44,85,176,179,433,281,727,505,706,451,451,503,812,1021,2582,0,0,0,0,0,0,0,0,0,0,0,0,0,0,0,1,0,0,8997,1,0,0,0,0,0,0,0
2021-01-17T23:59:59+01:00,0,1,37,43,82,173,175,424,277,716,500,693,449,451,503,812,1021,2581,0,0,0,0,0,0,0,0,0,0,0,0,0,0,0,0,0,0,8938,0,0,0,0,0,0,0,0
2021-01-16T23:59:59+01:00,0,1,34,42,80,171,171,415,270,709,485,684,440,449,464,765,774,2184,0,0,0,0,0,0,0,0,0,0,0,0,0,0,0,0,0,0,8138,0,0,0,0,0,0,0,0
2021-01-15T23:59:59+01:00,0,1,32,40,77,166,168,409,263,692,471,676,434,448,459,741,361,1542,0,0,0,0,0,0,0,0,0,0,0,0,0,0,0,0,0,0,6980,0,0,0,0,0,0,0,0
2021-01-14T23:59:59+01:00,0,1,32,38,76,160,163,404,255,679,460,668,431,445,459,740,361,1542,0,0,0,0,0,0,0,0,0,0,0,0,0,0,0,0,0,0,6914,0,0,0,0,0,0,0,0
2021-01-13T23:59:59+01:00,0,0,24,31,60,128,128,306,195,545,351,525,328,343,374,577,282,1246,0,0,0,0,0,0,0,0,0,0,0,0,0,0,0,0,0,0,5443,0,0,0,0,0,0,0,0
2021-01-12T23:59:59+01:00,0,0,17,24,44,89,93,218,141,393,238,389,236,235,247,371,204,846,0,0,0,0,0,0,0,0,0,0,0,0,0,0,0,0,0,0,3785,0,0,0,0,0,0,0,0
2021-01-11T23:59:59+01:00,0,0,9,15,26,49,62,140,89,220,125,208,116,112,106,179,93,374,0,0,0,0,0,0,0,0,0,0,0,0,0,0,0,0,0,0,1923,0,0,0,0,0,0,0,0
2021-01-10T23:59:59+01:00,0,0,8,15,22,44,55,110,81,179,105,175,110,108,102,177,90,374,0,0,0,0,0,0,0,0,0,0,0,0,0,0,0,0,0,0,1755,0,0,0,0,0,0,0,0
2021-01-09T23:59:59+01:00,0,0,8,15,22,44,55,110,81,179,105,175,110,107,102,177,90,374,0,0,0,0,0,0,0,0,0,0,0,0,0,0,0,0,0,0,1754,0,0,0,0,0,0,0,0
2021-01-08T23:59:59+01:00,0,0,8,14,21,43,52,103,76,168,99,172,107,103,97,168,88,364,0,0,0,0,0,0,0,0,0,0,0,0,0,0,0,0,0,0,1683,0,0,0,0,0,0,0,0
2021-01-07T23:59:59+01:00,0,0,3,3,5,7,11,17,21,34,24,36,17,22,23,35,23,107,0,0,0,0,0,0,0,0,0,0,0,0,0,0,0,0,0,0,388,0,0,0,0,0,0,0,0
2021-01-06T23:59:59+01:00,0,0,3,2,5,6,9,16,21,33,21,32,17,21,23,35,23,106,0,0,0,0,0,0,0,0,0,0,0,0,0,0,0,0,0,0,373,0,0,0,0,0,0,0,0
2021-01-05T23:59:59+01:00,0,0,3,2,5,6,9,16,21,33,21,32,17,21,23,35,23,106,0,0,0,0,0,0,0,0,0,0,0,0,0,0,0,0,0,0,373,0,0,0,0,0,0,0,0
2021-01-04T23:59:59+01:00,0,0,0,0,0,0,0,2,2,0,0,0,1,1,0,2,0,0,0,0,0,0,0,0,0,0,0,0,0,0,0,0,0,0,0,0,8,0,0,0,0,0,0,0,0
2021-01-03T23:59:59+01:00,0,0,0,0,0,0,0,2,2,0,0,0,1,1,0,2,0,0,0,0,0,0,0,0,0,0,0,0,0,0,0,0,0,0,0,0,8,0,0,0,0,0,0,0,0
2021-01-02T23:59:59+01:00,0,0,0,0,0,0,0,1,2,0,0,0,1,1,0,2,0,0,0,0,0,0,0,0,0,0,0,0,0,0,0,0,0,0,0,0,7,0,0,0,0,0,0,0,0
2021-01-01T23:59:59+01:00,0,0,0,0,0,0,0,1,2,0,0,0,1,1,0,2,0,0,0,0,0,0,0,0,0,0,0,0,0,0,0,0,0,0,0,0,7,0,0,0,0,0,0,0,0
2020-12-31T23:59:59+01:00,0,0,0,0,0,0,0,1,2,0,0,0,1,1,0,2,0,0,0,0,0,0,0,0,0,0,0,0,0,0,0,0,0,0,0,0,7,0,0,0,0,0,0,0,0
2020-12-30T23:59:59+01:00,0,0,0,0,0,0,0,1,2,0,0,0,1,1,0,2,0,0,0,0,0,0,0,0,0,0,0,0,0,0,0,0,0,0,0,0,7,0,0,0,0,0,0,0,0
2020-12-29T23:59:59+01:00,0,0,0,0,0,0,0,1,1,0,0,0,1,0,0,2,0,0,0,0,0,0,0,0,0,0,0,0,0,0,0,0,0,0,0,0,5,0,0,0,0,0,0,0,0
2020-12-28T23:59:59+01:00,0,0,0,0,0,0,0,1,0,0,0,0,1,0,0,1,0,0,0,0,0,0,0,0,0,0,0,0,0,0,0,0,0,0,0,0,3,0,0,0,0,0,0,0,0
2020-12-27T23:59:59+01:00,0,0,0,0,0,0,0,0,0,0,0,0,0,0,0,0,0,0,0,0,0,0,0,0,0,0,0,0,0,0,0,0,0,0,0,0,0,0,0,0,0,0,0,0,0
