Datum,<15_m,<15_w,15-24_1_m,15-24_1_w,25-34_1_m,25-34_1_w,35-44_1_m,35-44_1_w,45-54_1_m,45-54_1_w,55-64_1_m,55-64_1_w,65-74_1_m,65-74_1_w,75-84_1_m,75-84_1_w,>84_1_m,>84_1_w,<24_2_m,<24_2_w,25-34_2_m,25-34_2_w,35-44_2_m,35-44_2_w,45-54_2_m,45-54_2_w,55-64_2_m,55-64_2_w,65-74_2_m,65-74_2_w,75-84_2_m,75-84_2_w,>84_2_m,>84_2_w,bp_1,bp_2,mo_1,mo_2,az_1,az_2,ja,unb_1,unb_2
2021-09-29T23:59:59+02:00,1831,1613,14370,13647,17467,16298,20702,20994,27343,28448,33937,34884,25771,28619,17541,22404,5348,10116,12720,12043,16161,14866,19467,19446,25796,26594,32394,33182,24936,27675,16987,21611,5126,9559,246065,229910,32094,29835,46565,44842,16521,106,44
2021-09-28T23:59:59+02:00,1815,1604,14343,13615,17439,16264,20676,20962,27311,28425,33910,34859,25757,28599,17531,22394,5345,10111,12682,12011,16140,14838,19452,19420,25776,26584,32381,33161,24930,27664,16984,21605,5124,9558,245720,229653,32093,29835,46565,44841,16494,106,44
2021-09-27T23:59:59+02:00,1807,1600,14317,13590,17420,16242,20651,20939,27289,28406,33890,34839,25748,28586,17527,22385,5343,10105,12645,11977,16119,14816,19426,19404,25756,26562,32372,33141,24922,27651,16978,21598,5122,9557,245496,229422,32093,29835,46565,44835,16442,106,44
2021-09-26T23:59:59+02:00,1803,1595,14302,13572,17400,16225,20640,20924,27275,28392,33882,34826,25737,28581,17523,22384,5342,10104,12629,11957,16105,14799,19413,19392,25747,26551,32361,33130,24916,27649,16975,21594,5121,9556,245350,229292,32093,29834,46565,44835,16411,106,44
2021-09-25T23:59:59+02:00,1800,1593,14289,13556,17382,16216,20621,20916,27258,28377,33869,34820,25731,28575,17518,22381,5341,10102,12619,11943,16089,14791,19395,19383,25734,26536,32349,33124,24911,27645,16970,21591,5121,9554,245307,229267,32093,29834,46565,44835,16292,106,44
2021-09-24T23:59:59+02:00,1782,1569,14208,13477,17314,16164,20566,20866,27219,28334,33831,34789,25713,28564,17508,22371,5339,10098,12521,11842,16006,14725,19341,19322,25688,26501,32303,33094,24888,27624,16961,21579,5119,9550,244914,228754,32074,29830,46565,44835,16071,106,44
2021-09-23T23:59:59+02:00,1761,1549,14105,13379,17224,16079,20474,20790,27138,28277,33783,34729,25686,28541,17496,22352,5335,10091,12431,11767,15937,14659,19267,19274,25631,26444,32257,33058,24868,27605,16955,21567,5116,9545,244431,228427,31973,29792,46565,44835,15732,106,44
2021-09-22T23:59:59+02:00,1743,1537,14067,13329,17174,16037,20424,20743,27100,28231,33734,34679,25656,28515,17488,22330,5331,10087,12390,11721,15891,14626,19237,19245,25602,26416,32208,33024,24840,27580,16949,21553,5112,9536,244018,228108,31948,29783,46565,44833,15585,106,44
2021-09-21T23:59:59+02:00,1730,1522,14005,13276,17151,15989,20391,20704,27072,28193,33699,34657,25643,28498,17476,22307,5323,10060,12342,11661,15862,14599,19204,19206,25575,26388,32183,32997,24819,27563,16946,21544,5110,9525,243535,227727,31944,29734,46565,44831,15563,106,44
2021-09-20T23:59:59+02:00,1720,1515,13953,13238,17114,15950,20351,20671,27030,28157,33665,34623,25623,28470,17467,22285,5311,10029,12288,11625,15829,14577,19175,19183,25547,26365,32161,32973,24807,27550,16944,21535,5105,9511,243091,227434,31943,29734,46565,44831,15484,106,44
2021-09-19T23:59:59+02:00,1715,1506,13929,13214,17084,15928,20324,20653,27009,28130,33652,34610,25615,28462,17464,22283,5310,10027,12263,11605,15809,14558,19161,19164,25534,26355,32151,32963,24801,27545,16938,21529,5104,9511,242867,227270,31942,29733,46565,44829,15452,106,44
2021-09-18T23:59:59+02:00,1713,1502,13917,13202,17073,15921,20314,20646,27002,28126,33646,34606,25615,28462,17464,22282,5310,10027,12256,11597,15799,14553,19151,19161,25527,26351,32146,32961,24801,27545,16938,21529,5104,9511,242831,227251,31929,29728,46565,44829,15414,106,44
2021-09-17T23:59:59+02:00,1690,1468,13814,13088,16965,15846,20233,20575,26932,28066,33593,34562,25592,28439,17452,22271,5309,10024,12169,11518,15698,14476,19064,19091,25459,26284,32084,32918,24782,27525,16928,21511,5103,9507,242366,226814,31882,29716,46565,44828,15017,106,44
2021-09-16T23:59:59+02:00,1663,1433,13715,12980,16879,15751,20142,20485,26831,27980,33517,34496,25560,28406,17438,22247,5302,10003,12080,11439,15629,14413,18983,19012,25370,26202,32022,32863,24741,27487,16918,21498,5100,9496,241759,226350,31785,29656,46565,44826,14630,106,44
2021-09-15T23:59:59+02:00,1647,1425,13656,12931,16826,15689,20097,20434,26776,27930,33465,34440,25534,28374,17423,22219,5295,9980,12019,11377,15574,14362,18932,18961,25310,26154,31964,32807,24708,27454,16902,21479,5096,9485,241350,225915,31764,29641,46561,44824,14377,106,44
2021-09-14T23:59:59+02:00,1631,1414,13594,12864,16753,15638,20039,20386,26727,27874,33417,34391,25514,28357,17411,22207,5291,9975,11956,11314,15501,14302,18879,18916,25262,26100,31908,32754,24677,27431,16888,21463,5096,9480,240963,225522,31712,29547,46561,44824,14158,106,44
2021-09-13T23:59:59+02:00,1609,1398,13556,12827,16725,15610,20020,20361,26705,27849,33398,34368,25504,28350,17406,22196,5291,9972,11913,11280,15468,14279,18856,18886,25237,26072,31881,32731,24667,27421,16875,21454,5093,9479,240682,225211,31711,29545,46556,44822,14106,106,44
2021-09-12T23:59:59+02:00,1599,1395,13524,12804,16684,15594,20007,20351,26694,27832,33393,34356,25500,28345,17405,22192,5291,9969,11869,11261,15423,14261,18832,18865,25221,26059,31867,32717,24659,27412,16872,21450,5092,9476,240532,224996,31711,29545,46554,44821,14048,106,44
2021-09-11T23:59:59+02:00,1588,1394,13508,12792,16670,15585,19998,20348,26682,27825,33389,34352,25496,28344,17404,22191,5289,9969,11802,11210,15407,14253,18825,18854,25209,26048,31859,32704,24657,27410,16871,21449,5092,9476,240467,224673,31691,29543,46554,44821,14022,106,44
2021-09-10T23:59:59+02:00,1549,1348,13359,12665,16598,15510,19891,20262,26598,27761,33327,34297,25456,28313,17388,22168,5283,9964,11681,11104,15321,14170,18716,18769,25114,25991,31785,32646,24615,27379,16854,21429,5087,9471,239872,224114,31674,29532,46554,44821,13545,106,44
2021-09-09T23:59:59+02:00,1528,1327,13288,12599,16544,15458,19837,20225,26546,27695,33285,34257,25428,28294,17383,22155,5278,9955,11619,11031,15270,14118,18661,18738,25058,25951,31739,32612,24593,27365,16841,21419,5084,9460,239500,223744,31598,29493,46554,44821,13337,106,44
2021-09-08T23:59:59+02:00,1513,1310,13259,12575,16529,15434,19818,20212,26530,27683,33272,34246,25416,28286,17377,22149,5275,9952,11574,10987,15244,14100,18650,18721,25040,25926,31718,32601,24579,27350,16839,21413,5084,9458,239281,223465,31598,29493,46550,44820,13314,106,44
2021-09-07T23:59:59+02:00,1484,1293,13201,12529,16489,15402,19795,20183,26493,27662,33238,34216,25392,28268,17371,22133,5270,9946,11516,10922,15190,14047,18613,18687,24993,25881,31666,32574,24551,27327,16831,21396,5079,9456,239054,223157,31513,29378,46550,44820,13155,106,44
2021-09-06T23:59:59+02:00,1469,1285,13172,12494,16466,15378,19776,20162,26476,27647,33227,34207,25389,28255,17368,22129,5267,9946,11495,10890,15171,14014,18591,18671,24977,25861,31644,32559,24540,27314,16830,21388,5076,9456,238835,222929,31513,29367,46550,44819,13122,106,44
2021-09-05T23:59:59+02:00,1459,1277,13156,12475,16449,15362,19765,20155,26470,27638,33217,34194,25387,28253,17366,22125,5267,9946,11476,10874,15145,13998,18580,18662,24970,25855,31635,32540,24537,27303,16827,21383,5074,9455,238709,222782,31513,29367,46550,44818,13096,106,44
2021-09-04T23:59:59+02:00,1459,1277,13155,12474,16449,15362,19763,20155,26469,27638,33217,34194,25387,28253,17366,22124,5267,9946,11476,10872,15143,13998,18575,18662,24969,25853,31635,32538,24536,27303,16827,21383,5074,9455,238707,222771,31513,29366,46550,44818,13092,106,44
2021-09-03T23:59:59+02:00,1432,1261,13053,12377,16392,15311,19726,20116,26429,27612,33180,34177,25369,28242,17362,22113,5265,9945,11336,10747,15081,13925,18505,18616,24898,25804,31576,32502,24503,27275,16814,21367,5071,9451,238213,221969,31513,29362,46550,44818,12993,106,44
2021-09-02T23:59:59+02:00,1417,1255,12989,12335,16349,15278,19691,20090,26395,27578,33155,34156,25354,28229,17357,22108,5265,9941,11260,10707,15033,13890,18467,18596,24865,25782,31538,32472,24484,27254,16808,21362,5071,9449,237990,221704,31449,29321,46546,44809,12864,106,44
2021-09-01T23:59:59+02:00,1394,1240,12953,12297,16328,15258,19672,20076,26377,27558,33134,34131,25343,28218,17351,22098,5262,9937,11219,10672,15013,13862,18447,18576,24844,25759,31513,32441,24470,27240,16801,21356,5069,9447,237691,221376,31449,29319,46545,44808,12849,106,44
2021-08-31T23:59:59+02:00,1363,1218,12898,12237,16283,15222,19639,20033,26333,27508,33095,34097,25327,28197,17345,22085,5258,9933,11147,10603,14965,13801,18395,18544,24794,25706,31455,32398,24439,27224,16793,21343,5066,9440,237386,220949,31386,29290,46545,44789,12661,106,44
2021-08-30T23:59:59+02:00,1339,1203,12857,12199,16258,15200,19619,20016,26310,27491,33073,34081,25316,28187,17345,22081,5256,9931,11069,10571,14938,13780,18373,18521,24767,25690,31428,32371,24427,27209,16787,21336,5063,9437,237136,220656,31386,29289,46545,44778,12601,106,44
2021-08-29T23:59:59+02:00,1334,1197,12844,12183,16247,15191,19610,20007,26307,27482,33066,34067,25311,28181,17343,22080,5256,9931,11051,10534,14928,13763,18357,18507,24755,25681,31420,32359,24418,27197,16785,21331,5063,9437,237035,220482,31386,29289,46545,44774,12577,106,44
2021-08-28T23:59:59+02:00,1327,1185,12812,12161,16233,15179,19599,19993,26300,27472,33057,34061,25309,28176,17342,22077,5256,9930,10975,10462,14894,13730,18310,18480,24719,25648,31377,32328,24401,27184,16776,21315,5063,9434,236875,219956,31386,29289,46545,44774,12569,106,44
2021-08-27T23:59:59+02:00,1308,1170,12749,12105,16187,15131,19540,19943,26245,27423,33014,34031,25291,28165,17338,22063,5256,9927,10938,10428,14854,13704,18294,18464,24684,25624,31349,32307,24388,27173,16773,21311,5063,9433,236450,219799,31386,29288,46545,44773,12411,106,44
2021-08-26T23:59:59+02:00,1288,1154,12680,12048,16141,15088,19495,19903,26191,27365,32963,33986,25261,28136,17331,22053,5253,9924,10868,10378,14807,13663,18248,18435,24640,25586,31303,32268,24366,27157,16765,21302,5063,9429,236082,219486,31327,29274,46545,44766,12211,106,44
2021-08-25T23:59:59+02:00,1271,1139,12657,12006,16121,15062,19475,19888,26164,27349,32928,33958,25243,28117,17324,22046,5252,9921,10819,10335,14776,13634,18215,18404,24618,25567,31270,32230,24353,27140,16758,21292,5061,9426,235775,219110,31327,29274,46538,44762,12184,106,44
2021-08-24T23:59:59+02:00,1244,1121,12597,11935,16064,15018,19430,19847,26117,27304,32883,33925,25223,28093,17312,22034,5251,9916,10740,10261,14732,13593,18169,18368,24567,25516,31228,32193,24329,27113,16743,21276,5060,9425,235464,218695,31202,29234,46538,44762,12012,106,44
2021-08-23T23:59:59+02:00,1231,1108,12558,11898,16039,14999,19410,19812,26096,27269,32854,33902,25209,28080,17308,22025,5251,9913,10685,10207,14702,13555,18131,18334,24540,25486,31193,32160,24316,27093,16736,21273,5058,9424,235164,218290,31201,29234,46538,44759,11961,106,44
2021-08-22T23:59:59+02:00,1223,1101,12543,11876,16024,14983,19403,19793,26084,27258,32843,33887,25198,28074,17306,22022,5248,9913,10656,10178,14681,13540,18111,18323,24527,25469,31178,32146,24308,27082,16734,21268,5057,9423,234999,218073,31201,29234,46538,44758,11943,106,44
2021-08-21T23:59:59+02:00,1135,1029,12468,11818,16012,14971,19393,19781,26074,27247,32833,33871,25193,28070,17303,22019,5248,9913,10632,10148,14664,13536,18103,18311,24518,25463,31171,32140,24305,27082,16733,21268,5057,9423,234625,217950,31195,29234,46538,44758,11922,106,44
2021-08-20T23:59:59+02:00,1115,1013,12407,11749,15953,14918,19331,19743,26020,27214,32783,33844,25178,28059,17294,22014,5247,9911,10577,10110,14622,13500,18063,18285,24483,25444,31141,32123,24296,27075,16727,21265,5057,9422,234128,217664,31195,29234,46538,44758,11834,106,44
2021-08-19T23:59:59+02:00,1089,989,12339,11693,15895,14887,19281,19692,25958,27164,32740,33809,25146,28036,17282,22003,5244,9909,10483,10034,14554,13462,18007,18247,24414,25401,31074,32078,24254,27056,16718,21248,5056,9419,233837,217228,31102,29225,46538,44750,11581,106,44
2021-08-18T23:59:59+02:00,1077,973,12299,11657,15867,14856,19253,19662,25929,27133,32705,33784,25127,28024,17277,21994,5242,9908,10428,9966,14507,13436,17958,18219,24369,25363,31015,32040,24232,27039,16712,21235,5052,9413,233523,216773,31102,29218,46537,44740,11507,106,44
2021-08-17T23:59:59+02:00,1050,948,12248,11615,15838,14814,19222,19631,25901,27110,32669,33746,25108,28004,17267,21977,5241,9903,10334,9884,14454,13388,17905,18165,24319,25323,30955,31996,24205,27015,16701,21215,5050,9405,233222,216173,30975,29159,46537,44737,11460,106,44
2021-08-16T23:59:59+02:00,1038,941,12216,11589,15821,14796,19204,19612,25878,27086,32650,33724,25088,27989,17259,21962,5238,9901,10279,9816,14429,13344,17881,18129,24275,25288,30918,31965,24178,26981,16686,21201,5050,9402,232994,215731,30975,29159,46537,44731,11388,106,44
2021-08-15T23:59:59+02:00,1030,941,12191,11575,15807,14779,19190,19597,25868,27077,32629,33710,25082,27980,17255,21951,5237,9901,10234,9781,14392,13322,17860,18108,24252,25274,30897,31939,24161,26973,16681,21193,5049,9400,232838,215450,30974,29159,46536,44726,11354,106,44
2021-08-14T23:59:59+02:00,1029,941,12190,11571,15807,14778,19187,19595,25867,27077,32629,33709,25082,27980,17255,21951,5237,9901,10068,9561,14286,13231,17785,18061,24203,25242,30857,31906,24146,26960,16678,21190,5047,9399,232829,214444,30974,29158,46536,44725,11349,106,44
2021-08-13T23:59:59+02:00,984,901,12038,11443,15753,14719,19121,19538,25796,27025,32577,33673,25056,27951,17244,21941,5236,9897,10015,9509,14246,13202,17746,18036,24171,25222,30833,31885,24136,26947,16672,21181,5047,9395,231992,214110,30973,29158,46536,44722,11296,104,44
2021-08-12T23:59:59+02:00,970,880,11981,11382,15704,14679,19085,19511,25751,27002,32531,33644,25031,27935,17235,21935,5235,9894,9924,9443,14172,13161,17685,17986,24105,25187,30779,31836,24108,26922,16656,21163,5045,9395,231760,213690,30949,29152,46536,44707,11043,104,44
2021-08-11T23:59:59+02:00,956,869,11947,11349,15685,14656,19052,19493,25729,26983,32506,33615,25013,27913,17231,21927,5234,9892,9851,9381,14120,13121,17638,17942,24064,25165,30739,31788,24078,26890,16640,21150,5044,9389,231469,213121,30948,29148,46535,44679,11001,104,44
2021-08-10T23:59:59+02:00,937,859,11859,11297,15632,14625,19008,19456,25673,26949,32449,33561,24996,27897,17224,21914,5233,9889,9756,9295,14068,13086,17606,17908,24017,25126,30686,31741,24045,26857,16633,21130,5040,9384,231085,212602,30816,29113,46533,44665,10927,104,44
2021-08-09T23:59:59+02:00,935,842,11831,11262,15616,14609,18986,19443,25641,26926,32420,33530,24988,27888,17218,21906,5233,9886,9702,9235,14027,13036,17569,17867,23986,25081,30651,31700,24031,26840,16628,21117,5038,9378,230847,212150,30816,29110,46532,44658,10868,104,44
2021-08-08T23:59:59+02:00,925,835,11795,11239,15595,14595,18966,19422,25616,26906,32398,33513,24980,27872,17211,21902,5232,9886,9627,9179,13978,13008,17542,17837,23953,25046,30619,31669,24018,26821,16620,21103,5037,9375,230656,211749,30816,29109,46532,44657,10786,104,44
2021-08-07T23:59:59+02:00,905,808,11697,11161,15552,14553,18924,19388,25577,26876,32352,33481,24963,27860,17202,21884,5231,9883,9005,8584,13534,12653,17330,17652,23802,24935,30467,31592,23959,26770,16599,21076,5032,9372,230066,208540,30816,29108,46532,44657,10785,104,44
2021-08-06T23:59:59+02:00,896,805,11667,11136,15536,14540,18914,19382,25562,26860,32343,33474,24959,27856,17197,21882,5231,9882,8423,7958,13019,12257,17102,17446,23657,24823,30373,31513,23928,26723,16587,21062,5029,9365,230016,205368,30694,29095,46532,44657,10782,104,44
2021-08-05T23:59:59+02:00,893,798,11627,11105,15494,14511,18873,19350,25517,26825,32295,33427,24919,27834,17195,21871,5231,9876,8368,7894,12971,12205,17052,17404,23593,24783,30297,31458,23881,26681,16573,21044,5027,9356,229790,204945,30693,29090,46531,44648,10527,104,44
2021-08-04T23:59:59+02:00,876,782,11597,11075,15475,14479,18842,19324,25490,26796,32250,33388,24904,27821,17190,21865,5229,9868,8278,7807,12914,12157,17000,17360,23536,24739,30237,31386,23844,26642,16563,21031,5025,9350,229526,204354,30691,29089,46530,44613,10404,104,44
2021-08-03T23:59:59+02:00,860,765,11550,11035,15452,14457,18811,19304,25464,26767,32216,33353,24884,27802,17181,21860,5225,9867,8195,7719,12844,12107,16932,17307,23476,24702,30195,31336,23808,26608,16548,21020,5022,9346,229191,203693,30690,29079,46529,44605,10343,104,44
2021-08-02T23:59:59+02:00,851,762,11515,11005,15430,14425,18784,19284,25435,26742,32184,33326,24870,27782,17173,21851,5224,9865,8099,7626,12764,12047,16872,17243,23419,24630,30145,31278,23790,26585,16527,21010,5020,9341,228913,202984,30690,29078,46529,44597,10275,104,44
2021-08-01T23:59:59+02:00,843,755,11488,10976,15419,14412,18769,19273,25416,26730,32167,33311,24866,27773,17172,21848,5222,9864,8031,7559,12703,12000,16828,17196,23383,24598,30118,31253,23774,26566,16523,21004,5018,9340,228769,202527,30685,29077,46529,44578,10220,104,44
2021-07-31T23:59:59+02:00,840,754,11485,10970,15417,14409,18765,19269,25415,26729,32164,33310,24866,27772,17172,21848,5222,9864,7878,7372,11933,11330,16273,16756,23288,24519,30053,31182,23745,26530,16511,20985,5017,9338,228739,199306,30684,29077,46529,44576,10218,104,44
2021-07-30T23:59:59+02:00,839,753,11472,10961,15414,14406,18759,19264,25408,26724,32154,33305,24865,27770,17172,21845,5222,9864,7597,7129,11391,10882,15794,16328,23151,24412,29945,31069,23708,26485,16494,20963,5017,9333,228671,196224,30683,29076,46527,44563,10215,104,44
2021-07-29T23:59:59+02:00,827,744,11432,10914,15376,14385,18719,19238,25370,26688,32101,33276,24847,27750,17161,21827,5222,9861,7223,6820,10727,10366,15277,15913,22975,24266,29797,30958,23653,26433,16465,20938,5013,9330,228348,192757,30682,29066,46527,44477,10080,104,44
2021-07-28T23:59:59+02:00,808,732,11385,10860,15352,14356,18688,19211,25344,26660,32074,33251,24833,27732,17156,21815,5221,9857,7056,6664,10582,10244,15165,15778,22882,24170,29695,30860,23610,26375,16447,20909,5012,9320,228023,191508,30682,29064,46522,44368,10007,104,44
2021-07-27T23:59:59+02:00,799,723,11340,10820,15309,14316,18648,19185,25315,26634,32038,33229,24817,27707,17149,21804,5220,9849,6835,6450,10421,10129,15020,15646,22778,24062,29587,30747,23558,26311,16431,20882,5010,9308,227704,190356,30682,28738,46521,44332,9894,104,44
2021-07-26T23:59:59+02:00,789,710,11290,10771,15283,14295,18631,19158,25287,26604,32006,33203,24802,27685,17137,21792,5219,9846,6718,6374,10324,10055,14954,15566,22696,24002,29522,30673,23525,26268,16419,20865,5006,9302,227407,189573,30680,28735,46520,44290,9799,104,44
2021-07-25T23:59:59+02:00,778,700,11262,10743,15261,14270,18611,19134,25260,26579,31985,33185,24785,27674,17133,21783,5218,9844,6642,6293,10255,9992,14881,15506,22642,23948,29466,30635,23494,26247,16407,20851,5006,9298,227209,188985,30680,28731,46519,44260,9695,104,44
2021-07-24T23:59:59+02:00,754,678,11185,10660,15222,14242,18587,19113,25240,26563,31973,33172,24785,27670,17130,21781,5218,9844,6244,5939,10107,9877,14505,15224,22419,23790,29348,30551,23458,26209,16390,20834,5003,9294,226829,186626,30680,28728,46519,44258,9687,104,44
2021-07-23T23:59:59+02:00,728,656,11117,10574,15192,14208,18559,19098,25219,26542,31958,33155,24774,27665,17128,21781,5218,9841,5874,5629,9985,9770,14158,14959,22223,23614,29228,30433,23406,26141,16379,20813,4999,9287,226440,184352,30680,28728,46519,44246,9672,104,44
2021-07-22T23:59:59+02:00,687,616,10962,10411,15095,14119,18471,19049,25139,26488,31885,33091,24738,27624,17113,21763,5214,9836,5556,5331,9716,9554,13576,14482,21903,23355,28996,30205,23305,26043,16336,20775,4995,9284,225486,181030,30679,28716,46518,44227,9516,104,44
2021-07-21T23:59:59+02:00,667,591,10897,10356,15058,14091,18431,19011,25099,26458,31846,33041,24713,27590,17097,21751,5211,9831,4940,4864,9274,9300,13193,14252,21671,23200,28810,30056,23240,25967,16311,20752,4993,9281,225055,179258,30668,27448,46515,44060,9399,104,44
2021-07-20T23:59:59+02:00,649,574,10840,10301,15032,14055,18396,18984,25068,26425,31810,33007,24693,27569,17092,21736,5208,9824,4800,4750,9124,9169,13026,14117,21558,23079,28679,29931,23160,25864,16289,20712,4986,9275,224676,177914,30668,27436,46513,43911,9304,104,44
2021-07-19T23:59:59+02:00,636,561,10802,10270,15001,14031,18373,18976,25040,26399,31777,32978,24676,27546,17086,21725,5206,9821,4720,4681,9026,9091,12908,14020,21460,22971,28580,29811,23104,25807,16264,20683,4981,9269,224431,176974,30668,27427,46504,43813,9199,104,44
2021-07-18T23:59:59+02:00,621,552,10749,10219,14966,14011,18348,18958,25020,26383,31754,32959,24666,27535,17080,21716,5205,9816,4612,4579,8892,8970,12781,13880,21374,22880,28507,29732,23075,25777,16255,20670,4978,9268,224156,175963,30668,27413,46504,43759,9128,104,44
2021-07-17T23:59:59+02:00,546,481,10458,9922,14854,13909,18257,18880,24914,26308,31646,32908,24632,27501,17067,21696,5203,9815,4563,4537,8837,8898,12546,13683,20949,22536,28377,29600,23037,25724,16246,20655,4977,9265,222598,174164,30668,27413,46502,43757,9127,104,44
2021-07-16T23:59:59+02:00,517,444,10323,9801,14794,13868,18204,18828,24878,26275,31626,32883,24623,27486,17064,21689,5203,9812,4516,4495,8761,8857,12174,13405,20404,22137,28244,29505,22988,25687,16237,20650,4975,9263,221930,172052,30668,27410,46501,43750,9117,104,44
2021-07-15T23:59:59+02:00,485,407,10185,9695,14726,13820,18148,18759,24824,26227,31576,32830,24598,27449,17046,21674,5196,9808,4304,4356,8433,8650,11659,13003,19296,21290,27827,29160,22819,25517,16172,20577,4965,9247,221200,167352,30666,27396,46500,43550,8985,104,44
2021-07-14T23:59:59+02:00,464,393,10156,9669,14689,13799,18118,18725,24787,26186,31525,32777,24568,27421,17035,21657,5195,9806,4181,4204,8176,8477,11429,12858,19117,21179,27680,29033,22754,25439,16138,20539,4960,9238,220831,165783,30666,27377,46499,43373,8872,104,44
2021-07-13T23:59:59+02:00,440,379,10106,9617,14659,13770,18091,18692,24751,26165,31491,32735,24552,27390,17024,21646,5194,9803,4084,4108,8001,8319,11228,12667,18981,21040,27526,28871,22657,25354,16103,20486,4956,9227,220423,164322,30666,27356,46498,43115,8816,104,44
2021-07-12T23:59:59+02:00,428,357,10060,9566,14633,13752,18061,18663,24714,26123,31457,32691,24528,27367,17009,21641,5191,9800,3978,4007,7830,8197,11069,12530,18865,20919,27403,28751,22583,25292,16076,20460,4955,9222,220051,163152,30665,27335,46498,42923,8724,104,44
2021-07-11T23:59:59+02:00,420,339,10029,9536,14611,13732,18044,18653,24692,26114,31436,32673,24516,27357,17007,21639,5191,9798,3908,3936,7712,8100,10921,12402,18741,20817,27302,28637,22539,25244,16055,20435,4953,9219,219854,162191,30662,27330,46497,42721,8671,104,44
2021-07-10T23:59:59+02:00,394,316,9916,9432,14557,13693,17994,18630,24668,26094,31417,32657,24508,27348,17003,21635,5189,9796,3873,3911,7654,8059,10886,12373,18712,20792,27273,28615,22531,25229,16051,20430,4953,9219,219327,161888,30661,27329,46494,42673,8662,104,44
2021-07-09T23:59:59+02:00,334,269,9657,9222,14456,13613,17916,18559,24582,26041,31368,32596,24485,27317,16989,21617,5189,9790,3806,3871,7517,7968,10668,12224,18487,20653,26857,28295,22346,25035,15996,20369,4950,9212,218106,159737,30661,27325,46493,42544,8637,104,44
2021-07-08T23:59:59+02:00,255,202,9463,9077,14354,13536,17821,18485,24523,25990,31285,32537,24456,27286,16976,21599,5185,9785,3650,3746,7206,7780,10315,11995,18140,20371,26553,28037,22172,24877,15928,20293,4943,9196,216996,157360,30658,27277,46480,41971,8578,104,44
2021-07-07T23:59:59+02:00,216,174,9374,8971,14313,13504,17784,18444,24470,25952,31243,32496,24431,27256,16964,21581,5185,9777,3468,3618,6885,7557,9374,11263,17554,19944,26151,27725,21935,24570,15851,20196,4929,9182,216357,154743,30655,25525,46478,41370,8542,104,44
2021-07-06T23:59:59+02:00,194,162,9294,8914,14262,13474,17748,18402,24429,25913,31182,32449,24395,27228,16949,21564,5183,9775,3351,3546,6680,7433,9104,11099,17308,19762,25874,27469,21778,24367,15770,20092,4916,9167,215792,152806,30640,25514,46475,40866,8507,104,44
2021-07-05T23:59:59+02:00,182,147,9208,8833,14221,13430,17714,18352,24393,25883,31137,32399,24371,27206,16940,21550,5182,9773,3300,3513,6552,7355,8955,10978,17162,19623,25703,27314,21635,24199,15720,20039,4905,9157,215245,151744,30640,25505,46473,40377,8460,104,44
2021-07-04T23:59:59+02:00,167,140,9157,8783,14189,13417,17688,18334,24367,25862,31116,32373,24356,27192,16934,21542,5181,9770,3250,3469,6487,7315,8867,10906,17075,19537,25574,27203,21510,24070,15678,19987,4903,9150,214971,151081,30639,25496,46458,39980,8397,104,44
2021-07-03T23:59:59+02:00,164,137,8649,8291,14029,13296,17587,18215,24272,25804,31051,32324,24335,27170,16922,21530,5179,9767,3190,3389,6367,7196,8695,10763,16858,19352,25186,26892,21395,23933,15648,19947,4899,9144,213144,149027,30638,25496,46458,39924,8379,104,44
2021-07-02T23:59:59+02:00,157,133,8081,7826,13883,13188,17495,18138,24202,25735,30991,32262,24297,27128,16916,21510,5177,9762,3079,3282,6096,7042,8438,10523,16488,19023,24709,26467,21168,23660,15579,19865,4893,9141,211309,145954,30638,25494,46455,39600,8376,104,44
2021-07-01T23:59:59+02:00,144,123,7953,7720,13801,13130,17425,18086,24134,25683,30938,32209,24269,27103,16906,21498,5176,9761,2890,3096,5749,6758,8000,10103,15897,18548,23942,25805,20677,23187,15452,19704,4881,9116,210522,141372,30633,25481,46449,38569,8352,104,44
2021-06-30T23:59:59+02:00,127,110,7807,7602,13736,13080,17372,18033,24082,25630,30878,32163,24237,27081,16892,21480,5176,9756,2793,3020,5593,6616,7772,9881,14938,17677,23327,25254,20319,22793,15319,19543,4867,9082,209954,139832,30460,23206,46445,37444,8280,104,44
2021-06-29T23:59:59+02:00,112,97,7740,7506,13689,13041,17334,17988,24029,25569,30828,32103,24216,27055,16882,21464,5173,9752,2735,2976,5462,6518,7618,9747,14769,17505,23085,25018,20059,22467,15220,19442,4855,9062,209325,138709,30458,23194,46442,36350,8250,104,44
2021-06-28T23:59:59+02:00,107,91,7675,7435,13622,12980,17284,17937,23987,25524,30771,32059,24199,27027,16875,21454,5171,9750,2704,2943,5395,6466,7524,9676,14672,17423,22934,24804,19856,22222,15165,19373,4851,9048,208782,138105,30456,23184,46434,35557,8173,104,44
2021-06-27T23:59:59+02:00,93,86,7627,7372,13590,12943,17255,17904,23968,25489,30744,32031,24187,27019,16868,21448,5171,9748,2682,2929,5345,6441,7451,9630,14576,17359,22838,24717,19729,22080,15134,19322,4847,9039,208426,137593,30456,23172,46428,35185,8130,104,44
2021-06-26T23:59:59+02:00,89,83,7122,6824,13198,12643,17141,17800,23902,25431,30708,31996,24178,27002,16864,21437,5170,9747,2581,2819,5156,6251,7250,9439,14029,16904,22176,24083,19581,21938,15089,19269,4845,9031,206245,133956,30454,23172,46428,35165,8130,79,23
2021-06-25T23:59:59+02:00,88,80,6643,6338,12741,12270,16981,17681,23811,25366,30628,31955,24155,26975,16859,21427,5168,9744,2478,2666,4981,6058,6991,9141,13496,16370,21623,23497,19385,21728,15031,19202,4841,9019,203837,130253,30454,23172,46428,34951,8113,79,23
2021-06-24T23:59:59+02:00,78,68,6422,6125,12516,12118,16875,17599,23737,25313,30570,31907,24121,26933,16853,21417,5166,9737,2271,2430,4612,5680,6491,8653,12773,15656,20470,22493,18921,21246,14926,19071,4829,9004,202565,124309,30452,23162,46421,33998,8039,79,23
2021-06-23T23:59:59+02:00,73,66,5848,5625,12352,12007,16755,17487,23662,25266,30506,31857,24087,26910,16846,21403,5162,9733,2232,2377,4549,5559,6398,8502,12539,15367,20226,22232,18622,20915,14829,18957,4818,8987,202050,123282,29117,23013,46411,32807,7989,79,23
2021-06-22T23:59:59+02:00,69,61,5707,5495,12252,11901,16667,17414,23603,25204,30437,31778,24060,26877,16836,21382,5158,9731,2180,2340,4454,5477,6273,8354,11669,14707,19812,21823,18287,20560,14721,18818,4808,8966,201114,122356,29110,21319,46391,31616,7939,79,23
2021-06-21T23:59:59+02:00,66,58,5571,5381,12175,11808,16603,17327,23547,25130,30387,31720,24035,26849,16823,21367,5158,9727,2147,2304,4394,5380,6186,8226,10888,14001,19358,21413,18061,20331,14660,18723,4799,8949,200287,121556,29104,19533,46386,30835,7877,79,23
2021-06-20T23:59:59+02:00,64,56,5454,5257,12009,11628,16537,17203,23498,25066,30345,31664,24019,26827,16817,21352,5153,9722,2129,2274,4353,5341,6115,8175,10784,13922,19246,21287,17903,20140,14594,18640,4795,8942,199282,121021,29100,19530,46380,30239,7831,79,23
2021-06-19T23:59:59+02:00,60,52,5436,5237,11239,10962,16057,16809,23437,25021,30301,31622,24000,26807,16809,21340,5153,9722,2057,2153,4148,5111,5831,7893,10456,13586,18190,20431,17734,19951,14561,18575,4790,8930,196677,116794,29100,19530,46379,30224,7830,79,23
2021-06-18T23:59:59+02:00,57,51,5401,5209,10594,10378,15444,16244,23345,24951,30232,31559,23973,26777,16798,21325,5152,9720,1988,2063,4007,4968,5553,7623,10073,13222,17039,19220,17531,19713,14512,18510,4787,8920,193832,112380,29092,19529,46379,29972,7829,79,23
2021-06-17T23:59:59+02:00,50,42,5287,5106,9916,9873,14956,15855,23245,24863,30150,31465,23933,26731,16784,21304,5151,9717,1859,1957,3749,4721,5165,7258,9534,12735,15850,18029,17070,19223,14371,18336,4774,8896,191253,107253,29089,19520,46376,29052,7690,21,16
2021-06-16T23:59:59+02:00,48,34,5155,4974,9721,9710,14811,15725,23152,24770,30050,31389,23889,26685,16769,21292,5150,9707,1817,1915,3642,4632,5062,7138,8501,11883,15578,17732,16774,18887,14236,18165,4768,8863,190079,106358,29078,17639,46373,28103,7481,21,16
2021-06-15T23:59:59+02:00,42,28,4973,4792,9537,9555,14675,15583,23060,24679,29973,31304,23846,26612,16743,21259,5142,9692,1757,1860,3561,4535,4968,7021,8385,11740,15398,17503,16454,18577,14093,17996,4746,8805,188764,105586,29075,17635,46354,26884,7282,21,16
2021-06-14T23:59:59+02:00,40,25,4896,4728,9446,9446,14598,15493,22988,24607,29902,31243,23814,26573,16728,21241,5139,9686,1735,1837,3525,4511,4928,6988,8284,11676,15261,17369,16274,18373,14001,17899,4741,8798,188020,105357,29069,17633,46348,26062,7136,21,16
2021-06-13T23:59:59+02:00,39,24,4838,4679,9361,9372,14513,15426,22926,24556,29835,31190,23788,26545,16719,21231,5139,9684,1686,1823,3482,4486,4872,6945,8211,11638,15161,17274,16117,18189,13947,17825,4734,8791,187438,105073,29063,17631,46332,25453,7012,21,16
2021-06-12T23:59:59+02:00,37,23,4819,4665,9334,9349,14274,15249,22796,24426,29789,31145,23768,26528,16710,21223,5138,9682,1563,1700,3245,4276,4466,6644,7663,11207,13384,15586,15763,17817,13867,17723,4732,8776,186531,98371,29063,17631,46332,25388,7010,20,16
2021-06-11T23:59:59+02:00,33,22,4766,4613,9253,9297,13952,15027,22600,24277,29693,31053,23731,26483,16692,21211,5137,9679,1462,1565,3054,4061,4168,6278,7150,10662,11741,13690,15282,17238,13753,17575,4717,8762,185171,91427,29058,17630,46330,25148,6941,20,16
2021-06-10T23:59:59+02:00,27,19,4481,4387,8705,8968,12678,14003,22033,23826,29318,30747,23594,26324,16639,21143,5124,9664,1340,1477,2818,3879,3840,5995,6712,10271,10323,12359,14769,16661,13582,17367,4702,8735,179832,86883,29040,17627,46323,23842,6466,20,16
2021-06-09T23:59:59+02:00,24,15,4248,4224,8113,8674,11776,13342,21713,23613,29088,30595,23531,26261,16620,21118,5121,9660,1253,1423,2664,3807,3698,5914,6505,10176,10058,12179,14444,16310,13411,17187,4695,8714,177718,86544,27771,17523,46317,22448,5911,20,16
2021-06-08T23:59:59+02:00,20,12,4118,4121,7712,8446,11288,13052,21487,23433,28888,30441,23472,26187,16587,21076,5115,9651,1176,1397,2528,3749,3537,5845,5608,9425,9585,11815,14107,15901,13186,16948,4681,8692,175962,86185,27399,15367,46290,21180,5436,20,16
2021-06-07T23:59:59+02:00,15,10,3997,4045,7472,8340,10999,12873,21284,23319,28733,30323,23413,26134,16569,21051,5111,9643,1128,1280,2406,3685,3407,5782,5442,9349,9374,11688,13877,15643,13030,16779,4674,8674,174732,85995,27389,15362,46281,19939,4910,20,16
2021-06-06T23:59:59+02:00,13,10,3880,3987,7235,8221,10749,12711,21097,23231,28647,30232,23382,26100,16557,21033,5108,9638,1108,1263,2342,3650,3310,5729,5336,9274,9255,11587,13721,15489,12957,16685,4671,8667,173582,85801,27371,15356,46271,19287,4588,20,16
2021-06-05T23:59:59+02:00,13,10,3851,3950,7196,8180,10572,12558,20469,22720,28485,30087,23332,26055,16543,21014,5108,9634,1076,1164,2175,3196,3077,5189,5167,8941,8475,10632,13068,14647,12845,16538,4660,8657,171540,80408,27371,15356,46270,19152,4578,19,16
2021-06-04T23:59:59+02:00,13,10,3821,3923,7157,8154,10474,12466,20104,22390,28381,29990,23297,26016,16529,21004,5106,9633,1044,1097,2077,2884,2918,4711,5010,8570,7959,9974,11568,12929,12719,16341,4653,8639,170251,74025,27358,15355,46269,19128,4572,19,16
2021-06-03T23:59:59+02:00,8,7,3686,3821,6938,8015,9919,12042,18880,21460,27983,29680,23164,25874,16476,20942,5102,9619,993,1052,1989,2773,2781,4552,4805,8265,7594,9523,11188,12529,12610,16227,4650,8626,165497,72233,27348,15352,46265,18071,4488,19,16
2021-06-02T23:59:59+02:00,8,7,3678,3813,6925,7998,9908,12031,18691,21279,27912,29631,23141,25853,16470,20933,5099,9617,988,1045,1977,2744,2758,4533,4594,8081,7059,9034,11151,12488,12595,16213,4646,8620,165428,72126,26803,13860,46265,18047,4480,19,16
2021-06-01T23:59:59+02:00,7,6,3550,3738,6683,7850,9624,11837,18236,20934,27674,29433,23047,25751,16429,20880,5096,9605,951,998,1891,2674,2677,4459,4315,7847,6461,8501,10936,12274,12497,16112,4641,8608,163733,71680,26023,12568,46251,17226,4355,19,16
2021-05-31T23:59:59+02:00,7,6,3504,3693,6592,7782,9488,11735,18110,20843,27582,29356,22980,25689,16412,20852,5091,9598,921,972,1822,2631,2598,4416,4207,7782,6340,8426,10750,12104,12396,15996,4631,8600,162886,71313,25993,12561,46238,16520,4185,19,16
2021-05-30T23:59:59+02:00,7,5,3473,3668,6528,7726,9397,11642,18021,20763,27506,29285,22935,25644,16390,20825,5085,9588,914,963,1811,2621,2585,4404,4178,7756,6288,8384,10688,12024,12362,15953,4626,8591,162181,71270,25987,12558,46221,16226,4081,19,16
2021-05-29T23:59:59+02:00,7,5,3462,3649,6493,7699,9353,11603,17983,20723,27358,29179,22880,25570,16375,20805,5082,9584,878,944,1754,2575,2512,4320,3988,7501,6014,8085,8484,9362,12169,15611,4611,8562,161517,65016,25987,12556,46207,15703,4081,19,16
2021-05-28T23:59:59+02:00,7,5,3399,3594,6362,7622,9213,11471,17825,20591,27175,29057,22817,25493,16355,20787,5081,9583,865,931,1735,2552,2476,4265,3836,7205,5820,7821,5778,6247,11894,15212,4595,8513,160160,58131,25985,12556,46202,14972,4072,19,16
2021-05-27T23:59:59+02:00,7,5,3254,3470,6076,7442,8611,11138,17349,20253,26762,28710,22650,25328,16297,20724,5074,9565,817,873,1650,2455,2358,4131,3414,6233,5398,7222,5616,6072,11814,15139,4589,8496,156691,57649,25926,12509,46196,12221,3884,19,16
2021-05-26T23:59:59+02:00,7,5,3147,3385,5856,7275,8242,10853,16885,19947,26462,28472,22500,25195,16246,20650,5061,9545,800,863,1597,2430,2305,4100,3341,6158,5299,7150,5480,5945,11748,15072,4584,8484,153991,57568,25908,12507,46174,11625,3642,19,16
2021-05-25T23:59:59+02:00,7,5,3056,3323,5714,7160,8046,10689,15885,19172,26108,28118,22341,25038,16194,20570,5054,9535,781,846,1560,2383,2234,4040,3266,6088,5213,7087,5313,5775,11640,14991,4576,8472,152434,57498,23989,12318,46157,11016,3419,17,16
2021-05-24T23:59:59+02:00,7,5,2993,3307,5627,7115,7929,10627,14971,18483,25693,27807,22246,24934,16163,20534,5047,9523,772,844,1539,2366,2191,4003,3221,6040,5136,7007,5212,5667,11560,14915,4575,8466,151712,57460,21918,12242,46148,10581,3217,17,16
2021-05-23T23:59:59+02:00,7,4,2990,3302,5618,7107,7920,10619,14966,18482,25692,27806,22246,24934,16163,20534,5047,9523,770,841,1531,2359,2178,3990,3202,6025,5115,6974,5167,5615,11544,14891,4574,8464,151681,57452,21918,12242,46146,10333,3199,17,16
2021-05-22T23:59:59+02:00,6,4,2953,3258,5538,7054,7818,10530,14764,18316,25410,27558,22145,24847,16130,20490,5044,9518,748,821,1481,2303,2124,3906,3088,5901,4798,6398,4596,4868,10896,14068,4564,8425,150142,54208,21918,12242,46146,9360,3161,17,16
2021-05-21T23:59:59+02:00,4,4,2881,3185,5412,6955,7691,10383,14505,18087,25115,27322,22031,24739,16097,20442,5039,9509,719,768,1412,2174,2022,3637,2904,5568,4317,5500,4180,4329,10150,13126,4499,8300,148198,50457,21917,12242,46140,7761,3131,16,16
2021-05-20T23:59:59+02:00,4,4,2749,3025,5130,6699,7405,10013,14043,17603,24503,26770,21758,24443,16003,20322,5025,9479,705,757,1385,2150,1983,3604,2850,5512,4234,5421,4052,4226,10073,13063,4490,8288,144041,50363,21907,12230,46115,7285,2900,16,16
2021-05-19T23:59:59+02:00,4,4,2695,2973,5032,6557,7262,9831,12897,16566,24238,26478,21661,24313,15958,20261,5016,9472,688,731,1359,2102,1951,3518,2787,5365,4139,5313,3970,4134,10019,12998,4487,8284,142659,50332,19835,12165,46043,6667,2666,16,16
2021-05-18T23:59:59+02:00,4,4,2668,2949,4983,6524,7210,9800,12542,16291,24057,26325,21568,24224,15928,20208,5008,9460,659,673,1302,1974,1878,3317,2688,5157,4010,5115,3746,3856,9936,12918,4477,8274,142373,50309,18982,11163,45998,6108,2385,16,16
2021-05-17T23:59:59+02:00,4,4,2642,2930,4938,6454,7122,9692,12389,16112,23907,26162,21514,24173,15909,20185,5003,9452,651,659,1286,1938,1857,3270,2640,5049,3931,5001,3607,3703,9868,12855,4474,8266,141398,50286,18974,11153,45981,5377,2224,16,16
2021-05-16T23:59:59+02:00,4,4,2630,2917,4915,6387,7084,9609,12329,16038,23855,26101,21490,24156,15899,20171,5000,9449,646,654,1276,1935,1840,3261,2619,5037,3902,4978,3553,3636,9829,12823,4473,8264,140961,50273,18965,11142,45959,5159,2137,16,16
2021-05-15T23:59:59+02:00,4,4,2506,2780,4726,6181,6893,9421,11810,15620,23264,25552,21383,24038,15865,20128,4997,9441,596,591,1194,1846,1704,3108,2332,4729,3453,4467,3221,3207,9666,12618,4449,8235,137567,47313,18964,11142,45954,4834,2112,16,16
2021-05-14T23:59:59+02:00,4,4,2389,2604,4531,5959,6616,9108,11272,15108,22697,24984,21237,23898,15829,20070,4993,9430,534,513,1092,1725,1543,2892,2002,4327,2851,3877,2835,2770,9581,12469,4445,8231,133747,44381,18957,11140,45930,4068,2083,16,16
2021-05-13T23:59:59+02:00,4,4,2209,2320,4210,5577,6190,8637,10711,14420,21661,24070,20955,23624,15769,19971,4986,9415,530,513,1078,1710,1528,2874,1993,4302,2830,3853,2818,2754,9574,12465,4444,8231,127846,44317,18905,11131,45905,3973,2061,16,16
2021-05-12T23:59:59+02:00,4,4,2208,2318,4202,5576,6181,8631,10610,14298,21607,24030,20950,23613,15764,19963,4985,9415,523,491,1042,1655,1479,2795,1910,4215,2771,3794,2737,2659,9523,12392,4444,8231,127799,44314,18581,10304,45905,3970,2058,16,16
2021-05-11T23:59:59+02:00,4,4,2086,2279,4118,5513,6054,8516,10301,14047,21414,23868,20873,23541,15749,19930,4981,9410,498,467,981,1595,1409,2704,1811,4075,2698,3719,2583,2431,9458,12291,4443,8231,126851,44296,18244,9466,45621,3661,1956,16,16
2021-05-10T23:59:59+02:00,4,4,2045,2201,4011,5390,5918,8337,9510,13283,21033,23546,20782,23451,15710,19876,4971,9397,486,439,945,1530,1344,2614,1722,3913,2614,3624,2556,2409,9448,12273,4439,8226,125710,44276,16396,9285,45516,3175,1831,16,16
2021-05-09T23:59:59+02:00,4,4,2013,2188,3976,5351,5865,8289,9441,13214,20963,23473,20746,23410,15695,19849,4968,9383,479,431,922,1486,1318,2565,1688,3851,2576,3581,2547,2397,9437,12256,4439,8218,125262,44216,16392,9282,45420,2936,1742,16,16
2021-05-08T23:59:59+02:00,4,4,1950,2085,3794,5177,5591,8083,9131,12929,19828,22543,20551,23216,15662,19780,4963,9371,407,402,858,1446,1241,2492,1600,3749,2357,3368,2000,1969,9343,12170,4438,8218,121107,42737,16391,9281,45417,2297,1741,6,3
2021-05-07T23:59:59+02:00,4,4,1863,1971,3612,5008,5271,7788,8719,12556,18577,21268,20368,23004,15616,19723,4954,9352,321,344,749,1371,1109,2362,1466,3606,2182,3175,1630,1628,8854,11721,4437,8216,116164,40997,16387,9276,45393,1188,1708,6,3
2021-05-06T23:59:59+02:00,4,4,1679,1862,3327,4753,4821,7382,8079,11994,17332,20027,20034,22627,15509,19559,4944,9341,304,335,728,1341,1069,2315,1417,3522,2115,3107,1594,1573,8837,11690,4431,8213,110309,40977,16379,9270,45160,918,1424,6,3
2021-05-05T23:59:59+02:00,4,3,1609,1833,3243,4667,4742,7276,7950,11842,17178,19881,19914,22507,15432,19463,4922,9244,294,324,686,1290,1008,2240,1334,3372,2007,2990,1501,1474,8419,11122,4425,8195,109542,40940,16237,8141,44989,662,936,6,3
2021-05-04T23:59:59+02:00,4,3,1582,1804,3197,4589,4683,7165,7700,11546,16617,19302,19827,22376,15356,19365,4892,9130,278,311,663,1260,987,2186,1276,3252,1894,2833,1429,1368,8348,11018,4420,8177,108834,40913,14891,7865,44885,398,522,6,3
2021-05-03T23:59:59+02:00,4,3,1574,1801,3187,4574,4645,7140,7446,11312,15922,18706,19763,22291,15329,19331,4886,9120,263,291,641,1177,938,2098,1213,3113,1796,2696,1363,1288,8322,10983,4416,8168,108742,40903,13292,7658,44845,54,149,6,3
2021-05-02T23:59:59+02:00,4,3,1573,1799,3180,4572,4640,7137,7433,11302,15903,18695,19746,22283,15329,19329,4885,9120,263,288,638,1176,933,2095,1203,3107,1788,2690,1349,1281,8321,10978,4415,8168,108715,40880,13289,7656,44819,51,104,6,3
2021-05-01T23:59:59+02:00,4,3,1441,1656,2902,4323,4173,6779,6814,10820,13966,16815,19364,21885,15238,19213,4882,9104,261,288,635,1174,932,2092,1201,3105,1786,2686,1344,1277,8319,10976,4415,8168,101173,40849,13289,7656,44814,51,101,5,3
2021-04-30T23:59:59+02:00,3,3,1320,1510,2684,4101,3843,6383,6246,10225,12173,14771,18905,21343,15134,19070,4868,9093,256,287,628,1167,917,2084,1189,3095,1775,2673,1334,1268,8315,10971,4414,8167,93538,40804,13289,7656,44814,48,30,4,3
2021-04-29T23:59:59+02:00,2,3,1203,1448,2518,3977,3602,6180,5889,9924,10830,13495,18645,21065,15091,19000,4864,9087,255,283,623,1159,905,2078,1169,3090,1745,2636,1308,1244,8309,10962,4414,8167,88852,40771,13280,7523,44674,38,13,4,3
2021-04-28T23:59:59+02:00,2,3,1147,1442,2467,3957,3551,6156,5826,9891,10733,13427,18613,21031,15084,18984,4864,9084,255,282,621,1158,902,2076,1164,3086,1737,2635,1301,1225,7863,10439,4414,8167,88582,40748,13230,6530,44434,34,12,4,2
2021-04-27T23:59:59+02:00,2,3,1102,1415,2362,3913,3486,6128,5707,9835,10616,13350,18579,20991,15071,18969,4862,9082,254,282,619,1150,901,2074,1159,3083,1733,2631,1289,1208,7445,9857,4414,8167,88070,40728,13177,5497,44211,29,11,4,2
2021-04-26T23:59:59+02:00,2,3,1060,1385,2272,3821,3359,6028,5539,9714,10311,13091,18517,20936,15062,18951,4860,9082,253,281,618,1148,895,2070,1152,3080,1715,2622,1274,1195,7436,9837,4414,8167,86729,40641,13166,5476,44083,28,11,4,2
2021-04-25T23:59:59+02:00,2,3,1057,1383,2264,3819,3352,6024,5519,9706,10277,13061,18506,20924,15061,18945,4860,9081,252,281,618,1148,895,2070,1150,3080,1715,2622,1274,1195,7436,9835,4414,8167,86708,40639,13157,5474,43965,28,10,4,2
2021-04-24T23:59:59+02:00,2,2,1014,1270,2075,3281,3081,5408,5327,9294,9444,12014,17798,20026,14948,18785,4852,9070,251,280,617,1147,895,2069,1150,3079,1709,2617,1271,1190,7434,9833,4414,8166,80581,40614,13157,5470,43940,28,9,4,2
2021-04-23T23:59:59+02:00,1,2,981,1186,1963,2933,2899,4856,5131,8866,8890,11292,16167,18163,14800,18579,4844,9047,251,280,616,1147,893,2067,1149,3079,1708,2616,1266,1185,7430,9831,4414,8165,73551,40600,13156,5459,43880,28,9,4,2
2021-04-22T23:59:59+02:00,1,2,976,1174,1943,2917,2879,4836,5073,8820,8778,11188,16094,18086,14773,18549,4842,9042,249,280,612,1146,890,2066,1141,3067,1692,2596,1242,1163,7425,9823,4414,8165,73500,40586,13098,5348,43362,27,9,4,2
2021-04-21T23:59:59+02:00,1,2,966,1166,1929,2904,2852,4810,5027,8765,8670,11065,16007,18002,14744,18515,4842,9037,244,277,602,1137,876,2036,1131,3042,1682,2571,1229,1149,7200,9505,4413,8165,73456,40579,13041,4644,42794,26,9,4,2
2021-04-20T23:59:59+02:00,1,2,939,1118,1877,2790,2779,4647,4933,8586,8495,10856,15774,17720,14685,18456,4835,9031,231,274,584,1116,850,2005,1102,3016,1647,2530,1209,1136,7191,9500,4412,8164,73417,40558,11912,4378,42182,22,9,4,1
2021-04-19T23:59:59+02:00,1,2,930,1110,1845,2770,2729,4622,4809,8525,8295,10744,15682,17622,14663,18437,4835,9025,225,266,566,1095,832,1972,1084,2973,1601,2475,1191,1117,7184,9497,4410,8163,73018,40523,11891,4099,41724,20,9,4,1
2021-04-18T23:59:59+02:00,1,2,927,1109,1840,2764,2721,4610,4791,8514,8255,10701,15633,17563,14653,18420,4834,9023,225,266,566,1094,831,1972,1083,2973,1601,2474,1191,1116,7182,9496,4409,8163,72972,40516,11887,4097,41489,20,9,4,1
2021-04-17T23:59:59+02:00,0,2,895,1094,1791,2726,2653,4531,4637,8373,7992,10472,13261,14658,14454,18066,4817,8987,223,266,566,1091,827,1965,1071,2966,1591,2454,1153,1074,6849,9082,4384,8115,66142,39562,11887,4086,41367,20,9,4,1
2021-04-16T23:59:59+02:00,0,2,889,1088,1779,2715,2611,4491,4545,8289,7812,10278,10421,11404,14182,17648,4798,8932,222,262,565,1087,822,1961,1062,2963,1583,2441,1142,1060,6843,9077,4382,8112,58858,39485,11885,4070,41128,20,9,4,1
2021-04-15T23:59:59+02:00,0,2,877,1083,1757,2701,2568,4458,4427,8228,7582,10077,10170,11186,14120,17582,4791,8918,220,261,565,1085,821,1959,1059,2960,1580,2438,1137,1055,6841,9075,4382,8112,58834,39470,11883,4052,39797,19,9,4,1
2021-04-14T23:59:59+02:00,0,2,859,1056,1698,2618,2479,4334,4236,8044,7307,9795,9796,10701,13971,17401,4785,8906,196,236,524,1034,798,1892,1024,2880,1530,2376,1111,1025,6836,9066,4382,8111,58799,39454,10934,3541,38242,17,9,4,1
2021-04-13T23:59:59+02:00,0,2,835,1034,1661,2566,2412,4251,4135,7906,7096,9575,9389,10182,13825,17234,4780,8894,160,212,489,986,758,1799,989,2770,1477,2306,1092,990,6820,9055,4381,8111,58753,39390,9984,2985,37027,11,9,4,1
2021-04-12T23:59:59+02:00,0,2,830,1032,1642,2562,2383,4238,4083,7855,6955,9403,9123,9867,13761,17174,4769,8877,149,198,461,946,735,1734,969,2698,1433,2256,1070,973,6804,9035,4378,8106,58695,39274,9953,2651,35895,11,9,4,1
2021-04-11T23:59:59+02:00,0,2,829,1031,1631,2562,2369,4236,4060,7843,6890,9341,8990,9702,13734,17126,4764,8868,149,198,461,944,734,1732,967,2698,1432,2256,1070,973,6802,9035,4378,8106,58682,39266,9951,2650,35332,10,9,4,1
2021-04-10T23:59:59+02:00,0,2,813,1027,1602,2533,2332,4207,3990,7785,6758,9224,8433,8967,13067,16274,4753,8826,146,198,459,941,728,1729,967,2691,1423,2249,1057,957,6332,8536,4362,8090,55346,38198,9950,2648,35284,10,9,4,1
2021-04-09T23:59:59+02:00,0,2,791,999,1561,2484,2266,4127,3837,7625,6411,8892,7906,8308,12244,15247,4682,8688,144,196,457,935,721,1721,958,2681,1408,2238,1035,935,6090,8264,4342,8063,51355,37525,9943,2644,34759,10,9,4,1
2021-04-08T23:59:59+02:00,0,2,781,989,1534,2460,2200,4078,3703,7537,6157,8591,7291,7653,12082,15047,4671,8672,144,194,452,931,716,1714,950,2670,1399,2225,1023,932,6087,8262,4341,8063,51321,37502,9918,2582,32196,10,9,4,1
2021-04-07T23:59:59+02:00,0,2,774,980,1508,2442,2141,4040,3616,7467,5926,8326,6735,7019,11471,14297,4658,8644,125,187,421,884,670,1645,893,2600,1349,2156,1003,916,6079,8256,4340,8063,51291,37478,8758,2091,29985,10,8,4,1
2021-04-06T23:59:59+02:00,0,2,769,978,1494,2434,2112,4017,3543,7418,5745,8154,6289,6511,11269,14081,4643,8613,102,166,373,825,625,1570,849,2500,1296,2092,978,900,6060,8241,4338,8059,51222,37450,8574,1507,28265,10,7,4,1
2021-04-05T23:59:59+02:00,0,2,764,974,1478,2426,2087,4007,3492,7392,5601,8044,6085,6297,11202,13995,4637,8603,96,164,372,823,618,1561,841,2485,1283,2073,950,869,4957,6839,4260,7953,51022,34630,8570,1497,27483,10,7,4,1
2021-04-04T23:59:59+02:00,0,2,762,968,1476,2424,2083,4005,3475,7385,5591,8037,6074,6277,11188,13977,4635,8600,96,164,370,821,615,1556,834,2478,1268,2054,927,847,3947,5678,4194,7847,51007,32182,8568,1497,27373,10,7,4,1
2021-04-03T23:59:59+02:00,0,2,710,912,1395,2353,1960,3866,3214,7125,5130,7544,5729,5820,11016,13758,4607,8571,94,164,370,820,615,1554,833,2478,1268,2054,927,847,3947,5675,4194,7846,47762,32172,8568,1497,27371,10,7,4,1
2021-04-02T23:59:59+02:00,0,2,668,878,1340,2285,1862,3752,2961,6866,4612,7064,5337,5360,10915,13592,4602,8565,93,164,370,820,615,1554,831,2478,1266,2053,924,843,3944,5672,4193,7846,44831,32154,8567,1496,27253,10,6,4,1
2021-04-01T23:59:59+02:00,0,2,665,875,1330,2280,1842,3744,2932,6852,4538,6991,5228,5250,10876,13543,4601,8560,93,164,368,816,613,1551,831,2475,1262,2049,914,842,3939,5669,4192,7845,44814,32143,8423,1464,26862,10,6,4,1
2021-03-31T23:59:59+02:00,0,2,663,873,1323,2263,1834,3734,2904,6824,4475,6945,5088,5088,10362,12934,4597,8552,93,164,367,816,613,1551,831,2475,1260,2049,913,842,3939,5668,4192,7844,44803,32137,7290,1464,26359,10,6,3,1
2021-03-30T23:59:59+02:00,0,2,654,870,1305,2243,1805,3705,2867,6789,4389,6856,4920,4894,9835,12233,4590,8537,88,161,366,812,608,1549,826,2469,1252,2046,902,832,3931,5665,4191,7843,44778,32116,6101,1410,25606,9,6,3,1
2021-03-29T23:59:59+02:00,0,2,649,862,1292,2209,1789,3674,2836,6747,4317,6771,4720,4696,9749,12139,4587,8523,88,161,366,810,603,1545,824,2463,1247,2038,894,826,3923,5657,4191,7843,44709,32102,5884,1363,24960,8,6,3,1
2021-03-28T23:59:59+02:00,0,2,646,860,1289,2206,1775,3664,2820,6735,4282,6719,4625,4586,9713,12075,4582,8516,88,161,366,809,603,1545,822,2463,1245,2038,893,826,3922,5657,4191,7843,44687,32100,5875,1358,24524,8,6,3,1
2021-03-27T23:59:59+01:00,0,2,642,855,1279,2202,1758,3647,2792,6705,4119,6576,4047,4131,9484,11829,4569,8497,88,161,364,807,601,1543,820,2460,1237,2032,889,822,3743,5366,4084,7670,42741,31315,5871,1358,24513,8,6,3,1
2021-03-26T23:59:59+01:00,0,2,637,847,1271,2191,1736,3630,2767,6683,4043,6498,3639,3764,8881,11269,4556,8483,88,161,364,806,600,1540,816,2457,1227,2028,876,809,3020,4423,3875,7322,40797,29040,5858,1358,24233,8,6,3,1
2021-03-25T23:59:59+01:00,0,2,630,841,1258,2177,1717,3606,2708,6643,3959,6420,3464,3544,8770,11159,4550,8477,88,161,364,806,600,1539,816,2456,1225,2028,876,809,3019,4422,3874,7321,40783,29032,5750,1358,23383,8,6,3,1
2021-03-24T23:59:59+01:00,0,2,624,834,1225,2151,1672,3561,2630,6574,3802,6270,3145,3180,8359,10608,4541,8464,84,159,352,793,584,1521,783,2422,1175,1996,843,770,3010,4416,3874,7318,40760,28730,4991,1357,21882,7,6,3,1
2021-03-23T23:59:59+01:00,0,2,612,826,1200,2120,1630,3514,2548,6494,3653,6116,2764,2795,8142,10389,4533,8445,79,155,340,772,549,1490,722,2359,1074,1914,760,710,2973,4381,3870,7314,40715,28099,4701,1350,20359,7,6,2,1
2021-03-22T23:59:59+01:00,0,2,589,716,1163,2067,1597,3458,2495,6424,3512,5986,2523,2556,7812,10033,4517,8409,79,154,340,772,549,1488,720,2357,1071,1914,758,706,2969,4376,3869,7311,40247,28070,4379,1350,19225,7,6,2,1
2021-03-21T23:59:59+01:00,0,2,588,713,1157,2058,1586,3448,2478,6409,3474,5952,2381,2392,7719,9921,4508,8394,79,154,340,771,549,1488,720,2357,1071,1914,758,706,2969,4375,3869,7310,40243,28067,4365,1350,18564,7,6,2,1
2021-03-20T23:59:59+01:00,0,2,587,713,1155,2051,1579,3441,2472,6402,3457,5930,2349,2354,7228,9403,4491,8377,79,154,340,771,548,1488,718,2356,1071,1912,758,706,2969,4373,3867,7308,39201,28055,4353,1350,18429,7,6,2,1
2021-03-19T23:59:59+01:00,0,2,580,705,1137,2032,1544,3417,2402,6262,3393,5822,2167,2170,6920,9082,4469,8352,79,154,339,765,544,1485,713,2348,1062,1899,749,699,2542,3769,3443,6555,38590,25787,4337,1350,17521,2,6,2,1
2021-03-18T23:59:59+01:00,0,2,565,688,1117,2001,1517,3387,2362,6194,3318,5733,2014,1973,6799,8962,4463,8341,78,154,339,764,543,1485,712,2344,1058,1898,742,696,2492,3697,3416,6514,38569,25597,4326,1328,16534,2,5,2,1
2021-03-17T23:59:59+01:00,0,1,536,659,1072,1946,1480,3302,2285,6076,3166,5577,1759,1706,6633,8809,4453,8326,77,150,327,737,527,1441,690,2286,1020,1857,725,677,2250,3402,3328,6384,38497,24615,3799,1256,15483,2,5,2,1
2021-03-16T23:59:59+01:00,0,1,492,630,1032,1891,1429,3198,2220,5922,3050,5443,1561,1482,6498,8661,4443,8303,71,136,306,681,497,1365,661,2151,990,1729,675,627,2136,3264,3302,6297,38441,23858,3181,1024,14628,2,4,2,1
2021-03-15T23:59:59+01:00,0,1,480,619,1000,1842,1395,3130,2191,5837,2963,5359,1435,1347,5916,7973,4403,8239,68,129,293,623,482,1245,623,2021,950,1616,646,606,2098,3224,3287,6234,37203,23452,2827,691,14098,2,0,2,1
2021-03-14T23:59:59+01:00,0,1,475,612,991,1830,1391,3112,2175,5819,2929,5332,1392,1297,5519,7526,4380,8221,67,124,289,600,476,1218,617,1965,940,1591,646,606,2098,3224,3286,6232,36381,23446,2822,531,13797,2,0,2,1
2021-03-13T23:59:59+01:00,0,1,457,594,954,1782,1338,3048,1919,5232,2689,4917,1286,1184,4858,6676,4330,8146,67,124,288,597,474,1216,615,1963,939,1587,644,602,1735,2741,2760,5471,34696,21290,2818,531,11895,2,0,2,1
2021-03-12T23:59:59+01:00,0,1,441,573,933,1739,1307,2965,1716,4445,2483,4468,1214,1101,4158,5879,4283,8064,67,122,287,593,474,1213,613,1955,934,1581,641,595,1409,2198,2214,4675,33017,19039,2815,531,9936,1,0,2,1
2021-03-11T23:59:59+01:00,0,1,437,566,924,1724,1292,2947,1691,4409,2446,4431,1140,1045,4114,5842,4280,8060,67,114,281,571,460,1161,604,1906,915,1545,629,582,1403,2180,2205,4624,32979,18787,2719,459,9649,1,0,2,1
2021-03-10T23:59:59+01:00,0,1,417,554,878,1665,1236,2870,1617,4312,2379,4338,1106,1022,4098,5825,4279,8058,67,114,279,567,457,1154,599,1883,915,1540,624,574,1342,2093,2160,4567,32964,18500,2148,434,9541,1,0,2,1
2021-03-09T23:59:59+01:00,0,1,396,538,833,1616,1193,2806,1575,4229,2336,4285,1086,1011,4092,5818,4278,8056,65,113,278,566,456,1143,597,1871,909,1535,621,568,1136,1782,2042,4389,32917,17663,1703,407,9527,1,0,2,1
2021-03-08T23:59:59+01:00,0,1,389,527,823,1601,1185,2789,1567,4203,2324,4272,1073,1000,4055,5770,4276,8051,64,113,274,561,452,1137,596,1867,905,1533,621,568,1067,1691,1997,4345,32788,17407,1606,383,9510,1,0,2,1
2021-03-07T23:59:59+01:00,0,1,388,523,823,1600,1183,2787,1564,4196,2314,4267,1066,992,4049,5764,4275,8050,62,110,265,539,440,1111,580,1767,870,1458,620,568,963,1561,1945,4276,32772,17044,1566,91,9502,0,0,2,1
2021-03-06T23:59:59+01:00,0,1,380,507,804,1567,1159,2728,1523,4129,2120,3769,1036,955,3877,5491,4173,7885,62,110,265,539,440,1110,580,1767,870,1458,620,568,960,1560,1942,4275,32055,17035,1566,91,8481,0,0,2,1
2021-03-05T23:59:59+01:00,0,1,366,468,772,1462,1109,2512,1448,3917,1907,3102,1006,910,3122,4526,3968,7541,62,109,264,536,437,1104,579,1762,866,1455,617,566,921,1502,1919,4236,29737,16844,1565,91,6833,0,0,2,1
2021-03-04T23:59:59+01:00,0,1,353,459,764,1442,1096,2489,1429,3888,1884,3083,992,906,3118,4522,3965,7539,61,108,261,533,433,1088,569,1740,865,1447,615,564,884,1448,1896,4199,29724,16683,1526,28,6678,0,0,2,1
2021-03-03T23:59:59+01:00,0,1,344,426,745,1391,1066,2406,1379,3733,1805,2986,959,860,3108,4516,3965,7536,60,107,258,530,432,1084,567,1731,862,1443,615,563,864,1395,1807,4052,29409,16344,1526,26,6289,0,0,2,1
2021-03-02T23:59:59+01:00,0,1,338,417,729,1367,1018,2361,1311,3649,1689,2887,871,794,3065,4477,3959,7530,60,107,257,526,431,1076,567,1725,862,1439,614,563,864,1395,1807,4052,28768,16319,1461,26,6232,0,0,2,1
2021-03-01T23:59:59+01:00,0,1,334,403,722,1320,1005,2303,1291,3567,1662,2838,852,785,3057,4467,3959,7530,60,106,256,522,426,1062,563,1712,853,1431,613,561,768,1240,1750,3972,28728,15869,1409,26,5957,0,0,2,1
2021-02-28T23:59:59+01:00,0,1,329,390,714,1281,991,2226,1279,3480,1639,2759,848,775,3055,4463,3958,7527,60,106,256,522,426,1061,563,1712,851,1431,613,560,671,1114,1703,3891,28714,15515,1406,25,5593,0,0,2,1
2021-02-27T23:59:59+01:00,0,1,320,370,700,1254,972,2190,1244,3411,1616,2706,831,760,3052,4463,3957,7527,60,106,256,522,426,1061,562,1712,849,1431,613,560,671,1113,1703,3891,28712,15511,1406,25,5254,0,0,2,1
2021-02-26T23:59:59+01:00,0,1,294,317,653,1189,908,2072,1154,3245,1511,2567,802,737,2617,3856,3529,6747,60,106,253,519,426,1059,560,1710,846,1425,609,558,664,1101,1694,3872,26416,15437,1406,25,4375,0,0,2,1
2021-02-25T23:59:59+01:00,0,1,289,304,639,1159,887,2030,1135,3179,1493,2522,799,734,2570,3783,3499,6704,58,104,249,511,426,1055,555,1700,843,1414,603,554,587,992,1647,3814,26197,15089,1406,23,4122,0,0,2,1
2021-02-24T23:59:59+01:00,0,1,270,294,588,1113,840,1962,1077,3084,1449,2464,782,715,2330,3483,3409,6567,57,100,244,504,420,1036,546,1678,840,1394,596,542,573,972,1636,3791,25201,14914,1406,15,3819,0,0,2,1
2021-02-23T23:59:59+01:00,0,1,257,273,559,1057,803,1887,1009,2934,1375,2362,730,665,2215,3344,3383,6474,57,98,242,498,420,1020,536,1646,832,1372,587,535,557,921,1624,3740,24396,14670,1401,15,3529,0,0,2,1
2021-02-22T23:59:59+01:00,0,1,253,267,546,994,783,1811,983,2839,1339,2302,705,643,2185,3308,3374,6411,57,97,236,492,418,1007,527,1629,828,1347,573,522,535,895,1618,3685,23990,14451,1401,15,3351,0,0,2,1
2021-02-21T23:59:59+01:00,0,1,250,259,537,969,770,1774,975,2791,1309,2276,705,641,2183,3308,3373,6410,57,97,235,492,418,1007,527,1629,828,1346,573,521,535,895,1618,3684,23984,14447,1401,15,3144,0,0,2,1
2021-02-20T23:59:59+01:00,0,1,169,229,467,920,701,1697,905,2702,1224,2176,690,626,1809,2790,2818,5607,57,97,235,492,418,1007,527,1628,828,1346,573,521,535,895,1617,3684,21708,14445,1401,15,2420,0,0,2,1
2021-02-19T23:59:59+01:00,0,1,84,167,357,839,575,1565,772,2553,1089,2025,674,605,1502,2275,2267,4813,57,97,235,492,418,1006,527,1628,828,1346,573,521,529,893,1615,3678,19498,14428,1401,15,1262,0,0,2,1
2021-02-18T23:59:59+01:00,0,1,81,162,345,789,554,1476,739,2413,1056,1957,658,594,1493,2256,2258,4761,54,90,229,470,404,939,512,1548,808,1272,559,507,523,875,1612,3656,19254,14043,1376,15,961,0,0,2,1
2021-02-17T23:59:59+01:00,0,1,80,154,331,766,545,1443,710,2320,1019,1857,653,584,1435,2168,2210,4711,54,87,227,461,396,901,501,1483,789,1190,546,496,521,873,1612,3656,18993,13778,1303,15,689,0,0,2,1
2021-02-16T23:59:59+01:00,0,1,75,148,316,726,517,1370,678,2212,994,1752,642,577,1190,1822,2086,4528,53,78,226,455,390,871,488,1418,763,1123,525,483,519,873,1609,3655,18072,13527,1064,2,496,0,0,2,1
2021-02-15T23:59:59+01:00,0,1,70,132,290,622,482,1228,622,1999,944,1593,633,575,1107,1715,2035,4463,53,78,224,450,386,865,487,1414,761,1116,525,483,518,868,1608,3652,17743,13488,726,0,40,0,0,2,1
2021-02-14T23:59:59+01:00,0,1,69,125,285,596,477,1199,611,1945,930,1571,633,575,1009,1591,1988,4406,53,78,224,450,386,865,487,1412,761,1116,525,483,518,868,1608,3652,17414,13486,571,0,24,0,0,2,1
2021-02-13T23:59:59+01:00,0,1,69,124,285,595,476,1195,610,1943,928,1568,632,574,1008,1582,1984,4403,53,78,224,449,384,860,486,1407,759,1115,523,481,501,830,1348,3186,17380,12684,571,0,24,0,0,2,1
2021-02-12T23:59:59+01:00,0,1,68,124,284,594,472,1191,610,1940,925,1567,629,573,969,1530,1964,4362,53,78,224,445,381,851,481,1398,753,1108,516,473,483,790,985,2477,17209,11496,571,0,21,0,0,2,1
2021-02-11T23:59:59+01:00,0,1,67,117,281,581,459,1164,604,1914,918,1555,628,572,926,1472,1942,4323,53,75,209,414,367,804,465,1324,738,1076,513,472,483,790,984,2476,17029,11244,488,0,5,0,0,2,0
2021-02-10T23:59:59+01:00,0,1,66,117,277,578,457,1159,600,1898,913,1551,628,572,917,1456,1921,4280,52,65,175,336,313,702,415,1152,659,982,478,460,478,789,984,2475,16928,10516,460,0,1,0,0,2,0
2021-02-09T23:59:59+01:00,0,1,64,115,271,574,454,1146,599,1884,906,1545,627,571,905,1420,1851,4174,43,53,124,257,236,551,333,950,558,829,443,449,474,788,981,2475,16674,9545,431,0,0,0,0,2,0
2021-02-08T23:59:59+01:00,0,1,63,115,268,565,451,1138,598,1869,899,1537,625,568,803,1267,1794,4092,38,43,86,168,173,415,268,712,499,694,435,443,470,785,980,2475,16245,8685,406,0,0,0,0,2,0
2021-02-07T23:59:59+01:00,0,1,61,112,259,542,436,1107,582,1766,864,1458,624,567,700,1139,1746,4008,37,42,82,165,170,408,263,699,494,683,433,442,470,785,980,2474,15872,8628,98,0,0,0,0,2,0
2021-02-06T23:59:59+01:00,0,1,61,112,258,542,436,1107,580,1765,861,1455,621,565,698,1130,1740,4001,34,41,81,162,167,398,259,691,483,674,425,441,434,737,740,2081,15833,7849,98,0,0,0,0,2,0
2021-02-05T23:59:59+01:00,0,1,61,112,256,538,436,1105,579,1764,859,1453,619,565,688,1123,1734,3988,32,39,77,158,162,390,251,672,466,664,419,441,428,712,336,1449,15781,6697,98,0,0,0,0,2,0
2021-02-04T23:59:59+01:00,0,1,59,110,251,532,430,1089,563,1737,855,1439,612,555,603,1006,1683,3927,31,36,73,152,156,379,237,650,449,650,414,433,423,705,334,1442,15420,6565,30,0,0,0,0,2,0
2021-02-03T23:59:59+01:00,0,1,58,105,247,525,429,1069,560,1721,853,1424,608,545,592,996,1680,3913,24,28,59,121,123,280,174,508,339,500,308,331,338,548,256,1159,15296,5097,28,0,0,0,0,2,0
2021-02-02T23:59:59+01:00,0,1,58,103,244,520,429,1051,548,1688,844,1400,595,535,581,947,1670,3864,17,21,40,78,87,186,122,343,222,361,217,221,218,344,182,765,15049,3425,28,0,0,0,0,1,0
2021-02-01T23:59:59+01:00,0,1,58,101,240,512,427,1035,540,1667,840,1377,588,529,559,918,1662,3817,7,11,20,42,48,97,65,168,97,165,103,104,91,160,76,336,14842,1590,28,0,0,0,0,1,0
2021-01-31T23:59:59+01:00,0,1,58,101,239,511,425,1031,538,1662,838,1374,588,528,559,918,1662,3816,7,11,18,38,43,83,61,142,83,149,98,102,90,159,74,334,14820,1492,28,0,0,0,0,1,0
2021-01-30T23:59:59+01:00,0,1,58,101,239,511,425,1031,538,1662,838,1374,588,528,559,918,1662,3816,7,11,18,38,43,83,61,142,83,149,98,101,90,159,74,334,14820,1491,28,0,0,0,0,1,0
2021-01-29T23:59:59+01:00,0,1,58,101,239,511,425,1031,538,1662,838,1374,588,528,559,918,1662,3816,7,11,18,38,43,83,61,142,83,149,98,101,90,159,74,334,14820,1491,28,0,0,0,0,1,0
2021-01-28T23:59:59+01:00,0,1,56,93,235,482,413,964,520,1576,815,1292,575,514,553,901,1659,3798,3,2,4,6,11,15,19,34,22,32,16,22,21,34,19,99,14424,359,22,0,0,0,0,1,0
2021-01-27T23:59:59+01:00,0,1,54,89,235,472,405,925,510,1510,795,1209,563,502,551,899,1659,3798,3,2,4,6,9,15,19,33,21,30,16,21,21,34,19,99,14156,352,20,0,0,0,0,1,0
2021-01-26T23:59:59+01:00,0,1,53,83,230,469,398,896,499,1443,770,1142,541,489,549,899,1659,3798,1,2,4,6,9,14,17,29,17,25,14,18,19,32,19,91,13900,317,18,0,0,0,0,1,0
2021-01-25T23:59:59+01:00,0,1,53,83,227,464,395,890,499,1440,769,1137,541,489,549,896,1659,3796,0,0,0,0,0,1,0,0,0,0,1,1,0,2,0,0,13871,5,16,0,0,0,0,1,0
2021-01-24T23:59:59+01:00,0,1,53,83,227,464,395,890,499,1439,769,1137,541,489,549,896,1659,3796,0,0,0,0,0,1,0,0,0,0,1,1,0,2,0,0,13870,5,16,0,0,0,0,1,0
2021-01-23T23:59:59+01:00,0,1,53,83,227,463,394,886,499,1433,768,1135,538,487,532,858,1398,3319,0,0,0,0,0,1,0,0,0,0,1,1,0,2,0,0,13057,5,16,0,0,0,0,1,0
2021-01-22T23:59:59+01:00,0,1,53,83,226,459,390,876,494,1423,763,1127,532,479,515,816,1020,2580,0,0,0,0,0,1,0,0,0,0,1,1,0,2,0,0,11821,5,16,0,0,0,0,0,0
2021-01-21T23:59:59+01:00,0,1,53,80,207,425,363,820,467,1323,737,1093,528,479,515,816,1019,2579,0,0,0,0,0,1,0,0,0,0,1,1,0,2,0,0,11489,5,16,0,0,0,0,0,0
2021-01-20T23:59:59+01:00,0,1,51,70,179,353,322,735,424,1169,667,1002,492,468,510,816,1019,2578,0,0,0,0,0,1,0,0,0,0,1,1,0,2,0,0,10840,5,16,0,0,0,0,0,0
2021-01-19T23:59:59+01:00,0,1,44,57,135,275,248,576,347,987,577,862,457,456,506,814,1019,2578,0,0,0,0,0,0,0,0,0,0,1,0,0,2,0,0,9931,3,8,0,0,0,0,0,0
2021-01-18T23:59:59+01:00,0,1,40,44,86,175,179,425,279,724,506,705,448,449,503,809,1017,2578,0,0,0,0,0,0,0,0,0,0,0,0,0,1,0,0,8968,1,0,0,0,0,0,0,0
2021-01-17T23:59:59+01:00,0,1,37,43,83,171,175,417,275,713,501,692,446,449,503,809,1017,2577,0,0,0,0,0,0,0,0,0,0,0,0,0,0,0,0,8909,0,0,0,0,0,0,0,0
2021-01-16T23:59:59+01:00,0,1,34,42,81,169,171,408,268,706,486,683,438,447,464,762,770,2182,0,0,0,0,0,0,0,0,0,0,0,0,0,0,0,0,8112,0,0,0,0,0,0,0,0
2021-01-15T23:59:59+01:00,0,1,32,40,78,164,168,402,261,689,472,675,432,446,459,738,358,1540,0,0,0,0,0,0,0,0,0,0,0,0,0,0,0,0,6955,0,0,0,0,0,0,0,0
2021-01-14T23:59:59+01:00,0,1,32,38,77,158,163,397,253,678,461,667,429,443,459,737,358,1540,0,0,0,0,0,0,0,0,0,0,0,0,0,0,0,0,6891,0,0,0,0,0,0,0,0
2021-01-13T23:59:59+01:00,0,0,24,31,61,126,128,302,193,544,352,524,326,341,374,575,279,1245,0,0,0,0,0,0,0,0,0,0,0,0,0,0,0,0,5425,0,0,0,0,0,0,0,0
2021-01-12T23:59:59+01:00,0,0,17,24,45,87,93,214,139,393,239,388,234,234,247,369,201,845,0,0,0,0,0,0,0,0,0,0,0,0,0,0,0,0,3769,0,0,0,0,0,0,0,0
2021-01-11T23:59:59+01:00,0,0,9,15,26,47,62,137,88,220,126,207,116,112,106,177,90,372,0,0,0,0,0,0,0,0,0,0,0,0,0,0,0,0,1910,0,0,0,0,0,0,0,0
2021-01-10T23:59:59+01:00,0,0,8,15,22,44,55,109,80,179,106,174,110,108,102,175,87,372,0,0,0,0,0,0,0,0,0,0,0,0,0,0,0,0,1746,0,0,0,0,0,0,0,0
2021-01-09T23:59:59+01:00,0,0,8,15,22,44,55,109,80,179,106,174,110,107,102,175,87,372,0,0,0,0,0,0,0,0,0,0,0,0,0,0,0,0,1745,0,0,0,0,0,0,0,0
2021-01-08T23:59:59+01:00,0,0,8,14,21,43,52,102,75,168,100,171,107,103,97,166,85,362,0,0,0,0,0,0,0,0,0,0,0,0,0,0,0,0,1674,0,0,0,0,0,0,0,0
2021-01-07T23:59:59+01:00,0,0,3,3,4,7,11,16,20,34,24,36,17,22,23,35,23,107,0,0,0,0,0,0,0,0,0,0,0,0,0,0,0,0,385,0,0,0,0,0,0,0,0
2021-01-06T23:59:59+01:00,0,0,3,2,4,6,9,15,20,33,21,32,17,21,23,35,23,106,0,0,0,0,0,0,0,0,0,0,0,0,0,0,0,0,370,0,0,0,0,0,0,0,0
2021-01-05T23:59:59+01:00,0,0,3,2,4,6,9,15,20,33,21,32,17,21,23,35,23,106,0,0,0,0,0,0,0,0,0,0,0,0,0,0,0,0,370,0,0,0,0,0,0,0,0
2021-01-04T23:59:59+01:00,0,0,0,0,0,0,0,1,1,0,0,0,1,1,0,2,0,0,0,0,0,0,0,0,0,0,0,0,0,0,0,0,0,0,6,0,0,0,0,0,0,0,0
2021-01-03T23:59:59+01:00,0,0,0,0,0,0,0,1,1,0,0,0,1,1,0,2,0,0,0,0,0,0,0,0,0,0,0,0,0,0,0,0,0,0,6,0,0,0,0,0,0,0,0
2021-01-02T23:59:59+01:00,0,0,0,0,0,0,0,1,1,0,0,0,1,1,0,2,0,0,0,0,0,0,0,0,0,0,0,0,0,0,0,0,0,0,6,0,0,0,0,0,0,0,0
2021-01-01T23:59:59+01:00,0,0,0,0,0,0,0,1,1,0,0,0,1,1,0,2,0,0,0,0,0,0,0,0,0,0,0,0,0,0,0,0,0,0,6,0,0,0,0,0,0,0,0
2020-12-31T23:59:59+01:00,0,0,0,0,0,0,0,1,1,0,0,0,1,1,0,2,0,0,0,0,0,0,0,0,0,0,0,0,0,0,0,0,0,0,6,0,0,0,0,0,0,0,0
2020-12-30T23:59:59+01:00,0,0,0,0,0,0,0,1,1,0,0,0,1,1,0,2,0,0,0,0,0,0,0,0,0,0,0,0,0,0,0,0,0,0,6,0,0,0,0,0,0,0,0
2020-12-29T23:59:59+01:00,0,0,0,0,0,0,0,1,1,0,0,0,1,0,0,2,0,0,0,0,0,0,0,0,0,0,0,0,0,0,0,0,0,0,5,0,0,0,0,0,0,0,0
2020-12-28T23:59:59+01:00,0,0,0,0,0,0,0,1,0,0,0,0,1,0,0,1,0,0,0,0,0,0,0,0,0,0,0,0,0,0,0,0,0,0,3,0,0,0,0,0,0,0,0
2020-12-27T23:59:59+01:00,0,0,0,0,0,0,0,0,0,0,0,0,0,0,0,0,0,0,0,0,0,0,0,0,0,0,0,0,0,0,0,0,0,0,0,0,0,0,0,0,0,0,0
