Datum,<15_m,<15_w,15-24_1_m,15-24_1_w,25-34_1_m,25-34_1_w,35-44_1_m,35-44_1_w,45-54_1_m,45-54_1_w,55-64_1_m,55-64_1_w,65-74_1_m,65-74_1_w,75-84_1_m,75-84_1_w,>84_1_m,>84_1_w,<24_2_m,<24_2_w,25-34_2_m,25-34_2_w,35-44_2_m,35-44_2_w,45-54_2_m,45-54_2_w,55-64_2_m,55-64_2_w,65-74_2_m,65-74_2_w,75-84_2_m,75-84_2_w,>84_2_m,>84_2_w,bp_1,bp_2,mo_1,mo_2,az_1,az_2,ja,unb_1,unb_2
2021-07-17T23:59:59+02:00,533,472,10463,9919,14728,13800,18158,18761,24814,26239,31499,32780,24494,27371,16868,21558,5004,9472,4542,4502,8710,8786,12439,13546,20786,22378,28156,29374,22854,25529,16076,20493,4815,8988,220726,172207,30578,27287,46269,43324,9098,262,128
2021-07-16T23:59:59+02:00,504,436,10332,9802,14670,13760,18104,18710,24783,26206,31479,32758,24485,27356,16865,21551,5004,9469,4494,4460,8636,8746,12067,13272,20246,21985,28025,29282,22805,25493,16067,20488,4813,8986,220078,170117,30578,27285,46269,43318,9087,262,128
2021-07-15T23:59:59+02:00,474,399,10198,9698,14605,13711,18048,18644,24734,26159,31429,32708,24460,27321,16847,21535,4997,9466,4303,4338,8332,8560,11562,12881,19155,21145,27616,28941,22637,25324,16002,20415,4803,8971,219368,165548,30577,27272,46268,43127,8958,262,128
2021-07-14T23:59:59+02:00,453,386,10171,9673,14571,13691,18019,18608,24698,26118,31379,32655,24431,27293,16836,21518,4996,9464,4182,4191,8079,8393,11333,12737,18978,21035,27472,28816,22572,25246,15968,20377,4800,8963,219005,164001,30577,27254,46268,42955,8848,262,128
2021-07-13T23:59:59+02:00,429,372,10123,9621,14542,13665,17997,18575,24663,26097,31345,32616,24415,27263,16825,21507,4995,9462,4088,4097,7904,8235,11133,12548,18846,20901,27321,28656,22475,25163,15933,20324,4796,8952,218613,162560,30577,27234,46267,42699,8793,262,128
2021-07-12T23:59:59+02:00,416,351,10081,9573,14517,13647,17966,18545,24629,26057,31311,32573,24389,27241,16810,21502,4992,9459,3982,3998,7736,8113,10978,12413,18733,20781,27200,28537,22401,25102,15906,20298,4795,8947,218253,161405,30576,27213,46267,42511,8701,262,128
2021-07-11T23:59:59+02:00,408,333,10052,9545,14500,13627,17949,18535,24609,26049,31290,32555,24377,27231,16808,21500,4992,9457,3913,3925,7617,8015,10832,12285,18610,20682,27100,28425,22360,25054,15885,20273,4793,8944,218063,160447,30576,27208,46266,42314,8650,262,128
2021-07-10T23:59:59+02:00,382,310,9944,9440,14446,13588,17903,18512,24585,26029,31272,32539,24369,27222,16804,21496,4990,9455,3889,3900,7573,7977,10803,12256,18585,20658,27073,28403,22353,25039,15881,20268,4793,8944,217542,160148,30575,27207,46266,42305,8641,262,128
2021-07-09T23:59:59+02:00,323,263,9682,9232,14342,13508,17827,18441,24499,25976,31222,32478,24346,27192,16791,21478,4990,9449,3822,3860,7441,7887,10586,12112,18361,20520,26660,28084,22169,24848,15826,20208,4790,8937,216321,158018,30575,27204,46265,42177,8616,262,128
2021-07-08T23:59:59+02:00,246,196,9492,9093,14243,13432,17733,18371,24439,25926,31140,32422,24319,27161,16778,21460,4986,9444,3667,3736,7133,7698,10233,11884,18019,20238,26355,27827,21997,24690,15758,20135,4783,8921,215239,155649,30572,27159,46252,41609,8556,262,128
2021-07-07T23:59:59+02:00,208,167,9391,8991,14192,13401,17689,18330,24389,25886,31099,32382,24295,27131,16767,21442,4986,9436,3474,3610,6806,7477,9291,11158,17439,19809,25954,27521,21764,24390,15681,20039,4769,8907,214620,153063,30569,25418,46249,41019,8482,262,128
2021-07-06T23:59:59+02:00,186,155,9314,8934,14141,13373,17653,18289,24350,25847,31038,32337,24259,27103,16752,21425,4984,9434,3361,3535,6608,7355,9022,10995,17198,19629,25680,27266,21609,24188,15600,19935,4757,8892,214065,151147,30552,25409,46246,40518,8449,262,128
2021-07-05T23:59:59+02:00,174,141,9228,8853,14103,13331,17620,18239,24314,25817,30993,32286,24235,27081,16744,21411,4983,9432,3313,3500,6480,7276,8873,10875,17057,19491,25510,27111,21466,24021,15551,19883,4746,8882,213527,150090,30552,25400,46243,40036,8401,262,128
2021-07-04T23:59:59+02:00,159,134,9174,8803,14071,13319,17597,18221,24289,25798,30973,32261,24220,27067,16738,21403,4982,9429,3261,3458,6417,7236,8786,10804,16972,19408,25382,27002,21342,23893,15510,19832,4744,8875,213260,149436,30551,25391,46227,39646,8338,262,128
2021-07-03T23:59:59+02:00,156,131,8664,8306,13913,13199,17497,18104,24196,25741,30909,32213,24199,27045,16726,21391,4980,9426,3202,3381,6299,7117,8619,10667,16760,19229,24994,26695,21227,23757,15480,19793,4740,8869,211434,147413,30551,25391,46227,39591,8322,262,128
2021-07-02T23:59:59+02:00,149,127,8098,7835,13769,13092,17405,18028,24127,25670,30849,32151,24161,27003,16720,21371,4978,9421,3091,3274,6029,6962,8362,10428,16391,18905,24524,26272,20999,23485,15410,19711,4734,8866,209599,144357,30551,25389,46223,39266,8319,262,127
2021-07-01T23:59:59+02:00,138,117,7972,7729,13687,13035,17336,17978,24058,25619,30798,32100,24133,26979,16710,21359,4977,9420,2904,3087,5684,6678,7930,10013,15805,18436,23765,25622,20516,23013,15283,19551,4722,8841,208820,139825,30547,25378,46220,38238,8296,262,126
2021-06-30T23:59:59+02:00,121,104,7829,7615,13620,12987,17283,17927,24008,25566,30741,32056,24104,26958,16697,21342,4977,9415,2809,3008,5532,6535,7706,9792,14852,17571,23156,25075,20159,22623,15151,19391,4708,8807,208278,138308,30373,23105,46215,37126,8222,262,126
2021-06-29T23:59:59+02:00,106,91,7763,7526,13577,12949,17244,17883,23956,25505,30692,31997,24083,26932,16687,21326,4974,9411,2750,2964,5406,6437,7552,9658,14686,17400,22916,24844,19901,22298,15052,19291,4696,8787,207665,137197,30371,23093,46212,36039,8192,262,126
2021-06-28T23:59:59+02:00,101,85,7699,7455,13513,12890,17198,17832,23915,25460,30636,31953,24066,26904,16680,21316,4972,9409,2722,2932,5338,6390,7459,9587,14589,17319,22766,24631,19697,22052,14997,19222,4692,8773,207133,136603,30369,23083,46204,35245,8116,262,126
2021-06-27T23:59:59+02:00,88,80,7651,7393,13483,12854,17169,17800,23896,25425,30611,31925,24054,26896,16673,21311,4972,9407,2699,2918,5288,6365,7388,9542,14493,17256,22672,24544,19570,21911,14966,19171,4688,8764,206786,136097,30369,23072,46198,34872,8073,262,126
2021-06-26T23:59:59+02:00,84,77,7150,6842,13091,12556,17057,17700,23833,25365,30575,31890,24046,26879,16669,21300,4971,9406,2598,2809,5103,6177,7189,9353,13950,16804,22017,23913,19423,21770,14921,19118,4686,8756,204638,132525,30369,23072,46198,34852,8073,213,70
2021-06-25T23:59:59+02:00,83,75,6665,6359,12640,12188,16898,17582,23743,25298,30494,31850,24024,26852,16664,21290,4969,9404,2495,2654,4931,5986,6931,9061,13424,16275,21466,23332,19226,21563,14863,19051,4682,8744,202243,128851,30369,23072,46198,34641,8055,213,70
2021-06-24T23:59:59+02:00,73,63,6443,6144,12418,12039,16792,17500,23671,25246,30436,31803,23990,26810,16660,21280,4967,9397,2287,2416,4560,5609,6433,8570,12705,15561,20317,22333,18763,21085,14759,18920,4670,8729,200981,122919,30367,23060,46191,33693,7980,213,70
2021-06-23T23:59:59+02:00,68,61,5870,5645,12256,11927,16674,17387,23598,25199,30373,31753,23956,26787,16653,21266,4963,9393,2250,2365,4497,5489,6342,8420,12473,15272,20074,22076,18464,20757,14662,18806,4659,8712,200474,121903,29030,22913,46182,32507,7930,213,70
2021-06-22T23:59:59+02:00,65,57,5728,5518,12158,11822,16588,17311,23540,25137,30307,31677,23930,26755,16643,21245,4959,9391,2197,2331,4402,5406,6219,8273,11606,14611,19663,21671,18132,20406,14554,18668,4649,8692,199546,120987,29023,21221,46167,31324,7882,213,70
2021-06-21T23:59:59+02:00,62,54,5592,5407,12084,11730,16528,17227,23486,25064,30257,31619,23906,26727,16630,21230,4959,9387,2164,2295,4344,5309,6132,8147,10825,13908,19214,21262,17906,20176,14494,18574,4640,8676,198733,120195,29019,19438,46162,30545,7822,213,70
2021-06-20T23:59:59+02:00,60,52,5476,5281,11921,11547,16464,17104,23435,24998,30215,31564,23890,26707,16624,21215,4954,9382,2146,2267,4303,5269,6062,8099,10722,13829,19102,21135,17749,19986,14428,18491,4636,8669,197726,119662,29016,19435,46156,29952,7778,213,70
2021-06-19T23:59:59+02:00,56,48,5459,5261,11160,10889,15989,16717,23375,24954,30171,31521,23872,26687,16616,21203,4954,9382,2076,2150,4098,5040,5785,7822,10398,13499,18056,20285,17582,19801,14395,18426,4631,8657,195152,115486,29016,19435,46156,29937,7777,213,70
2021-06-18T23:59:59+02:00,53,47,5425,5235,10520,10312,15381,16159,23285,24885,30102,31458,23844,26658,16605,21188,4953,9380,2007,2063,3955,4898,5508,7553,10019,13136,16911,19082,17381,19565,14347,18362,4628,8647,192335,111101,29010,19434,46156,29685,7776,213,70
2021-06-17T23:59:59+02:00,46,38,5309,5132,9842,9809,14894,15773,23186,24799,30022,31364,23804,26612,16591,21167,4953,9377,1878,1957,3699,4654,5126,7194,9483,12652,15731,17892,16922,19078,14206,18189,4615,8623,189858,106017,29008,19426,46153,28769,7634,65,57
2021-06-16T23:59:59+02:00,44,30,5175,4997,9645,9649,14749,15644,23094,24705,29925,31288,23760,26568,16576,21155,4952,9367,1838,1916,3595,4570,5024,7076,8457,11803,15458,17599,16627,18742,14071,18019,4609,8590,188687,105138,28997,17555,46150,27824,7424,65,57
2021-06-15T23:59:59+02:00,39,26,4988,4811,9466,9494,14615,15502,23002,24615,29849,31202,23717,26495,16550,21122,4944,9352,1776,1858,3518,4476,4931,6965,8341,11661,15282,17374,16310,18435,13930,17850,4586,8532,187376,104386,28995,17551,46130,26612,7223,65,57
2021-06-14T23:59:59+02:00,37,23,4912,4747,9373,9387,14537,15413,22933,24541,29779,31142,23685,26456,16536,21104,4941,9346,1755,1835,3484,4452,4890,6933,8242,11598,15144,17240,16130,18231,13840,17753,4581,8525,186636,104161,28991,17548,46124,25795,7076,65,57
2021-06-13T23:59:59+02:00,36,22,4854,4699,9287,9313,14453,15346,22872,24491,29712,31090,23659,26428,16527,21094,4941,9344,1705,1820,3443,4428,4836,6890,8171,11562,15045,17145,15974,18047,13786,17680,4574,8518,186057,103883,28985,17546,46109,25190,6952,65,57
2021-06-12T23:59:59+02:00,34,21,4835,4684,9259,9290,14218,15173,22744,24363,29668,31047,23639,26413,16518,21086,4940,9342,1581,1698,3205,4220,4434,6588,7626,11132,13282,15465,15622,17677,13706,17578,4572,8504,185166,97215,28985,17546,46109,25126,6950,64,57
2021-06-11T23:59:59+02:00,30,20,4781,4630,9179,9237,13901,14953,22548,24215,29573,30957,23602,26368,16500,21074,4939,9339,1478,1565,3021,4012,4135,6224,7119,10589,11654,13591,15147,17103,13592,17432,4557,8490,183810,90337,28983,17545,46109,24895,6880,64,56
2021-06-10T23:59:59+02:00,24,17,4498,4402,8634,8906,12635,13940,21981,23768,29202,30657,23464,26211,16447,21006,4926,9325,1355,1474,2787,3831,3807,5941,6687,10200,10244,12265,14636,16530,13422,17225,4542,8464,178502,85811,28968,17543,46103,23598,6406,64,56
2021-06-09T23:59:59+02:00,21,13,4264,4239,8042,8615,11737,13282,21662,23554,28972,30506,23401,26148,16428,20982,4923,9321,1267,1420,2635,3760,3665,5863,6482,10108,9982,12087,14317,16186,13252,17045,4535,8446,176404,85482,27697,17442,46097,22225,5849,63,56
2021-06-08T23:59:59+02:00,18,10,4134,4139,7640,8389,11251,12992,21436,23375,28773,30354,23343,26073,16396,20940,4917,9312,1189,1394,2500,3703,3507,5797,5587,9364,9514,11728,13987,15786,13028,16812,4521,8424,174656,85133,27326,15295,46072,20986,5375,63,56
2021-06-07T23:59:59+02:00,14,8,4015,4060,7408,8283,10964,12814,21235,23261,28620,30239,23286,26020,16379,20915,4913,9304,1140,1275,2379,3643,3377,5735,5424,9290,9310,11604,13767,15537,12877,16650,4515,8406,173446,84947,27316,15292,46063,19788,4850,63,56
2021-06-06T23:59:59+02:00,12,8,3897,4001,7170,8161,10715,12653,21049,23172,28534,30149,23255,25986,16367,20897,4910,9300,1120,1258,2315,3608,3281,5683,5318,9215,9194,11503,13610,15383,12806,16556,4512,8399,172296,84758,27299,15288,46053,19138,4525,63,56
2021-06-05T23:59:59+02:00,12,8,3869,3964,7132,8121,10538,12496,20425,22666,28373,30004,23205,25941,16353,20878,4910,9296,1088,1157,2152,3157,3049,5147,5148,8886,8416,10556,12962,14545,12693,16409,4501,8389,170264,79392,27299,15288,46051,19007,4515,62,56
2021-06-04T23:59:59+02:00,12,8,3841,3938,7096,8096,10441,12404,20064,22339,28269,29908,23170,25903,16339,20868,4908,9295,1056,1090,2055,2848,2889,4670,4991,8517,7903,9898,11465,12832,12569,16212,4494,8371,168990,73026,27287,15287,46051,18985,4509,62,56
2021-06-03T23:59:59+02:00,7,5,3707,3836,6877,7959,9885,11982,18839,21411,27871,29598,23036,25762,16286,20806,4904,9281,1003,1046,1967,2737,2754,4515,4788,8219,7545,9453,11088,12437,12463,16099,4491,8358,164239,71251,27277,15284,46047,17948,4427,62,56
2021-06-02T23:59:59+02:00,7,5,3700,3828,6865,7942,9875,11971,18651,21231,27800,29549,23013,25741,16280,20797,4901,9279,999,1039,1955,2707,2733,4496,4577,8036,7010,8965,11051,12396,12448,16084,4487,8352,164174,71143,26732,13793,46047,17926,4420,62,56
2021-06-01T23:59:59+02:00,7,5,3573,3752,6628,7795,9587,11779,18196,20884,27563,29354,22919,25639,16239,20745,4898,9267,962,991,1871,2637,2653,4424,4300,7803,6414,8434,10839,12184,12350,15982,4482,8340,162489,70705,25952,12502,46033,17112,4294,62,56
2021-05-31T23:59:59+02:00,7,5,3526,3707,6539,7728,9451,11680,18070,20793,27473,29279,22852,25578,16222,20717,4893,9260,933,967,1804,2597,2573,4382,4194,7739,6296,8360,10653,12016,12249,15867,4472,8332,161650,70346,25922,12497,46020,16412,4126,62,56
2021-05-30T23:59:59+02:00,7,4,3495,3684,6476,7674,9363,11590,17983,20714,27396,29209,22807,25533,16200,20690,4888,9250,929,960,1796,2589,2562,4370,4166,7715,6245,8319,10592,11939,12215,15825,4467,8323,160952,70305,25918,12494,46008,16125,4035,50,56
2021-05-29T23:59:59+02:00,7,4,3484,3665,6440,7647,9319,11553,17945,20675,27251,29104,22752,25459,16185,20670,4885,9246,893,941,1739,2543,2490,4286,3977,7461,5973,8024,8405,9291,12024,15484,4452,8294,160294,64090,25918,12492,45994,15606,4035,50,56
2021-05-28T23:59:59+02:00,7,4,3421,3610,6309,7570,9179,11424,17788,20544,27071,28983,22686,25384,16164,20653,4884,9245,880,927,1721,2523,2454,4233,3826,7164,5779,7763,5721,6192,11747,15088,4437,8245,158944,57273,25916,12492,45990,14879,4026,50,32
2021-05-27T23:59:59+02:00,7,4,3274,3480,6026,7390,8579,11092,17312,20208,26658,28636,22519,25219,16106,20590,4877,9227,830,869,1639,2428,2337,4100,3403,6201,5357,7171,5561,6019,11669,15015,4431,8228,155475,56793,25858,12446,45983,12151,3838,50,32
2021-05-26T23:59:59+02:00,7,4,3167,3397,5807,7224,8207,10806,16847,19902,26357,28400,22371,25086,16055,20516,4864,9207,813,861,1587,2403,2284,4070,3330,6127,5260,7101,5429,5892,11604,14949,4426,8216,152772,56721,25842,12444,45961,11558,3599,50,32
2021-05-25T23:59:59+02:00,7,4,3076,3334,5665,7111,8010,10644,15846,19123,26004,28047,22213,24933,16003,20436,4857,9197,794,844,1551,2359,2213,4011,3255,6060,5176,7037,5264,5724,11496,14869,4418,8205,151220,56658,23919,12259,45947,10953,3376,48,32
2021-05-24T23:59:59+02:00,7,4,3013,3316,5578,7067,7892,10583,14933,18434,25589,27735,22119,24830,15972,20400,4850,9185,786,842,1529,2342,2169,3976,3210,6013,5099,6957,5165,5617,11417,14793,4417,8199,150496,56626,21851,12183,45938,10518,3174,48,32
2021-05-23T23:59:59+02:00,7,4,3010,3312,5570,7060,7883,10575,14928,18433,25588,27734,22119,24830,15972,20400,4850,9185,784,839,1522,2335,2157,3963,3191,5998,5078,6924,5122,5565,11400,14769,4416,8197,150469,56618,21851,12183,45936,10273,3156,48,32
2021-05-22T23:59:59+02:00,6,4,2974,3270,5497,7014,7783,10488,14730,18272,25309,27492,22020,24744,15939,20357,4847,9181,762,818,1479,2283,2106,3884,3078,5878,4766,6359,4552,4825,10757,13948,4406,8158,148936,53378,21851,12183,45936,9312,3156,48,32
2021-05-21T23:59:59+02:00,4,4,2902,3195,5371,6918,7657,10342,14473,18042,25016,27257,21906,24636,15906,20308,4842,9172,731,765,1411,2156,2004,3619,2896,5545,4293,5476,4142,4289,10017,13010,4341,8032,147002,49655,21850,12183,45931,7733,3126,42,32
2021-05-20T23:59:59+02:00,4,4,2771,3032,5093,6663,7372,9976,14014,17559,24405,26709,21636,24341,15813,20189,4828,9142,717,755,1384,2131,1965,3586,2843,5492,4210,5400,4016,4187,9942,12947,4332,8021,142861,49566,21841,12172,45912,7264,2895,42,32
2021-05-19T23:59:59+02:00,4,4,2719,2980,4996,6524,7229,9794,12868,16525,24142,26422,21539,24211,15768,20128,4820,9135,698,729,1359,2083,1933,3501,2780,5346,4115,5294,3935,4097,9889,12883,4329,8017,141491,49538,19771,12108,45842,6649,2662,42,32
2021-05-18T23:59:59+02:00,4,4,2696,2957,4949,6492,7180,9764,12514,16250,23963,26270,21446,24122,15738,20075,4812,9123,669,672,1304,1954,1861,3300,2683,5138,3986,5097,3710,3820,9807,12803,4319,8007,141217,49518,18918,11110,45799,6088,2383,42,32
2021-05-17T23:59:59+02:00,4,4,2670,2936,4906,6422,7092,9656,12362,16072,23814,26110,21392,24071,15720,20052,4807,9115,661,658,1288,1918,1840,3251,2635,5030,3907,4983,3574,3669,9740,12740,4316,7998,140247,49496,18910,11100,45784,5359,2222,42,32
2021-05-16T23:59:59+02:00,4,4,2658,2922,4883,6355,7054,9573,12302,15998,23762,26050,21368,24054,15710,20038,4804,9112,656,652,1278,1915,1823,3242,2613,5018,3878,4962,3523,3603,9701,12708,4315,7996,139810,49486,18902,11089,45762,5142,2135,42,32
2021-05-15T23:59:59+02:00,4,4,2532,2782,4695,6150,6863,9387,11785,15582,23176,25500,21262,23936,15676,19995,4801,9104,606,590,1195,1828,1685,3088,2325,4711,3430,4452,3191,3176,9538,12503,4291,7967,136425,46528,18901,11089,45756,4818,2110,42,32
2021-05-14T23:59:59+02:00,4,4,2416,2606,4500,5925,6586,9074,11249,15073,22609,24933,21117,23797,15640,19937,4797,9093,543,513,1093,1708,1526,2874,1994,4309,2832,3867,2807,2739,9454,12356,4287,7963,132609,43610,18894,11087,45734,4056,2081,42,32
2021-05-13T23:59:59+02:00,4,4,2233,2319,4178,5542,6159,8600,10691,14387,21577,24022,20834,23523,15580,19838,4790,9078,539,513,1080,1692,1511,2855,1984,4283,2810,3841,2791,2721,9447,12352,4286,7963,126708,43535,18841,11079,45708,3963,2060,42,32
2021-05-12T23:59:59+02:00,4,4,2232,2316,4171,5541,6150,8594,10590,14266,21524,23983,20829,23512,15575,19830,4789,9078,531,491,1044,1637,1462,2776,1901,4197,2751,3782,2710,2626,9396,12279,4286,7963,126666,43532,18515,10252,45708,3960,2057,42,32
2021-05-11T23:59:59+02:00,4,4,2111,2277,4087,5476,6025,8480,10286,14016,21332,23821,20753,23441,15560,19797,4785,9073,506,467,983,1577,1393,2685,1801,4059,2678,3708,2556,2399,9332,12178,4285,7963,125725,43514,18178,9419,45427,3650,1956,42,32
2021-05-10T23:59:59+02:00,4,4,2070,2201,3980,5354,5890,8301,9495,13253,20953,23498,20663,23352,15521,19743,4775,9060,493,438,945,1512,1327,2596,1711,3897,2594,3612,2527,2375,9323,12160,4281,7958,124591,43483,16330,9236,45324,3169,1830,42,32
2021-05-09T23:59:59+02:00,4,4,2038,2186,3946,5314,5839,8253,9429,13184,20884,23425,20630,23311,15506,19716,4772,9046,486,429,924,1469,1303,2548,1677,3835,2556,3569,2518,2363,9313,12143,4281,7950,124148,43424,16326,9233,45230,2935,1741,42,32
2021-05-08T23:59:59+02:00,4,4,1975,2085,3762,5139,5566,8047,9118,12899,19751,22496,20434,23116,15473,19647,4767,9034,413,399,859,1429,1227,2476,1589,3733,2338,3357,1974,1936,9219,12058,4280,7950,120020,41969,16325,9232,45227,2294,1740,5,3
2021-05-07T23:59:59+02:00,4,4,1887,1973,3578,4968,5246,7751,8709,12528,18504,21226,20252,22904,15428,19589,4758,9015,322,340,750,1355,1097,2347,1455,3589,2167,3166,1607,1602,8731,11613,4279,7948,115082,40248,16323,9229,45206,1181,1708,5,3
2021-05-06T23:59:59+02:00,4,4,1703,1864,3292,4716,4796,7347,8067,11964,17264,19983,19918,22526,15321,19426,4748,9004,305,331,729,1326,1057,2301,1407,3505,2100,3098,1571,1547,8714,11582,4273,7945,109228,40229,16316,9223,44972,911,1426,5,3
2021-05-05T23:59:59+02:00,4,3,1633,1834,3214,4629,4719,7243,7936,11813,17108,19837,19798,22407,15245,19330,4726,8908,294,319,687,1274,996,2226,1325,3355,1991,2981,1478,1449,8301,11014,4267,7927,108471,40193,16173,8100,44803,654,935,5,3
2021-05-04T23:59:59+02:00,4,3,1607,1805,3172,4555,4660,7133,7685,11519,16550,19258,19712,22277,15171,19233,4698,8798,278,306,664,1246,975,2172,1267,3236,1878,2824,1406,1343,8232,10911,4263,7909,107786,40168,14827,7824,44700,394,522,5,3
2021-05-03T23:59:59+02:00,4,3,1599,1801,3164,4541,4622,7111,7432,11288,15858,18662,19648,22192,15145,19199,4692,8788,263,285,642,1165,927,2084,1204,3098,1780,2687,1340,1263,8207,10876,4259,7900,107704,40159,13231,7617,44660,53,149,5,3
2021-05-02T23:59:59+02:00,4,3,1598,1798,3159,4539,4618,7108,7419,11278,15840,18650,19632,22184,15145,19197,4691,8788,263,283,639,1164,922,2081,1194,3092,1772,2680,1326,1256,8206,10871,4258,7900,107677,40137,13229,7615,44637,50,103,5,3
2021-05-01T23:59:59+02:00,4,3,1466,1656,2879,4291,4153,6749,6803,10795,13918,16777,19251,21789,15054,19081,4688,8772,261,283,636,1162,921,2078,1192,3091,1770,2676,1321,1252,8204,10869,4258,7900,100163,40107,13229,7615,44633,50,100,4,3
2021-04-30T23:59:59+02:00,3,3,1343,1506,2664,4068,3823,6354,6236,10200,12128,14739,18793,21250,14950,18939,4674,8762,256,282,629,1155,906,2070,1180,3081,1758,2662,1310,1243,8200,10864,4257,7900,92541,40060,13229,7615,44633,47,29,3,3
2021-04-29T23:59:59+02:00,2,3,1227,1441,2500,3942,3583,6150,5879,9897,10788,13462,18535,20973,14907,18869,4670,8756,255,278,624,1148,894,2064,1160,3076,1728,2626,1284,1219,8194,10855,4257,7900,87855,40028,13220,7482,44494,38,12,3,3
2021-04-28T23:59:59+02:00,2,3,1168,1435,2450,3923,3533,6126,5817,9864,10691,13394,18505,20939,14900,18853,4670,8753,255,277,622,1147,891,2062,1157,3072,1720,2625,1278,1201,7752,10336,4257,7900,87586,40007,13170,6498,44256,34,11,3,3
2021-04-27T23:59:59+02:00,2,3,1120,1409,2348,3879,3469,6099,5698,9809,10574,13318,18472,20901,14887,18838,4669,8751,254,277,620,1140,890,2060,1153,3069,1716,2621,1267,1184,7336,9756,4257,7900,87081,39988,13117,5470,44035,30,10,3,3
2021-04-26T23:59:59+02:00,2,3,1078,1380,2258,3787,3342,5999,5531,9689,10271,13059,18410,20847,14879,18820,4667,8751,253,276,619,1139,884,2057,1146,3066,1698,2611,1252,1171,7327,9736,4257,7900,85745,39902,13107,5449,43908,29,10,3,3
2021-04-25T23:59:59+02:00,2,3,1075,1377,2250,3785,3335,5995,5511,9682,10236,13029,18400,20835,14878,18814,4667,8750,252,276,619,1139,884,2057,1143,3066,1698,2611,1252,1171,7327,9734,4257,7900,85722,39899,13098,5447,43792,29,9,3,3
2021-04-24T23:59:59+02:00,2,2,1032,1260,2064,3248,3065,5383,5317,9270,9405,11984,17694,19941,14764,18655,4659,8739,251,275,618,1138,884,2056,1143,3065,1692,2606,1249,1166,7325,9733,4257,7899,79607,39875,13098,5443,43768,29,8,3,3
2021-04-23T23:59:59+02:00,1,2,1000,1177,1952,2901,2883,4832,5122,8841,8852,11263,16065,18085,14619,18449,4651,8716,251,275,617,1138,882,2054,1142,3065,1691,2605,1245,1161,7321,9731,4257,7898,72595,39862,13097,5432,43708,29,8,3,3
2021-04-22T23:59:59+02:00,1,2,995,1166,1933,2885,2863,4813,5065,8795,8741,11160,15995,18008,14593,18419,4649,8711,249,275,614,1137,879,2053,1134,3053,1676,2585,1221,1139,7316,9723,4257,7898,72549,39849,13041,5322,43193,28,8,3,3
2021-04-21T23:59:59+02:00,1,2,986,1158,1921,2872,2836,4787,5019,8740,8634,11037,15909,17924,14564,18385,4649,8706,244,272,604,1128,865,2024,1124,3028,1665,2560,1208,1126,7093,9407,4256,7898,72509,39842,12985,4623,42625,27,8,3,3
2021-04-20T23:59:59+02:00,1,2,959,1109,1869,2757,2763,4626,4926,8561,8460,10830,15678,17643,14506,18326,4642,8700,231,269,586,1107,839,1994,1096,3002,1630,2519,1189,1113,7085,9402,4255,7897,72473,39821,11856,4358,42018,25,8,3,3
2021-04-19T23:59:59+02:00,1,2,950,1100,1837,2736,2713,4601,4802,8500,8260,10719,15586,17545,14484,18307,4642,8694,225,261,568,1085,821,1962,1078,2959,1585,2464,1171,1094,7078,9399,4253,7896,72073,39787,11834,4079,41561,23,8,3,3
2021-04-18T23:59:59+02:00,1,2,947,1099,1832,2730,2705,4589,4784,8488,8220,10677,15537,17486,14474,18290,4641,8692,225,261,568,1084,820,1962,1078,2959,1585,2463,1171,1093,7076,9398,4252,7896,72027,39781,11831,4077,41325,23,8,3,3
2021-04-17T23:59:59+02:00,0,2,914,1085,1783,2692,2637,4510,4630,8348,7958,10449,13175,14586,14277,17938,4624,8656,223,261,568,1081,816,1956,1066,2952,1575,2443,1134,1052,6745,8982,4227,7848,65218,38830,11831,4066,41204,23,8,3,3
2021-04-16T23:59:59+02:00,0,2,907,1079,1771,2679,2594,4471,4537,8264,7767,10251,10350,11335,14003,17522,4605,8600,221,256,567,1078,811,1952,1056,2949,1567,2431,1123,1039,6739,8977,4224,7845,57932,38753,11829,4050,40965,23,8,3,2
2021-04-15T23:59:59+02:00,0,2,894,1074,1749,2665,2552,4438,4425,8203,7536,10050,10101,11116,13941,17456,4599,8586,219,256,567,1076,810,1950,1053,2946,1564,2428,1118,1035,6737,8975,4224,7845,57909,38739,11827,4033,39640,22,8,3,2
2021-04-14T23:59:59+02:00,0,2,875,1046,1691,2582,2463,4315,4236,8022,7263,9767,9728,10635,13792,17278,4593,8577,194,233,526,1025,787,1883,1018,2866,1514,2367,1092,1005,6733,8966,4224,7844,57877,38723,10880,3526,38097,20,8,3,1
2021-04-13T23:59:59+02:00,0,2,850,1024,1653,2530,2395,4232,4135,7886,7052,9552,9323,10118,13648,17111,4588,8565,158,209,491,976,747,1790,984,2756,1462,2297,1073,970,6717,8955,4223,7844,57833,38659,9934,2971,36886,14,8,3,1
2021-04-12T23:59:59+02:00,0,2,846,1022,1634,2527,2365,4219,4082,7835,6912,9381,9058,9804,13584,17052,4577,8549,147,195,463,937,724,1725,963,2684,1418,2247,1051,954,6701,8935,4220,7839,57775,38543,9903,2638,35760,14,8,3,1
2021-04-11T23:59:59+02:00,0,2,845,1021,1623,2527,2352,4217,4059,7823,6847,9320,8924,9639,13557,17004,4572,8540,147,195,463,935,724,1724,961,2684,1417,2247,1051,954,6699,8935,4220,7839,57763,38537,9901,2637,35197,13,8,3,1
2021-04-10T23:59:59+02:00,0,2,829,1016,1595,2498,2315,4188,3988,7767,6715,9203,8368,8904,12894,16152,4561,8498,144,195,461,932,719,1721,961,2678,1408,2240,1038,938,6230,8438,4205,7823,54433,37474,9900,2636,35149,13,8,3,1
2021-04-09T23:59:59+02:00,0,2,807,987,1555,2450,2248,4107,3835,7608,6368,8873,7847,8246,12080,15129,4491,8361,142,194,459,927,713,1714,953,2668,1393,2230,1016,917,5988,8169,4188,7796,50464,36814,9895,2632,34624,13,8,3,1
2021-04-08T23:59:59+02:00,0,2,798,977,1528,2426,2182,4058,3700,7521,6114,8574,7234,7591,11921,14929,4480,8344,142,191,454,925,708,1707,945,2658,1386,2217,1004,915,5985,8167,4187,7796,50431,36794,9871,2572,32066,13,8,3,1
2021-04-07T23:59:59+02:00,0,2,792,968,1502,2408,2124,4020,3614,7451,5885,8308,6681,6963,11318,14180,4468,8317,123,184,425,878,662,1638,889,2588,1336,2148,983,899,5977,8161,4186,7796,50404,36770,8719,2083,29868,13,7,3,1
2021-04-06T23:59:59+02:00,0,2,788,966,1488,2400,2095,3998,3541,7402,5704,8137,6234,6456,11117,13964,4453,8289,100,163,376,817,617,1563,846,2488,1284,2084,959,883,5960,8148,4184,7792,50333,36745,8536,1499,28155,13,7,3,1
2021-04-05T23:59:59+02:00,0,2,783,962,1472,2393,2072,3989,3490,7376,5561,8027,6033,6242,11050,13878,4447,8279,94,161,375,815,610,1554,838,2473,1271,2066,931,853,4870,6749,4106,7686,50137,33943,8532,1489,27377,13,7,3,1
2021-04-04T23:59:59+02:00,0,2,781,957,1470,2391,2068,3987,3473,7369,5551,8020,6022,6222,11036,13860,4445,8276,94,161,373,813,607,1549,831,2466,1256,2046,908,831,3870,5588,4040,7580,50123,31504,8530,1489,27267,13,7,3,1
2021-04-03T23:59:59+02:00,0,2,729,902,1388,2322,1945,3848,3212,7109,5091,7529,5679,5767,10865,13643,4419,8247,92,161,373,812,607,1547,830,2466,1256,2046,908,831,3870,5585,4040,7579,46892,31494,8530,1489,27265,13,7,3,1
2021-04-02T23:59:59+02:00,0,2,686,868,1333,2254,1847,3734,2956,6849,4578,7050,5289,5308,10768,13480,4414,8241,91,160,373,812,607,1547,828,2466,1254,2042,906,827,3867,5582,4039,7579,43972,31473,8529,1488,27147,13,6,3,1
2021-04-01T23:59:59+02:00,0,2,683,866,1323,2250,1827,3726,2927,6835,4504,6977,5181,5200,10729,13431,4413,8237,91,160,371,808,605,1544,828,2463,1250,2038,896,826,3863,5580,4038,7578,43958,31464,8385,1456,26759,13,6,3,1
2021-03-31T23:59:59+02:00,0,2,681,864,1316,2234,1819,3716,2900,6807,4441,6931,5042,5040,10220,12825,4409,8229,91,160,370,808,605,1544,828,2463,1248,2038,895,826,3863,5579,4038,7577,43946,31458,7258,1456,26263,13,6,3,1
2021-03-30T23:59:59+02:00,0,2,672,861,1298,2214,1789,3687,2865,6772,4356,6842,4875,4847,9695,12125,4402,8214,86,157,369,804,600,1541,823,2457,1240,2036,884,816,3855,5576,4037,7576,43921,31437,6073,1403,25513,11,6,3,1
2021-03-29T23:59:59+02:00,0,2,667,853,1285,2179,1772,3656,2834,6730,4286,6757,4676,4650,9610,12031,4399,8200,86,157,369,802,597,1537,821,2451,1236,2029,876,810,3847,5569,4037,7576,43854,31424,5856,1359,24868,11,6,3,1
2021-03-28T23:59:59+02:00,0,2,664,851,1282,2176,1757,3646,2819,6718,4252,6704,4580,4540,9573,11967,4394,8193,86,157,369,801,597,1537,819,2451,1234,2029,875,810,3846,5569,4037,7576,43832,31422,5847,1354,24430,11,6,3,1
2021-03-27T23:59:59+01:00,0,2,660,846,1273,2171,1741,3630,2791,6688,4089,6561,4004,4087,9344,11720,4381,8174,86,157,367,799,595,1535,817,2448,1226,2023,871,806,3669,5280,3936,7407,41890,30651,5843,1354,24420,11,6,3,1
2021-03-26T23:59:59+01:00,0,2,654,838,1265,2161,1721,3613,2765,6666,4014,6483,3599,3723,8748,11164,4368,8160,86,157,366,798,594,1532,813,2445,1217,2019,859,793,2953,4341,3727,7064,39963,28393,5830,1354,24143,11,6,2,1
2021-03-25T23:59:59+01:00,0,2,647,833,1252,2147,1702,3589,2706,6627,3931,6405,3424,3506,8639,11053,4363,8154,86,157,366,798,594,1532,813,2444,1216,2019,859,793,2952,4340,3726,7063,39950,28387,5723,1354,23299,11,6,2,1
2021-03-24T23:59:59+01:00,0,2,641,826,1219,2122,1657,3544,2628,6559,3775,6256,3106,3144,8233,10506,4354,8142,82,155,354,785,578,1514,780,2410,1166,1987,826,756,2943,4334,3726,7060,39927,28087,4969,1353,21810,10,6,2,1
2021-03-23T23:59:59+01:00,0,2,628,818,1194,2090,1615,3497,2548,6478,3626,6102,2727,2762,8017,10287,4347,8126,77,151,342,763,543,1483,719,2347,1064,1906,743,695,2908,4300,3722,7056,39886,27458,4679,1346,20291,9,6,2,1
2021-03-22T23:59:59+01:00,0,2,604,705,1158,2036,1582,3442,2495,6408,3486,5971,2485,2524,7687,9932,4331,8090,77,150,342,763,543,1481,718,2346,1061,1906,742,692,2904,4295,3721,7053,39418,27433,4356,1346,19156,9,6,2,1
2021-03-21T23:59:59+01:00,0,2,603,702,1153,2028,1571,3432,2478,6393,3449,5937,2344,2360,7594,9820,4323,8076,77,150,342,762,543,1481,718,2346,1061,1906,742,692,2904,4294,3721,7053,39414,27431,4342,1346,18501,9,6,2,1
2021-03-20T23:59:59+01:00,0,2,602,702,1151,2022,1565,3425,2472,6387,3432,5915,2312,2322,7104,9302,4307,8060,77,150,342,762,542,1481,716,2345,1061,1905,742,692,2904,4292,3719,7051,38377,27420,4330,1346,18367,9,6,2,1
2021-03-19T23:59:59+01:00,0,2,595,695,1137,2006,1530,3402,2402,6248,3370,5808,2129,2143,6797,8985,4288,8035,77,150,341,756,538,1478,711,2336,1050,1892,733,686,2481,3690,3305,6306,37774,25176,4314,1346,17476,2,6,2,1
2021-03-18T23:59:59+01:00,0,2,580,679,1117,1976,1503,3372,2362,6180,3297,5719,1977,1947,6679,8867,4282,8024,76,150,341,755,537,1478,710,2332,1047,1891,726,683,2431,3618,3278,6264,37754,24985,4303,1324,16498,2,6,2,1
2021-03-17T23:59:59+01:00,0,1,551,653,1072,1921,1466,3288,2284,6063,3145,5564,1722,1681,6513,8714,4272,8009,75,146,329,728,521,1434,688,2275,1009,1850,709,664,2193,3326,3198,6140,37683,24024,3780,1253,15449,2,6,1,1
2021-03-16T23:59:59+01:00,0,1,507,624,1032,1865,1415,3184,2219,5909,3029,5430,1526,1459,6379,8567,4262,7988,69,133,308,672,491,1357,659,2140,980,1722,660,614,2083,3192,3175,6056,37628,23282,3161,1022,14601,2,5,1,1
2021-03-15T23:59:59+01:00,0,1,495,613,1001,1820,1381,3116,2188,5824,2942,5347,1403,1325,5800,7881,4224,7925,66,126,293,614,476,1237,621,2010,940,1609,632,594,2046,3153,3162,5997,36397,22886,2808,688,14080,2,0,1,1
2021-03-14T23:59:59+01:00,0,1,490,607,991,1808,1378,3099,2172,5806,2908,5320,1361,1275,5408,7434,4201,7907,65,121,289,591,470,1210,615,1954,930,1584,632,594,2046,3153,3161,5995,35582,22880,2803,528,13780,2,0,1,1
2021-03-13T23:59:59+01:00,0,1,469,589,954,1761,1325,3035,1916,5218,2668,4908,1256,1162,4758,6587,4151,7831,65,121,288,588,468,1208,613,1952,929,1580,630,589,1688,2673,2639,5243,33911,20744,2799,528,11878,2,0,1,1
2021-03-12T23:59:59+01:00,0,1,453,568,934,1720,1295,2954,1712,4431,2461,4459,1186,1079,4062,5787,4104,7749,65,119,287,584,468,1205,611,1944,925,1575,627,582,1369,2137,2107,4452,32239,18528,2796,528,9919,1,0,1,1
2021-03-11T23:59:59+01:00,0,1,449,561,926,1709,1280,2937,1687,4397,2425,4423,1112,1025,4020,5751,4101,7745,65,112,281,563,454,1153,602,1895,906,1539,615,569,1363,2120,2098,4403,32207,18281,2703,456,9638,1,0,1,1
2021-03-10T23:59:59+01:00,0,1,428,550,881,1651,1226,2860,1614,4300,2359,4330,1079,1002,4004,5736,4100,7743,65,112,279,559,451,1146,597,1873,906,1534,609,561,1303,2034,2055,4347,32192,17998,2138,432,9533,1,0,1,1
2021-03-09T23:59:59+01:00,0,1,406,534,833,1601,1185,2797,1573,4217,2316,4277,1058,991,3998,5729,4099,7742,63,111,278,558,450,1135,595,1861,900,1529,607,555,1099,1725,1940,4175,32146,17175,1689,405,9521,1,0,1,1
2021-03-08T23:59:59+01:00,0,1,399,523,823,1587,1176,2781,1565,4192,2305,4264,1045,981,3963,5682,4097,7737,62,111,274,553,446,1129,594,1857,896,1527,607,555,1030,1635,1895,4132,32021,16921,1593,381,9506,1,0,1,1
2021-03-07T23:59:59+01:00,0,1,398,520,823,1586,1174,2779,1561,4186,2295,4259,1039,973,3957,5676,4096,7736,59,108,265,531,434,1103,579,1757,861,1452,606,555,927,1506,1845,4064,32005,16564,1554,88,9499,0,0,1,1
2021-03-06T23:59:59+01:00,0,1,390,504,804,1553,1151,2721,1520,4119,2102,3763,1010,936,3784,5405,3999,7575,59,108,265,531,434,1102,579,1757,861,1452,606,555,924,1505,1842,4063,31298,16555,1554,88,8484,0,0,1,1
2021-03-05T23:59:59+01:00,0,1,375,464,771,1449,1101,2504,1445,3906,1889,3093,982,891,3039,4446,3795,7236,59,107,264,528,431,1096,578,1752,857,1449,603,553,885,1447,1819,4025,29003,16365,1553,88,6830,0,0,1,1
2021-03-04T23:59:59+01:00,0,1,360,456,764,1429,1088,2481,1426,3877,1866,3074,969,887,3035,4442,3792,7234,59,106,261,525,427,1080,568,1730,856,1441,601,551,848,1393,1796,3990,28990,16207,1515,25,6675,0,0,1,1
2021-03-03T23:59:59+01:00,0,1,349,424,745,1378,1058,2398,1376,3723,1788,2977,936,843,3025,4436,3792,7231,58,106,258,523,426,1076,566,1721,853,1437,601,550,828,1340,1711,3845,28678,15876,1515,23,6286,0,0,1,1
2021-03-02T23:59:59+01:00,0,1,343,415,729,1354,1010,2353,1307,3639,1672,2881,848,777,2983,4399,3786,7226,58,106,257,519,425,1069,566,1715,853,1433,600,550,828,1340,1711,3845,28041,15852,1452,23,6229,0,0,1,1
2021-03-01T23:59:59+01:00,0,1,339,401,722,1307,998,2295,1287,3557,1646,2832,830,768,2975,4390,3786,7226,58,105,256,515,420,1055,562,1702,844,1425,599,548,732,1188,1658,3765,28002,15409,1404,23,5953,0,0,1,1
2021-02-28T23:59:59+01:00,0,1,334,388,714,1268,985,2219,1275,3470,1624,2753,826,758,2973,4386,3785,7224,58,105,256,515,420,1054,562,1702,843,1425,599,547,636,1064,1612,3685,27991,15060,1401,23,5590,0,0,1,1
2021-02-27T23:59:59+01:00,0,1,325,368,700,1243,965,2182,1240,3402,1601,2700,809,743,2970,4386,3784,7224,58,105,256,515,420,1054,561,1702,842,1425,599,547,636,1063,1612,3685,27989,15057,1401,23,5252,0,0,1,1
2021-02-26T23:59:59+01:00,0,1,300,315,652,1178,901,2064,1150,3236,1497,2561,780,721,2541,3781,3367,6458,58,105,253,513,420,1052,559,1700,839,1419,595,544,629,1051,1603,3666,25727,14983,1401,23,4374,0,0,1,1
2021-02-25T23:59:59+01:00,0,1,295,302,639,1147,880,2022,1131,3170,1479,2516,777,718,2495,3708,3337,6415,56,103,249,504,420,1048,554,1690,836,1408,589,539,552,942,1559,3610,25509,14638,1401,21,4121,0,0,1,1
2021-02-24T23:59:59+01:00,0,1,276,292,588,1100,833,1955,1073,3075,1435,2458,760,699,2257,3407,3256,6285,55,99,245,497,414,1031,546,1668,833,1389,583,528,539,922,1548,3588,24529,14470,1401,15,3819,0,0,1,1
2021-02-23T23:59:59+01:00,0,1,263,272,560,1043,796,1878,1005,2926,1363,2356,709,649,2146,3272,3233,6195,55,98,243,491,414,1015,536,1636,826,1367,575,522,524,875,1537,3544,23741,14243,1396,15,3529,0,0,1,1
2021-02-22T23:59:59+01:00,0,1,259,266,548,981,777,1802,980,2832,1327,2296,686,629,2119,3237,3225,6138,55,97,237,485,412,1002,527,1620,822,1342,561,510,507,850,1531,3494,23352,14037,1396,15,3354,0,0,1,1
2021-02-21T23:59:59+01:00,0,1,256,258,539,956,764,1765,972,2784,1297,2270,686,627,2117,3237,3224,6137,55,97,236,485,412,1002,527,1620,822,1341,561,509,507,850,1531,3493,23346,14033,1396,15,3147,0,0,1,1
2021-02-20T23:59:59+01:00,0,1,172,227,468,907,696,1688,902,2695,1212,2171,671,612,1752,2723,2676,5344,55,97,236,485,412,1002,527,1619,822,1341,561,509,507,850,1531,3493,21101,14032,1396,15,2419,0,0,1,1
2021-02-19T23:59:59+01:00,0,1,82,164,357,826,570,1555,769,2546,1078,2019,655,591,1450,2211,2142,4556,55,97,236,485,412,1001,527,1619,822,1340,561,509,499,846,1530,3487,18923,14012,1396,14,1252,0,0,1,1
2021-02-18T23:59:59+01:00,0,1,79,159,345,777,549,1466,736,2406,1045,1952,640,581,1441,2193,2133,4507,52,90,232,463,398,936,512,1539,803,1266,547,495,493,828,1529,3470,18687,13639,1371,14,951,0,0,1,1
2021-02-17T23:59:59+01:00,0,1,78,151,331,754,540,1433,707,2313,1009,1854,634,571,1383,2106,2087,4458,52,87,230,454,390,898,501,1474,784,1184,534,483,491,826,1529,3470,18429,13373,1298,14,682,0,0,1,1
2021-02-16T23:59:59+01:00,0,1,73,145,316,715,512,1360,675,2205,984,1750,624,564,1140,1762,1969,4281,51,78,229,449,384,868,488,1409,758,1117,513,470,489,826,1526,3469,17525,13122,1060,2,490,0,0,1,1
2021-02-15T23:59:59+01:00,0,1,68,129,290,612,477,1219,620,1993,934,1591,615,562,1057,1657,1918,4219,51,78,227,444,380,862,487,1405,755,1110,513,470,488,823,1525,3466,17202,13084,722,0,37,0,0,1,1
2021-02-14T23:59:59+01:00,0,1,67,122,285,587,472,1190,609,1939,920,1569,615,562,960,1534,1873,4163,51,78,227,444,380,862,487,1403,755,1110,513,470,488,823,1525,3466,16878,13082,567,0,22,0,0,1,1
2021-02-13T23:59:59+01:00,0,1,67,121,285,586,471,1186,608,1937,918,1566,614,561,959,1526,1869,4160,51,78,227,443,378,858,486,1398,753,1109,511,468,471,785,1270,3008,16845,12294,567,0,22,0,0,1,1
2021-02-12T23:59:59+01:00,0,1,66,121,284,585,467,1182,608,1934,915,1565,611,560,920,1475,1849,4120,51,78,227,439,375,849,481,1389,747,1103,504,460,453,746,924,2316,16676,11142,567,0,19,0,0,1,1
2021-02-11T23:59:59+01:00,0,1,66,115,281,574,454,1155,602,1908,908,1553,610,559,878,1417,1827,4083,51,75,212,409,361,802,465,1316,732,1071,501,459,453,746,923,2315,16501,10892,484,0,5,0,0,1,0
2021-02-10T23:59:59+01:00,0,1,65,115,277,571,452,1151,598,1892,903,1549,610,559,870,1401,1806,4039,50,65,178,332,307,699,415,1144,653,978,466,447,448,745,923,2314,16400,10165,457,0,1,0,0,1,0
2021-02-09T23:59:59+01:00,0,1,63,114,271,568,449,1138,597,1878,897,1543,609,558,858,1366,1741,3936,42,53,125,255,231,548,334,942,551,824,431,436,444,744,921,2314,16157,9196,429,0,0,0,0,1,0
2021-02-08T23:59:59+01:00,0,1,62,114,268,559,446,1131,596,1863,891,1535,608,556,757,1216,1687,3854,38,43,86,165,168,410,268,704,491,689,423,429,440,741,920,2314,15739,8330,404,0,0,0,0,1,0
2021-02-07T23:59:59+01:00,0,1,59,111,259,536,431,1100,580,1760,856,1456,607,555,655,1089,1640,3771,37,42,82,163,165,403,263,691,486,678,421,428,440,741,920,2313,15370,8274,95,0,0,0,0,1,0
2021-02-06T23:59:59+01:00,0,1,59,111,258,536,431,1100,578,1759,854,1453,604,553,653,1080,1634,3764,34,41,81,160,162,393,259,683,475,670,413,427,404,693,687,1933,15332,7516,95,0,0,0,0,1,0
2021-02-05T23:59:59+01:00,0,1,59,111,256,533,431,1098,577,1758,852,1451,603,553,643,1073,1628,3753,32,39,77,154,157,385,251,664,458,660,407,427,398,668,299,1311,15284,6388,95,0,0,0,0,1,0
2021-02-04T23:59:59+01:00,0,1,57,109,251,526,425,1082,561,1731,848,1437,596,544,560,957,1580,3695,31,36,73,149,151,374,237,643,441,646,402,421,393,661,297,1306,14932,6262,27,0,0,0,0,1,0
2021-02-03T23:59:59+01:00,0,1,56,104,247,519,424,1062,558,1716,846,1422,592,534,550,947,1577,3682,24,28,59,117,118,275,173,503,332,497,300,321,318,520,226,1045,14811,4857,25,0,0,0,0,1,0
2021-02-02T23:59:59+01:00,0,1,56,103,244,513,424,1044,546,1683,838,1398,579,525,539,902,1568,3638,17,21,40,76,82,181,121,339,217,358,211,215,202,326,162,691,14575,3260,25,0,0,0,0,1,0
2021-02-01T23:59:59+01:00,0,1,56,101,240,505,422,1028,538,1662,833,1375,571,519,522,873,1560,3594,7,11,20,40,44,93,64,168,94,161,99,98,85,152,70,306,14374,1512,25,0,0,0,0,1,0
2021-01-31T23:59:59+01:00,0,1,56,101,239,504,420,1024,536,1657,831,1372,571,518,522,873,1560,3593,7,11,18,36,39,79,60,142,81,146,95,98,84,151,68,305,14352,1420,25,0,0,0,0,1,0
2021-01-30T23:59:59+01:00,0,1,56,101,239,504,420,1024,536,1657,831,1372,571,518,522,873,1560,3593,7,11,18,36,39,79,60,142,81,146,95,97,84,151,68,305,14352,1419,25,0,0,0,0,1,0
2021-01-29T23:59:59+01:00,0,1,56,101,239,504,420,1024,536,1657,831,1372,571,518,522,873,1560,3593,7,11,18,36,39,79,60,142,81,146,95,97,84,151,68,305,14352,1419,25,0,0,0,0,1,0
2021-01-28T23:59:59+01:00,0,1,54,93,235,476,408,958,518,1571,809,1290,558,503,516,856,1558,3579,3,2,4,6,10,13,19,34,21,31,16,20,19,33,17,91,13963,339,19,0,0,0,0,1,0
2021-01-27T23:59:59+01:00,0,1,52,89,235,466,400,919,508,1505,789,1207,546,490,514,854,1558,3579,3,2,4,6,8,13,19,33,21,30,16,20,19,33,17,91,13694,335,17,0,0,0,0,1,0
2021-01-26T23:59:59+01:00,0,1,51,83,231,463,393,890,497,1437,764,1140,524,477,512,854,1558,3579,1,2,4,6,8,12,17,29,17,25,14,18,17,31,17,84,13437,302,16,0,0,0,0,1,0
2021-01-25T23:59:59+01:00,0,1,51,83,228,458,389,884,497,1434,762,1135,524,477,512,853,1558,3577,0,0,0,0,0,0,0,0,0,0,1,1,0,2,0,0,13407,4,15,0,0,0,0,1,0
2021-01-24T23:59:59+01:00,0,1,51,83,228,458,389,884,497,1433,762,1135,524,477,512,853,1558,3577,0,0,0,0,0,0,0,0,0,0,1,1,0,2,0,0,13406,4,15,0,0,0,0,1,0
2021-01-23T23:59:59+01:00,0,1,51,83,228,457,388,880,497,1427,761,1133,521,475,495,815,1305,3109,0,0,0,0,0,0,0,0,0,0,1,1,0,2,0,0,12610,4,15,0,0,0,0,1,0
2021-01-22T23:59:59+01:00,0,1,51,83,227,453,384,871,492,1417,756,1125,515,467,478,774,947,2394,0,0,0,0,0,0,0,0,0,0,1,1,0,2,0,0,11420,4,15,0,0,0,0,0,0
2021-01-21T23:59:59+01:00,0,1,51,80,209,420,357,815,465,1318,730,1091,511,467,478,774,946,2393,0,0,0,0,0,0,0,0,0,0,1,1,0,2,0,0,11091,4,15,0,0,0,0,0,0
2021-01-20T23:59:59+01:00,0,1,49,70,181,349,316,730,423,1164,660,1000,475,456,473,774,946,2392,0,0,0,0,0,0,0,0,0,0,1,1,0,2,0,0,10444,4,15,0,0,0,0,0,0
2021-01-19T23:59:59+01:00,0,1,43,57,135,272,243,571,346,982,570,860,440,444,469,772,946,2392,0,0,0,0,0,0,0,0,0,0,1,0,0,2,0,0,9536,3,7,0,0,0,0,0,0
2021-01-18T23:59:59+01:00,0,1,39,44,86,173,174,421,278,719,499,703,431,437,466,767,944,2392,0,0,0,0,0,0,0,0,0,0,0,0,0,1,0,0,8574,1,0,0,0,0,0,0,0
2021-01-17T23:59:59+01:00,0,1,37,43,83,169,170,413,274,708,494,690,429,437,466,767,944,2391,0,0,0,0,0,0,0,0,0,0,0,0,0,0,0,0,8516,0,0,0,0,0,0,0,0
2021-01-16T23:59:59+01:00,0,1,34,42,81,167,166,404,267,701,479,682,421,436,427,720,704,2006,0,0,0,0,0,0,0,0,0,0,0,0,0,0,0,0,7738,0,0,0,0,0,0,0,0
2021-01-15T23:59:59+01:00,0,1,32,40,78,160,163,398,260,684,465,674,415,435,422,696,310,1375,0,0,0,0,0,0,0,0,0,0,0,0,0,0,0,0,6608,0,0,0,0,0,0,0,0
2021-01-14T23:59:59+01:00,0,1,32,38,77,156,158,393,252,675,454,666,412,433,422,695,310,1375,0,0,0,0,0,0,0,0,0,0,0,0,0,0,0,0,6549,0,0,0,0,0,0,0,0
2021-01-13T23:59:59+01:00,0,0,24,31,61,123,123,298,192,541,346,523,315,332,348,550,239,1106,0,0,0,0,0,0,0,0,0,0,0,0,0,0,0,0,5152,0,0,0,0,0,0,0,0
2021-01-12T23:59:59+01:00,0,0,17,24,45,85,88,210,139,391,236,387,225,226,227,354,173,749,0,0,0,0,0,0,0,0,0,0,0,0,0,0,0,0,3576,0,0,0,0,0,0,0,0
2021-01-11T23:59:59+01:00,0,0,9,15,26,44,58,134,88,220,124,205,112,107,99,172,80,333,0,0,0,0,0,0,0,0,0,0,0,0,0,0,0,0,1826,0,0,0,0,0,0,0,0
2021-01-10T23:59:59+01:00,0,0,8,15,22,41,51,106,80,179,105,172,106,104,95,170,77,333,0,0,0,0,0,0,0,0,0,0,0,0,0,0,0,0,1664,0,0,0,0,0,0,0,0
2021-01-09T23:59:59+01:00,0,0,8,15,22,41,51,106,80,179,105,172,106,103,95,170,77,333,0,0,0,0,0,0,0,0,0,0,0,0,0,0,0,0,1663,0,0,0,0,0,0,0,0
2021-01-08T23:59:59+01:00,0,0,8,14,21,40,49,100,75,168,99,169,103,99,90,161,75,325,0,0,0,0,0,0,0,0,0,0,0,0,0,0,0,0,1596,0,0,0,0,0,0,0,0
2021-01-07T23:59:59+01:00,0,0,3,3,4,7,10,14,20,34,23,34,17,20,20,34,19,95,0,0,0,0,0,0,0,0,0,0,0,0,0,0,0,0,357,0,0,0,0,0,0,0,0
2021-01-06T23:59:59+01:00,0,0,3,2,4,6,8,13,20,33,21,31,17,20,20,34,19,94,0,0,0,0,0,0,0,0,0,0,0,0,0,0,0,0,345,0,0,0,0,0,0,0,0
2021-01-05T23:59:59+01:00,0,0,3,2,4,6,8,13,20,33,21,31,17,20,20,34,19,94,0,0,0,0,0,0,0,0,0,0,0,0,0,0,0,0,345,0,0,0,0,0,0,0,0
2021-01-04T23:59:59+01:00,0,0,0,0,0,0,0,0,1,0,0,0,1,1,0,2,0,0,0,0,0,0,0,0,0,0,0,0,0,0,0,0,0,0,5,0,0,0,0,0,0,0,0
2021-01-03T23:59:59+01:00,0,0,0,0,0,0,0,0,1,0,0,0,1,1,0,2,0,0,0,0,0,0,0,0,0,0,0,0,0,0,0,0,0,0,5,0,0,0,0,0,0,0,0
2021-01-02T23:59:59+01:00,0,0,0,0,0,0,0,0,1,0,0,0,1,1,0,2,0,0,0,0,0,0,0,0,0,0,0,0,0,0,0,0,0,0,5,0,0,0,0,0,0,0,0
2021-01-01T23:59:59+01:00,0,0,0,0,0,0,0,0,1,0,0,0,1,1,0,2,0,0,0,0,0,0,0,0,0,0,0,0,0,0,0,0,0,0,5,0,0,0,0,0,0,0,0
2020-12-31T23:59:59+01:00,0,0,0,0,0,0,0,0,1,0,0,0,1,1,0,2,0,0,0,0,0,0,0,0,0,0,0,0,0,0,0,0,0,0,5,0,0,0,0,0,0,0,0
2020-12-30T23:59:59+01:00,0,0,0,0,0,0,0,0,1,0,0,0,1,1,0,2,0,0,0,0,0,0,0,0,0,0,0,0,0,0,0,0,0,0,5,0,0,0,0,0,0,0,0
2020-12-29T23:59:59+01:00,0,0,0,0,0,0,0,0,1,0,0,0,1,0,0,2,0,0,0,0,0,0,0,0,0,0,0,0,0,0,0,0,0,0,4,0,0,0,0,0,0,0,0
2020-12-28T23:59:59+01:00,0,0,0,0,0,0,0,0,0,0,0,0,1,0,0,1,0,0,0,0,0,0,0,0,0,0,0,0,0,0,0,0,0,0,2,0,0,0,0,0,0,0,0
2020-12-27T23:59:59+01:00,0,0,0,0,0,0,0,0,0,0,0,0,0,0,0,0,0,0,0,0,0,0,0,0,0,0,0,0,0,0,0,0,0,0,0,0,0,0,0,0,0,0,0
