Datum,<15_m,<15_w,15-24_1_m,15-24_1_w,25-34_1_m,25-34_1_w,35-44_1_m,35-44_1_w,45-54_1_m,45-54_1_w,55-64_1_m,55-64_1_w,65-74_1_m,65-74_1_w,75-84_1_m,75-84_1_w,>84_1_m,>84_1_w,<24_2_m,<24_2_w,25-34_2_m,25-34_2_w,35-44_2_m,35-44_2_w,45-54_2_m,45-54_2_w,55-64_2_m,55-64_2_w,65-74_2_m,65-74_2_w,75-84_2_m,75-84_2_w,>84_2_m,>84_2_w,bp_1,bp_2,mo_1,mo_2,az_1,az_2,ja,unb_1,unb_2
2021-08-07T23:59:59+02:00,893,801,11726,11166,15437,14458,18848,19289,25490,26810,32223,33368,24830,27747,17015,21748,5031,9541,9027,8577,13433,12560,17232,17512,23668,24799,30306,31409,23808,26611,16452,20935,4873,9101,228381,206818,30753,29006,46332,44389,10766,189,87
2021-08-06T23:59:59+02:00,883,798,11696,11139,15420,14445,18838,19283,25477,26794,32214,33362,24826,27743,17010,21746,5031,9540,8447,7950,12922,12167,17005,17310,23528,24689,30211,31330,23777,26564,16440,20921,4870,9095,228333,203670,30631,28993,46332,44389,10760,189,87
2021-08-05T23:59:59+02:00,880,791,11658,11110,15385,14418,18800,19254,25431,26758,32171,33316,24786,27722,17008,21735,5031,9535,8394,7886,12878,12120,16956,17269,23467,24650,30140,31276,23730,26525,16427,20902,4868,9086,228127,203267,30630,28988,46332,44381,10511,189,87
2021-08-04T23:59:59+02:00,863,775,11628,11080,15367,14386,18771,19231,25404,26729,32125,33277,24771,27709,17003,21730,5029,9527,8305,7798,12822,12076,16905,17228,23412,24607,30081,31206,23693,26486,16417,20889,4866,9080,227868,202690,30628,28987,46331,44346,10389,189,87
2021-08-03T23:59:59+02:00,848,756,11581,11041,15348,14366,18742,19211,25378,26701,32093,33244,24752,27690,16994,21725,5025,9526,8222,7712,12755,12028,16839,17178,23355,24571,30042,31159,23658,26452,16402,20878,4863,9076,227545,202052,30626,28977,46331,44339,10330,189,87
2021-08-02T23:59:59+02:00,839,753,11547,11010,15328,14341,18717,19194,25352,26679,32062,33218,24739,27671,16986,21716,5024,9524,8128,7624,12678,11972,16783,17122,23303,24510,29995,31106,23640,26429,16381,20868,4861,9071,227290,201390,30625,28976,46331,44331,10265,189,87
2021-08-01T23:59:59+02:00,832,746,11523,10981,15317,14328,18703,19183,25333,26667,32046,33203,24735,27663,16985,21713,5022,9523,8058,7558,12617,11926,16743,17076,23267,24480,29968,31081,23625,26410,16377,20862,4859,9070,227150,200937,30621,28975,46331,44314,10212,189,87
2021-07-31T23:59:59+02:00,829,745,11520,10975,15315,14325,18701,19179,25332,26666,32043,33202,24735,27662,16985,21713,5022,9523,7907,7369,11856,11254,16191,16641,23172,24401,29904,31010,23596,26374,16365,20843,4858,9068,227122,197731,30620,28975,46331,44313,10210,189,87
2021-07-30T23:59:59+02:00,828,744,11506,10966,15312,14322,18696,19174,25325,26661,32033,33197,24734,27660,16985,21711,5022,9523,7622,7129,11310,10810,15715,16214,23035,24294,29795,30899,23559,26329,16349,20821,4858,9063,227056,194655,30619,28974,46329,44300,10206,189,87
2021-07-29T23:59:59+02:00,816,735,11466,10920,15274,14301,18657,19149,25289,26627,31981,33169,24716,27641,16974,21694,5022,9521,7248,6821,10646,10297,15202,15804,22860,24149,29650,30791,23505,26277,16320,20796,4854,9060,226743,191205,30618,28966,46329,44215,10073,189,87
2021-07-28T23:59:59+02:00,798,723,11419,10868,15250,14272,18627,19123,25263,26600,31956,33145,24703,27623,16969,21682,5021,9517,7084,6666,10501,10181,15094,15671,22769,24054,29552,30696,23462,26222,16303,20767,4853,9050,226428,189984,30617,28964,46324,44107,10001,189,87
2021-07-27T23:59:59+02:00,789,714,11376,10832,15210,14232,18587,19097,25235,26574,31920,33123,24687,27598,16963,21671,5020,9509,6863,6455,10343,10064,14951,15539,22667,23948,29444,30583,23411,26158,16287,20741,4851,9039,226120,188841,30617,28639,46323,44074,9888,189,87
2021-07-26T23:59:59+02:00,779,702,11327,10788,15186,14211,18572,19070,25207,26545,31888,33097,24672,27577,16951,21660,5019,9506,6747,6379,10249,9987,14885,15461,22587,23889,29379,30509,23378,26115,16275,20724,4847,9033,225835,188059,30615,28637,46322,44033,9796,189,87
2021-07-25T23:59:59+02:00,768,692,11299,10761,15167,14185,18552,19046,25180,26522,31869,33079,24656,27566,16947,21651,5018,9504,6671,6299,10183,9923,14812,15401,22532,23836,29324,30471,23348,26093,16264,20710,4847,9029,225642,187474,30614,28633,46321,44003,9696,189,87
2021-07-24T23:59:59+02:00,744,671,11221,10678,15128,14158,18529,19024,25160,26508,31856,33066,24656,27562,16944,21649,5018,9504,6273,5941,10040,9809,14442,15122,22309,23680,29209,30388,23312,26055,16247,20693,4844,9025,225265,185130,30613,28632,46321,44001,9688,189,87
2021-07-23T23:59:59+02:00,718,649,11154,10597,15101,14125,18500,19009,25138,26489,31840,33049,24645,27557,16942,21649,5018,9501,5904,5631,9920,9703,14095,14860,22114,23509,29089,30271,23260,25987,16236,20672,4840,9018,224885,182869,30612,28632,46321,43990,9674,189,87
2021-07-22T23:59:59+02:00,677,609,11003,10435,15003,14038,18414,18961,25057,26435,31768,32985,24610,27516,16927,21631,5014,9496,5586,5335,9652,9492,13514,14386,21797,23249,28860,30044,23160,25890,16193,20635,4836,9015,223943,179566,30610,28622,46320,43972,9517,189,87
2021-07-21T23:59:59+02:00,657,585,10939,10381,14970,14011,18375,18925,25021,26406,31730,32937,24586,27485,16911,21620,5012,9491,4971,4870,9214,9243,13137,14158,21567,23096,28673,29896,23095,25814,16168,20612,4834,9012,223529,177816,30603,27355,46319,43804,9402,189,87
2021-07-20T23:59:59+02:00,639,568,10881,10327,14944,13977,18340,18898,24991,26375,31695,32905,24566,27464,16906,21606,5009,9484,4827,4759,9062,9111,12976,14026,21454,22975,28544,29773,23016,25711,16146,20573,4827,9006,223159,176481,30603,27343,46317,43657,9307,189,87
2021-07-19T23:59:59+02:00,626,556,10844,10296,14915,13957,18318,18890,24964,26350,31662,32877,24549,27441,16900,21595,5007,9481,4748,4689,8966,9036,12861,13930,21357,22869,28445,29653,22960,25654,16121,20544,4822,9000,222924,175548,30603,27335,46308,43561,9204,189,87
2021-07-18T23:59:59+02:00,612,547,10791,10245,14880,13936,18293,18873,24944,26333,31639,32859,24540,27431,16894,21586,5007,9477,4641,4586,8832,8915,12735,13792,21271,22778,28374,29576,22932,25625,16112,20531,4819,8999,222652,174543,30603,27321,46308,43508,9135,189,87
2021-07-17T23:59:59+02:00,540,477,10507,9950,14769,13838,18205,18796,24839,26259,31534,32810,24508,27397,16882,21566,5005,9476,4597,4545,8780,8844,12502,13602,20854,22442,28246,29446,22895,25573,16103,20516,4818,8996,221124,172785,30603,27321,46308,43506,9134,189,87
2021-07-16T23:59:59+02:00,511,440,10375,9832,14710,13798,18151,18745,24807,26226,31514,32786,24499,27382,16879,21559,5005,9473,4549,4503,8705,8804,12128,13325,20313,22049,28114,29354,22846,25536,16094,20511,4816,8994,220470,170687,30602,27319,46308,43499,9123,189,87
2021-07-15T23:59:59+02:00,481,403,10236,9727,14644,13749,18094,18677,24755,26178,31463,32734,24474,27346,16861,21543,4998,9469,4338,4366,8381,8597,11610,12924,19211,21205,27699,29011,22676,25367,16029,20438,4806,8978,219745,166001,30601,27306,46307,43303,8990,189,87
2021-07-14T23:59:59+02:00,460,390,10208,9702,14610,13729,18065,18642,24719,26137,31413,32681,24444,27318,16850,21526,4997,9467,4215,4217,8127,8427,11381,12780,19033,21094,27555,28886,22611,25289,15995,20400,4803,8969,219382,164444,30601,27288,46307,43130,8879,189,87
2021-07-13T23:59:59+02:00,436,376,10158,9650,14581,13702,18041,18609,24684,26116,31379,32642,24428,27288,16839,21515,4996,9465,4120,4123,7952,8269,11181,12590,18900,20958,27402,28725,22514,25204,15960,20347,4799,8958,218985,162996,30601,27267,46306,42872,8824,189,87
2021-07-12T23:59:59+02:00,423,355,10114,9601,14556,13684,18010,18579,24650,26075,31345,32599,24403,27265,16824,21510,4993,9462,4013,4024,7785,8147,11024,12455,18787,20837,27280,28606,22440,25143,15933,20321,4798,8953,218620,161838,30600,27246,46306,42682,8733,189,87
2021-07-11T23:59:59+02:00,415,337,10084,9573,14539,13664,17993,18569,24630,26067,31324,32581,24391,27255,16822,21508,4993,9460,3944,3951,7666,8047,10877,12327,18664,20737,27179,28494,22398,25095,15912,20296,4796,8950,218429,160875,30600,27241,46305,42483,8682,189,87
2021-07-10T23:59:59+02:00,389,314,9975,9467,14484,13625,17945,18546,24606,26047,31305,32565,24383,27246,16818,21504,4991,9458,3911,3926,7605,8006,10842,12298,18635,20713,27150,28472,22391,25080,15908,20291,4796,8950,217905,160574,30599,27240,46302,42435,8673,189,87
2021-07-09T23:59:59+02:00,329,267,9713,9258,14379,13544,17869,18476,24520,25994,31256,32504,24360,27215,16805,21486,4991,9452,3844,3886,7472,7916,10625,12153,18411,20575,26735,28153,22207,24888,15853,20231,4793,8943,216681,158439,30599,27237,46301,42307,8648,189,87
2021-07-08T23:59:59+02:00,250,200,9521,9117,14278,13468,17775,18405,24460,25944,31173,32447,24333,27184,16792,21468,4987,9447,3688,3760,7164,7727,10271,11924,18067,20293,26430,27896,22035,24730,15785,20158,4786,8927,215588,156064,30596,27192,46288,41738,8588,189,87
2021-07-07T23:59:59+02:00,212,171,9420,9013,14227,13435,17731,18363,24410,25904,31132,32407,24309,27154,16781,21450,4987,9439,3492,3631,6835,7503,9323,11194,17485,19864,26028,27588,21802,24428,15708,20062,4772,8913,214964,153454,30593,25449,46285,41146,8514,189,87
2021-07-06T23:59:59+02:00,190,159,9342,8955,14177,13407,17695,18321,24369,25865,31071,32360,24273,27126,16766,21433,4985,9437,3378,3556,6636,7381,9052,11031,17242,19684,25753,27333,21645,24226,15627,19958,4760,8898,214403,151530,30576,25439,46282,40644,8481,189,87
2021-07-05T23:59:59+02:00,178,144,9255,8874,14138,13365,17662,18271,24333,25835,31026,32309,24249,27104,16758,21419,4984,9435,3326,3521,6508,7302,8903,10910,17101,19545,25583,27178,21502,24059,15578,19905,4749,8888,213862,150469,30576,25430,46279,40159,8433,189,87
2021-07-04T23:59:59+02:00,163,137,9201,8824,14107,13353,17638,18253,24308,25816,31005,32284,24234,27090,16752,21411,4983,9432,3274,3479,6445,7262,8816,10839,17015,19460,25454,27069,21378,23931,15537,19854,4747,8881,213594,149812,30575,25421,46264,39769,8369,189,87
2021-07-03T23:59:59+02:00,160,134,8689,8326,13949,13233,17537,18135,24214,25758,30940,32235,24213,27068,16740,21399,4981,9429,3214,3400,6327,7143,8648,10698,16801,19278,25066,26761,21263,23795,15507,19814,4743,8875,211759,147774,30575,25421,46264,39714,8353,189,87
2021-07-02T23:59:59+02:00,153,130,8120,7854,13805,13124,17445,18058,24144,25688,30880,32173,24175,27026,16734,21379,4979,9424,3103,3293,6057,6988,8391,10457,16432,18951,24595,26338,21035,23523,15437,19732,4737,8872,209917,144712,30575,25419,46260,39389,8350,189,86
2021-07-01T23:59:59+02:00,140,120,7992,7747,13722,13067,17376,18007,24075,25637,30828,32121,24147,27001,16724,21367,4978,9423,2915,3104,5712,6704,7956,10042,15846,18480,23836,25688,20550,23051,15310,19572,4725,8847,209130,140172,30571,25408,46256,38359,8326,189,86
2021-06-30T23:59:59+02:00,123,107,7846,7632,13654,13019,17323,17954,24025,25584,30769,32076,24117,26979,16710,21350,4978,9418,2819,3025,5559,6561,7732,9821,14889,17611,23225,25141,20193,22659,15177,19412,4711,8813,208575,138647,30397,23136,46252,37240,8251,189,86
2021-06-29T23:59:59+02:00,108,94,7779,7541,13611,12980,17284,17910,23973,25523,30719,32017,24096,26953,16700,21334,4975,9414,2760,2981,5431,6463,7578,9687,14721,17439,22984,24909,19935,22334,15078,19312,4699,8793,207957,137531,30395,23124,46249,36151,8221,189,86
2021-06-28T23:59:59+02:00,103,88,7715,7470,13547,12921,17238,17859,23932,25478,30663,31973,24079,26925,16693,21324,4973,9412,2731,2949,5363,6416,7485,9616,14624,17358,22834,24695,19731,22088,15023,19243,4695,8779,207425,136936,30393,23114,46241,35356,8145,189,86
2021-06-27T23:59:59+02:00,89,83,7666,7407,13517,12885,17209,17827,23913,25443,30636,31945,24067,26917,16686,21319,4973,9410,2708,2935,5312,6391,7414,9571,14528,17295,22739,24608,19604,21947,14992,19192,4691,8770,207073,136429,30393,23103,46235,34982,8102,189,86
2021-06-26T23:59:59+02:00,85,80,7163,6854,13124,12587,17097,17725,23849,25384,30600,31910,24059,26900,16682,21308,4972,9409,2607,2826,5126,6203,7214,9382,13984,16840,22081,23975,19457,21806,14947,19139,4689,8762,204911,132836,30393,23103,46235,34962,8102,147,40
2021-06-25T23:59:59+02:00,84,78,6678,6370,12671,12215,16938,17607,23759,25317,30519,31870,24037,26873,16677,21298,4970,9407,2504,2671,4951,6012,6956,9086,13454,16311,21529,23391,19260,21598,14889,19072,4685,8750,202509,129146,30393,23103,46235,34751,8084,147,40
2021-06-24T23:59:59+02:00,74,66,6456,6155,12447,12065,16832,17524,23687,25264,30461,31823,24003,26831,16672,21288,4968,9400,2295,2432,4580,5635,6457,8595,12734,15596,20379,22390,18797,21119,14785,18941,4673,8735,201241,123205,30391,23091,46228,33803,8009,147,40
2021-06-23T23:59:59+02:00,69,64,5882,5655,12285,11953,16713,17410,23614,25217,30398,31773,23969,26808,16665,21274,4964,9396,2258,2380,4517,5514,6366,8445,12502,15307,20136,22131,18498,20791,14688,18827,4662,8718,200731,122187,29053,22943,46219,32616,7959,147,40
2021-06-22T23:59:59+02:00,66,59,5740,5527,12186,11848,16627,17335,23556,25155,30331,31695,23943,26776,16655,21253,4960,9394,2205,2345,4422,5432,6242,8298,11634,14646,19724,21726,18165,20439,14580,18689,4652,8698,199799,121268,29046,21251,46204,31432,7910,147,40
2021-06-21T23:59:59+02:00,63,56,5604,5415,12112,11755,16566,17251,23502,25081,30281,31637,23918,26748,16642,21238,4960,9390,2172,2309,4364,5335,6155,8172,10853,13942,19274,21317,17939,20211,14520,18595,4643,8682,198981,120476,29042,19466,46199,30655,7850,147,40
2021-06-20T23:59:59+02:00,61,54,5486,5289,11949,11572,16501,17127,23451,25015,30239,31581,23902,26727,16636,21223,4955,9385,2154,2281,4323,5295,6085,8124,10749,13862,19161,21190,17782,20020,14454,18512,4639,8675,197970,119941,29038,19463,46193,30061,7805,147,40
2021-06-19T23:59:59+02:00,57,50,5468,5269,11183,10909,16022,16738,23391,24971,30195,31538,23884,26707,16628,21211,4955,9385,2084,2163,4116,5066,5807,7845,10425,13531,18113,20338,17615,19836,14421,18447,4634,8663,195379,115754,29038,19463,46193,30047,7804,147,40
2021-06-18T23:59:59+02:00,54,49,5434,5243,10539,10327,15410,16176,23301,24902,30127,31475,23856,26677,16617,21196,4954,9383,2015,2075,3973,4924,5529,7576,10044,13168,16967,19132,17414,19599,14373,18383,4631,8653,192545,111360,29032,19462,46193,29795,7803,147,40
2021-06-17T23:59:59+02:00,47,40,5315,5140,9858,9819,14921,15787,23202,24814,30046,31381,23816,26631,16603,21175,4953,9380,1885,1968,3717,4678,5141,7213,9502,12679,15783,17941,16955,19110,14232,18209,4618,8629,189999,106241,29030,19454,46190,28879,7660,49,30
2021-06-16T23:59:59+02:00,45,32,5181,5004,9661,9659,14774,15658,23110,24720,29949,31305,23772,26587,16588,21163,4952,9370,1845,1927,3613,4593,5039,7095,8474,11829,15510,17648,16660,18774,14097,18039,4612,8596,188825,105361,29019,17580,46187,27934,7450,49,30
2021-06-15T23:59:59+02:00,40,26,4993,4817,9480,9504,14639,15516,23017,24630,29872,31219,23729,26514,16562,21130,4944,9355,1783,1869,3535,4498,4945,6983,8358,11687,15332,17421,16342,18465,13956,17870,4589,8538,187506,104604,29016,17576,46168,26717,7248,49,30
2021-06-14T23:59:59+02:00,38,23,4917,4753,9387,9396,14561,15427,22946,24556,29802,31159,23697,26475,16547,21112,4941,9349,1760,1846,3498,4474,4904,6951,8258,11624,15194,17287,16162,18261,13866,17773,4584,8531,186763,104379,29012,17573,46162,25895,7100,49,30
2021-06-13T23:59:59+02:00,37,22,4859,4705,9301,9321,14477,15360,22885,24505,29735,31107,23671,26447,16538,21102,4941,9347,1710,1831,3456,4450,4850,6908,8187,11587,15095,17192,16006,18077,13812,17700,4577,8524,186182,104100,29006,17571,46147,25289,6976,49,30
2021-06-12T23:59:59+02:00,35,21,4840,4690,9273,9298,14242,15186,22756,24376,29692,31063,23651,26430,16529,21094,4940,9345,1585,1709,3218,4239,4446,6605,7641,11157,13320,15504,15654,17706,13732,17598,4575,8510,185286,97403,29006,17571,46147,25225,6974,48,30
2021-06-11T23:59:59+02:00,31,20,4786,4636,9192,9245,13923,14966,22560,24228,29596,30972,23614,26385,16511,21082,4939,9342,1482,1575,3034,4029,4147,6240,7133,10612,11688,13625,15179,17132,13618,17451,4560,8496,183926,90508,29003,17570,46147,24994,6904,48,29
2021-06-10T23:59:59+02:00,25,17,4502,4408,8647,8914,12650,13948,21993,23781,29224,30669,23477,26227,16458,21014,4926,9327,1359,1483,2799,3848,3818,5956,6700,10222,10276,12298,14666,16558,13447,17244,4545,8470,178600,85974,28988,17568,46141,23692,6430,48,29
2021-06-09T23:59:59+02:00,22,13,4267,4244,8054,8623,11752,13289,21674,23567,28994,30517,23414,26164,16439,20990,4923,9323,1271,1429,2645,3777,3676,5877,6494,10130,10014,12119,14345,16212,13277,17064,4538,8452,176498,85643,27717,17466,46135,22314,5872,47,29
2021-06-08T23:59:59+02:00,18,10,4137,4144,7652,8397,11266,12999,21448,23388,28794,30364,23355,26090,16407,20948,4917,9314,1193,1402,2509,3719,3518,5810,5598,9385,9544,11760,14014,15810,13053,16829,4524,8430,174747,85291,27345,15314,46111,21070,5398,47,29
2021-06-07T23:59:59+02:00,14,8,4018,4065,7419,8291,10977,12821,21246,23274,28641,30248,23296,26037,16390,20923,4913,9306,1144,1282,2388,3659,3388,5748,5433,9310,9335,11633,13788,15553,12898,16662,4517,8412,173530,85104,27335,15310,46102,19838,4873,47,29
2021-06-06T23:59:59+02:00,12,8,3900,4006,7181,8169,10728,12660,21060,23185,28555,30158,23266,26003,16378,20905,4910,9302,1124,1265,2324,3623,3292,5696,5327,9235,9219,11532,13631,15399,12826,16568,4514,8405,172381,84915,27318,15306,46092,19186,4548,47,29
2021-06-05T23:59:59+02:00,12,8,3872,3969,7143,8129,10551,12503,20435,22678,28394,30013,23216,25958,16364,20886,4910,9298,1092,1164,2160,3170,3060,5158,5157,8904,8439,10585,12983,14561,12713,16421,4503,8395,170347,79540,27318,15306,46090,19055,4538,46,29
2021-06-04T23:59:59+02:00,12,8,3842,3943,7107,8104,10454,12411,20074,22351,28290,29917,23181,25920,16350,20876,4908,9297,1060,1097,2062,2860,2900,4681,5000,8535,7925,9927,11485,12846,12588,16224,4496,8377,169072,73167,27305,15305,46090,19033,4532,46,29
2021-06-03T23:59:59+02:00,7,5,3708,3841,6888,7967,9898,11989,18848,21421,27891,29607,23048,25778,16297,20814,4904,9283,1007,1052,1974,2748,2763,4526,4796,8235,7562,9479,11108,12450,12482,16111,4493,8364,164319,71382,27295,15302,46086,17992,4448,46,29
2021-06-02T23:59:59+02:00,7,5,3701,3833,6876,7950,9888,11978,18660,21241,27820,29558,23025,25756,16291,20805,4901,9281,1003,1045,1962,2718,2742,4507,4585,8052,7026,8991,11071,12409,12467,16096,4489,8358,164254,71274,26750,13810,46085,17970,4441,46,29
2021-06-01T23:59:59+02:00,7,5,3574,3757,6639,7803,9600,11785,18205,20894,27583,29363,22931,25654,16250,20752,4898,9269,966,997,1878,2648,2662,4435,4306,7819,6430,8460,10859,12196,12369,15993,4484,8346,162568,70835,25970,12518,46071,17155,4314,46,29
2021-05-31T23:59:59+02:00,7,5,3527,3712,6550,7735,9464,11686,18079,20803,27493,29287,22864,25593,16233,20724,4893,9262,937,973,1811,2608,2582,4392,4200,7755,6312,8385,10673,12028,12268,15878,4474,8338,161729,70476,25939,12513,46058,16454,4145,46,29
2021-05-30T23:59:59+02:00,7,4,3496,3688,6486,7681,9374,11596,17991,20723,27416,29217,22819,25548,16211,20697,4888,9252,932,966,1800,2598,2569,4379,4171,7730,6260,8344,10612,11949,12234,15836,4469,8329,161031,70433,25934,12510,46041,16167,4042,46,29
2021-05-29T23:59:59+02:00,7,4,3485,3669,6450,7654,9330,11559,17953,20684,27271,29112,22764,25474,16196,20677,4885,9248,896,947,1743,2552,2496,4294,3981,7475,5988,8049,8423,9297,12043,15495,4454,8300,160373,64209,25934,12508,46027,15647,4042,46,29
2021-05-28T23:59:59+02:00,7,4,3422,3614,6319,7577,9190,11428,17796,20553,27090,28991,22698,25398,16175,20660,4884,9247,883,933,1724,2532,2460,4241,3830,7178,5794,7787,5733,6196,11766,15099,4439,8251,159019,57357,25932,12508,46023,14921,4033,46,29
2021-05-27T23:59:59+02:00,7,4,3275,3484,6035,7397,8588,11096,17320,20216,26677,28644,22531,25233,16117,20597,4877,9229,833,875,1642,2437,2343,4107,3407,6210,5371,7194,5572,6023,11688,15026,4433,8234,155546,56874,25874,12462,46016,12187,3845,46,29
2021-05-26T23:59:59+02:00,7,4,3168,3401,5816,7231,8216,10810,16854,19910,26376,28408,22383,25100,16066,20523,4864,9209,816,867,1590,2412,2290,4077,3334,6136,5274,7124,5440,5896,11623,14960,4428,8222,152842,56802,25858,12460,45994,11594,3606,46,29
2021-05-25T23:59:59+02:00,7,4,3077,3338,5674,7118,8019,10648,15853,19131,26023,28054,22225,24946,16014,20443,4857,9199,796,849,1554,2368,2219,4018,3259,6068,5190,7060,5274,5728,11515,14880,4420,8211,151289,56737,23934,12273,45980,10989,3383,44,29
2021-05-24T23:59:59+02:00,7,4,3014,3320,5586,7074,7901,10586,14939,18442,25608,27742,22131,24843,15983,20407,4850,9187,788,847,1532,2351,2175,3982,3213,6020,5113,6980,5175,5621,11436,14804,4419,8205,150564,56704,21866,12197,45971,10554,3179,44,29
2021-05-23T23:59:59+02:00,7,4,3011,3316,5577,7067,7892,10578,14934,18441,25607,27741,22131,24843,15983,20407,4850,9187,786,844,1525,2344,2163,3969,3194,6005,5092,6947,5131,5569,11419,14780,4418,8203,150536,56696,21866,12197,45969,10308,3161,44,29
2021-05-22T23:59:59+02:00,6,4,2975,3274,5504,7021,7792,10491,14736,18280,25328,27499,22032,24757,15950,20364,4847,9183,764,823,1481,2292,2112,3890,3081,5885,4779,6381,4561,4827,10774,13959,4408,8164,149003,53451,21866,12197,45969,9345,3161,44,29
2021-05-21T23:59:59+02:00,4,4,2903,3199,5378,6925,7666,10345,14479,18050,25035,27264,21919,24649,15917,20316,4842,9174,733,770,1413,2164,2010,3624,2899,5552,4301,5482,4149,4291,10033,13018,4343,8038,147070,49718,21865,12197,45964,7747,3131,39,29
2021-05-20T23:59:59+02:00,4,4,2772,3036,5100,6670,7380,9978,14020,17567,24424,26715,21648,24354,15824,20197,4828,9144,719,760,1386,2139,1971,3591,2846,5499,4218,5406,4022,4189,9957,12955,4334,8027,142925,49627,21856,12186,45945,7278,2900,39,29
2021-05-19T23:59:59+02:00,4,4,2720,2984,5003,6531,7237,9796,12874,16532,24161,26428,21551,24224,15779,20136,4820,9137,700,734,1361,2091,1939,3506,2783,5352,4123,5299,3940,4099,9904,12891,4331,8023,141555,49599,19785,12122,45875,6660,2667,39,29
2021-05-18T23:59:59+02:00,4,4,2697,2961,4956,6499,7188,9766,12520,16257,23981,26276,21458,24135,15749,20083,4812,9125,671,677,1306,1962,1867,3305,2686,5144,3994,5102,3715,3822,9822,12811,4321,8013,141280,49579,18932,11124,45832,6099,2388,39,29
2021-05-17T23:59:59+02:00,4,4,2671,2940,4913,6429,7100,9658,12367,16079,23832,26116,21404,24084,15731,20060,4807,9117,663,663,1290,1926,1846,3256,2638,5036,3915,4988,3579,3671,9755,12748,4318,8004,140310,49557,18924,11114,45816,5370,2227,39,29
2021-05-16T23:59:59+02:00,4,4,2659,2926,4890,6362,7062,9575,12307,16005,23780,26056,21380,24067,15721,20046,4804,9114,658,657,1280,1923,1829,3247,2616,5024,3886,4966,3528,3605,9716,12716,4317,8002,139873,49546,18916,11103,45794,5153,2140,39,29
2021-05-15T23:59:59+02:00,4,4,2534,2788,4702,6157,6871,9389,11790,15588,23192,25506,21274,23949,15687,20003,4801,9106,608,594,1197,1836,1691,3093,2328,4717,3437,4456,3196,3178,9553,12511,4293,7973,136488,46586,18915,11103,45788,4829,2115,39,29
2021-05-14T23:59:59+02:00,4,4,2418,2612,4507,5932,6594,9076,11254,15079,22625,24939,21129,23810,15651,19945,4797,9095,545,516,1095,1716,1532,2878,1997,4315,2838,3868,2812,2740,9469,12364,4289,7969,132672,43663,18908,11101,45766,4065,2086,39,29
2021-05-13T23:59:59+02:00,4,4,2234,2325,4185,5549,6167,8602,10696,14393,21593,24027,20846,23536,15591,19846,4790,9080,541,516,1082,1700,1517,2859,1987,4289,2816,3842,2796,2722,9462,12360,4288,7969,126770,43588,18854,11093,45740,3972,2065,39,29
2021-05-12T23:59:59+02:00,4,4,2233,2322,4178,5548,6158,8596,10595,14272,21540,23988,20841,23525,15586,19838,4789,9080,533,494,1046,1645,1468,2780,1904,4203,2757,3783,2715,2627,9411,12287,4288,7969,126728,43585,18528,10266,45740,3969,2062,39,29
2021-05-11T23:59:59+02:00,4,4,2112,2283,4094,5483,6033,8482,10290,14021,21348,23826,20765,23453,15571,19805,4785,9075,508,470,985,1585,1399,2689,1804,4065,2684,3709,2561,2400,9347,12186,4287,7969,125786,43567,18191,9433,45457,3659,1961,39,29
2021-05-10T23:59:59+02:00,4,4,2071,2206,3987,5361,5898,8304,9499,13258,20969,23503,20675,23364,15532,19751,4775,9062,495,441,948,1521,1334,2600,1714,3903,2600,3614,2532,2376,9338,12168,4283,7964,124653,43540,16342,9252,45354,3176,1835,39,29
2021-05-09T23:59:59+02:00,4,4,2039,2191,3953,5321,5846,8256,9433,13189,20899,23430,20642,23323,15517,19724,4772,9048,488,432,927,1478,1308,2552,1680,3841,2562,3571,2523,2364,9328,12151,4283,7956,124211,43481,16338,9249,45258,2941,1745,39,29
2021-05-08T23:59:59+02:00,4,4,1976,2090,3769,5146,5572,8050,9122,12904,19765,22501,20446,23128,15484,19655,4767,9036,415,402,862,1438,1232,2479,1592,3739,2343,3359,1978,1936,9234,12066,4282,7956,120077,42019,16337,9248,45255,2299,1744,6,4
2021-05-07T23:59:59+02:00,4,4,1888,1978,3585,4975,5252,7754,8713,12533,18517,21229,20264,22916,15439,19597,4758,9017,324,343,753,1364,1101,2350,1458,3596,2170,3167,1610,1601,8746,11620,4281,7954,115137,40295,16335,9245,45235,1185,1710,6,4
2021-05-06T23:59:59+02:00,4,4,1704,1869,3299,4723,4802,7350,8071,11969,17277,19986,19930,22538,15332,19434,4748,9006,307,334,732,1335,1061,2304,1409,3512,2103,3099,1574,1546,8729,11589,4275,7951,109283,40275,16328,9239,45001,915,1428,6,4
2021-05-05T23:59:59+02:00,4,3,1634,1839,3219,4636,4725,7246,7940,11818,17121,19840,19810,22419,15256,19338,4726,8910,296,322,690,1283,1000,2229,1327,3362,1994,2982,1481,1448,8313,11021,4269,7933,108525,40239,16185,8113,44831,658,937,6,4
2021-05-04T23:59:59+02:00,4,3,1608,1810,3177,4562,4666,7136,7688,11524,16563,19261,19724,22289,15182,19241,4698,8800,280,309,667,1254,979,2175,1268,3243,1881,2825,1409,1342,8244,10918,4265,7915,107840,40214,14839,7837,44728,397,523,6,4
2021-05-03T23:59:59+02:00,4,3,1600,1806,3169,4548,4628,7114,7435,11293,15870,18665,19660,22204,15156,19207,4692,8790,265,288,645,1172,930,2087,1205,3104,1783,2688,1343,1262,8219,10883,4261,7906,107758,40204,13242,7630,44688,54,150,6,4
2021-05-02T23:59:59+02:00,4,3,1599,1804,3164,4546,4623,7111,7422,11283,15851,18653,19644,22196,15156,19205,4691,8790,265,285,642,1171,925,2084,1195,3098,1775,2681,1329,1255,8218,10878,4260,7906,107732,40181,13239,7628,44664,51,104,6,4
2021-05-01T23:59:59+02:00,4,3,1466,1662,2884,4296,4156,6751,6805,10800,13916,16773,19263,21800,15065,19089,4688,8774,263,285,639,1169,924,2081,1193,3096,1773,2677,1324,1251,8216,10876,4260,7906,100190,40150,13239,7628,44660,51,101,5,4
2021-04-30T23:59:59+02:00,3,3,1343,1512,2669,4073,3826,6355,6238,10205,12125,14735,18805,21261,14961,18947,4674,8764,258,284,632,1162,909,2073,1181,3086,1761,2664,1313,1242,8212,10871,4259,7905,92566,40103,13239,7628,44660,48,30,4,4
2021-04-29T23:59:59+02:00,2,3,1227,1447,2503,3947,3586,6151,5881,9902,10785,13458,18546,20984,14918,18877,4670,8758,257,280,627,1155,897,2067,1161,3081,1731,2628,1287,1218,8206,10862,4259,7905,87878,40071,13230,7495,44520,39,13,4,4
2021-04-28T23:59:59+02:00,2,3,1168,1441,2453,3928,3536,6127,5819,9869,10688,13390,18516,20950,14911,18861,4670,8755,257,279,625,1154,894,2065,1157,3077,1723,2627,1281,1200,7764,10342,4259,7905,87609,40050,13180,6510,44282,35,12,4,3
2021-04-27T23:59:59+02:00,2,3,1120,1414,2352,3884,3472,6100,5700,9814,10571,13314,18483,20912,14898,18846,4669,8753,256,279,623,1147,893,2063,1153,3074,1719,2623,1269,1183,7347,9761,4259,7905,87103,40031,13127,5480,44062,30,11,4,3
2021-04-26T23:59:59+02:00,2,3,1078,1385,2262,3792,3345,6000,5533,9694,10268,13055,18421,20858,14890,18828,4667,8753,255,278,622,1145,887,2060,1146,3071,1701,2613,1254,1170,7338,9741,4259,7905,85767,39944,13117,5459,43935,29,11,4,3
2021-04-25T23:59:59+02:00,2,3,1075,1383,2254,3790,3338,5996,5513,9687,10233,13025,18411,20846,14889,18822,4667,8752,254,278,622,1145,887,2060,1144,3071,1701,2613,1254,1170,7338,9739,4259,7905,85745,39942,13108,5457,43819,29,10,4,3
2021-04-24T23:59:59+02:00,2,2,1032,1266,2068,3252,3068,5382,5320,9275,9401,11980,17705,19952,14775,18663,4659,8741,252,277,621,1143,887,2059,1144,3070,1695,2608,1251,1165,7336,9738,4259,7904,79627,39916,13108,5453,43795,29,9,4,3
2021-04-23T23:59:59+02:00,1,2,1000,1182,1955,2905,2886,4831,5125,8846,8848,11259,16076,18096,14629,18457,4651,8718,252,277,620,1143,885,2057,1143,3070,1694,2607,1246,1160,7332,9736,4259,7903,72612,39902,13107,5442,43735,29,9,4,3
2021-04-22T23:59:59+02:00,1,2,995,1171,1935,2889,2866,4812,5068,8800,8737,11156,16006,18019,14603,18427,4649,8713,250,277,616,1142,882,2056,1135,3058,1679,2587,1222,1138,7327,9728,4259,7903,72566,39888,13051,5332,43219,28,9,4,3
2021-04-21T23:59:59+02:00,1,2,986,1163,1923,2876,2839,4786,5022,8745,8630,11033,15920,17935,14574,18393,4649,8708,245,274,606,1133,868,2026,1125,3033,1668,2562,1209,1125,7104,9410,4258,7903,72526,39881,12995,4630,42651,27,9,4,3
2021-04-20T23:59:59+02:00,1,2,959,1114,1871,2761,2766,4625,4929,8566,8456,10826,15689,17653,14516,18334,4642,8702,232,271,588,1112,842,1996,1097,3007,1633,2521,1190,1112,7096,9405,4257,7902,72490,39860,11866,4365,42043,25,9,4,3
2021-04-19T23:59:59+02:00,1,2,950,1105,1839,2741,2716,4600,4805,8505,8256,10715,15597,17555,14494,18315,4642,8696,226,263,570,1089,824,1964,1079,2964,1588,2466,1172,1093,7089,9402,4255,7901,72090,39826,11845,4085,41586,23,9,4,3
2021-04-18T23:59:59+02:00,1,2,947,1104,1834,2735,2708,4588,4787,8493,8216,10673,15548,17497,14484,18298,4641,8694,226,263,570,1088,823,1964,1079,2964,1588,2465,1172,1092,7087,9401,4254,7901,72044,39820,11842,4083,41351,23,9,4,3
2021-04-17T23:59:59+02:00,0,2,914,1090,1785,2697,2640,4509,4633,8353,7954,10445,13183,14597,14287,17946,4624,8658,224,263,570,1085,819,1958,1067,2957,1578,2445,1135,1051,6755,8985,4229,7853,65232,38868,11842,4072,41230,23,9,4,3
2021-04-16T23:59:59+02:00,0,2,908,1084,1773,2686,2598,4471,4541,8269,7774,10254,10356,11346,14013,17529,4605,8602,222,258,569,1082,814,1954,1057,2954,1570,2433,1124,1038,6749,8980,4226,7850,57967,38791,11840,4056,40991,23,9,4,2
2021-04-15T23:59:59+02:00,0,2,895,1079,1751,2672,2556,4438,4428,8208,7543,10053,10107,11127,13951,17463,4599,8588,220,258,569,1080,813,1952,1054,2951,1567,2430,1119,1034,6747,8978,4226,7850,57943,38777,11838,4039,39666,22,9,4,2
2021-04-14T23:59:59+02:00,0,2,876,1051,1693,2589,2467,4315,4238,8026,7269,9770,9734,10646,13802,17285,4593,8579,195,235,528,1029,790,1885,1019,2871,1517,2369,1093,1004,6743,8969,4226,7849,57911,38761,10890,3532,38121,20,9,4,1
2021-04-13T23:59:59+02:00,0,2,851,1029,1655,2537,2399,4232,4137,7889,7059,9555,9329,10129,13658,17118,4588,8567,159,211,493,980,750,1792,985,2761,1465,2299,1074,969,6727,8958,4225,7849,57867,38697,9944,2977,36910,14,9,4,1
2021-04-12T23:59:59+02:00,0,2,847,1027,1636,2534,2369,4219,4084,7838,6919,9384,9064,9814,13594,17059,4577,8551,148,197,465,940,727,1727,964,2689,1421,2249,1052,953,6711,8938,4222,7844,57809,38581,9913,2643,35783,14,9,4,1
2021-04-11T23:59:59+02:00,0,2,846,1026,1625,2534,2356,4217,4061,7826,6854,9323,8930,9649,13567,17011,4572,8542,148,197,465,938,727,1726,962,2689,1420,2249,1052,953,6709,8938,4222,7844,57797,38575,9911,2642,35220,13,9,4,1
2021-04-10T23:59:59+02:00,0,2,830,1021,1597,2505,2319,4188,3990,7769,6722,9206,8374,8914,12903,16159,4561,8500,145,197,463,935,721,1723,962,2682,1411,2242,1039,937,6240,8441,4207,7828,54465,37511,9910,2640,35172,13,9,4,1
2021-04-09T23:59:59+02:00,0,2,808,992,1557,2457,2252,4108,3837,7610,6375,8875,7852,8256,12089,15134,4491,8363,143,196,461,930,715,1716,954,2672,1396,2232,1017,916,5998,8172,4190,7801,50493,36851,9905,2636,34647,13,9,4,1
2021-04-08T23:59:59+02:00,0,2,799,982,1530,2433,2186,4059,3702,7523,6121,8576,7239,7601,11930,14934,4480,8346,143,193,456,928,710,1709,946,2662,1389,2219,1005,914,5995,8170,4189,7801,50460,36831,9881,2576,32089,13,9,4,1
2021-04-07T23:59:59+02:00,0,2,793,973,1504,2415,2128,4021,3616,7453,5890,8310,6686,6970,11324,14185,4468,8319,124,186,426,881,664,1640,890,2592,1339,2150,984,898,5987,8164,4188,7801,50433,36807,8726,2086,29886,13,8,4,1
2021-04-06T23:59:59+02:00,0,2,788,971,1490,2407,2099,3999,3543,7404,5709,8139,6239,6462,11123,13969,4453,8291,100,165,377,819,619,1565,847,2492,1287,2086,960,882,5970,8151,4186,7797,50362,36781,8543,1502,28172,13,7,4,1
2021-04-05T23:59:59+02:00,0,2,783,967,1474,2399,2075,3990,3492,7378,5566,8029,6038,6247,11056,13883,4447,8281,94,163,376,817,612,1556,839,2477,1274,2068,932,852,4879,6751,4108,7691,50164,33977,8539,1492,27393,13,7,4,1
2021-04-04T23:59:59+02:00,0,2,781,961,1472,2397,2071,3988,3475,7371,5556,8022,6027,6227,11042,13865,4445,8278,94,163,374,815,609,1551,832,2470,1259,2048,909,830,3879,5590,4042,7585,50149,31538,8537,1492,27283,13,7,4,1
2021-04-03T23:59:59+02:00,0,2,729,906,1390,2328,1948,3849,3214,7111,5096,7531,5684,5772,10871,13648,4419,8249,92,163,374,814,609,1549,831,2470,1259,2048,909,830,3879,5587,4042,7584,46918,31528,8537,1492,27281,13,7,4,1
2021-04-02T23:59:59+02:00,0,2,686,871,1335,2260,1850,3735,2958,6851,4582,7052,5294,5313,10774,13485,4414,8243,91,163,374,814,609,1549,829,2470,1257,2044,907,826,3876,5584,4041,7584,43996,31508,8536,1491,27163,13,6,4,1
2021-04-01T23:59:59+02:00,0,2,683,869,1324,2255,1830,3727,2929,6837,4508,6979,5185,5205,10735,13436,4413,8239,91,163,372,810,607,1546,829,2467,1253,2040,897,825,3872,5582,4040,7583,43980,31499,8392,1459,26774,13,6,4,1
2021-03-31T23:59:59+02:00,0,2,681,867,1317,2239,1822,3717,2901,6809,4445,6933,5046,5045,10226,12830,4409,8231,91,163,371,810,607,1546,829,2467,1251,2040,896,825,3872,5581,4040,7582,43968,31493,7265,1459,26278,13,6,3,1
2021-03-30T23:59:59+02:00,0,2,672,864,1299,2219,1792,3688,2866,6774,4360,6844,4879,4852,9701,12130,4402,8216,86,160,370,806,602,1543,824,2461,1243,2038,885,815,3864,5578,4039,7581,43943,31472,6080,1406,25528,11,6,3,1
2021-03-29T23:59:59+02:00,0,2,667,856,1286,2184,1775,3657,2835,6732,4290,6759,4680,4655,9616,12036,4399,8202,86,160,370,804,598,1539,822,2455,1239,2031,877,809,3856,5571,4039,7581,43876,31459,5863,1362,24883,10,6,3,1
2021-03-28T23:59:59+02:00,0,2,664,854,1283,2181,1760,3647,2820,6720,4256,6706,4584,4545,9579,11972,4394,8195,86,160,370,803,598,1539,820,2455,1237,2031,876,809,3855,5571,4039,7581,43854,31457,5854,1357,24445,10,6,3,1
2021-03-27T23:59:59+01:00,0,2,660,849,1274,2176,1744,3631,2792,6690,4093,6563,4008,4092,9350,11725,4381,8176,86,160,368,801,596,1537,818,2452,1229,2025,872,805,3678,5282,3938,7412,41912,30686,5850,1357,24435,10,6,3,1
2021-03-26T23:59:59+01:00,0,2,654,841,1266,2166,1724,3614,2766,6668,4018,6485,3603,3728,8753,11168,4368,8162,86,160,367,800,595,1534,814,2449,1220,2021,860,792,2961,4343,3729,7069,39983,28427,5837,1357,24158,10,6,2,1
2021-03-25T23:59:59+01:00,0,2,647,836,1253,2152,1705,3590,2707,6629,3935,6407,3428,3510,8643,11057,4363,8156,86,160,367,800,595,1534,814,2448,1219,2021,860,792,2960,4342,3728,7068,39970,28421,5730,1357,23312,10,6,2,1
2021-03-24T23:59:59+01:00,0,2,641,829,1220,2126,1660,3545,2629,6561,3779,6258,3110,3148,8237,10508,4354,8144,82,158,355,787,578,1516,781,2414,1169,1989,827,755,2951,4336,3728,7065,39948,28120,4974,1356,21821,9,6,2,1
2021-03-23T23:59:59+01:00,0,2,628,821,1195,2094,1618,3498,2549,6480,3630,6104,2731,2764,8021,10289,4347,8127,77,154,343,765,543,1485,720,2351,1067,1908,744,695,2915,4302,3724,7061,39906,27490,4684,1349,20300,9,6,2,1
2021-03-22T23:59:59+01:00,0,2,604,708,1159,2039,1585,3443,2496,6410,3490,5973,2489,2526,7691,9934,4331,8091,77,153,343,765,543,1483,719,2350,1064,1908,743,692,2911,4297,3723,7058,39438,27465,4360,1349,19165,9,6,2,1
2021-03-21T23:59:59+01:00,0,2,603,705,1153,2031,1574,3433,2479,6395,3453,5939,2348,2362,7598,9822,4323,8077,77,153,343,764,543,1483,719,2350,1064,1908,743,692,2911,4296,3723,7058,39434,27463,4346,1349,18509,9,6,2,1
2021-03-20T23:59:59+01:00,0,2,602,705,1151,2025,1567,3426,2473,6388,3436,5917,2316,2324,7108,9304,4307,8061,77,153,343,764,542,1483,717,2349,1064,1907,743,692,2911,4294,3721,7056,38395,27452,4334,1349,18375,9,6,2,1
2021-03-19T23:59:59+01:00,0,2,595,698,1137,2009,1532,3403,2403,6249,3373,5810,2133,2145,6801,8987,4288,8036,77,153,342,758,538,1480,712,2340,1053,1894,734,685,2488,3692,3307,6311,37792,25207,4318,1349,17483,2,6,2,1
2021-03-18T23:59:59+01:00,0,2,580,682,1117,1979,1505,3373,2363,6181,3300,5721,1981,1949,6683,8869,4282,8025,76,153,342,756,537,1480,711,2336,1050,1893,727,682,2438,3620,3280,6269,37772,25015,4307,1327,16505,2,6,2,1
2021-03-17T23:59:59+01:00,0,1,551,656,1072,1923,1468,3289,2285,6064,3148,5566,1725,1683,6517,8716,4272,8010,75,149,330,729,521,1436,689,2278,1012,1852,710,663,2200,3328,3200,6145,37700,24054,3784,1255,15455,2,6,1,1
2021-03-16T23:59:59+01:00,0,1,507,627,1032,1867,1417,3185,2220,5910,3032,5432,1529,1461,6383,8569,4262,7989,69,136,309,673,491,1359,660,2143,983,1724,661,613,2089,3194,3177,6061,37645,23311,3165,1024,14607,2,5,1,1
2021-03-15T23:59:59+01:00,0,1,495,616,1001,1821,1383,3117,2189,5825,2945,5349,1405,1327,5804,7883,4224,7926,66,129,294,615,476,1239,622,2013,943,1611,633,593,2052,3155,3164,6002,36414,22915,2811,690,14085,2,0,1,1
2021-03-14T23:59:59+01:00,0,1,490,610,991,1809,1380,3100,2173,5807,2911,5322,1363,1277,5412,7436,4201,7908,65,124,290,592,470,1212,616,1957,933,1586,633,593,2052,3155,3163,6000,35599,22909,2806,530,13785,2,0,1,1
2021-03-13T23:59:59+01:00,0,1,469,592,954,1762,1327,3036,1917,5219,2671,4910,1258,1164,4763,6589,4152,7833,65,124,289,589,468,1210,614,1955,932,1582,631,588,1691,2675,2640,5246,33931,20767,2802,530,11883,2,0,1,1
2021-03-12T23:59:59+01:00,0,1,453,571,934,1721,1297,2955,1713,4432,2464,4461,1188,1081,4067,5789,4105,7751,65,122,288,585,468,1207,612,1947,927,1576,628,581,1372,2139,2107,4455,32259,18548,2799,530,9924,1,0,1,1
2021-03-11T23:59:59+01:00,0,1,449,564,926,1710,1282,2938,1688,4398,2428,4425,1114,1026,4025,5753,4102,7747,65,114,282,563,454,1155,603,1898,908,1540,616,568,1366,2122,2098,4406,32227,18299,2705,458,9643,1,0,1,1
2021-03-10T23:59:59+01:00,0,1,428,553,881,1652,1228,2861,1615,4301,2362,4332,1081,1003,4009,5738,4101,7745,65,114,280,559,451,1148,598,1875,908,1535,610,560,1305,2036,2055,4350,32212,18015,2140,433,9538,1,0,1,1
2021-03-09T23:59:59+01:00,0,1,406,537,833,1602,1187,2798,1574,4218,2319,4279,1060,992,4003,5731,4100,7744,63,113,279,558,450,1137,596,1863,902,1530,608,554,1101,1727,1940,4178,32166,17192,1691,406,9526,1,0,1,1
2021-03-08T23:59:59+01:00,0,1,399,526,823,1588,1178,2782,1566,4193,2308,4266,1047,982,3967,5684,4098,7739,62,113,275,553,446,1131,595,1859,898,1528,608,554,1032,1637,1895,4135,32040,16938,1595,382,9511,1,0,1,1
2021-03-07T23:59:59+01:00,0,1,398,523,823,1587,1176,2780,1562,4187,2298,4261,1041,974,3961,5678,4097,7738,59,110,266,531,434,1105,580,1759,863,1453,607,554,928,1508,1845,4067,32024,16580,1556,89,9504,0,0,1,1
2021-03-06T23:59:59+01:00,0,1,390,507,804,1554,1153,2722,1521,4120,2105,3765,1012,937,3788,5407,4000,7577,59,110,266,531,434,1104,580,1759,863,1453,607,554,925,1507,1842,4066,31318,16571,1556,89,8488,0,0,1,1
2021-03-05T23:59:59+01:00,0,1,375,467,771,1450,1103,2505,1446,3907,1892,3095,983,892,3043,4448,3796,7238,59,109,265,528,431,1098,579,1754,859,1450,604,552,886,1449,1819,4028,29023,16381,1555,89,6833,0,0,1,1
2021-03-04T23:59:59+01:00,0,1,360,459,764,1430,1090,2482,1427,3878,1869,3076,970,888,3039,4444,3793,7236,59,108,262,525,427,1082,569,1732,858,1442,602,550,849,1395,1796,3993,29010,16223,1517,26,6678,0,0,1,1
2021-03-03T23:59:59+01:00,0,1,349,427,745,1379,1059,2399,1377,3724,1791,2979,937,844,3029,4438,3793,7233,58,107,259,523,426,1078,567,1723,855,1438,602,549,829,1342,1711,3848,28697,15891,1517,24,6289,0,0,1,1
2021-03-02T23:59:59+01:00,0,1,343,418,729,1355,1011,2354,1308,3640,1675,2883,849,778,2987,4401,3787,7228,58,107,258,519,425,1070,567,1717,855,1434,601,549,829,1342,1711,3848,28060,15866,1454,24,6232,0,0,1,1
2021-03-01T23:59:59+01:00,0,1,339,404,722,1308,999,2296,1288,3558,1649,2834,831,769,2979,4392,3787,7228,58,106,257,515,420,1056,563,1704,846,1426,600,547,733,1190,1658,3768,28021,15423,1406,24,5956,0,0,1,1
2021-02-28T23:59:59+01:00,0,1,334,391,714,1269,986,2220,1276,3471,1627,2755,827,759,2977,4388,3786,7226,58,106,257,515,420,1055,563,1704,844,1426,600,546,637,1066,1612,3688,28010,15074,1403,23,5593,0,0,1,1
2021-02-27T23:59:59+01:00,0,1,325,371,700,1244,966,2183,1241,3403,1604,2702,810,744,2974,4388,3785,7226,58,106,257,515,420,1055,562,1704,843,1426,600,546,637,1065,1612,3688,28008,15071,1403,23,5255,0,0,1,1
2021-02-26T23:59:59+01:00,0,1,300,318,652,1179,902,2065,1151,3237,1500,2563,781,721,2545,3783,3368,6460,58,106,254,513,420,1053,560,1702,840,1420,596,544,630,1053,1603,3669,25745,14998,1403,23,4377,0,0,1,1
2021-02-25T23:59:59+01:00,0,1,295,305,639,1147,881,2023,1132,3171,1482,2518,778,718,2499,3710,3338,6417,56,104,250,505,420,1049,555,1692,837,1409,590,539,553,943,1559,3613,25526,14653,1403,21,4124,0,0,1,1
2021-02-24T23:59:59+01:00,0,1,276,295,588,1101,834,1956,1074,3076,1438,2460,761,699,2261,3409,3257,6287,55,100,246,498,414,1031,546,1670,834,1390,583,528,540,923,1548,3591,24547,14482,1403,15,3822,0,0,1,1
2021-02-23T23:59:59+01:00,0,1,263,275,560,1044,797,1879,1006,2927,1366,2358,710,649,2150,3274,3234,6197,55,98,244,492,414,1015,536,1638,827,1368,575,522,525,876,1537,3547,23759,14254,1398,15,3532,0,0,1,1
2021-02-22T23:59:59+01:00,0,1,259,269,548,982,777,1803,981,2833,1330,2298,687,629,2123,3239,3226,6140,55,97,238,486,412,1002,527,1622,823,1343,561,510,508,851,1531,3497,23370,14048,1398,15,3356,0,0,1,1
2021-02-21T23:59:59+01:00,0,1,256,261,539,957,764,1766,973,2785,1300,2272,687,627,2121,3239,3225,6139,55,97,237,486,412,1002,527,1622,823,1342,561,509,508,851,1531,3496,23364,14044,1398,15,3149,0,0,1,1
2021-02-20T23:59:59+01:00,0,1,172,230,468,908,696,1689,903,2696,1215,2173,672,612,1753,2725,2676,5345,55,97,237,486,412,1002,527,1621,823,1342,561,509,508,851,1531,3496,21114,14043,1398,15,2421,0,0,1,1
2021-02-19T23:59:59+01:00,0,1,82,167,357,827,570,1556,770,2547,1079,2021,656,591,1451,2213,2142,4557,55,97,237,486,412,1001,527,1621,823,1341,561,509,500,847,1530,3490,18935,14023,1398,14,1253,0,0,1,1
2021-02-18T23:59:59+01:00,0,1,79,162,345,777,549,1467,737,2407,1046,1954,641,581,1442,2195,2133,4508,52,90,232,464,398,936,512,1541,804,1267,547,495,494,829,1529,3473,18698,13649,1373,14,952,0,0,1,1
2021-02-17T23:59:59+01:00,0,1,78,154,331,754,540,1434,708,2314,1010,1855,635,571,1384,2108,2087,4459,52,87,230,455,390,898,501,1476,785,1185,534,483,492,827,1529,3473,18440,13383,1300,14,682,0,0,1,1
2021-02-16T23:59:59+01:00,0,1,73,148,316,715,512,1361,676,2206,985,1750,625,564,1141,1764,1969,4282,51,78,229,450,384,868,488,1411,759,1118,513,470,490,827,1526,3472,17535,13132,1062,2,490,0,0,1,1
2021-02-15T23:59:59+01:00,0,1,68,132,290,612,477,1220,621,1993,935,1591,616,562,1058,1659,1918,4220,51,78,227,445,380,862,487,1407,756,1111,513,470,489,824,1525,3469,17211,13094,724,0,37,0,0,1,1
2021-02-14T23:59:59+01:00,0,1,67,125,285,587,472,1191,610,1939,921,1569,616,562,961,1536,1873,4164,51,78,227,445,380,862,487,1405,756,1111,513,470,489,824,1525,3469,16887,13092,569,0,22,0,0,1,1
2021-02-13T23:59:59+01:00,0,1,67,124,285,586,471,1187,609,1937,919,1566,615,561,960,1528,1869,4161,51,78,227,444,378,858,486,1400,754,1110,511,468,472,786,1270,3011,16854,12304,569,0,22,0,0,1,1
2021-02-12T23:59:59+01:00,0,1,66,124,284,585,467,1183,609,1934,916,1565,612,560,921,1477,1849,4121,51,78,227,440,375,849,481,1391,748,1104,504,460,454,747,924,2319,16685,11152,569,0,19,0,0,1,1
2021-02-11T23:59:59+01:00,0,1,66,117,281,574,454,1156,603,1908,909,1553,611,559,879,1419,1827,4084,51,75,212,410,361,802,465,1318,733,1072,501,459,454,747,923,2318,16509,10902,486,0,5,0,0,1,0
2021-02-10T23:59:59+01:00,0,1,65,117,277,571,452,1151,599,1892,904,1549,611,559,870,1403,1806,4040,50,65,178,333,307,699,415,1146,654,978,466,447,449,746,923,2317,16407,10174,458,0,1,0,0,1,0
2021-02-09T23:59:59+01:00,0,1,63,115,271,568,449,1138,598,1878,898,1543,610,558,858,1368,1741,3937,42,53,125,255,231,548,334,944,552,824,431,436,445,745,921,2317,16163,9204,430,0,0,0,0,1,0
2021-02-08T23:59:59+01:00,0,1,62,115,268,559,446,1131,597,1863,892,1535,609,556,757,1218,1687,3855,38,43,86,165,168,410,268,706,492,689,423,429,441,742,920,2317,15745,8338,405,0,0,0,0,1,0
2021-02-07T23:59:59+01:00,0,1,59,112,259,536,431,1100,581,1760,857,1456,608,555,655,1091,1640,3772,37,42,82,163,165,403,263,693,487,678,421,428,441,742,920,2316,15376,8282,96,0,0,0,0,1,0
2021-02-06T23:59:59+01:00,0,1,59,112,258,536,431,1100,579,1759,855,1453,605,553,653,1082,1634,3765,34,41,81,160,162,393,259,685,476,670,413,427,405,694,687,1935,15338,7523,96,0,0,0,0,1,0
2021-02-05T23:59:59+01:00,0,1,59,112,256,533,431,1098,578,1758,853,1451,603,553,643,1075,1628,3754,32,39,77,154,157,385,251,666,459,660,407,427,399,669,299,1313,15289,6395,96,0,0,0,0,1,0
2021-02-04T23:59:59+01:00,0,1,57,110,251,526,425,1082,562,1731,849,1437,596,544,560,958,1580,3696,31,36,73,149,151,374,237,645,442,646,402,421,394,662,297,1308,14936,6269,28,0,0,0,0,1,0
2021-02-03T23:59:59+01:00,0,1,56,105,247,519,424,1062,559,1716,847,1422,592,534,550,948,1577,3683,24,28,59,117,118,275,173,505,333,497,300,321,319,521,226,1047,14815,4864,26,0,0,0,0,1,0
2021-02-02T23:59:59+01:00,0,1,56,103,244,513,424,1044,547,1683,839,1398,579,525,539,903,1568,3639,17,21,40,76,82,181,121,341,218,358,211,215,203,327,162,693,14578,3267,26,0,0,0,0,1,0
2021-02-01T23:59:59+01:00,0,1,56,101,240,505,422,1028,539,1662,835,1375,571,519,522,874,1560,3595,7,11,20,40,44,93,64,168,94,161,99,98,85,152,70,307,14378,1513,26,0,0,0,0,1,0
2021-01-31T23:59:59+01:00,0,1,56,101,239,504,420,1024,537,1657,832,1372,571,518,522,874,1560,3594,7,11,18,36,39,79,60,142,81,146,95,98,84,151,68,306,14356,1421,25,0,0,0,0,1,0
2021-01-30T23:59:59+01:00,0,1,56,101,239,504,420,1024,537,1657,832,1372,571,518,522,874,1560,3594,7,11,18,36,39,79,60,142,81,146,95,97,84,151,68,306,14356,1420,25,0,0,0,0,1,0
2021-01-29T23:59:59+01:00,0,1,56,101,239,504,420,1024,537,1657,832,1372,571,518,522,874,1560,3594,7,11,18,36,39,79,60,142,81,146,95,97,84,151,68,306,14356,1420,25,0,0,0,0,1,0
2021-01-28T23:59:59+01:00,0,1,54,93,235,476,408,958,519,1571,810,1290,558,503,516,857,1558,3580,3,2,4,6,10,13,19,34,21,31,16,20,19,33,17,91,13967,339,19,0,0,0,0,1,0
2021-01-27T23:59:59+01:00,0,1,52,89,235,466,400,919,509,1505,790,1207,546,490,514,855,1558,3580,3,2,4,6,8,13,19,33,21,30,16,20,19,33,17,91,13698,335,17,0,0,0,0,1,0
2021-01-26T23:59:59+01:00,0,1,51,83,231,463,393,890,498,1437,765,1140,524,477,512,855,1558,3580,1,2,4,6,8,12,17,29,17,25,14,18,17,31,17,84,13441,302,16,0,0,0,0,1,0
2021-01-25T23:59:59+01:00,0,1,51,83,228,458,389,884,498,1434,763,1135,524,477,512,854,1558,3578,0,0,0,0,0,0,0,0,0,0,1,1,0,2,0,0,13411,4,15,0,0,0,0,1,0
2021-01-24T23:59:59+01:00,0,1,51,83,228,458,389,884,498,1433,763,1135,524,477,512,854,1558,3578,0,0,0,0,0,0,0,0,0,0,1,1,0,2,0,0,13410,4,15,0,0,0,0,1,0
2021-01-23T23:59:59+01:00,0,1,51,83,228,457,388,880,498,1427,762,1133,521,475,495,816,1305,3110,0,0,0,0,0,0,0,0,0,0,1,1,0,2,0,0,12614,4,15,0,0,0,0,1,0
2021-01-22T23:59:59+01:00,0,1,51,83,227,453,384,871,493,1417,757,1125,515,467,478,775,947,2395,0,0,0,0,0,0,0,0,0,0,1,1,0,2,0,0,11424,4,15,0,0,0,0,0,0
2021-01-21T23:59:59+01:00,0,1,51,80,209,420,357,815,466,1318,731,1091,511,467,478,775,946,2394,0,0,0,0,0,0,0,0,0,0,1,1,0,2,0,0,11095,4,15,0,0,0,0,0,0
2021-01-20T23:59:59+01:00,0,1,49,70,181,349,316,730,424,1164,661,1000,475,456,473,775,946,2393,0,0,0,0,0,0,0,0,0,0,1,1,0,2,0,0,10448,4,15,0,0,0,0,0,0
2021-01-19T23:59:59+01:00,0,1,43,57,135,272,243,571,347,982,571,860,440,444,469,773,946,2393,0,0,0,0,0,0,0,0,0,0,1,0,0,2,0,0,9540,3,7,0,0,0,0,0,0
2021-01-18T23:59:59+01:00,0,1,39,44,86,173,174,421,278,719,500,703,431,437,466,768,944,2393,0,0,0,0,0,0,0,0,0,0,0,0,0,1,0,0,8577,1,0,0,0,0,0,0,0
2021-01-17T23:59:59+01:00,0,1,37,43,83,169,170,413,274,708,495,690,429,437,466,768,944,2392,0,0,0,0,0,0,0,0,0,0,0,0,0,0,0,0,8519,0,0,0,0,0,0,0,0
2021-01-16T23:59:59+01:00,0,1,34,42,81,167,166,404,267,701,480,682,421,436,427,721,704,2007,0,0,0,0,0,0,0,0,0,0,0,0,0,0,0,0,7741,0,0,0,0,0,0,0,0
2021-01-15T23:59:59+01:00,0,1,32,40,78,160,163,398,260,684,466,674,415,435,422,697,310,1376,0,0,0,0,0,0,0,0,0,0,0,0,0,0,0,0,6611,0,0,0,0,0,0,0,0
2021-01-14T23:59:59+01:00,0,1,32,38,77,156,158,393,252,675,455,666,412,433,422,696,310,1376,0,0,0,0,0,0,0,0,0,0,0,0,0,0,0,0,6552,0,0,0,0,0,0,0,0
2021-01-13T23:59:59+01:00,0,0,24,31,61,123,123,298,192,541,347,523,315,332,348,551,239,1107,0,0,0,0,0,0,0,0,0,0,0,0,0,0,0,0,5155,0,0,0,0,0,0,0,0
2021-01-12T23:59:59+01:00,0,0,17,24,45,85,88,210,139,391,237,387,225,226,227,355,173,750,0,0,0,0,0,0,0,0,0,0,0,0,0,0,0,0,3579,0,0,0,0,0,0,0,0
2021-01-11T23:59:59+01:00,0,0,9,15,26,44,58,134,88,220,124,205,112,107,99,172,80,333,0,0,0,0,0,0,0,0,0,0,0,0,0,0,0,0,1826,0,0,0,0,0,0,0,0
2021-01-10T23:59:59+01:00,0,0,8,15,22,41,51,106,80,179,105,172,106,104,95,170,77,333,0,0,0,0,0,0,0,0,0,0,0,0,0,0,0,0,1664,0,0,0,0,0,0,0,0
2021-01-09T23:59:59+01:00,0,0,8,15,22,41,51,106,80,179,105,172,106,103,95,170,77,333,0,0,0,0,0,0,0,0,0,0,0,0,0,0,0,0,1663,0,0,0,0,0,0,0,0
2021-01-08T23:59:59+01:00,0,0,8,14,21,40,49,100,75,168,99,169,103,99,90,161,75,325,0,0,0,0,0,0,0,0,0,0,0,0,0,0,0,0,1596,0,0,0,0,0,0,0,0
2021-01-07T23:59:59+01:00,0,0,3,3,4,7,10,14,20,34,23,34,17,20,20,34,19,95,0,0,0,0,0,0,0,0,0,0,0,0,0,0,0,0,357,0,0,0,0,0,0,0,0
2021-01-06T23:59:59+01:00,0,0,3,2,4,6,8,13,20,33,21,31,17,20,20,34,19,94,0,0,0,0,0,0,0,0,0,0,0,0,0,0,0,0,345,0,0,0,0,0,0,0,0
2021-01-05T23:59:59+01:00,0,0,3,2,4,6,8,13,20,33,21,31,17,20,20,34,19,94,0,0,0,0,0,0,0,0,0,0,0,0,0,0,0,0,345,0,0,0,0,0,0,0,0
2021-01-04T23:59:59+01:00,0,0,0,0,0,0,0,0,1,0,0,0,1,1,0,2,0,0,0,0,0,0,0,0,0,0,0,0,0,0,0,0,0,0,5,0,0,0,0,0,0,0,0
2021-01-03T23:59:59+01:00,0,0,0,0,0,0,0,0,1,0,0,0,1,1,0,2,0,0,0,0,0,0,0,0,0,0,0,0,0,0,0,0,0,0,5,0,0,0,0,0,0,0,0
2021-01-02T23:59:59+01:00,0,0,0,0,0,0,0,0,1,0,0,0,1,1,0,2,0,0,0,0,0,0,0,0,0,0,0,0,0,0,0,0,0,0,5,0,0,0,0,0,0,0,0
2021-01-01T23:59:59+01:00,0,0,0,0,0,0,0,0,1,0,0,0,1,1,0,2,0,0,0,0,0,0,0,0,0,0,0,0,0,0,0,0,0,0,5,0,0,0,0,0,0,0,0
2020-12-31T23:59:59+01:00,0,0,0,0,0,0,0,0,1,0,0,0,1,1,0,2,0,0,0,0,0,0,0,0,0,0,0,0,0,0,0,0,0,0,5,0,0,0,0,0,0,0,0
2020-12-30T23:59:59+01:00,0,0,0,0,0,0,0,0,1,0,0,0,1,1,0,2,0,0,0,0,0,0,0,0,0,0,0,0,0,0,0,0,0,0,5,0,0,0,0,0,0,0,0
2020-12-29T23:59:59+01:00,0,0,0,0,0,0,0,0,1,0,0,0,1,0,0,2,0,0,0,0,0,0,0,0,0,0,0,0,0,0,0,0,0,0,4,0,0,0,0,0,0,0,0
2020-12-28T23:59:59+01:00,0,0,0,0,0,0,0,0,0,0,0,0,1,0,0,1,0,0,0,0,0,0,0,0,0,0,0,0,0,0,0,0,0,0,2,0,0,0,0,0,0,0,0
2020-12-27T23:59:59+01:00,0,0,0,0,0,0,0,0,0,0,0,0,0,0,0,0,0,0,0,0,0,0,0,0,0,0,0,0,0,0,0,0,0,0,0,0,0,0,0,0,0,0,0
