Datum,<15_1_m,<15_1_w,15-24_1_m,15-24_1_w,25-34_1_m,25-34_1_w,35-44_1_m,35-44_1_w,45-54_1_m,45-54_1_w,55-64_1_m,55-64_1_w,65-74_1_m,65-74_1_w,75-84_1_m,75-84_1_w,>84_1_m,>84_1_w,<15_2_m,<15_2_w,15-24_2_m,15-24_2_w,25-34_2_m,25-34_2_w,35-44_2_m,35-44_2_w,45-54_2_m,45-54_2_w,55-64_2_m,55-64_2_w,65-74_2_m,65-74_2_w,75-84_2_m,75-84_2_w,>84_2_m,>84_2_w,bp_1,bp_2,mo_1,mo_2,az_1,az_2,ja,unb_1,unb_2
2021-11-12T23:59:59+01:00,2653,2459,17327,16180,20162,18567,22925,22871,29271,30066,35356,35980,26214,29101,17749,22656,5383,10218,1990,1776,14475,13730,17627,16295,20714,20687,26961,27767,33425,34131,25457,28233,17269,22022,5210,9771,266994,243156,33022,31009,46623,44898,18440,90,37
2021-11-11T23:59:59+01:00,2593,2407,17142,16027,20003,18434,22786,22734,29139,29961,35286,35896,26176,29064,17732,22639,5380,10210,1975,1755,14399,13673,17559,16233,20645,20625,26899,27712,33372,34091,25441,28208,17264,22010,5206,9768,265618,242599,32945,30938,46623,44897,18364,90,37
2021-11-10T23:59:59+01:00,2544,2371,17011,15908,19856,18320,22682,22633,29038,29878,35216,35823,26150,29031,17723,22620,5376,10199,1966,1743,14363,13618,17513,16193,20600,20574,26849,27658,33334,34053,25414,28180,17247,22001,5206,9765,264455,242104,32912,30908,46622,44897,18331,90,37
2021-11-09T23:59:59+01:00,2526,2341,16897,15792,19750,18219,22572,22535,28960,29806,35148,35760,26128,29004,17709,22605,5374,10193,1959,1730,14337,13582,17489,16169,20574,20549,26817,27625,33301,34025,25403,28165,17239,21992,5206,9759,263433,241800,32889,30871,46622,44897,18316,90,37
2021-11-08T23:59:59+01:00,2423,2221,16665,15605,19625,18108,22466,22446,28866,29726,35071,35702,26103,28983,17696,22591,5372,10188,1948,1724,14288,13537,17462,16133,20550,20512,26787,27594,33274,33992,25391,28147,17237,21984,5201,9757,262013,241456,32888,30848,46616,44896,18281,90,37
2021-11-07T23:59:59+01:00,2409,2206,16620,15568,19566,18062,22421,22408,28826,29699,35033,35674,26095,28974,17691,22585,5372,10185,1937,1718,14271,13509,17443,16107,20532,20492,26777,27575,33253,33978,25383,28137,17230,21977,5200,9754,261583,241239,32886,30848,46613,44896,18253,90,37
2021-11-06T23:59:59+01:00,2371,2165,16404,15384,19397,17923,22289,22309,28705,29609,34968,35619,26081,28962,17686,22581,5371,10184,1932,1716,14246,13492,17419,16089,20520,20479,26763,27564,33247,33964,25379,28133,17228,21975,5200,9753,260199,241065,32884,30848,46613,44896,18253,90,37
2021-11-05T23:59:59+01:00,2298,2097,16091,15100,19157,17697,22079,22131,28539,29459,34862,35538,26065,28941,17679,22570,5371,10182,1915,1704,14165,13414,17361,16037,20466,20433,26721,27529,33225,33945,25372,28124,17223,21964,5200,9750,258204,240651,32823,30807,46613,44896,18157,90,37
2021-11-04T23:59:59+01:00,2262,2066,15943,14957,19010,17564,21975,22017,28432,29349,34783,35489,26052,28919,17676,22562,5370,10182,1895,1684,14105,13354,17301,15970,20416,20367,26677,27471,33181,33904,25359,28107,17210,21952,5200,9741,257184,240227,32777,30758,46608,44892,17980,90,37
2021-11-03T23:59:59+01:00,2244,2042,15825,14857,18911,17487,21877,21935,28347,29288,34726,35459,26032,28897,17669,22551,5367,10179,1877,1670,14069,13315,17263,15923,20379,20336,26641,27430,33140,33874,25344,28088,17201,21934,5199,9732,256311,239797,32771,30745,46608,44892,17944,90,37
2021-11-02T23:59:59+01:00,2235,2029,15754,14788,18826,17415,21804,21879,28281,29247,34691,35425,26020,28882,17661,22548,5366,10174,1857,1658,14025,13273,17216,15894,20343,20301,26612,27405,33108,33841,25334,28073,17196,21924,5197,9726,255706,239415,32742,30730,46608,44891,17910,90,37
2021-11-01T23:59:59+01:00,2228,2017,15696,14748,18761,17382,21760,21850,28244,29226,34671,35408,26014,28881,17660,22545,5366,10173,1845,1651,13987,13250,17194,15867,20322,20287,26592,27387,33096,33834,25326,28069,17193,21915,5196,9724,255336,239199,32742,30722,46606,44890,17887,90,37
2021-10-31T23:59:59+01:00,2228,2017,15696,14748,18761,17382,21760,21850,28243,29226,34671,35408,26014,28881,17660,22545,5366,10173,1845,1651,13987,13250,17194,15866,20322,20287,26591,27387,33096,33834,25326,28069,17193,21915,5196,9724,255336,239198,32742,30722,46606,44890,17886,90,37
2021-10-30T23:59:59+02:00,2226,2014,15693,14748,18761,17382,21758,21849,28242,29226,34671,35407,26014,28880,17660,22545,5366,10173,1843,1649,13986,13250,17194,15866,20322,20287,26591,27387,33095,33834,25326,28069,17193,21915,5196,9724,255323,239192,32741,30722,46606,44890,17886,90,37
2021-10-29T23:59:59+02:00,2202,1983,15561,14644,18616,17272,21636,21763,28123,29155,34604,35366,26003,28872,17655,22543,5366,10171,1830,1636,13921,13215,17143,15819,20273,20265,26554,27362,33076,33814,25323,28065,17191,21911,5196,9721,254412,238937,32692,30685,46606,44890,17766,90,37
2021-10-28T23:59:59+02:00,2179,1954,15424,14547,18432,17155,21516,21676,28024,29082,34543,35318,25990,28860,17651,22536,5366,10169,1816,1620,13843,13141,17048,15753,20212,20210,26506,27319,33037,33788,25301,28046,17184,21902,5192,9717,253573,238541,32607,30592,46605,44887,17578,90,37
2021-10-27T23:59:59+02:00,2154,1941,15363,14488,18384,17106,21460,21648,27990,29051,34516,35298,25985,28844,17644,22533,5366,10168,1804,1606,13811,13107,17027,15733,20198,20193,26487,27284,33014,33768,25283,28025,17176,21886,5188,9715,253124,238246,32604,30588,46605,44887,17547,90,37
2021-10-26T23:59:59+02:00,2141,1917,15321,14456,18346,17071,21430,21631,27972,29031,34497,35288,25977,28840,17641,22530,5366,10168,1795,1599,13787,13069,17002,15706,20176,20173,26470,27266,32992,33755,25272,28007,17166,21867,5184,9698,252821,237941,32598,30579,46605,44887,17540,90,37
2021-10-25T23:59:59+02:00,2134,1912,15288,14438,18324,17054,21415,21622,27959,29025,34493,35283,25977,28838,17641,22530,5366,10168,1794,1599,13783,13066,16999,15704,20176,20170,26469,27265,32989,33753,25272,28007,17166,21866,5184,9698,252669,237921,32594,30575,46605,44887,17540,90,37
2021-10-24T23:59:59+02:00,2124,1906,15273,14431,18309,17044,21403,21613,27947,29012,34485,35277,25976,28833,17639,22530,5366,10168,1788,1593,13771,13047,16992,15691,20169,20161,26459,27259,32984,33745,25268,28002,17164,21865,5183,9697,252547,237806,32594,30575,46603,44887,17533,90,37
2021-10-23T23:59:59+02:00,2124,1906,15273,14431,18308,17044,21403,21612,27947,29012,34485,35277,25976,28833,17639,22530,5366,10168,1788,1593,13771,13047,16992,15691,20169,20161,26459,27259,32983,33745,25268,28002,17164,21865,5183,9697,252545,237805,32594,30575,46603,44887,17533,90,37
2021-10-22T23:59:59+02:00,2109,1890,15207,14386,18216,16984,21336,21564,27893,28965,34454,35261,25976,28829,17638,22527,5365,10167,1771,1572,13718,12983,16947,15656,20139,20137,26439,27241,32963,33728,25260,28000,17164,21862,5183,9696,252076,237486,32534,30554,46603,44887,17495,90,37
2021-10-21T23:59:59+02:00,2079,1858,15089,14303,18096,16893,21245,21504,27820,28902,34389,35222,25962,28809,17632,22517,5364,10163,1744,1555,13640,12902,16879,15606,20082,20094,26385,27195,32915,33693,25243,27980,17153,21838,5182,9691,251319,237015,32480,30453,46603,44887,17385,90,37
2021-10-20T23:59:59+02:00,2066,1847,15043,14269,18046,16856,21197,21464,27789,28876,34361,35204,25955,28796,17624,22506,5363,10158,1722,1542,13611,12869,16846,15570,20052,20063,26354,27165,32892,33660,25223,27968,17142,21828,5182,9686,250918,236638,32466,30441,46603,44887,17372,90,37
2021-10-19T23:59:59+02:00,2057,1840,15023,14239,18025,16835,21181,21449,27776,28859,34343,35192,25943,28787,17622,22503,5363,10158,1708,1524,13591,12831,16810,15533,20022,20039,26330,27141,32861,33638,25206,27951,17136,21814,5178,9680,250706,236270,32466,30440,46603,44887,17359,90,37
2021-10-18T23:59:59+02:00,2052,1833,15001,14221,18008,16814,21156,21424,27762,28847,34330,35178,25941,28781,17620,22500,5360,10157,1694,1512,13564,12800,16795,15506,20001,20014,26312,27116,32846,33618,25194,27943,17132,21806,5175,9678,250520,236010,32455,30428,46603,44885,17346,90,37
2021-10-17T23:59:59+02:00,2048,1831,14976,14211,18005,16808,21152,21418,27756,28838,34327,35173,25936,28778,17618,22500,5359,10153,1692,1506,13537,12779,16775,15490,19987,19997,26296,27106,32837,33607,25185,27935,17128,21803,5170,9669,250432,235817,32454,30428,46603,44880,17337,90,37
2021-10-16T23:59:59+02:00,2048,1830,14976,14209,18005,16808,21151,21418,27756,28838,34327,35173,25936,28778,17618,22500,5359,10153,1692,1506,13537,12779,16775,15490,19987,19997,26296,27106,32837,33607,25185,27935,17128,21803,5170,9669,250428,235817,32454,30428,46603,44880,17337,90,37
2021-10-15T23:59:59+02:00,2043,1815,14947,14176,17985,16785,21127,21404,27741,28828,34312,35167,25936,28775,17617,22496,5359,10151,1675,1484,13467,12724,16741,15457,19950,19971,26274,27081,32826,33591,25182,27932,17123,21800,5169,9668,250261,235495,32429,30393,46603,44880,17310,90,37
2021-10-14T23:59:59+02:00,2015,1798,14853,14109,17924,16731,21089,21371,27704,28797,34283,35145,25928,28767,17613,22488,5358,10145,1648,1455,13369,12629,16676,15394,19904,19901,26216,27030,32783,33555,25164,27909,17109,21781,5167,9665,249851,234965,32373,30243,46603,44880,17230,90,37
2021-10-13T23:59:59+02:00,2000,1789,14821,14065,17899,16703,21073,21352,27680,28781,34262,35132,25921,28757,17605,22480,5357,10142,1633,1443,13324,12589,16646,15359,19867,19855,26188,27005,32754,33514,25144,27888,17100,21756,5162,9659,249571,234517,32371,30239,46603,44880,17213,90,37
2021-10-12T23:59:59+02:00,1991,1784,14790,14032,17880,16676,21047,21330,27661,28760,34243,35115,25916,28751,17603,22472,5356,10140,1619,1435,13283,12543,16622,15315,19833,19820,26163,26978,32725,33491,25126,27864,17089,21734,5152,9628,249309,234061,32369,30237,46603,44880,17205,90,37
2021-10-11T23:59:59+02:00,1985,1776,14767,14019,17866,16659,21033,21318,27649,28750,34234,35101,25912,28744,17599,22467,5356,10136,1615,1425,13249,12511,16606,15287,19814,19794,26144,26951,32700,33463,25108,27843,17082,21722,5151,9618,249149,233739,32369,30237,46602,44880,17190,90,37
2021-10-10T23:59:59+02:00,1972,1764,14749,14001,17848,16644,21023,21304,27643,28745,34223,35094,25912,28740,17598,22464,5354,10136,1595,1415,13221,12486,16579,15259,19793,19774,26128,26933,32687,33448,25100,27833,17077,21719,5149,9615,249007,233486,32369,30237,46602,44876,17175,90,37
2021-10-09T23:59:59+02:00,1972,1764,14749,14001,17847,16643,21022,21304,27643,28745,34222,35093,25912,28738,17598,22464,5354,10136,1595,1415,13221,12486,16578,15259,19792,19774,26128,26932,32686,33446,25100,27831,17077,21719,5149,9615,249006,233485,32369,30236,46602,44876,17169,90,37
2021-10-08T23:59:59+02:00,1955,1749,14712,13979,17819,16618,20999,21289,27624,28731,34207,35078,25907,28737,17598,22462,5353,10134,1572,1376,13144,12398,16522,15208,19739,19734,26099,26899,32665,33425,25089,27820,17072,21714,5147,9614,248810,232978,32351,30219,46602,44876,17127,90,37
2021-10-07T23:59:59+02:00,1933,1729,14643,13906,17751,16565,20953,21228,27576,28702,34157,35048,25883,28715,17590,22449,5352,10130,1532,1343,13048,12324,16458,15137,19689,19685,26025,26848,32617,33382,25064,27798,17054,21695,5139,9597,248350,232459,32293,30059,46601,44875,17005,90,37
2021-10-06T23:59:59+02:00,1924,1711,14607,13870,17727,16537,20935,21205,27546,28670,34124,35027,25869,28702,17587,22444,5349,10127,1515,1330,13021,12283,16433,15109,19664,19659,25997,26822,32594,33352,25052,27785,17044,21683,5137,9591,248047,232143,32293,30059,46601,44875,16957,90,37
2021-10-05T23:59:59+02:00,1917,1699,14583,13832,17694,16521,20914,21183,27524,28643,34104,35000,25852,28686,17578,22433,5349,10123,1498,1315,12988,12251,16407,15091,19643,19635,25976,26795,32572,33334,25045,27776,17037,21676,5133,9586,247745,231853,32292,30059,46600,44874,16935,90,37
2021-10-04T23:59:59+02:00,1905,1694,14537,13794,17663,16493,20893,21162,27501,28619,34088,34981,25845,28669,17575,22428,5348,10119,1476,1299,12954,12214,16388,15061,19630,19611,25952,26767,32554,33306,25034,27766,17031,21669,5131,9582,247493,231566,32265,30056,46599,44873,16893,90,37
2021-10-03T23:59:59+02:00,1893,1688,14519,13765,17645,16475,20881,21152,27491,28607,34078,34972,25836,28664,17568,22420,5347,10117,1465,1289,12932,12196,16364,15043,19619,19600,25942,26754,32543,33293,25023,27755,17031,21661,5131,9582,247355,231415,32255,30052,46596,44872,16847,90,37
2021-10-02T23:59:59+02:00,1892,1688,14517,13764,17644,16474,20881,21151,27491,28607,34077,34972,25836,28663,17568,22420,5347,10117,1465,1289,12932,12195,16364,15043,19619,19600,25942,26754,32543,33293,25023,27755,17031,21661,5131,9582,247346,231414,32255,30052,46596,44872,16847,90,37
2021-10-01T23:59:59+02:00,1879,1669,14454,13700,17582,16422,20839,21109,27455,28587,34051,34953,25828,28659,17568,22414,5347,10114,1430,1252,12829,12092,16282,14986,19560,19551,25906,26719,32511,33265,25008,27740,17027,21653,5130,9580,247017,230841,32223,30042,46596,44872,16729,90,37
2021-09-30T23:59:59+02:00,1866,1649,14356,13614,17518,16364,20777,21057,27398,28529,33993,34926,25806,28642,17559,22403,5345,10111,1406,1228,12723,12017,16209,14938,19509,19498,25851,26661,32456,33237,24987,27718,17021,21641,5127,9579,246647,230531,32095,29862,46593,44863,16513,90,37
2021-09-29T23:59:59+02:00,1851,1629,14331,13589,17495,16322,20739,21027,27371,28496,33967,34903,25786,28626,17553,22393,5345,10110,1388,1215,12691,11984,16189,14910,19496,19479,25836,26643,32438,33214,24972,27705,17011,21628,5124,9575,246297,230253,32094,29862,46593,44862,16484,90,37
2021-09-28T23:59:59+02:00,1834,1620,14302,13557,17466,16288,20712,20993,27339,28473,33940,34879,25772,28606,17543,22383,5342,10104,1363,1208,12651,11953,16168,14882,19482,19453,25817,26632,32425,33193,24966,27694,17008,21622,5122,9574,245945,229996,32093,29862,46593,44861,16457,90,37
2021-09-27T23:59:59+02:00,1826,1615,14274,13532,17447,16266,20687,20970,27317,28454,33921,34857,25764,28593,17541,22375,5342,10101,1349,1197,12613,11919,16147,14860,19456,19436,25797,26610,32416,33173,24958,27681,17002,21615,5120,9573,245726,229763,32093,29862,46593,44855,16405,90,37
2021-09-26T23:59:59+02:00,1822,1610,14258,13512,17427,16249,20676,20955,27301,28439,33913,34844,25753,28588,17537,22374,5341,10100,1342,1193,12597,11899,16132,14843,19443,19424,25788,26599,32405,33162,24952,27679,16999,21611,5119,9572,245574,229632,32093,29861,46593,44855,16374,90,37
2021-09-25T23:59:59+02:00,1819,1608,14245,13496,17406,16238,20655,20944,27282,28423,33900,34836,25746,28583,17532,22371,5340,10098,1340,1191,12586,11885,16114,14833,19423,19412,25773,26582,32393,33154,24946,27674,16994,21608,5119,9570,245531,229605,32093,29861,46593,44855,16239,90,37
2021-09-24T23:59:59+02:00,1801,1584,14163,13415,17337,16187,20600,20894,27243,28379,33860,34805,25728,28572,17522,22361,5338,10094,1311,1172,12489,11781,16032,14766,19369,19351,25726,26546,32345,33124,24923,27653,16985,21596,5117,9566,245135,229089,32074,29856,46593,44855,16015,90,37
2021-09-23T23:59:59+02:00,1780,1564,14059,13316,17244,16101,20508,20817,27161,28321,33811,34745,25702,28549,17510,22342,5334,10087,1298,1163,12400,11706,15962,14699,19295,19301,25666,26489,32299,33088,24903,27634,16979,21585,5114,9560,244644,228756,31973,29818,46592,44854,15676,90,37
2021-09-22T23:59:59+02:00,1761,1551,14022,13268,17194,16059,20456,20770,27122,28274,33760,34694,25672,28522,17502,22320,5330,10083,1281,1154,12358,11660,15916,14666,19265,19272,25637,26461,32249,33053,24875,27609,16973,21571,5110,9551,244223,228433,31948,29809,46592,44852,15530,90,37
2021-09-21T23:59:59+02:00,1748,1536,13960,13215,17172,16009,20423,20731,27091,28234,33724,34673,25659,28505,17490,22296,5322,10055,1256,1131,12311,11600,15886,14638,19232,19233,25610,26433,32224,33026,24854,27592,16970,21562,5108,9540,243732,228052,31944,29759,46592,44850,15508,90,37
2021-09-20T23:59:59+02:00,1738,1529,13909,13176,17135,15968,20382,20698,27049,28196,33689,34639,25639,28478,17482,22279,5311,10028,1237,1127,12255,11564,15853,14615,19203,19207,25581,26409,32202,33002,24841,27579,16967,21554,5103,9526,243291,227748,31944,29759,46592,44850,15431,90,37
2021-09-19T23:59:59+02:00,1733,1520,13884,13150,17104,15946,20355,20679,27028,28168,33676,34625,25631,28469,17479,22276,5310,10026,1233,1116,12231,11543,15831,14595,19189,19188,25568,26397,32192,32991,24834,27574,16961,21548,5102,9526,243062,227581,31943,29758,46592,44848,15395,90,37
2021-09-18T23:59:59+02:00,1730,1516,13872,13138,17093,15939,20345,20672,27021,28164,33670,34621,25631,28469,17479,22275,5310,10026,1233,1114,12224,11535,15821,14590,19179,19185,25561,26393,32187,32989,24834,27574,16961,21548,5102,9526,243025,227561,31930,29753,46592,44848,15357,90,37
2021-09-17T23:59:59+02:00,1707,1482,13771,13024,16985,15863,20264,20601,26951,28104,33617,34577,25608,28446,17467,22264,5309,10023,1216,1097,12139,11458,15720,14513,19091,19113,25492,26324,32124,32946,24815,27554,16951,21530,5101,9522,242560,227120,31883,29741,46592,44847,14961,90,37
2021-09-16T23:59:59+02:00,1680,1444,13672,12914,16897,15767,20172,20511,26849,28017,33540,34511,25576,28413,17453,22240,5302,10002,1192,1071,12049,11379,15650,14449,19009,19034,25403,26242,32063,32891,24773,27516,16941,21517,5098,9511,241943,226652,31786,29682,46592,44845,14572,90,37
2021-09-15T23:59:59+02:00,1662,1435,13612,12861,16845,15705,20126,20460,26793,27966,33488,34455,25550,28381,17438,22211,5295,9979,1172,1055,11989,11318,15594,14398,18957,18983,25342,26192,32005,32835,24741,27483,16925,21498,5094,9500,241523,226216,31765,29666,46588,44843,14319,90,37
2021-09-14T23:59:59+02:00,1646,1424,13548,12793,16772,15653,20066,20413,26743,27909,33438,34404,25527,28362,17425,22200,5291,9974,1144,1033,11926,11256,15521,14338,18903,18938,25294,26138,31948,32782,24710,27460,16911,21482,5094,9495,241121,225822,31713,29572,46588,44843,14099,90,37
2021-09-13T23:59:59+02:00,1624,1408,13510,12756,16745,15626,20047,20388,26721,27884,33417,34380,25516,28354,17420,22189,5291,9971,1127,1018,11883,11222,15488,14316,18880,18908,25270,26110,31921,32760,24699,27449,16898,21473,5091,9494,240839,225514,31712,29570,46583,44841,14045,90,37
2021-09-12T23:59:59+02:00,1613,1405,13477,12733,16703,15610,20033,20377,26710,27865,33411,34368,25510,28347,17419,22185,5291,9968,1115,1012,11839,11202,15442,14298,18856,18887,25254,26097,31907,32746,24691,27440,16895,21469,5090,9491,240679,225299,31712,29570,46581,44840,13985,90,37
2021-09-11T23:59:59+02:00,1602,1404,13461,12721,16689,15601,20023,20374,26698,27859,33407,34364,25506,28346,17418,22184,5289,9968,1036,950,11772,11151,15426,14290,18848,18876,25241,26086,31899,32733,24689,27438,16894,21468,5090,9491,240614,224975,31691,29568,46581,44840,13958,90,37
2021-09-10T23:59:59+02:00,1563,1358,13312,12594,16617,15524,19916,20289,26616,27795,33345,34310,25466,28315,17403,22161,5283,9963,1009,925,11651,11048,15341,14207,18739,18792,25148,26029,31825,32676,24647,27407,16878,21448,5085,9486,240016,224419,31673,29557,46581,44840,13488,90,37
2021-09-09T23:59:59+02:00,1540,1337,13242,12529,16563,15474,19863,20251,26563,27728,33303,34270,25438,28297,17398,22148,5279,9956,989,901,11587,10975,15289,14155,18686,18761,25092,25988,31777,32642,24625,27392,16865,21438,5082,9475,239646,224044,31598,29517,46581,44840,13281,90,37
2021-09-08T23:59:59+02:00,1525,1320,13213,12505,16547,15450,19843,20238,26547,27716,33290,34259,25426,28289,17392,22142,5276,9953,977,885,11543,10931,15264,14137,18674,18744,25074,25964,31755,32631,24611,27377,16863,21432,5082,9473,239426,223767,31598,29517,46577,44839,13257,90,37
2021-09-07T23:59:59+02:00,1492,1302,13155,12458,16507,15418,19820,20209,26510,27695,33256,34229,25401,28271,17386,22127,5271,9947,959,876,11484,10866,15210,14084,18637,18711,25027,25919,31703,32604,24583,27354,16855,21415,5077,9471,239192,223459,31514,29402,46577,44839,13098,90,37
2021-09-06T23:59:59+02:00,1477,1293,13125,12424,16486,15395,19801,20188,26494,27680,33245,34220,25399,28259,17383,22123,5268,9947,946,867,11462,10834,15192,14052,18615,18695,25011,25899,31681,32589,24573,27342,16854,21407,5074,9471,238975,223230,31514,29391,46577,44838,13068,90,37
2021-09-05T23:59:59+02:00,1467,1285,13108,12404,16470,15379,19790,20181,26488,27671,33235,34208,25397,28256,17381,22119,5268,9947,939,862,11443,10818,15167,14036,18604,18686,25004,25892,31672,32569,24570,27331,16851,21402,5072,9470,238847,223080,31514,29391,46577,44837,13043,90,37
2021-09-04T23:59:59+02:00,1467,1285,13107,12403,16470,15379,19788,20181,26487,27671,33235,34208,25397,28256,17381,22118,5268,9947,938,862,11443,10816,15165,14036,18599,18686,25003,25890,31672,32567,24569,27331,16851,21402,5072,9470,238845,223069,31514,29390,46577,44837,13039,90,37
2021-09-03T23:59:59+02:00,1440,1269,13005,12306,16414,15326,19750,20142,26445,27644,33198,34191,25379,28245,17377,22107,5266,9946,894,828,11302,10689,15102,13960,18528,18640,24932,25841,31613,32531,24536,27303,16838,21386,5069,9466,238346,222257,31514,29387,46577,44837,12940,90,37
2021-09-02T23:59:59+02:00,1425,1262,12941,12264,16371,15293,19716,20115,26411,27610,33173,34170,25364,28233,17372,22102,5266,9942,889,822,11225,10651,15054,13925,18490,18620,24899,25819,31575,32501,24517,27282,16832,21381,5069,9464,238123,221994,31450,29345,46573,44828,12811,90,37
2021-09-01T23:59:59+02:00,1402,1247,12905,12226,16350,15273,19697,20100,26393,27590,33151,34145,25354,28222,17366,22092,5263,9938,874,800,11184,10616,15034,13897,18470,18600,24878,25797,31550,32469,24502,27268,16824,21375,5067,9462,237823,221664,31450,29343,46572,44827,12796,90,37
2021-08-31T23:59:59+02:00,1370,1225,12850,12166,16304,15237,19664,20055,26347,27541,33111,34110,25338,28201,17360,22079,5259,9934,852,775,11112,10547,14986,13836,18418,18567,24828,25743,31493,32426,24471,27252,16815,21362,5064,9455,237512,221235,31387,29314,46572,44808,12608,89,37
2021-08-30T23:59:59+02:00,1346,1210,12805,12128,16279,15215,19644,20038,26324,27524,33089,34093,25327,28191,17360,22075,5257,9932,844,764,11034,10514,14958,13815,18396,18543,24800,25727,31466,32399,24460,27237,16809,21355,5061,9452,237257,220938,31387,29314,46572,44797,12548,89,37
2021-08-29T23:59:59+02:00,1340,1204,12791,12111,16268,15206,19635,20028,26321,27515,33082,34079,25322,28185,17358,22074,5257,9932,831,755,11016,10477,14947,13798,18380,18529,24787,25717,31457,32387,24451,27225,16807,21350,5061,9452,237152,220759,31387,29314,46572,44793,12524,89,37
2021-08-28T23:59:59+02:00,1333,1190,12759,12090,16253,15194,19624,20014,26314,27505,33073,34073,25320,28180,17357,22071,5257,9931,812,730,10940,10406,14912,13765,18333,18502,24751,25684,31414,32356,24434,27212,16798,21334,5061,9449,236989,220232,31387,29314,46572,44793,12517,89,37
2021-08-27T23:59:59+02:00,1314,1175,12696,12035,16207,15146,19566,19964,26259,27455,33030,34043,25302,28169,17353,22057,5257,9928,809,725,10903,10372,14871,13739,18317,18486,24716,25660,31386,32335,24421,27201,16795,21330,5061,9448,236565,220074,31387,29313,46572,44792,12359,89,37
2021-08-26T23:59:59+02:00,1294,1159,12626,11979,16161,15103,19522,19924,26205,27397,32979,33998,25272,28140,17346,22047,5254,9924,799,710,10834,10322,14823,13695,18271,18457,24671,25622,31340,32296,24399,27184,16787,21321,5061,9444,236195,219756,31328,29298,46572,44785,12160,89,37
2021-08-25T23:59:59+02:00,1277,1144,12603,11937,16140,15077,19500,19908,26178,27379,32944,33969,25253,28122,17339,22040,5253,9921,785,697,10784,10280,14792,13666,18238,18426,24648,25603,31307,32258,24386,27167,16780,21311,5059,9441,235880,219379,31328,29298,46566,44781,12133,89,37
2021-08-24T23:59:59+02:00,1250,1126,12544,11864,16083,15033,19455,19867,26131,27334,32899,33936,25233,28098,17327,22028,5252,9916,763,677,10706,10206,14748,13626,18192,18390,24598,25552,31265,32221,24362,27140,16765,21295,5058,9440,235569,218966,31201,29258,46566,44781,11962,89,37
2021-08-23T23:59:59+02:00,1237,1113,12506,11828,16058,15014,19434,19832,26111,27298,32869,33914,25219,28085,17323,22019,5252,9913,740,661,10650,10153,14718,13588,18154,18356,24571,25522,31230,32188,24349,27120,16758,21292,5056,9439,235270,218561,31200,29258,46565,44778,11911,89,37
2021-08-22T23:59:59+02:00,1229,1106,12491,11806,16043,14998,19427,19813,26099,27287,32858,33898,25208,28079,17321,22017,5249,9913,725,652,10621,10124,14696,13571,18134,18345,24558,25504,31215,32175,24341,27109,16756,21287,5055,9438,235105,218341,31200,29258,46565,44777,11893,89,37
2021-08-21T23:59:59+02:00,1141,1034,12416,11748,16031,14986,19416,19801,26089,27276,32848,33882,25203,28075,17318,22014,5249,9913,714,646,10597,10094,14679,13567,18125,18333,24549,25498,31208,32169,24338,27109,16755,21287,5055,9438,234731,218218,31194,29258,46565,44777,11871,89,37
2021-08-20T23:59:59+02:00,1121,1018,12355,11679,15971,14931,19353,19762,26035,27243,32798,33855,25188,28064,17309,22009,5248,9911,710,640,10542,10057,14637,13531,18085,18307,24514,25479,31178,32152,24329,27102,16749,21284,5055,9437,234230,217934,31194,29258,46565,44777,11782,89,37
2021-08-19T23:59:59+02:00,1095,994,12286,11622,15910,14899,19303,19711,25973,27193,32755,33820,25157,28041,17297,21998,5245,9909,701,628,10447,9978,14568,13492,18029,18269,24445,25436,31111,32108,24288,27083,16740,21267,5054,9434,233937,217498,31102,29249,46565,44769,11525,89,37
2021-08-18T23:59:59+02:00,1083,978,12246,11586,15881,14869,19275,19681,25943,27162,32718,33794,25138,28029,17292,21989,5243,9908,687,617,10392,9910,14520,13468,17979,18240,24398,25399,31052,32069,24266,27065,16734,21254,5050,9428,233619,217040,31101,29241,46564,44758,11452,89,37
2021-08-17T23:59:59+02:00,1056,953,12195,11545,15852,14827,19244,19649,25915,27139,32682,33756,25120,28009,17282,21972,5242,9902,672,593,10298,9828,14466,13420,17925,18186,24348,25358,30992,32026,24238,27041,16723,21234,5048,9421,233316,216442,30976,29181,46564,44754,11404,89,36
2021-08-16T23:59:59+02:00,1044,946,12163,11518,15834,14810,19225,19630,25892,27115,32663,33734,25100,27994,17274,21957,5239,9900,657,580,10242,9760,14441,13377,17900,18149,24304,25323,30955,31995,24211,27007,16708,21220,5048,9418,233086,215997,30975,29181,46564,44748,11333,89,36
2021-08-15T23:59:59+02:00,1036,946,12138,11502,15820,14793,19211,19615,25882,27105,32642,33719,25094,27985,17270,21946,5238,9900,650,572,10194,9725,14403,13354,17877,18126,24279,25309,30934,31969,24193,26999,16703,21212,5047,9416,232926,215703,30974,29181,46563,44743,11299,89,36
2021-08-14T23:59:59+02:00,1035,946,12137,11499,15820,14792,19208,19613,25881,27105,32642,33718,25094,27985,17270,21946,5238,9900,594,511,10028,9505,14297,13263,17802,18080,24230,25277,30894,31936,24178,26986,16700,21209,5045,9415,232918,214698,30974,29180,46563,44742,11294,89,36
2021-08-13T23:59:59+02:00,990,906,11985,11374,15768,14731,19143,19557,25810,27054,32590,33682,25069,27956,17259,21936,5237,9896,586,506,9975,9450,14257,13234,17763,18055,24198,25257,30870,31915,24167,26973,16694,21200,5045,9411,232088,214360,30973,29180,46563,44739,11241,87,36
2021-08-12T23:59:59+02:00,976,884,11928,11313,15719,14691,19106,19531,25764,27030,32544,33653,25044,27940,17250,21930,5237,9893,577,497,9883,9384,14184,13192,17701,18005,24131,25221,30816,31866,24139,26948,16678,21182,5043,9411,231856,213937,30948,29174,46563,44724,10987,87,36
2021-08-11T23:59:59+02:00,962,873,11895,11279,15700,14668,19073,19513,25742,27011,32519,33624,25025,27917,17246,21922,5236,9891,533,464,9810,9322,14130,13151,17654,17961,24090,25199,30776,31818,24109,26916,16662,21169,5042,9405,231563,213364,30947,29170,46562,44696,10945,87,36
2021-08-10T23:59:59+02:00,943,863,11807,11227,15648,14637,19029,19476,25688,26976,32462,33570,25008,27902,17239,21909,5235,9888,520,457,9714,9234,14078,13116,17622,17927,24043,25160,30723,31771,24076,26882,16655,21149,5038,9400,231181,212840,30815,29135,46560,44682,10872,87,36
2021-08-09T23:59:59+02:00,940,846,11779,11192,15632,14621,19007,19463,25656,26954,32433,33540,25000,27893,17233,21901,5235,9885,508,440,9659,9172,14037,13066,17585,17886,24012,25115,30688,31732,24062,26865,16650,21136,5036,9394,230941,212384,30815,29132,46559,44675,10816,87,36
2021-08-08T23:59:59+02:00,929,839,11743,11169,15609,14607,18987,19442,25631,26933,32410,33523,24992,27877,17226,21897,5234,9885,486,431,9582,9116,13988,13037,17558,17856,23979,25080,30656,31701,24049,26846,16642,21122,5035,9391,230746,211981,30815,29131,46559,44674,10733,87,36
2021-08-07T23:59:59+02:00,909,812,11646,11091,15565,14566,18945,19408,25592,26903,32364,33491,24975,27865,17217,21879,5233,9882,417,358,8962,8526,13544,12682,17344,17670,23828,24970,30503,31624,23991,26795,16621,21095,5030,9388,230157,208777,30815,29129,46559,44674,10732,87,36
2021-08-06T23:59:59+02:00,900,809,11616,11066,15551,14553,18934,19402,25577,26887,32355,33484,24971,27861,17212,21877,5233,9881,375,309,8376,7905,13031,12284,17115,17464,23683,24858,30408,31545,23960,26748,16609,21081,5027,9381,230108,205605,30694,29116,46559,44674,10728,87,36
2021-08-05T23:59:59+02:00,897,802,11576,11035,15508,14524,18894,19370,25531,26852,32307,33437,24930,27839,17210,21866,5233,9875,367,303,8321,7841,12982,12232,17066,17423,23619,24818,30332,31491,23913,26706,16595,21063,5025,9372,229880,205183,30693,29111,46557,44665,10474,87,36
2021-08-04T23:59:59+02:00,880,786,11546,11005,15489,14492,18861,19344,25504,26823,32261,33398,24915,27826,17205,21860,5231,9867,345,293,8231,7754,12926,12185,17013,17379,23562,24774,30272,31420,23876,26668,16585,21050,5023,9366,229613,204594,30691,29110,46555,44630,10352,87,36
2021-08-03T23:59:59+02:00,864,769,11499,10965,15465,14470,18829,19324,25478,26794,32226,33363,24895,27807,17195,21855,5227,9866,320,282,8149,7668,12856,12133,16944,17327,23502,24736,30229,31370,23840,26634,16570,21039,5020,9362,229277,203934,30689,29100,46554,44622,10289,87,36
2021-08-02T23:59:59+02:00,855,766,11463,10935,15442,14439,18802,19304,25449,26769,32194,33335,24881,27787,17187,21846,5226,9864,310,275,8052,7576,12778,12072,16885,17262,23445,24664,30178,31312,23821,26611,16549,21029,5018,9357,228996,203222,30688,29099,46554,44614,10223,87,36
2021-08-01T23:59:59+02:00,847,759,11437,10906,15429,14425,18787,19293,25429,26757,32177,33320,24877,27778,17186,21843,5224,9863,297,258,7985,7509,12716,12024,16839,17215,23408,24632,30151,31287,23805,26592,16545,21023,5016,9356,228849,202762,30684,29098,46554,44595,10167,87,36
2021-07-31T23:59:59+02:00,844,758,11434,10900,15427,14422,18783,19289,25428,26756,32174,33319,24877,27777,17186,21843,5224,9863,275,238,7832,7324,11946,11355,16283,16776,23312,24553,30086,31216,23775,26556,16533,21004,5015,9354,228819,199540,30683,29098,46554,44594,10165,87,36
2021-07-30T23:59:59+02:00,843,757,11421,10891,15424,14419,18776,19282,25421,26751,32164,33314,24876,27775,17186,21840,5224,9863,228,198,7551,7085,11403,10908,15804,16345,23174,24446,29977,31104,23738,26511,16516,20982,5015,9350,228751,196461,30682,29097,46552,44582,10159,87,36
2021-07-29T23:59:59+02:00,831,748,11382,10844,15386,14398,18736,19256,25384,26717,32111,33285,24858,27755,17175,21822,5224,9860,138,134,7179,6777,10738,10388,15287,15929,22997,24300,29829,30993,23683,26459,16487,20957,5011,9347,228433,192989,30680,29087,46552,44497,10024,87,36
2021-07-28T23:59:59+02:00,812,735,11335,10791,15362,14369,18705,19228,25358,26689,32084,33260,24842,27737,17170,21810,5223,9856,119,105,7014,6624,10591,10264,15174,15794,22904,24204,29727,30894,23641,26401,16468,20928,5010,9337,228104,191739,30680,29085,46547,44387,9952,87,36
2021-07-27T23:59:59+02:00,803,726,11290,10751,15319,14329,18664,19202,25329,26663,32048,33238,24826,27712,17163,21798,5222,9848,99,92,6793,6410,10430,10149,15029,15662,22800,24094,29619,30781,23589,26337,16452,20901,5007,9325,227783,190586,30680,28757,46546,44351,9839,87,36
2021-07-26T23:59:59+02:00,793,713,11240,10702,15293,14308,18646,19174,25301,26632,32015,33212,24811,27690,17151,21786,5221,9845,91,83,6677,6334,10334,10075,14962,15582,22717,24034,29554,30707,23556,26293,16440,20884,5003,9319,227482,189801,30678,28753,46545,44311,9744,87,36
2021-07-25T23:59:59+02:00,782,703,11211,10674,15272,14283,18626,19150,25274,26607,31994,33194,24794,27679,17147,21777,5220,9843,76,78,6601,6254,10266,10012,14888,15522,22663,23980,29498,30669,23525,26272,16428,20870,5003,9315,227283,189213,30678,28749,46544,44281,9641,87,36
2021-07-24T23:59:59+02:00,758,681,11134,10591,15233,14256,18602,19129,25254,26591,31982,33181,24794,27675,17144,21775,5220,9843,76,77,6202,5906,10117,9899,14512,15239,22439,23821,29380,30585,23489,26234,16411,20853,5000,9311,226903,186856,30678,28746,46544,44279,9634,87,36
2021-07-23T23:59:59+02:00,732,659,11066,10505,15203,14222,18574,19115,25233,26570,31967,33163,24783,27670,17142,21775,5220,9840,73,73,5830,5600,9998,9792,14165,14974,22242,23645,29260,30467,23437,26166,16400,20832,4996,9304,226515,184586,30677,28746,46544,44267,9619,87,36
2021-07-22T23:59:59+02:00,691,619,10911,10340,15105,14133,18487,19066,25153,26516,31894,33099,24747,27629,17128,21757,5216,9835,61,62,5513,5303,9729,9576,13581,14496,21921,23386,29028,30238,23336,26068,16358,20794,4992,9301,225559,181261,30676,28734,46543,44248,9464,87,36
2021-07-21T23:59:59+02:00,671,594,10846,10285,15068,14106,18447,19028,25113,26486,31854,33049,24722,27594,17112,21745,5213,9830,51,56,4905,4838,9286,9320,13197,14266,21688,23232,28841,30089,23271,25992,16333,20771,4990,9298,225128,179489,30665,27473,46540,44080,9346,87,36
2021-07-20T23:59:59+02:00,653,577,10788,10230,15042,14069,18412,19001,25082,26454,31818,33015,24702,27573,17107,21730,5210,9823,46,46,4764,4726,9137,9189,13030,14131,21575,23111,28710,29965,23191,25888,16311,20731,4983,9292,224747,178147,30665,27461,46538,43931,9251,87,36
2021-07-19T23:59:59+02:00,640,564,10749,10199,15011,14045,18388,18992,25053,26428,31785,32986,24685,27550,17101,21719,5208,9820,40,43,4684,4659,9039,9111,12912,14034,21477,23003,28611,29845,23135,25831,16285,20702,4978,9286,224498,177208,30665,27452,46529,43833,9146,87,36
2021-07-18T23:59:59+02:00,625,555,10696,10147,14976,14024,18363,18974,25033,26412,31762,32967,24675,27539,17095,21710,5207,9815,38,41,4576,4558,8903,8990,12785,13894,21390,22912,28538,29766,23106,25801,16276,20689,4975,9285,224221,176196,30665,27437,46529,43779,9075,87,36
2021-07-17T23:59:59+02:00,550,484,10408,9848,14861,13922,18272,18895,24927,26338,31654,32916,24641,27505,17082,21690,5205,9814,37,40,4529,4517,8849,8917,12549,13699,20964,22567,28407,29634,23069,25748,16267,20674,4974,9282,222661,174399,30665,27437,46527,43777,9074,87,36
2021-07-16T23:59:59+02:00,521,447,10273,9727,14801,13881,18220,18843,24891,26305,31634,32891,24632,27490,17079,21683,5205,9811,37,40,4483,4475,8773,8876,12178,13420,20420,22167,28274,29540,23019,25711,16258,20669,4972,9280,221993,172287,30665,27434,46526,43770,9065,87,36
2021-07-15T23:59:59+02:00,489,410,10135,9622,14733,13830,18163,18774,24836,26257,31584,32838,24607,27453,17061,21668,5198,9807,24,30,4270,4338,8443,8666,11662,13018,19312,21319,27857,29196,22849,25541,16193,20596,4962,9264,221259,167581,30663,27421,46525,43569,8933,87,36
2021-07-14T23:59:59+02:00,468,396,10104,9596,14695,13809,18133,18739,24797,26215,31533,32785,24577,27425,17050,21651,5197,9805,21,27,4146,4187,8185,8494,11431,12873,19134,21208,27709,29069,22784,25463,16159,20558,4957,9255,220883,166011,30663,27402,46524,43391,8820,87,36
2021-07-13T23:59:59+02:00,444,382,10054,9543,14665,13780,18106,18706,24760,26194,31498,32743,24561,27394,17039,21639,5196,9802,21,25,4051,4091,8009,8336,11230,12682,18998,21068,27555,28906,22687,25379,16124,20504,4953,9244,220471,164547,30663,27381,46523,43135,8764,87,36
2021-07-12T23:59:59+02:00,432,360,10008,9491,14637,13761,18076,18677,24723,26151,31464,32699,24537,27371,17024,21634,5193,9799,20,22,3945,3992,7837,8215,11071,12545,18882,20947,27432,28786,22614,25317,16097,20478,4952,9239,220096,163378,30662,27362,46522,42944,8671,87,36
2021-07-11T23:59:59+02:00,424,342,9977,9462,14616,13741,18059,18667,24701,26142,31443,32681,24525,27361,17022,21632,5193,9797,17,20,3876,3922,7720,8117,10923,12417,18756,20845,27331,28672,22570,25269,16076,20453,4950,9236,219900,162417,30659,27357,46521,42741,8619,87,36
2021-07-10T23:59:59+02:00,398,319,9864,9359,14562,13701,18008,18644,24676,26122,31424,32665,24517,27352,17018,21628,5191,9795,17,19,3841,3898,7661,8077,10888,12388,18727,20820,27302,28650,22562,25254,16072,20448,4950,9236,219372,162115,30657,27356,46518,42693,8610,87,36
2021-07-09T23:59:59+02:00,338,271,9605,9148,14459,13621,17929,18573,24590,26069,31375,32604,24495,27321,17004,21610,5191,9790,16,18,3774,3859,7524,7986,10670,12239,18501,20681,26886,28331,22378,25060,16017,20387,4947,9229,218147,159965,30657,27352,46517,42564,8586,87,36
2021-07-08T23:59:59+02:00,259,204,9410,9004,14358,13544,17834,18499,24531,26018,31292,32546,24467,27290,16991,21592,5187,9785,14,15,3616,3735,7213,7797,10318,12010,18154,20398,26581,28072,22203,24902,15949,20311,4940,9213,217041,157587,30654,27304,46504,41988,8526,87,36
2021-07-07T23:59:59+02:00,220,176,9322,8900,14318,13513,17797,18458,24478,25981,31250,32506,24442,27260,16978,21574,5187,9777,12,11,3439,3608,6894,7575,9379,11277,17567,19970,26179,27760,21965,24594,15870,20214,4926,9199,216403,154972,30651,25549,46502,41387,8495,87,36
2021-07-06T23:59:59+02:00,198,164,9243,8843,14267,13483,17761,18415,24436,25941,31189,32459,24406,27232,16963,21557,5185,9775,12,10,3322,3535,6690,7451,9108,11113,17321,19788,25902,27504,21808,24391,15789,20110,4913,9184,215835,153035,30637,25537,46499,40883,8460,87,36
2021-07-05T23:59:59+02:00,186,149,9156,8758,14226,13437,17726,18365,24399,25911,31144,32409,24383,27209,16954,21543,5184,9773,12,9,3270,3502,6563,7373,8959,10992,17176,19648,25730,27348,21665,24223,15740,20057,4902,9174,215280,151971,30637,25528,46497,40396,8412,87,36
2021-07-04T23:59:59+02:00,171,142,9104,8708,14193,13424,17699,18347,24373,25890,31123,32383,24368,27195,16948,21535,5183,9770,10,8,3221,3458,6497,7331,8870,10920,17090,19562,25600,27237,21540,24094,15698,20005,4900,9167,215002,151307,30636,25516,46482,39999,8350,87,36
2021-07-03T23:59:59+02:00,168,139,8598,8227,14034,13306,17598,18231,24277,25831,31059,32335,24347,27173,16936,21525,5181,9767,9,8,3161,3380,6377,7211,8696,10777,16871,19376,25211,26925,21424,23956,15668,19965,4897,9161,213197,149247,30635,25516,46482,39942,8332,87,36
2021-07-02T23:59:59+02:00,161,135,8029,7769,13891,13197,17506,18154,24208,25762,30999,32273,24309,27131,16930,21505,5179,9762,8,8,3050,3272,6106,7055,8438,10537,16500,19047,24732,26498,21197,23682,15599,19883,4891,9158,211371,146165,30635,25513,46479,39618,8329,87,36
2021-07-01T23:59:59+02:00,148,125,7901,7665,13807,13138,17436,18101,24140,25711,30947,32220,24281,27106,16920,21493,5178,9761,7,7,2862,3086,5758,6772,7999,10116,15910,18569,23962,25833,20707,23210,15472,19721,4879,9133,210583,141569,30630,25500,46472,38591,8307,87,36
2021-06-30T23:59:59+02:00,130,112,7756,7549,13743,13088,17382,18048,24087,25657,30887,32174,24250,27084,16906,21475,5178,9756,6,7,2766,3011,5602,6630,7771,9894,14951,17697,23347,25281,20347,22816,15339,19560,4865,9099,210017,140028,30455,23225,46468,37464,8236,87,36
2021-06-29T23:59:59+02:00,115,99,7689,7451,13696,13048,17345,18003,24034,25596,30836,32114,24230,27058,16896,21459,5175,9752,4,5,2708,2965,5471,6532,7617,9760,14782,17524,23101,25045,20087,22490,15240,19459,4853,9079,209388,138900,30453,23212,46465,36370,8204,87,36
2021-06-28T23:59:59+02:00,110,93,7624,7380,13628,12986,17298,17952,23992,25551,30779,32070,24213,27030,16889,21449,5173,9750,3,4,2677,2932,5403,6480,7526,9688,14685,17442,22949,24831,19884,22244,15185,19390,4849,9065,208844,138295,30451,23202,46457,35575,8129,87,36
2021-06-27T23:59:59+02:00,96,88,7576,7319,13597,12949,17269,17919,23973,25516,30752,32042,24201,27022,16882,21443,5173,9748,2,3,2655,2918,5354,6455,7453,9642,14588,17377,22853,24744,19757,22101,15154,19339,4845,9056,208490,137780,30451,23190,46451,35203,8087,87,36
2021-06-26T23:59:59+02:00,92,85,7075,6778,13204,12649,17154,17815,23908,25459,30716,32007,24192,27005,16878,21432,5172,9747,2,3,2555,2809,5164,6265,7253,9451,14041,16922,22190,24108,19609,21959,15109,19286,4843,9048,206314,134139,30449,23189,46451,35183,8087,68,19
2021-06-25T23:59:59+02:00,91,82,6595,6297,12750,12276,16993,17696,23818,25394,30635,31967,24169,26978,16873,21422,5170,9744,2,3,2454,2655,4988,6070,6993,9153,13508,16388,21637,23520,19413,21749,15051,19219,4839,9036,203913,130431,30449,23189,46451,34969,8070,68,19
2021-06-24T23:59:59+02:00,81,70,6373,6086,12527,12124,16887,17614,23745,25341,30577,31919,24135,26936,16867,21412,5168,9737,2,3,2250,2421,4618,5689,6493,8664,12783,15673,20484,22515,18949,21267,14946,19088,4827,9021,202645,124482,30447,23178,46444,34018,7996,68,19
2021-06-23T23:59:59+02:00,76,68,5805,5589,12365,12013,16768,17502,23670,25294,30513,31869,24102,26913,16860,21398,5164,9733,2,3,2212,2368,4555,5569,6401,8514,12549,15384,20240,22253,18650,20937,14849,18974,4816,9004,202134,123457,29120,23029,46434,32828,7947,68,19
2021-06-22T23:59:59+02:00,71,63,5665,5459,12265,11907,16680,17428,23610,25232,30444,31790,24074,26880,16850,21377,5160,9731,2,2,2160,2331,4461,5487,6276,8367,11679,14724,19826,21845,18314,20582,14741,18835,4806,8983,201194,122532,29113,21337,46415,31636,7897,68,19
2021-06-21T23:59:59+02:00,68,60,5531,5346,12188,11814,16615,17341,23553,25158,30394,31732,24049,26852,16837,21362,5160,9727,2,2,2127,2296,4401,5390,6189,8239,10897,14015,19373,21435,18086,20352,14679,18738,4797,8966,200368,121727,29107,19549,46410,30854,7835,68,19
2021-06-20T23:59:59+02:00,66,58,5414,5222,12022,11637,16549,17218,23504,25092,30352,31676,24033,26830,16831,21347,5155,9722,2,2,2109,2266,4360,5349,6118,8188,10794,13936,19262,21309,17929,20162,14613,18654,4793,8959,199365,121193,29103,19546,46404,30258,7789,68,19
2021-06-19T23:59:59+02:00,62,54,5397,5204,11253,10973,16069,16823,23442,25047,30308,31633,24015,26810,16823,21335,5155,9722,2,2,2036,2145,4155,5114,5834,7904,10465,13599,18205,20451,17756,19970,14580,18589,4788,8947,196764,116946,29103,19546,46403,30243,7788,68,19
2021-06-18T23:59:59+02:00,59,53,5361,5176,10610,10389,15458,16258,23350,24978,30238,31570,23987,26780,16812,21320,5154,9720,2,2,1966,2055,4014,4971,5556,7633,10082,13234,17052,19237,17553,19732,14531,18524,4785,8937,193922,112527,29095,19545,46403,29989,7786,68,19
2021-06-17T23:59:59+02:00,52,44,5246,5072,9931,9885,14969,15869,23250,24890,30156,31476,23947,26734,16798,21299,5153,9717,2,2,1837,1949,3757,4724,5167,7267,9541,12747,15863,18044,17092,19242,14390,18349,4772,8913,191330,107392,29092,19536,46400,29069,7648,19,13
2021-06-16T23:59:59+02:00,50,36,5115,4941,9733,9720,14823,15739,23156,24796,30057,31400,23904,26690,16783,21287,5152,9707,2,2,1795,1908,3649,4635,5062,7146,8509,11894,15590,17745,16797,18906,14255,18179,4766,8880,190153,106492,29080,17657,46398,28118,7440,19,13
2021-06-15T23:59:59+02:00,44,30,4933,4761,9549,9566,14686,15595,23064,24705,29981,31315,23861,26616,16757,21254,5144,9692,2,2,1736,1853,3566,4539,4968,7028,8393,11751,15408,17515,16477,18595,14113,18010,4744,8821,188837,105717,29077,17653,46379,26896,7242,19,13
2021-06-14T23:59:59+02:00,42,27,4856,4699,9457,9457,14609,15505,22992,24633,29910,31253,23829,26577,16742,21236,5141,9686,2,2,1716,1830,3530,4513,4927,6995,8292,11688,15271,17381,16297,18390,14020,17912,4739,8813,188092,105489,29071,17651,46373,26068,7097,19,13
2021-06-13T23:59:59+02:00,41,26,4799,4650,9374,9383,14524,15439,22930,24582,29843,31200,23803,26549,16733,21226,5141,9684,2,2,1669,1817,3486,4489,4872,6953,8219,11650,15171,17285,16140,18206,13966,17838,4732,8806,187513,105207,29064,17649,46357,25459,6975,19,13
2021-06-12T23:59:59+02:00,39,24,4780,4635,9346,9359,14285,15261,22800,24451,29798,31155,23782,26532,16724,21218,5140,9682,2,2,1547,1694,3250,4279,4465,6653,7671,11219,13393,15594,15786,17833,13886,17736,4730,8791,186600,98502,29064,17648,46357,25395,6973,18,13
2021-06-11T23:59:59+02:00,35,23,4727,4584,9265,9308,13965,15039,22604,24303,29702,31064,23745,26487,16706,21206,5139,9679,2,2,1447,1561,3059,4064,4169,6287,7159,10674,11748,13699,15304,17253,13773,17588,4715,8777,185244,91560,29059,17647,46355,25155,6906,18,13
2021-06-10T23:59:59+02:00,29,20,4442,4361,8717,8979,12688,14014,22037,23850,29329,30758,23609,26328,16654,21138,5126,9664,2,2,1327,1473,2823,3882,3843,6004,6722,10282,10329,12365,14789,16675,13601,17380,4700,8750,179902,87008,29042,17644,46350,23850,6434,16,13
2021-06-09T23:59:59+02:00,26,16,4209,4200,8124,8688,11789,13352,21715,23638,29099,30607,23545,26265,16634,21113,5123,9660,2,2,1242,1419,2667,3809,3702,5923,6513,10188,10063,12186,14463,16323,13429,17200,4693,8729,177791,86667,27773,17539,46344,22454,5880,16,13
2021-06-08T23:59:59+02:00,22,13,4081,4101,7723,8462,11302,13061,21489,23457,28899,30452,23487,26192,16602,21071,5117,9651,2,2,1165,1392,2530,3750,3542,5853,5616,9437,9590,11819,14125,15914,13203,16959,4679,8707,176040,86302,27403,15383,46319,21182,5405,16,13
2021-06-07T23:59:59+02:00,17,11,3961,4025,7483,8357,11012,12882,21285,23343,28745,30334,23429,26138,16584,21046,5113,9643,2,2,1117,1276,2408,3686,3412,5790,5450,9361,9378,11690,13894,15655,13046,16790,4672,8689,174808,86111,27394,15378,46311,19936,4880,16,13
2021-06-06T23:59:59+02:00,15,11,3844,3967,7246,8238,10762,12718,21098,23255,28659,30242,23398,26104,16572,21028,5110,9638,2,2,1097,1259,2344,3651,3316,5735,5343,9286,9259,11589,13738,15499,12973,16696,4669,8682,173657,85915,27376,15373,46301,19283,4556,16,13
2021-06-05T23:59:59+02:00,15,11,3815,3930,7207,8198,10585,12566,20470,22744,28497,30098,23348,26059,16558,21009,5110,9634,2,1,1065,1160,2176,3197,3083,5195,5174,8953,8479,10632,13084,14658,12861,16549,4658,8672,171618,80520,27376,15373,46300,19147,4546,15,13
2021-06-04T23:59:59+02:00,15,11,3785,3903,7168,8171,10487,12474,20105,22414,28393,30001,23313,26021,16544,21000,5108,9633,2,1,1033,1093,2078,2885,2923,4717,5017,8582,7963,9974,11583,12938,12734,16352,4651,8654,170331,74132,27363,15372,46299,19124,4539,15,13
2021-06-03T23:59:59+02:00,10,7,3649,3802,6950,8030,9931,12050,18882,21481,27995,29689,23180,25880,16491,20938,5104,9619,2,1,983,1048,1990,2774,2784,4558,4812,8274,7598,9524,11203,12539,12623,16238,4648,8641,165575,72341,27352,15369,46295,18065,4452,15,13
2021-06-02T23:59:59+02:00,10,7,3641,3794,6937,8013,9919,12039,18693,21300,27923,29640,23157,25859,16485,20929,5101,9617,2,1,978,1040,1978,2745,2761,4539,4600,8089,7062,9035,11166,12498,12608,16223,4644,8635,165504,72232,26807,13875,46295,18040,4444,15,13
2021-06-01T23:59:59+02:00,9,6,3515,3719,6696,7864,9634,11845,18236,20955,27685,29444,23064,25757,16444,20876,5098,9605,2,1,941,992,1892,2675,2680,4464,4321,7855,6463,8500,10952,12284,12510,16122,4639,8623,163809,71783,26029,12582,46280,17218,4320,15,13
2021-05-31T23:59:59+02:00,9,6,3469,3675,6605,7797,9498,11743,18110,20865,27593,29367,22997,25695,16427,20847,5093,9598,2,1,912,964,1822,2632,2601,4421,4213,7791,6341,8422,10764,12114,12409,16006,4629,8615,162962,71414,26000,12575,46267,16506,4151,15,13
2021-05-30T23:59:59+02:00,9,5,3438,3650,6540,7741,9406,11649,18021,20786,27517,29295,22952,25650,16405,20819,5087,9588,2,1,905,956,1811,2623,2588,4409,4184,7766,6288,8380,10703,12035,12375,15962,4624,8606,162251,71373,25994,12572,46250,16211,4049,15,13
2021-05-29T23:59:59+02:00,9,5,3427,3633,6505,7713,9363,11610,17983,20746,27369,29189,22897,25576,16390,20799,5084,9584,1,1,869,937,1754,2577,2516,4325,3993,7510,6013,8081,8493,9373,12182,15620,4609,8577,161588,65113,25994,12570,46237,15686,4049,15,13
2021-05-28T23:59:59+02:00,9,5,3364,3578,6375,7636,9223,11478,17825,20614,27186,29066,22836,25498,16370,20781,5083,9583,1,1,856,924,1735,2554,2478,4270,3841,7214,5818,7817,5778,6251,11909,15221,4593,8528,160232,58212,25992,12570,46232,14954,4040,15,13
2021-05-27T23:59:59+02:00,9,5,3220,3455,6089,7456,8620,11145,17348,20275,26773,28719,22668,25333,16312,20718,5076,9565,1,1,809,867,1650,2458,2360,4136,3419,6243,5395,7217,5617,6075,11828,15146,4587,8511,156763,57725,25932,12523,46225,12207,3852,15,13
2021-05-26T23:59:59+02:00,9,5,3114,3371,5869,7289,8251,10860,16884,19968,26472,28482,22518,25200,16260,20644,5063,9545,1,1,793,857,1597,2433,2307,4104,3346,6167,5296,7144,5481,5948,11762,15078,4582,8499,154065,57642,25913,12521,46203,11611,3609,15,13
2021-05-25T23:59:59+02:00,9,5,3023,3309,5727,7172,8055,10696,15881,19190,26118,28128,22359,25042,16207,20564,5056,9535,1,1,774,840,1560,2386,2236,4044,3269,6095,5210,7081,5313,5778,11654,14997,4574,8487,152502,57571,23994,12331,46185,11003,3382,14,13
2021-05-24T23:59:59+02:00,9,5,2959,3293,5641,7127,7939,10634,14966,18499,25703,27817,22265,24937,16176,20528,5049,9523,1,1,765,838,1539,2369,2194,4007,3224,6047,5133,7001,5211,5670,11573,14922,4573,8481,151780,57533,21920,12255,46176,10567,3181,14,13
2021-05-23T23:59:59+02:00,9,4,2956,3288,5632,7119,7930,10626,14960,18498,25702,27816,22265,24937,16176,20528,5049,9523,1,1,763,835,1531,2362,2181,3994,3205,6032,5112,6968,5166,5618,11557,14899,4572,8479,151748,57525,21920,12255,46174,10320,3163,14,13
2021-05-22T23:59:59+02:00,8,4,2919,3244,5554,7068,7830,10540,14761,18335,25419,27570,22165,24850,16143,20484,5046,9518,1,1,741,815,1483,2308,2129,3913,3093,5910,4795,6393,4595,4869,10909,14074,4562,8440,150210,54276,21920,12255,46174,9346,3141,14,13
2021-05-21T23:59:59+02:00,6,4,2847,3172,5427,6967,7702,10393,14502,18106,25124,27334,22050,24742,16110,20436,5042,9509,1,1,714,762,1414,2179,2028,3644,2909,5577,4314,5498,4179,4330,10163,13134,4496,8314,148265,50529,21918,12255,46168,7750,3110,13,13
2021-05-20T23:59:59+02:00,6,4,2716,3016,5144,6712,7417,10022,14040,17621,24514,26783,21777,24446,16016,20315,5028,9479,0,1,701,752,1388,2155,1990,3610,2855,5520,4232,5419,4051,4226,10086,13071,4487,8302,144110,50432,21908,12244,46143,7274,2883,13,13
2021-05-19T23:59:59+02:00,6,4,2663,2963,5046,6570,7274,9841,12898,16585,24251,26492,21680,24319,15973,20254,5019,9472,0,1,684,726,1362,2107,1957,3524,2792,5373,4139,5311,3969,4137,10034,13006,4484,8298,142728,50401,19842,12178,46072,6656,2656,13,13
2021-05-18T23:59:59+02:00,6,4,2636,2938,4998,6537,7221,9809,12544,16311,24071,26339,21588,24230,15943,20201,5012,9460,0,1,655,668,1306,1979,1883,3323,2693,5164,4010,5115,3746,3859,9951,12926,4475,8288,142442,50376,18990,11176,46027,6100,2377,13,13
2021-05-17T23:59:59+02:00,6,4,2610,2919,4953,6467,7133,9700,12391,16132,23921,26176,21536,24180,15924,20179,5007,9453,0,1,647,654,1290,1943,1862,3274,2645,5057,3931,5000,3609,3707,9882,12863,4472,8281,141466,50351,18982,11166,46010,5367,2221,13,13
2021-05-16T23:59:59+02:00,6,4,2598,2906,4931,6400,7095,9617,12334,16058,23869,26115,21512,24163,15914,20165,5004,9450,0,1,642,650,1280,1940,1845,3265,2624,5045,3902,4976,3555,3640,9843,12831,4471,8279,141031,50336,18972,11155,45990,5150,2135,13,13
2021-05-15T23:59:59+02:00,5,4,2475,2770,4743,6194,6904,9429,11815,15639,23278,25562,21405,24045,15880,20122,5001,9442,0,1,593,587,1198,1850,1710,3112,2338,4736,3451,4467,3223,3211,9679,12626,4447,8250,137634,47377,18971,11155,45985,4824,2110,13,13
2021-05-14T23:59:59+02:00,5,4,2361,2594,4547,5971,6626,9117,11277,15127,22711,24992,21259,23905,15844,20064,4997,9431,0,1,531,511,1095,1729,1549,2897,2008,4331,2850,3879,2836,2774,9594,12477,4443,8246,133811,44442,18964,11153,45962,4061,2082,13,13
2021-05-13T23:59:59+02:00,5,4,2184,2310,4224,5586,6200,8646,10716,14437,21674,24076,20977,23631,15784,19965,4990,9416,0,1,527,511,1082,1714,1534,2879,1999,4307,2833,3858,2819,2760,9587,12473,4442,8246,127909,44390,18908,11144,45936,3966,2059,13,13
2021-05-12T23:59:59+02:00,5,4,2183,2308,4214,5583,6191,8640,10614,14315,21620,24036,20972,23620,15779,19957,4989,9416,0,1,520,489,1046,1660,1484,2800,1916,4220,2774,3799,2738,2665,9536,12400,4442,8246,127857,44387,18584,10317,45936,3963,2056,13,13
2021-05-11T23:59:59+02:00,5,4,2062,2269,4129,5520,6064,8525,10305,14064,21427,23874,20894,23548,15764,19925,4985,9411,0,1,495,465,985,1600,1415,2709,1817,4080,2701,3724,2584,2437,9471,12299,4441,8246,126908,44369,18247,9479,45653,3655,1954,13,13
2021-05-10T23:59:59+02:00,5,4,2023,2193,4022,5398,5927,8347,9515,13301,21048,23553,20803,23458,15725,19871,4975,9398,0,1,483,437,949,1537,1350,2618,1728,3919,2619,3632,2558,2418,9461,12281,4437,8241,125766,44356,16406,9299,45549,3169,1832,13,13
2021-05-09T23:59:59+02:00,5,4,1991,2180,3984,5360,5874,8299,9446,13232,20978,23480,20767,23417,15710,19844,4972,9384,0,1,476,430,926,1493,1324,2569,1694,3857,2581,3589,2549,2405,9450,12264,4437,8233,125318,44296,16401,9296,45452,2930,1743,13,13
2021-05-08T23:59:59+02:00,5,4,1928,2078,3802,5185,5600,8091,9136,12946,19845,22552,20572,23224,15677,19775,4967,9372,0,1,407,401,863,1453,1247,2495,1606,3756,2362,3376,2000,1977,9356,12178,4436,8233,121163,42811,16400,9295,45449,2295,1741,6,5
2021-05-07T23:59:59+02:00,5,4,1842,1965,3622,5016,5280,7796,8724,12571,18593,21276,20388,23011,15632,19718,4958,9353,0,1,322,346,753,1378,1115,2366,1472,3614,2186,3183,1630,1636,8868,11729,4435,8231,116217,41073,16396,9290,45426,1188,1709,6,5
2021-05-06T23:59:59+02:00,5,4,1658,1855,3337,4760,4829,7389,8082,12010,17348,20034,20055,22633,15524,19553,4948,9342,0,1,305,336,734,1348,1075,2319,1423,3529,2118,3115,1595,1580,8851,11698,4429,8228,110355,41051,16389,9284,45190,918,1426,6,5
2021-05-05T23:59:59+02:00,5,3,1588,1825,3252,4673,4750,7283,7954,11859,17194,19888,19935,22513,15447,19456,4926,9246,0,1,295,325,692,1296,1012,2244,1341,3380,2010,2998,1502,1481,8433,11130,4423,8211,109585,41011,16246,8155,45019,662,941,6,5
2021-05-04T23:59:59+02:00,5,3,1561,1796,3204,4595,4691,7172,7704,11563,16632,19307,19847,22380,15371,19358,4896,9132,0,1,279,313,669,1266,991,2190,1283,3260,1897,2840,1429,1374,8362,11026,4418,8193,108872,40984,14900,7879,44914,398,525,6,5
2021-05-03T23:59:59+02:00,5,3,1553,1792,3194,4579,4653,7147,7450,11329,15938,18711,19783,22294,15345,19324,4890,9122,0,1,264,293,647,1182,941,2102,1219,3121,1799,2703,1363,1293,8337,10991,4414,8184,108778,40974,13302,7671,44874,52,152,6,5
2021-05-02T23:59:59+02:00,5,3,1552,1790,3187,4577,4648,7144,7436,11318,15919,18699,19766,22286,15345,19322,4889,9122,0,1,264,290,644,1181,936,2099,1209,3115,1791,2696,1349,1286,8336,10986,4413,8184,108750,40951,13298,7669,44848,49,106,6,5
2021-05-01T23:59:59+02:00,5,3,1422,1647,2910,4328,4181,6788,6817,10836,13983,16818,19384,21887,15254,19206,4886,9106,0,1,262,290,641,1179,935,2096,1207,3113,1789,2692,1344,1281,8334,10984,4413,8184,101213,40919,13298,7669,44842,49,103,5,5
2021-04-30T23:59:59+02:00,4,3,1302,1502,2692,4107,3852,6392,6250,10244,12196,14784,18926,21346,15150,19065,4872,9095,0,1,257,289,634,1172,919,2088,1194,3103,1778,2678,1334,1272,8330,10979,4412,8183,93606,40873,13298,7669,44842,45,31,5,5
2021-04-29T23:59:59+02:00,3,3,1189,1440,2526,3982,3613,6189,5893,9943,10854,13503,18665,21068,15107,18995,4868,9089,0,1,256,285,629,1164,907,2082,1174,3098,1747,2641,1308,1248,8324,10970,4412,8183,88920,40840,13289,7535,44702,35,14,5,5
2021-04-28T23:59:59+02:00,3,3,1136,1434,2475,3962,3562,6165,5830,9910,10756,13434,18633,21034,15099,18979,4868,9086,0,1,256,284,626,1163,904,2080,1169,3094,1739,2640,1301,1229,7878,10447,4412,8183,88650,40816,13239,6542,44462,31,13,5,4
2021-04-27T23:59:59+02:00,3,3,1091,1407,2369,3917,3497,6136,5711,9853,10639,13356,18599,20994,15086,18964,4866,9084,0,1,255,284,624,1155,903,2078,1164,3091,1735,2636,1289,1212,7460,9865,4412,8183,88135,40796,13185,5509,44238,26,12,5,4
2021-04-26T23:59:59+02:00,3,3,1051,1378,2278,3824,3370,6035,5543,9732,10335,13097,18537,20939,15077,18946,4864,9084,0,1,254,283,623,1153,897,2074,1157,3088,1717,2627,1274,1199,7451,9845,4412,8183,86796,40709,13174,5488,44109,25,12,5,4
2021-04-25T23:59:59+02:00,3,3,1048,1376,2270,3821,3363,6030,5523,9723,10300,13066,18527,20927,15076,18940,4864,9083,0,1,253,283,623,1152,897,2074,1155,3088,1717,2627,1274,1199,7451,9843,4412,8183,86771,40707,13166,5485,43990,25,11,5,4
2021-04-24T23:59:59+02:00,3,2,1006,1263,2082,3283,3092,5414,5331,9310,9464,12019,17818,20030,14963,18780,4856,9072,0,1,252,282,622,1151,897,2073,1155,3087,1711,2622,1271,1194,7449,9841,4412,8182,80642,40682,13166,5481,43965,25,10,5,4
2021-04-23T23:59:59+02:00,2,2,973,1179,1970,2937,2909,4862,5135,8881,8908,11297,16187,18165,14814,18574,4848,9049,0,1,252,282,621,1151,895,2071,1154,3087,1710,2621,1266,1189,7445,9839,4412,8181,73607,40668,13165,5470,43905,25,10,5,4
2021-04-22T23:59:59+02:00,2,2,968,1167,1951,2921,2889,4842,5078,8835,8793,11192,16114,18088,14787,18544,4846,9044,0,1,250,282,617,1150,892,2070,1146,3075,1694,2601,1242,1167,7440,9831,4412,8181,73555,40654,13107,5359,43386,24,10,5,4
2021-04-21T23:59:59+02:00,2,2,958,1159,1937,2909,2861,4816,5032,8780,8685,11069,16027,18003,14758,18510,4846,9039,0,1,246,279,607,1141,878,2040,1136,3050,1684,2574,1229,1153,7214,9512,4411,8181,73512,40645,13049,4654,42817,23,10,5,4
2021-04-20T23:59:59+02:00,2,2,931,1111,1885,2795,2788,4653,4938,8601,8511,10860,15794,17721,14699,18451,4839,9033,0,1,233,276,589,1120,852,2008,1107,3024,1649,2533,1209,1139,7205,9507,4410,8181,73473,40624,11920,4387,42206,19,10,5,3
2021-04-19T23:59:59+02:00,2,2,922,1103,1851,2775,2738,4628,4814,8540,8311,10748,15702,17623,14677,18432,4839,9027,0,1,227,268,571,1099,833,1975,1089,2981,1603,2478,1191,1120,7198,9504,4408,8180,73072,40588,11899,4108,41748,17,10,5,3
2021-04-18T23:59:59+02:00,2,2,919,1102,1846,2769,2730,4616,4796,8529,8271,10705,15652,17564,14667,18415,4838,9025,0,1,227,268,571,1098,832,1975,1088,2981,1603,2477,1191,1119,7196,9503,4407,8180,73026,40581,11895,4106,41512,17,10,5,3
2021-04-17T23:59:59+02:00,1,2,887,1087,1797,2730,2661,4536,4641,8386,8007,10476,13280,14664,14468,18061,4821,8991,0,1,225,268,571,1095,828,1968,1076,2972,1592,2457,1152,1076,6863,9088,4382,8132,66196,39621,11895,4095,41390,17,10,5,3
2021-04-16T23:59:59+02:00,1,2,881,1081,1785,2720,2619,4496,4549,8302,7827,10282,10439,11413,14198,17643,4802,8936,0,1,224,264,569,1091,823,1964,1067,2969,1584,2444,1141,1061,6857,9082,4380,8129,58917,39542,11893,4078,41151,17,10,5,3
2021-04-15T23:59:59+02:00,1,2,869,1076,1763,2706,2576,4463,4431,8241,7597,10081,10188,11195,14136,17577,4795,8922,0,1,222,263,569,1089,822,1962,1064,2966,1581,2441,1135,1056,6855,9080,4380,8129,58893,39527,11891,4059,39820,16,10,5,3
2021-04-14T23:59:59+02:00,1,2,851,1049,1704,2625,2486,4339,4241,8057,7322,9797,9814,10710,13987,17396,4789,8910,0,1,198,238,528,1036,799,1895,1028,2886,1530,2378,1109,1026,6850,9072,4380,8128,58856,39511,10944,3544,38265,14,10,5,3
2021-04-13T23:59:59+02:00,1,2,827,1027,1667,2572,2417,4256,4140,7918,7109,9577,9406,10191,13841,17229,4784,8896,0,1,163,215,493,988,758,1801,993,2776,1477,2308,1090,991,6834,9061,4379,8128,58804,39446,9994,2989,37047,8,10,5,3
2021-04-12T23:59:59+02:00,1,2,822,1025,1648,2568,2388,4243,4088,7867,6968,9405,9140,9876,13778,17169,4773,8879,0,1,152,201,465,948,736,1737,973,2704,1433,2258,1068,974,6817,9041,4376,8123,58746,39329,9963,2657,35916,8,10,5,3
2021-04-11T23:59:59+02:00,1,2,821,1024,1637,2568,2374,4240,4065,7855,6903,9343,9006,9711,13751,17121,4768,8870,0,1,152,201,465,946,734,1735,971,2704,1431,2258,1068,974,6815,9041,4376,8123,58732,39319,9961,2656,35352,7,10,5,3
2021-04-10T23:59:59+02:00,1,2,805,1020,1608,2539,2337,4211,3995,7796,6770,9226,8448,8977,13084,16268,4757,8828,0,1,149,200,463,943,728,1732,971,2697,1422,2251,1054,958,6343,8541,4360,8107,55395,38246,9960,2654,35302,7,10,5,3
2021-04-09T23:59:59+02:00,1,2,784,992,1567,2490,2271,4131,3842,7636,6423,8893,7921,8319,12262,15244,4685,8689,0,1,147,198,461,937,721,1724,962,2687,1407,2240,1032,935,6101,8269,4340,8080,51408,37572,9953,2650,34776,7,10,5,3
2021-04-08T23:59:59+02:00,1,2,774,982,1540,2466,2205,4082,3709,7547,6167,8591,7304,7664,12100,15044,4674,8673,0,1,147,196,456,933,716,1717,954,2676,1398,2227,1020,932,6098,8267,4339,8080,51374,37549,9928,2588,32208,7,10,5,3
2021-04-07T23:59:59+02:00,1,2,767,973,1514,2448,2146,4044,3622,7477,5936,8326,6747,7029,11490,14295,4661,8645,0,1,128,189,424,886,670,1648,897,2606,1348,2158,999,916,6090,8261,4338,8080,51344,37525,8770,2095,29995,7,9,5,3
2021-04-06T23:59:59+02:00,1,2,762,971,1502,2440,2117,4021,3549,7428,5755,8154,6301,6521,11286,14078,4646,8614,0,1,105,168,376,826,625,1573,853,2506,1295,2094,973,899,6071,8246,4336,8076,51275,37494,8585,1511,28275,7,8,5,3
2021-04-05T23:59:59+02:00,1,2,757,967,1486,2432,2091,4011,3498,7402,5611,8043,6096,6303,11219,13991,4640,8604,0,1,99,165,375,824,618,1564,844,2491,1282,2075,945,868,4965,6843,4259,7970,51075,34669,8581,1501,27485,7,8,5,3
2021-04-04T23:59:59+02:00,1,2,755,961,1484,2430,2087,4009,3480,7395,5601,8036,6085,6283,11205,13973,4638,8601,0,1,99,165,373,822,615,1559,837,2484,1267,2056,922,846,3955,5681,4193,7864,51060,32220,8579,1501,27374,7,8,5,3
2021-04-03T23:59:59+02:00,1,2,704,905,1402,2359,1964,3870,3219,7134,5141,7545,5740,5826,11033,13754,4610,8573,0,1,95,165,373,821,615,1557,836,2484,1267,2056,922,846,3955,5678,4193,7863,47818,32208,8579,1501,27372,7,8,5,3
2021-04-02T23:59:59+02:00,1,2,661,871,1346,2291,1866,3756,2966,6873,4623,7065,5348,5366,10933,13588,4605,8567,0,1,94,165,373,821,615,1557,835,2484,1265,2055,920,843,3952,5675,4192,7863,44885,32193,8578,1500,27253,7,7,5,3
2021-04-01T23:59:59+02:00,1,2,658,868,1336,2286,1846,3748,2937,6859,4548,6992,5239,5256,10894,13539,4604,8562,0,1,94,165,371,817,613,1553,835,2481,1261,2051,910,842,3947,5672,4191,7862,44868,32181,8433,1468,26862,7,7,5,3
2021-03-31T23:59:59+02:00,1,2,656,866,1328,2269,1838,3738,2909,6831,4485,6946,5099,5094,10379,12930,4600,8554,0,1,94,165,370,817,613,1553,835,2481,1259,2051,909,842,3947,5671,4191,7861,44855,32175,7300,1468,26359,7,7,4,3
2021-03-30T23:59:59+02:00,1,2,647,863,1309,2249,1809,3709,2872,6796,4399,6857,4930,4900,9851,12229,4593,8540,0,1,89,163,369,813,608,1551,830,2475,1251,2048,899,832,3939,5668,4190,7860,44831,32154,6111,1415,25603,7,7,4,3
2021-03-29T23:59:59+02:00,1,2,642,854,1296,2216,1791,3678,2841,6754,4327,6771,4730,4702,9765,12135,4590,8526,0,1,89,163,368,811,603,1547,828,2468,1245,2040,891,826,3931,5660,4190,7860,44761,32137,5893,1368,24956,6,7,4,3
2021-03-28T23:59:59+02:00,1,2,639,852,1293,2213,1777,3668,2825,6742,4292,6719,4635,4592,9729,12071,4585,8519,0,1,89,163,368,809,603,1547,825,2468,1243,2040,890,826,3930,5660,4190,7860,44739,32135,5884,1361,24520,6,7,4,3
2021-03-27T23:59:59+01:00,1,2,635,847,1283,2209,1760,3651,2797,6712,4129,6576,4056,4139,9500,11825,4572,8500,0,1,89,163,366,807,601,1545,823,2465,1235,2034,886,822,3751,5370,4083,7687,42794,31351,5880,1361,24509,6,7,4,3
2021-03-26T23:59:59+01:00,1,2,630,839,1275,2198,1738,3634,2772,6690,4053,6498,3647,3772,8898,11266,4559,8486,0,1,89,163,366,806,600,1542,819,2462,1226,2030,873,809,3024,4426,3874,7339,40852,29072,5867,1361,24228,6,7,4,3
2021-03-25T23:59:59+01:00,1,2,623,834,1262,2184,1719,3610,2713,6651,3969,6420,3473,3553,8787,11155,4553,8480,0,1,89,163,366,806,600,1541,819,2461,1224,2030,873,809,3023,4425,3873,7338,40838,29064,5759,1361,23381,6,7,4,3
2021-03-24T23:59:59+01:00,1,2,618,826,1229,2158,1674,3565,2635,6582,3812,6268,3154,3188,8376,10604,4544,8467,0,1,85,161,354,793,584,1523,786,2427,1174,1997,839,771,3014,4419,3873,7335,40814,28760,5000,1360,21878,6,7,4,3
2021-03-23T23:59:59+01:00,1,2,606,818,1204,2126,1632,3517,2553,6503,3663,6114,2773,2804,8159,10386,4536,8448,0,1,80,157,342,773,549,1492,725,2363,1073,1915,756,711,2977,4384,3869,7331,40769,28129,4709,1353,20357,6,7,3,3
2021-03-22T23:59:59+01:00,1,2,582,708,1167,2073,1599,3461,2500,6433,3522,5984,2530,2565,7828,10031,4520,8412,0,1,80,156,342,773,549,1490,723,2361,1070,1915,754,707,2973,4379,3867,7328,40300,28099,4387,1353,19221,6,7,3,3
2021-03-21T23:59:59+01:00,1,2,581,705,1161,2064,1587,3451,2483,6418,3484,5950,2388,2400,7735,9919,4511,8397,0,1,80,156,342,772,549,1490,723,2361,1070,1915,754,707,2973,4378,3867,7327,40295,28096,4373,1353,18559,6,7,3,3
2021-03-20T23:59:59+01:00,1,2,580,705,1159,2057,1580,3444,2477,6411,3466,5927,2355,2362,7243,9402,4494,8380,0,1,80,156,342,772,548,1490,721,2360,1070,1913,754,707,2973,4376,3865,7325,39252,28084,4361,1353,18422,6,7,3,3
2021-03-19T23:59:59+01:00,1,2,573,697,1140,2037,1545,3420,2408,6273,3402,5820,2173,2179,6934,9082,4472,8355,0,1,80,156,341,767,544,1487,716,2352,1061,1900,745,700,2543,3773,3442,6571,38642,25814,4344,1353,17517,2,7,3,3
2021-03-18T23:59:59+01:00,1,2,558,680,1120,2008,1518,3390,2368,6205,3327,5732,2019,1982,6813,8963,4466,8344,0,1,79,156,341,766,543,1487,715,2348,1057,1899,738,697,2493,3701,3415,6529,38621,25623,4332,1331,16534,2,6,3,3
2021-03-17T23:59:59+01:00,1,1,529,651,1075,1951,1481,3305,2290,6087,3174,5576,1763,1715,6647,8810,4456,8329,0,1,78,152,329,739,527,1443,693,2290,1019,1858,721,678,2252,3407,3328,6399,38549,24644,3801,1259,15482,2,6,3,3
2021-03-16T23:59:59+01:00,1,1,486,623,1035,1896,1429,3200,2225,5933,3058,5442,1563,1490,6512,8662,4445,8306,0,1,72,137,308,683,497,1367,664,2155,989,1730,671,628,2137,3269,3302,6312,38490,23885,3184,1027,14625,2,5,3,3
2021-03-15T23:59:59+01:00,1,1,474,611,1002,1846,1396,3133,2195,5848,2972,5358,1437,1356,5926,7973,4405,8242,0,1,69,130,294,625,482,1247,626,2025,948,1616,642,607,2099,3229,3287,6248,37248,23478,2832,694,14093,2,0,3,1
2021-03-14T23:59:59+01:00,1,1,469,604,993,1834,1392,3115,2179,5830,2937,5331,1394,1305,5530,7525,4382,8224,0,1,68,125,290,602,476,1220,620,1969,938,1591,642,607,2099,3229,3286,6246,36425,23472,2827,534,13791,2,0,3,1
2021-03-13T23:59:59+01:00,1,1,449,585,956,1785,1339,3051,1922,5242,2696,4916,1288,1192,4868,6675,4334,8151,0,1,68,125,289,599,474,1218,618,1967,937,1587,640,603,1736,2743,2759,5483,34739,21310,2823,534,11886,2,0,3,1
2021-03-12T23:59:59+01:00,1,1,433,564,935,1741,1308,2968,1719,4456,2490,4467,1216,1109,4167,5879,4287,8069,0,1,68,123,288,595,474,1215,616,1958,933,1581,637,596,1408,2198,2215,4687,33060,19057,2820,534,9927,1,0,3,1
2021-03-11T23:59:59+01:00,1,1,429,557,926,1727,1293,2949,1694,4420,2453,4430,1142,1053,4122,5842,4284,8065,0,1,68,115,282,573,460,1163,607,1909,914,1545,625,583,1402,2180,2206,4636,33021,18805,2724,462,9640,1,0,3,1
2021-03-10T23:59:59+01:00,1,1,410,545,880,1668,1237,2871,1620,4323,2386,4337,1108,1030,4106,5825,4283,8063,0,1,68,115,280,569,457,1156,602,1886,914,1540,620,575,1341,2093,2161,4579,33006,18518,2153,437,9532,1,0,3,1
2021-03-09T23:59:59+01:00,1,1,389,529,835,1619,1194,2807,1578,4240,2343,4284,1087,1019,4100,5818,4282,8061,0,1,66,114,279,568,456,1145,600,1873,907,1535,617,569,1135,1782,2043,4400,32959,17680,1707,408,9518,1,0,3,1
2021-03-08T23:59:59+01:00,1,1,382,518,824,1603,1186,2790,1571,4213,2330,4271,1074,1007,4063,5770,4280,8056,0,1,65,114,275,563,452,1139,598,1869,903,1533,617,569,1066,1691,1998,4355,32827,17422,1610,384,9500,1,0,3,1
2021-03-07T23:59:59+01:00,1,1,381,515,823,1602,1184,2788,1568,4206,2320,4266,1067,999,4057,5764,4279,8055,0,1,63,111,266,541,440,1113,582,1769,868,1458,616,569,961,1560,1946,4284,32810,17055,1570,92,9493,0,0,3,1
2021-03-06T23:59:59+01:00,1,1,373,499,804,1569,1160,2730,1527,4138,2126,3768,1037,962,3884,5491,4177,7890,0,1,63,111,266,541,440,1112,582,1769,868,1458,616,569,958,1559,1943,4283,32092,17046,1570,92,8472,0,0,3,1
2021-03-05T23:59:59+01:00,1,1,360,460,772,1465,1110,2514,1453,3925,1912,3103,1006,917,3127,4525,3972,7546,0,1,63,110,265,538,437,1106,581,1764,864,1455,613,567,919,1501,1920,4241,29771,16852,1569,92,6826,0,0,3,1
2021-03-04T23:59:59+01:00,1,1,347,451,764,1445,1097,2491,1434,3896,1889,3084,992,913,3123,4521,3969,7544,0,1,62,109,262,535,433,1090,571,1742,863,1447,611,565,882,1447,1897,4204,29758,16691,1530,29,6671,0,0,3,1
2021-03-03T23:59:59+01:00,1,1,338,420,745,1394,1067,2408,1384,3741,1809,2987,959,867,3113,4515,3969,7541,0,1,61,108,259,532,432,1086,569,1733,860,1443,611,564,862,1394,1808,4057,29442,16352,1530,27,6284,0,0,3,1
2021-03-02T23:59:59+01:00,1,1,332,412,730,1371,1019,2363,1316,3656,1693,2888,871,801,3070,4476,3963,7536,0,1,61,108,258,528,431,1078,569,1727,860,1439,610,564,862,1394,1808,4057,28802,16327,1466,27,6228,0,0,3,1
2021-03-01T23:59:59+01:00,1,1,328,398,723,1324,1006,2305,1296,3573,1666,2838,852,792,3062,4466,3962,7536,0,1,61,107,257,524,426,1064,565,1714,851,1431,609,562,766,1239,1751,3977,28761,15877,1414,27,5951,0,0,3,1
2021-02-28T23:59:59+01:00,1,1,323,386,715,1285,992,2228,1283,3486,1643,2759,848,782,3060,4462,3961,7533,0,1,61,107,256,524,426,1063,565,1714,849,1431,609,561,669,1114,1703,3896,28747,15522,1410,26,5588,0,0,3,1
2021-02-27T23:59:59+01:00,1,1,314,365,701,1258,973,2192,1248,3417,1620,2706,830,766,3057,4462,3960,7533,0,1,60,107,256,524,426,1063,564,1714,847,1431,609,561,669,1114,1703,3896,28743,15518,1410,26,5248,0,0,3,1
2021-02-26T23:59:59+01:00,1,1,288,314,654,1193,909,2073,1158,3250,1515,2568,801,743,2620,3856,3533,6755,0,1,60,107,253,521,426,1061,562,1712,844,1425,605,559,662,1102,1694,3877,26449,15444,1410,26,4370,0,0,3,1
2021-02-25T23:59:59+01:00,1,1,283,301,640,1163,888,2031,1139,3184,1497,2523,798,739,2573,3784,3503,6711,0,1,58,104,249,513,426,1057,557,1702,841,1414,599,555,585,993,1647,3819,26230,15095,1410,24,4116,0,0,3,1
2021-02-24T23:59:59+01:00,1,1,264,292,589,1117,841,1963,1081,3089,1454,2465,782,720,2332,3482,3414,6573,0,1,57,99,244,506,420,1038,548,1680,838,1394,592,543,571,973,1636,3796,25232,14919,1410,16,3815,0,0,3,1
2021-02-23T23:59:59+01:00,1,1,252,271,560,1061,804,1888,1013,2939,1380,2363,730,670,2217,3342,3388,6480,0,1,57,97,242,500,420,1022,538,1648,830,1372,584,536,555,922,1624,3743,24426,14674,1405,16,3526,0,0,3,1
2021-02-22T23:59:59+01:00,1,1,248,265,547,998,784,1812,987,2845,1344,2303,705,648,2187,3306,3379,6417,0,1,57,96,236,494,418,1009,529,1630,826,1347,570,522,533,896,1618,3688,24021,14454,1405,15,3348,0,0,3,1
2021-02-21T23:59:59+01:00,1,1,245,258,538,973,771,1775,979,2796,1314,2277,705,646,2185,3306,3378,6416,0,1,57,96,235,494,418,1009,529,1630,826,1346,570,521,533,896,1618,3687,24015,14450,1405,15,3141,0,0,3,1
2021-02-20T23:59:59+01:00,1,1,167,228,469,924,702,1698,909,2707,1229,2177,690,631,1811,2788,2822,5613,0,1,57,96,235,494,418,1009,529,1629,826,1346,570,521,533,896,1617,3687,21738,14448,1405,15,2421,0,0,3,1
2021-02-19T23:59:59+01:00,1,1,84,167,358,843,575,1566,776,2558,1093,2025,674,610,1503,2274,2273,4820,0,1,57,96,235,494,418,1008,529,1629,826,1346,570,521,527,894,1615,3681,19530,14431,1405,15,1263,0,0,3,1
2021-02-18T23:59:59+01:00,1,1,81,162,346,793,554,1477,743,2418,1060,1957,658,599,1494,2255,2264,4768,0,1,54,89,229,472,404,941,514,1549,806,1273,556,507,521,876,1612,3659,19286,14047,1380,15,962,0,0,3,1
2021-02-17T23:59:59+01:00,1,1,80,154,332,770,545,1444,714,2325,1023,1857,653,589,1436,2167,2216,4718,0,1,54,86,227,463,396,903,503,1484,787,1191,543,495,519,874,1612,3659,19025,13781,1307,15,690,0,0,3,1
2021-02-16T23:59:59+01:00,1,1,75,149,317,730,517,1370,682,2217,998,1752,642,582,1192,1820,2092,4535,0,1,53,77,226,456,390,873,490,1419,761,1125,522,482,517,874,1609,3658,18104,13530,1068,2,497,0,0,3,1
2021-02-15T23:59:59+01:00,0,1,70,132,291,625,482,1228,624,2004,947,1592,633,580,1109,1713,2040,4470,0,1,53,77,224,451,386,867,489,1415,759,1118,522,482,516,869,1608,3655,17771,13491,730,0,39,0,0,1,1
2021-02-14T23:59:59+01:00,0,1,69,125,286,598,477,1199,613,1950,933,1570,633,580,1010,1589,1993,4413,0,1,53,77,224,451,386,867,489,1413,759,1118,522,482,516,869,1608,3655,17441,13489,574,0,23,0,0,1,1
2021-02-13T23:59:59+01:00,0,1,69,124,286,597,476,1195,612,1948,931,1567,632,579,1009,1580,1989,4410,0,1,53,77,224,450,384,862,488,1408,757,1117,520,480,499,831,1349,3184,17407,12683,574,0,23,0,0,1,1
2021-02-12T23:59:59+01:00,0,1,68,124,285,596,472,1191,612,1945,928,1566,629,578,971,1528,1969,4370,0,1,53,77,224,446,380,853,483,1399,751,1110,513,472,481,790,986,2470,17238,11488,574,0,20,0,0,1,1
2021-02-11T23:59:59+01:00,0,1,67,117,282,583,459,1164,606,1919,921,1554,628,577,928,1471,1947,4331,0,1,53,74,209,415,366,806,466,1325,736,1078,510,471,481,790,985,2469,17059,11235,491,0,4,0,0,1,0
2021-02-10T23:59:59+01:00,0,1,66,117,279,580,457,1159,602,1902,916,1550,628,577,919,1455,1926,4287,0,1,52,64,176,337,312,704,416,1153,656,983,476,459,476,789,985,2468,16956,10507,463,0,1,0,0,1,0
2021-02-09T23:59:59+01:00,0,1,64,115,273,576,454,1146,601,1887,908,1544,627,576,907,1419,1856,4183,0,1,43,53,125,258,236,554,334,951,554,829,440,448,472,788,982,2468,16704,9536,432,0,0,0,0,1,0
2021-02-08T23:59:59+01:00,0,1,63,115,270,567,451,1139,599,1872,901,1536,625,573,804,1266,1799,4101,0,1,38,43,87,169,173,417,271,714,495,694,433,442,469,785,981,2468,16274,8680,407,0,0,0,0,1,0
2021-02-07T23:59:59+01:00,0,1,61,112,260,544,437,1108,583,1769,866,1457,624,572,702,1140,1750,4017,0,1,37,42,83,166,170,410,266,701,490,683,431,441,469,785,981,2467,15903,8623,99,0,0,0,0,1,0
2021-02-06T23:59:59+01:00,0,1,60,112,259,544,437,1108,581,1768,863,1454,621,570,700,1132,1744,4010,0,1,34,41,82,163,167,400,262,693,479,674,423,440,433,737,741,2075,15864,7845,99,0,0,0,0,1,0
2021-02-05T23:59:59+01:00,0,1,60,112,257,540,437,1106,580,1767,861,1452,619,570,690,1125,1738,3997,0,1,32,39,78,159,162,392,254,674,462,664,417,440,427,712,337,1442,15812,6692,99,0,0,0,0,1,0
2021-02-04T23:59:59+01:00,0,1,59,110,252,534,431,1090,564,1740,857,1438,612,560,604,1008,1687,3936,0,1,31,36,73,153,156,381,239,650,445,650,411,432,422,705,335,1435,15451,6555,31,0,0,0,0,1,0
2021-02-03T23:59:59+01:00,0,1,58,105,248,527,430,1071,561,1724,855,1423,608,550,593,998,1684,3922,0,1,24,28,59,122,123,280,175,508,335,500,305,330,337,548,257,1151,15328,5083,29,0,0,0,0,1,0
2021-02-02T23:59:59+01:00,0,1,58,103,245,522,430,1053,549,1691,846,1399,595,540,581,949,1674,3871,0,1,17,21,41,79,87,186,122,343,219,361,215,220,217,344,184,756,15078,3413,29,0,0,0,0,0,0
2021-02-01T23:59:59+01:00,0,1,58,101,241,514,428,1037,541,1669,842,1376,588,534,559,920,1666,3824,0,0,7,11,21,42,48,98,65,168,95,165,101,103,90,160,77,329,14870,1580,29,0,0,0,0,0,0
2021-01-31T23:59:59+01:00,0,1,58,101,240,513,426,1033,539,1664,840,1373,588,533,559,920,1666,3823,0,0,7,11,19,38,43,84,61,142,81,149,96,101,89,159,75,327,14848,1482,29,0,0,0,0,0,0
2021-01-30T23:59:59+01:00,0,1,58,101,240,513,426,1033,539,1664,840,1373,588,533,559,920,1666,3823,0,0,7,11,19,38,43,84,61,142,81,149,96,100,89,159,75,327,14848,1481,29,0,0,0,0,0,0
2021-01-29T23:59:59+01:00,0,1,58,101,240,513,426,1033,539,1664,840,1373,588,533,559,920,1666,3823,0,0,7,11,19,38,43,84,61,142,81,149,96,100,89,159,75,327,14848,1481,29,0,0,0,0,0,0
2021-01-28T23:59:59+01:00,0,1,56,93,236,484,414,966,521,1578,816,1292,575,518,553,903,1663,3804,0,0,3,2,5,6,11,16,19,34,22,33,17,22,21,34,19,99,14450,363,23,0,0,0,0,0,0
2021-01-27T23:59:59+01:00,0,1,54,89,236,474,406,927,511,1512,796,1209,563,505,551,901,1663,3804,0,0,3,2,5,6,9,16,19,33,21,31,17,21,21,34,19,99,14181,356,21,0,0,0,0,0,0
2021-01-26T23:59:59+01:00,0,1,53,83,231,471,399,898,500,1445,771,1142,541,492,549,901,1663,3804,0,0,1,2,5,6,9,15,17,29,17,26,15,18,19,32,19,91,13925,321,19,0,0,0,0,0,0
2021-01-25T23:59:59+01:00,0,1,53,83,228,465,396,892,500,1442,770,1137,541,492,549,898,1663,3802,0,0,0,0,0,0,0,2,0,0,0,0,1,1,0,2,0,0,13895,6,17,0,0,0,0,0,0
2021-01-24T23:59:59+01:00,0,1,53,83,228,465,396,892,500,1441,770,1137,541,492,549,898,1663,3802,0,0,0,0,0,0,0,2,0,0,0,0,1,1,0,2,0,0,13894,6,17,0,0,0,0,0,0
2021-01-23T23:59:59+01:00,0,1,53,83,228,464,395,888,500,1435,769,1135,538,490,532,860,1403,3324,0,0,0,0,0,0,0,1,0,0,0,0,1,1,0,2,0,0,13081,5,17,0,0,0,0,0,0
2021-01-22T23:59:59+01:00,0,1,53,83,227,460,390,878,495,1425,764,1128,532,481,515,818,1024,2583,0,0,0,0,0,0,0,1,0,0,0,0,1,1,0,2,0,0,11841,5,16,0,0,0,0,0,0
2021-01-21T23:59:59+01:00,0,1,53,80,208,426,363,822,467,1325,737,1093,528,481,515,818,1023,2582,0,0,0,0,0,0,0,1,0,0,0,0,1,1,0,2,0,0,11506,5,16,0,0,0,0,0,0
2021-01-20T23:59:59+01:00,0,1,51,70,181,354,322,737,424,1171,667,1003,492,470,510,818,1023,2581,0,0,0,0,0,0,0,1,0,0,0,0,1,1,0,2,0,0,10859,5,16,0,0,0,0,0,0
2021-01-19T23:59:59+01:00,0,1,44,57,137,276,248,579,347,989,577,863,457,458,506,816,1023,2581,0,0,0,0,0,0,0,0,0,0,0,0,1,0,0,2,0,0,9951,3,8,0,0,0,0,0,0
2021-01-18T23:59:59+01:00,0,1,40,44,88,175,179,429,280,726,505,706,449,451,503,812,1021,2581,0,0,0,0,0,0,0,0,0,0,0,0,0,0,0,1,0,0,8990,1,0,0,0,0,0,0,0
2021-01-17T23:59:59+01:00,0,1,37,43,85,172,175,421,276,715,500,693,447,451,503,812,1021,2580,0,0,0,0,0,0,0,0,0,0,0,0,0,0,0,0,0,0,8932,0,0,0,0,0,0,0,0
2021-01-16T23:59:59+01:00,0,1,34,42,83,170,171,412,269,708,485,684,438,449,464,765,774,2183,0,0,0,0,0,0,0,0,0,0,0,0,0,0,0,0,0,0,8132,0,0,0,0,0,0,0,0
2021-01-15T23:59:59+01:00,0,1,32,40,80,165,168,406,262,691,471,676,432,448,459,741,361,1541,0,0,0,0,0,0,0,0,0,0,0,0,0,0,0,0,0,0,6974,0,0,0,0,0,0,0,0
2021-01-14T23:59:59+01:00,0,1,32,38,78,159,163,401,254,678,460,668,429,445,459,740,361,1541,0,0,0,0,0,0,0,0,0,0,0,0,0,0,0,0,0,0,6907,0,0,0,0,0,0,0,0
2021-01-13T23:59:59+01:00,0,0,24,31,62,127,128,304,194,544,351,525,326,343,374,577,282,1246,0,0,0,0,0,0,0,0,0,0,0,0,0,0,0,0,0,0,5438,0,0,0,0,0,0,0,0
2021-01-12T23:59:59+01:00,0,0,17,24,46,88,93,216,140,393,238,389,234,235,247,371,205,845,0,0,0,0,0,0,0,0,0,0,0,0,0,0,0,0,0,0,3781,0,0,0,0,0,0,0,0
2021-01-11T23:59:59+01:00,0,0,9,15,27,48,62,139,88,220,125,208,116,112,106,179,93,374,0,0,0,0,0,0,0,0,0,0,0,0,0,0,0,0,0,0,1921,0,0,0,0,0,0,0,0
2021-01-10T23:59:59+01:00,0,0,8,15,23,44,55,110,80,179,105,175,110,108,102,177,90,374,0,0,0,0,0,0,0,0,0,0,0,0,0,0,0,0,0,0,1755,0,0,0,0,0,0,0,0
2021-01-09T23:59:59+01:00,0,0,8,15,23,44,55,110,80,179,105,175,110,107,102,177,90,374,0,0,0,0,0,0,0,0,0,0,0,0,0,0,0,0,0,0,1754,0,0,0,0,0,0,0,0
2021-01-08T23:59:59+01:00,0,0,8,14,22,43,52,103,75,168,99,172,107,103,97,168,88,364,0,0,0,0,0,0,0,0,0,0,0,0,0,0,0,0,0,0,1683,0,0,0,0,0,0,0,0
2021-01-07T23:59:59+01:00,0,0,3,3,5,7,11,17,20,34,24,36,17,22,23,35,23,107,0,0,0,0,0,0,0,0,0,0,0,0,0,0,0,0,0,0,387,0,0,0,0,0,0,0,0
2021-01-06T23:59:59+01:00,0,0,3,2,5,6,9,16,20,33,21,32,17,21,23,35,23,106,0,0,0,0,0,0,0,0,0,0,0,0,0,0,0,0,0,0,372,0,0,0,0,0,0,0,0
2021-01-05T23:59:59+01:00,0,0,3,2,5,6,9,16,20,33,21,32,17,21,23,35,23,106,0,0,0,0,0,0,0,0,0,0,0,0,0,0,0,0,0,0,372,0,0,0,0,0,0,0,0
2021-01-04T23:59:59+01:00,0,0,0,0,0,0,0,2,1,0,0,0,1,1,0,2,0,0,0,0,0,0,0,0,0,0,0,0,0,0,0,0,0,0,0,0,7,0,0,0,0,0,0,0,0
2021-01-03T23:59:59+01:00,0,0,0,0,0,0,0,2,1,0,0,0,1,1,0,2,0,0,0,0,0,0,0,0,0,0,0,0,0,0,0,0,0,0,0,0,7,0,0,0,0,0,0,0,0
2021-01-02T23:59:59+01:00,0,0,0,0,0,0,0,1,1,0,0,0,1,1,0,2,0,0,0,0,0,0,0,0,0,0,0,0,0,0,0,0,0,0,0,0,6,0,0,0,0,0,0,0,0
2021-01-01T23:59:59+01:00,0,0,0,0,0,0,0,1,1,0,0,0,1,1,0,2,0,0,0,0,0,0,0,0,0,0,0,0,0,0,0,0,0,0,0,0,6,0,0,0,0,0,0,0,0
2020-12-31T23:59:59+01:00,0,0,0,0,0,0,0,1,1,0,0,0,1,1,0,2,0,0,0,0,0,0,0,0,0,0,0,0,0,0,0,0,0,0,0,0,6,0,0,0,0,0,0,0,0
2020-12-30T23:59:59+01:00,0,0,0,0,0,0,0,1,1,0,0,0,1,1,0,2,0,0,0,0,0,0,0,0,0,0,0,0,0,0,0,0,0,0,0,0,6,0,0,0,0,0,0,0,0
2020-12-29T23:59:59+01:00,0,0,0,0,0,0,0,1,1,0,0,0,1,0,0,2,0,0,0,0,0,0,0,0,0,0,0,0,0,0,0,0,0,0,0,0,5,0,0,0,0,0,0,0,0
2020-12-28T23:59:59+01:00,0,0,0,0,0,0,0,1,0,0,0,0,1,0,0,1,0,0,0,0,0,0,0,0,0,0,0,0,0,0,0,0,0,0,0,0,3,0,0,0,0,0,0,0,0
2020-12-27T23:59:59+01:00,0,0,0,0,0,0,0,0,0,0,0,0,0,0,0,0,0,0,0,0,0,0,0,0,0,0,0,0,0,0,0,0,0,0,0,0,0,0,0,0,0,0,0,0,0
