Datum,<15_m,<15_w,15-24_1_m,15-24_1_w,25-34_1_m,25-34_1_w,35-44_1_m,35-44_1_w,45-54_1_m,45-54_1_w,55-64_1_m,55-64_1_w,65-74_1_m,65-74_1_w,75-84_1_m,75-84_1_w,>84_1_m,>84_1_w,<24_2_m,<24_2_w,25-34_2_m,25-34_2_w,35-44_2_m,35-44_2_w,45-54_2_m,45-54_2_w,55-64_2_m,55-64_2_w,65-74_2_m,65-74_2_w,75-84_2_m,75-84_2_w,>84_2_m,>84_2_w,bp_1,bp_2,mo_1,mo_2,az_1,az_2,ja,unb_1,unb_2
2021-09-23T23:59:59+02:00,1755,1551,14141,13451,17113,16012,20443,20721,27103,28240,33714,34690,25593,28466,17333,22232,5141,9753,12481,11819,15828,14599,19231,19212,25602,26401,32197,33022,24808,27545,16852,21479,4965,9302,243342,227573,31933,29762,46431,44756,15651,112,47
2021-09-22T23:59:59+02:00,1738,1539,14104,13401,17060,15970,20393,20675,27066,28195,33665,34640,25563,28440,17325,22211,5137,9749,12441,11775,15782,14566,19201,19183,25572,26373,32148,32988,24780,27519,16846,21466,4961,9292,242931,227257,31909,29753,46431,44754,15504,112,47
2021-09-21T23:59:59+02:00,1725,1524,14049,13348,17037,15923,20361,20637,27038,28157,33631,34618,25550,28423,17313,22188,5129,9723,12395,11716,15755,14539,19169,19144,25545,26345,32123,32961,24759,27502,16843,21457,4959,9281,242458,226882,31907,29705,46431,44752,15482,112,47
2021-09-20T23:59:59+02:00,1715,1517,14002,13310,17007,15884,20323,20604,26998,28121,33597,34584,25530,28395,17304,22166,5117,9692,12347,11679,15726,14519,19142,19121,25518,26323,32101,32937,24746,27489,16841,21448,4954,9267,242017,226590,31906,29705,46431,44752,15416,112,47
2021-09-19T23:59:59+02:00,1711,1508,13983,13285,16981,15863,20302,20586,26977,28094,33584,34572,25522,28387,17301,22164,5116,9690,12326,11658,15710,14501,19133,19102,25505,26313,32091,32927,24740,27484,16835,21442,4953,9267,241796,226425,31905,29704,46431,44750,15398,112,47
2021-09-18T23:59:59+02:00,1709,1504,13971,13273,16971,15856,20292,20579,26970,28090,33578,34568,25522,28387,17301,22163,5116,9690,12319,11651,15700,14496,19122,19099,25498,26309,32086,32925,24740,27484,16835,21442,4953,9267,241760,226406,31892,29698,46431,44750,15361,112,47
2021-09-17T23:59:59+02:00,1686,1470,13868,13158,16866,15781,20209,20510,26903,28030,33525,34524,25499,28364,17289,22152,5115,9687,12231,11571,15601,14420,19037,19032,25432,26242,32024,32882,24721,27464,16825,21424,4952,9263,241298,225974,31843,29685,46431,44749,14968,112,47
2021-09-16T23:59:59+02:00,1659,1435,13769,13049,16780,15686,20119,20424,26802,27945,33449,34457,25467,28331,17275,22127,5107,9666,12144,11493,15532,14358,18955,18955,25343,26160,31962,32826,24681,27427,16815,21411,4949,9252,240690,225511,31746,29627,46431,44747,14584,112,47
2021-09-15T23:59:59+02:00,1643,1427,13712,12999,16726,15625,20075,20375,26749,27896,33397,34401,25441,28299,17260,22099,5100,9643,12082,11433,15477,14309,18905,18906,25285,26113,31905,32769,24648,27394,16799,21391,4945,9241,240281,225076,31725,29612,46426,44745,14339,112,47
2021-09-14T23:59:59+02:00,1627,1416,13650,12935,16659,15574,20016,20329,26700,27839,33349,34353,25421,28282,17248,22087,5096,9638,12019,11371,15411,14253,18852,18862,25237,26060,31848,32716,24617,27371,16785,21375,4945,9236,239893,224680,31672,29522,46426,44745,14132,112,47
2021-09-13T23:59:59+02:00,1605,1400,13611,12898,16633,15549,19997,20303,26678,27814,33331,34329,25411,28275,17243,22076,5096,9635,11977,11337,15379,14231,18828,18832,25212,26031,31822,32693,24608,27361,16772,21366,4942,9235,239611,224368,31671,29520,46421,44743,14084,112,47
2021-09-12T23:59:59+02:00,1595,1397,13589,12876,16610,15532,19988,20293,26668,27797,33326,34317,25407,28270,17242,22072,5096,9632,11944,11318,15350,14213,18806,18811,25196,26018,31808,32679,24600,27352,16769,21362,4941,9232,239460,224148,31671,29520,46419,44742,14060,112,47
2021-09-11T23:59:59+02:00,1584,1396,13573,12864,16595,15523,19979,20290,26656,27790,33322,34313,25403,28269,17241,22071,5094,9632,11877,11267,15334,14204,18800,18800,25184,26007,31800,32666,24598,27350,16768,21361,4941,9232,239394,223825,31651,29518,46419,44742,14034,112,47
2021-09-10T23:59:59+02:00,1546,1351,13432,12736,16524,15448,19873,20205,26572,27726,33260,34258,25363,28238,17225,22048,5088,9627,11757,11162,15249,14122,18693,18716,25089,25950,31726,32608,24556,27319,16751,21341,4936,9227,238806,223271,31637,29507,46419,44742,13559,112,47
2021-09-09T23:59:59+02:00,1525,1330,13361,12669,16470,15398,19821,20170,26520,27660,33218,34217,25335,28219,17220,22035,5083,9618,11696,11090,15198,14070,18640,18688,25033,25910,31680,32572,24534,27305,16738,21331,4933,9216,238435,222904,31562,29468,46419,44742,13353,112,47
2021-09-08T23:59:59+02:00,1510,1313,13330,12644,16453,15374,19802,20157,26504,27648,33205,34206,25323,28211,17214,22029,5080,9615,11651,11047,15171,14052,18628,18670,25015,25885,31659,32561,24521,27290,16736,21325,4933,9214,238211,222624,31562,29468,46415,44741,13330,112,47
2021-09-07T23:59:59+02:00,1481,1296,13272,12598,16415,15342,19780,20129,26467,27627,33171,34176,25299,28193,17208,22013,5075,9609,11593,10983,15121,13999,18592,18637,24968,25840,31607,32534,24493,27266,16728,21308,4928,9212,237982,222317,31479,29354,46415,44741,13175,112,47
2021-09-06T23:59:59+02:00,1466,1288,13243,12564,16392,15318,19761,20109,26451,27612,33160,34167,25296,28180,17205,22009,5072,9609,11572,10951,15100,13967,18570,18621,24952,25820,31585,32519,24482,27253,16727,21300,4925,9212,237765,222087,31479,29343,46415,44740,13143,112,47
2021-09-05T23:59:59+02:00,1456,1280,13227,12545,16377,15301,19751,20102,26445,27603,33150,34154,25293,28178,17203,22005,5072,9609,11551,10935,15075,13951,18559,18612,24946,25814,31576,32500,24479,27243,16724,21295,4923,9211,237640,221941,31479,29343,46415,44739,13117,112,47
2021-09-04T23:59:59+02:00,1456,1280,13226,12544,16377,15301,19749,20102,26444,27603,33150,34154,25293,28178,17203,22004,5072,9609,11551,10933,15073,13951,18554,18612,24945,25812,31576,32498,24478,27243,16724,21295,4923,9211,237638,221930,31479,29342,46415,44739,13113,112,47
2021-09-03T23:59:59+02:00,1429,1264,13130,12443,16322,15251,19715,20063,26404,27577,33114,34137,25275,28168,17199,21993,5070,9608,11415,10808,15011,13882,18486,18566,24873,25764,31516,32462,24446,27215,16711,21279,4920,9207,237155,221139,31478,29336,46415,44739,13014,112,47
2021-09-02T23:59:59+02:00,1414,1258,13066,12401,16278,15217,19678,20039,26370,27544,33089,34117,25262,28155,17194,21989,5070,9604,11340,10767,14963,13847,18448,18547,24840,25743,31478,32433,24427,27194,16705,21274,4920,9205,236931,220875,31416,29295,46412,44730,12886,112,47
2021-09-01T23:59:59+02:00,1391,1242,13029,12361,16258,15197,19659,20025,26352,27525,33067,34092,25252,28145,17188,21979,5067,9600,11299,10732,14941,13818,18428,18527,24819,25720,31453,32402,24413,27179,16698,21268,4918,9203,236637,220544,31411,29293,46411,44729,12870,112,47
2021-08-31T23:59:59+02:00,1360,1220,12974,12301,16215,15160,19624,19983,26307,27476,33028,34058,25236,28124,17182,21966,5063,9597,11226,10662,14892,13758,18374,18496,24769,25667,31395,32359,24382,27164,16690,21255,4915,9196,236335,220117,31348,29262,46411,44711,12680,112,47
2021-08-30T23:59:59+02:00,1336,1206,12937,12263,16190,15139,19603,19965,26283,27459,33006,34042,25225,28114,17182,21962,5061,9595,11149,10628,14865,13738,18352,18472,24741,25651,31368,32332,24370,27149,16684,21248,4912,9193,236090,219823,31348,29262,46411,44700,12618,112,47
2021-08-29T23:59:59+02:00,1332,1200,12924,12247,16178,15130,19594,19956,26280,27451,32999,34028,25220,28108,17180,21961,5061,9595,11132,10590,14853,13721,18337,18458,24728,25643,31360,32320,24361,27137,16682,21243,4912,9193,235990,219648,31348,29262,46411,44696,12594,112,47
2021-08-28T23:59:59+02:00,1325,1188,12892,12225,16164,15119,19582,19942,26273,27441,32990,34022,25218,28103,17179,21958,5061,9594,11057,10518,14819,13688,18291,18431,24692,25610,31317,32289,24344,27124,16673,21227,4912,9190,235831,219124,31347,29262,46411,44696,12586,112,47
2021-08-27T23:59:59+02:00,1306,1173,12828,12169,16117,15072,19524,19895,26218,27392,32947,33992,25200,28091,17175,21944,5061,9591,11020,10485,14781,13663,18275,18416,24657,25586,31289,32268,24331,27113,16670,21223,4912,9189,235407,218971,31347,29261,46411,44695,12429,112,47
2021-08-26T23:59:59+02:00,1287,1157,12757,12112,16071,15029,19481,19855,26163,27334,32896,33945,25170,28062,17168,21934,5058,9588,10951,10436,14735,13622,18230,18387,24613,25548,31245,32229,24309,27097,16663,21214,4912,9185,235036,218663,31287,29247,46411,44688,12231,112,47
2021-08-25T23:59:59+02:00,1269,1141,12733,12069,16051,15004,19460,19840,26136,27318,32861,33917,25152,28043,17161,21927,5057,9585,10902,10392,14704,13593,18196,18356,24592,25529,31212,32191,24296,27080,16656,21204,4910,9182,234727,218290,31287,29246,46404,44684,12202,112,47
2021-08-24T23:59:59+02:00,1242,1123,12672,11998,15998,14962,19415,19800,26090,27273,32816,33884,25132,28019,17149,21916,5056,9580,10822,10318,14661,13551,18150,18320,24541,25480,31170,32154,24272,27053,16641,21189,4909,9181,234420,217873,31163,29207,46404,44684,12033,112,47
2021-08-23T23:59:59+02:00,1229,1110,12634,11959,15972,14943,19394,19765,26069,27240,32787,33862,25118,28006,17145,21907,5056,9577,10768,10267,14632,13513,18112,18286,24514,25450,31135,32122,24259,27034,16634,21186,4907,9180,234120,217475,31162,29207,46404,44682,11982,112,47
2021-08-22T23:59:59+02:00,1221,1103,12619,11937,15956,14927,19387,19746,26057,27229,32776,33847,25107,28000,17143,21904,5053,9577,10738,10238,14611,13497,18092,18275,24501,25433,31120,32109,24250,27024,16632,21181,4906,9179,233955,217259,31162,29206,46404,44681,11963,112,47
2021-08-21T23:59:59+02:00,1134,1031,12544,11880,15944,14915,19378,19735,26047,27218,32766,33831,25102,27995,17140,21901,5053,9577,10714,10208,14595,13493,18085,18263,24492,25427,31112,32103,24247,27023,16631,21181,4906,9179,233585,217138,31156,29205,46404,44681,11941,112,47
2021-08-20T23:59:59+02:00,1114,1015,12483,11811,15886,14865,19317,19697,25993,27185,32716,33804,25087,27984,17131,21896,5052,9575,10660,10170,14555,13458,18044,18236,24457,25408,31083,32086,24238,27016,16625,21178,4906,9178,233091,216854,31156,29204,46404,44681,11855,112,47
2021-08-19T23:59:59+02:00,1088,991,12416,11755,15828,14833,19267,19650,25932,27135,32674,33768,25055,27961,17119,21885,5049,9573,10568,10094,14486,13417,17989,18200,24389,25365,31017,32041,24196,26997,16616,21160,4905,9175,232801,216419,31065,29194,46404,44673,11604,112,47
2021-08-18T23:59:59+02:00,1076,974,12375,11720,15800,14803,19239,19620,25902,27104,32639,33743,25037,27949,17114,21876,5047,9572,10514,10028,14439,13392,17940,18172,24343,25328,30958,32003,24174,26980,16610,21147,4901,9169,232488,215967,31065,29189,46403,44663,11529,112,47
2021-08-17T23:59:59+02:00,1049,949,12323,11678,15771,14761,19206,19589,25874,27082,32603,33705,25018,27929,17104,21859,5046,9567,10421,9946,14388,13345,17886,18117,24292,25288,30897,31958,24147,26956,16599,21127,4899,9161,232186,215370,30938,29127,46403,44660,11481,112,47
2021-08-16T23:59:59+02:00,1037,942,12291,11653,15754,14743,19189,19571,25851,27058,32584,33683,24998,27914,17096,21844,5043,9565,10364,9880,14364,13302,17862,18081,24248,25253,30859,31927,24120,26922,16584,21113,4899,9158,231959,214928,30938,29126,46403,44654,11411,112,47
2021-08-15T23:59:59+02:00,1029,942,12266,11639,15741,14726,19174,19556,25841,27049,32563,33669,24992,27905,17092,21833,5042,9565,10319,9845,14330,13280,17842,18060,24225,25240,30838,31901,24103,26914,16579,21105,4898,9156,231802,214651,30937,29126,46402,44649,11378,112,47
2021-08-14T23:59:59+02:00,1028,942,12265,11635,15741,14724,19171,19554,25840,27049,32563,33668,24992,27905,17092,21833,5042,9565,10151,9625,14223,13190,17766,18013,24177,25209,30798,31868,24088,26901,16576,21102,4896,9155,231793,213645,30937,29125,46402,44648,11372,112,47
2021-08-13T23:59:59+02:00,984,902,12114,11507,15687,14670,19107,19497,25769,26997,32510,33632,24967,27876,17081,21823,5041,9561,10099,9572,14182,13162,17727,17988,24145,25189,30774,31847,24078,26888,16570,21092,4896,9151,230965,213310,30936,29125,46402,44645,11319,110,47
2021-08-12T23:59:59+02:00,969,881,12057,11446,15640,14630,19070,19470,25724,26976,32464,33603,24942,27860,17073,21817,5040,9558,10006,9504,14108,13120,17666,17940,24079,25154,30721,31799,24050,26863,16554,21074,4894,9151,230736,212890,30913,29119,46402,44630,11065,110,47
2021-08-11T23:59:59+02:00,955,870,12025,11412,15620,14607,19039,19451,25702,26957,32439,33574,24924,27838,17069,21809,5039,9556,9932,9442,14054,13081,17618,17895,24038,25133,30680,31751,24020,26831,16538,21061,4893,9146,230447,212319,30912,29115,46401,44602,11022,110,47
2021-08-10T23:59:59+02:00,936,860,11937,11361,15567,14577,18995,19414,25646,26923,32382,33520,24907,27822,17062,21796,5038,9553,9837,9361,14005,13045,17586,17861,23992,25094,30627,31704,23987,26798,16531,21042,4889,9141,230063,211808,30781,29080,46399,44588,10949,110,47
2021-08-09T23:59:59+02:00,934,843,11909,11325,15551,14561,18973,19401,25614,26900,32353,33489,24899,27813,17056,21788,5038,9550,9783,9300,13970,12995,17548,17819,23961,25049,30592,31663,23973,26781,16526,21029,4887,9135,229824,211360,30781,29077,46398,44581,10890,110,47
2021-08-08T23:59:59+02:00,924,836,11872,11300,15529,14547,18953,19380,25589,26880,32331,33472,24891,27798,17049,21784,5037,9550,9707,9245,13925,12967,17521,17789,23928,25014,30560,31632,23960,26762,16518,21015,4886,9132,229631,210964,30781,29076,46398,44580,10807,110,47
2021-08-07T23:59:59+02:00,904,809,11776,11222,15486,14506,18912,19346,25550,26850,32285,33440,24874,27786,17040,21766,5036,9547,9084,8643,13486,12615,17308,17605,23776,24902,30410,31556,23902,26711,16497,20988,4881,9129,229046,207757,30781,29076,46398,44580,10805,110,47
2021-08-06T23:59:59+02:00,894,806,11746,11195,15469,14493,18902,19340,25535,26834,32276,33433,24870,27782,17035,21764,5036,9546,8503,8013,12971,12220,17081,17401,23634,24791,30315,31477,23871,26664,16485,20974,4877,9123,228995,204592,30659,29063,46398,44580,10799,110,47
2021-08-05T23:59:59+02:00,891,799,11707,11164,15430,14465,18861,19308,25489,26798,32230,33386,24830,27760,17033,21753,5036,9540,8444,7948,12927,12169,17031,17359,23570,24751,30239,31422,23824,26622,16471,20956,4875,9114,228770,204166,30658,29058,46398,44571,10547,110,47
2021-08-04T23:59:59+02:00,874,783,11677,11134,15410,14433,18830,19283,25462,26769,32184,33347,24815,27747,17028,21747,5034,9532,8355,7859,12867,12122,16979,17316,23514,24707,30179,31350,23787,26583,16461,20943,4873,9108,228506,203575,30656,29057,46397,44536,10423,110,47
2021-08-03T23:59:59+02:00,858,764,11630,11095,15388,14411,18799,19263,25436,26741,32150,33312,24795,27728,17019,21742,5030,9531,8272,7770,12800,12073,16911,17263,23454,24670,30138,31301,23751,26549,16446,20932,4870,9104,228172,202919,30654,29047,46397,44528,10362,110,47
2021-08-02T23:59:59+02:00,849,761,11595,11064,15367,14378,18772,19243,25407,26716,32118,33285,24781,27709,17011,21733,5029,9529,8176,7676,12720,12013,16853,17200,23397,24598,30088,31244,23733,26526,16425,20922,4868,9099,227895,202213,30653,29046,46397,44520,10294,110,47
2021-08-01T23:59:59+02:00,842,754,11570,11034,15356,14365,18757,19232,25389,26704,32101,33270,24777,27701,17010,21730,5027,9528,8105,7609,12659,11966,16812,17154,23361,24567,30061,31219,23718,26507,16421,20916,4866,9098,227754,201758,30649,29045,46397,44502,10239,110,47
2021-07-31T23:59:59+02:00,839,753,11567,11028,15354,14362,18753,19228,25388,26703,32098,33269,24777,27700,17010,21730,5027,9528,7952,7420,11894,11293,16259,16716,23266,24488,29997,31148,23689,26471,16409,20897,4865,9096,227724,198541,30648,29045,46397,44501,10237,110,47
2021-07-30T23:59:59+02:00,838,752,11553,11019,15351,14359,18747,19223,25381,26698,32088,33264,24776,27698,17010,21727,5027,9528,7666,7180,11348,10847,15781,16288,23129,24381,29888,31035,23652,26426,16393,20875,4865,9091,227656,195457,30647,29044,46395,44488,10233,110,47
2021-07-29T23:59:59+02:00,826,743,11513,10972,15313,14338,18707,19197,25343,26663,32035,33235,24758,27678,16999,21709,5027,9525,7290,6869,10682,10331,15266,15874,22953,24235,29740,30924,23598,26374,16364,20850,4861,9088,227335,191987,30646,29036,46395,44402,10097,110,47
2021-07-28T23:59:59+02:00,807,731,11465,10919,15289,14308,18675,19170,25317,26635,32009,33210,24744,27660,16994,21697,5026,9521,7124,6712,10537,10211,15153,15739,22860,24139,29640,30826,23555,26318,16346,20821,4860,9078,227009,190742,30645,29034,46390,44293,10025,110,47
2021-07-27T23:59:59+02:00,798,722,11420,10880,15247,14268,18635,19144,25288,26609,31972,33188,24728,27635,16987,21686,5025,9513,6903,6499,10379,10094,15009,15604,22756,24031,29532,30713,23503,26254,16330,20794,4858,9066,226691,189590,30645,28707,46389,44258,9912,110,47
2021-07-26T23:59:59+02:00,788,709,11370,10834,15221,14247,18619,19117,25260,26580,31940,33162,24713,27613,16975,21674,5024,9510,6785,6422,10284,10017,14943,15525,22674,23971,29467,30639,23470,26211,16318,20777,4854,9060,226398,188804,30643,28704,46388,44216,9818,110,47
2021-07-25T23:59:59+02:00,777,699,11342,10806,15199,14221,18599,19093,25233,26555,31919,33144,24696,27602,16971,21665,5023,9508,6709,6340,10216,9953,14870,15465,22619,23916,29411,30601,23439,26190,16306,20763,4854,9056,226200,188213,30642,28700,46387,44186,9714,110,47
2021-07-24T23:59:59+02:00,753,677,11262,10722,15159,14194,18576,19071,25213,26540,31906,33131,24696,27598,16968,21663,5023,9508,6309,5980,10073,9839,14497,15184,22395,23759,29294,30517,23403,26152,16289,20746,4851,9052,225817,185855,30641,28699,46387,44184,9706,110,47
2021-07-23T23:59:59+02:00,727,655,11195,10639,15131,14161,18546,19056,25191,26520,31890,33114,24685,27593,16966,21663,5023,9505,5938,5669,9953,9733,14150,14919,22199,23585,29174,30400,23351,26084,16278,20725,4847,9045,225432,183583,30640,28699,46387,44173,9692,110,47
2021-07-22T23:59:59+02:00,686,615,11040,10475,15033,14073,18459,19008,25110,26466,31817,33050,24649,27552,16951,21645,5019,9500,5619,5367,9685,9519,13568,14443,21882,23325,28942,30173,23250,25987,16234,20687,4843,9042,224480,180263,30638,28688,46386,44154,9535,110,47
2021-07-21T23:59:59+02:00,666,590,10975,10421,14998,14046,18419,18970,25070,26437,31778,33000,24624,27518,16935,21633,5016,9495,5000,4899,9246,9268,13189,14213,21648,23170,28755,30024,23185,25911,16209,20664,4841,9039,224050,178496,30630,27417,46383,43987,9419,110,47
2021-07-20T23:59:59+02:00,648,573,10917,10367,14972,14010,18383,18943,25040,26404,31742,32966,24604,27497,16930,21619,5013,9488,4855,4787,9093,9136,13025,14079,21535,23048,28625,29900,23106,25808,16187,20624,4834,9033,223673,177152,30630,27405,46381,43838,9323,110,47
2021-07-19T23:59:59+02:00,635,561,10880,10336,14943,13990,18360,18935,25012,26379,31709,32937,24587,27474,16924,21608,5011,9485,4775,4717,8996,9059,12909,13982,21437,22942,28526,29780,23050,25751,16162,20595,4829,9027,223435,176213,30630,27397,46372,43741,9220,110,47
2021-07-18T23:59:59+02:00,620,552,10826,10284,14907,13969,18335,18917,24992,26362,31687,32918,24577,27463,16918,21599,5010,9480,4667,4613,8861,8938,12782,13841,21351,22851,28453,29701,23022,25722,16153,20582,4826,9026,223156,175199,30630,27383,46372,43688,9149,110,47
2021-07-17T23:59:59+02:00,545,481,10539,9987,14796,13870,18244,18839,24886,26287,31580,32867,24543,27429,16905,21579,5008,9479,4618,4569,8807,8866,12547,13645,20927,22509,28323,29569,22984,25669,16144,20567,4825,9023,221606,173403,30630,27383,46371,43686,9148,110,47
2021-07-16T23:59:59+02:00,516,444,10406,9865,14737,13829,18190,18788,24852,26254,31560,32843,24534,27414,16902,21572,5008,9476,4570,4527,8731,8826,12171,13366,20382,22111,28190,29473,22935,25632,16135,20562,4823,9021,220945,171286,30629,27381,46370,43679,9137,110,47
2021-07-15T23:59:59+02:00,485,406,10268,9760,14671,13780,18133,18721,24798,26206,31510,32790,24509,27377,16884,21556,5001,9472,4357,4386,8406,8619,11653,12965,19277,21267,27773,29128,22766,25463,16070,20489,4813,9005,220216,166588,30628,27367,46369,43482,9005,110,47
2021-07-14T23:59:59+02:00,464,393,10239,9735,14636,13760,18103,18686,24761,26165,31458,32737,24479,27349,16873,21539,5000,9470,4233,4235,8151,8446,11424,12820,19099,21156,27627,29001,22701,25385,16036,20451,4808,8996,219849,165021,30628,27349,46368,43306,8893,110,47
2021-07-13T23:59:59+02:00,440,378,10189,9682,14607,13732,18077,18653,24726,26144,31424,32696,24463,27319,16862,21528,4999,9468,4136,4140,7976,8287,11224,12629,18964,21017,27472,28839,22604,25300,16001,20398,4804,8985,219445,163561,30628,27328,46367,43047,8838,110,47
2021-07-12T23:59:59+02:00,428,357,10143,9632,14581,13713,18046,18623,24690,26102,31390,32651,24438,27296,16847,21523,4996,9465,4029,4041,7807,8166,11064,12494,18849,20895,27349,28718,22529,25238,15974,20372,4803,8980,219072,162395,30627,27306,46367,42856,8745,110,47
2021-07-11T23:59:59+02:00,420,339,10113,9602,14562,13693,18029,18613,24670,26094,31369,32633,24426,27286,16845,21521,4996,9463,3960,3968,7688,8066,10917,12366,18725,20795,27248,28604,22486,25190,15953,20347,4801,8977,218878,161428,30626,27301,46366,42657,8694,110,47
2021-07-10T23:59:59+02:00,394,316,10003,9496,14507,13654,17981,18590,24646,26074,31350,32617,24418,27277,16841,21517,4994,9461,3926,3943,7628,8024,10882,12337,18696,20771,27219,28582,22479,25175,15949,20342,4801,8977,218353,161125,30625,27300,46363,42609,8685,110,47
2021-07-09T23:59:59+02:00,334,269,9741,9287,14402,13572,17905,18520,24560,26021,31301,32556,24395,27246,16828,21499,4994,9455,3858,3903,7495,7933,10664,12189,18471,20633,26804,28261,22295,24981,15894,20281,4798,8970,217128,158980,30625,27296,46362,42480,8660,110,47
2021-07-08T23:59:59+02:00,255,202,9547,9144,14301,13496,17810,18448,24500,25970,31218,32498,24367,27215,16815,21481,4990,9450,3702,3777,7184,7744,10309,11960,18125,20351,26499,28003,22121,24823,15826,20206,4791,8954,216026,156598,30622,27250,46349,41908,8600,110,47
2021-07-07T23:59:59+02:00,216,174,9445,9039,14249,13462,17766,18405,24447,25930,31176,32457,24342,27186,16803,21463,4990,9442,3506,3647,6855,7519,9357,11226,17538,19920,26097,27692,21884,24518,15749,20110,4777,8940,215390,153978,30619,25498,46347,41308,8526,110,47
2021-07-06T23:59:59+02:00,194,162,9367,8980,14199,13433,17730,18363,24406,25891,31115,32410,24305,27158,16788,21446,4988,9440,3390,3572,6654,7397,9086,11063,17293,19739,25820,27435,21727,24315,15668,20006,4764,8925,214826,152043,30602,25488,46344,40804,8493,110,47
2021-07-05T23:59:59+02:00,182,147,9280,8899,14159,13390,17696,18313,24370,25861,31070,32360,24281,27136,16779,21432,4987,9438,3338,3537,6525,7318,8936,10942,17151,19599,25649,27280,21584,24147,15618,19953,4753,8915,214281,150978,30602,25479,46342,40316,8445,110,47
2021-07-04T23:59:59+02:00,167,140,9226,8849,14128,13377,17670,18295,24345,25841,31049,32334,24266,27122,16773,21424,4986,9435,3286,3493,6462,7278,8848,10870,17064,19514,25520,27169,21459,24018,15576,19901,4751,8908,214008,150317,30601,25470,46327,39919,8381,110,47
2021-07-03T23:59:59+02:00,164,137,8714,8352,13970,13257,17569,18177,24251,25783,30984,32285,24245,27100,16761,21412,4984,9432,3226,3413,6342,7159,8676,10728,16847,19330,25132,26858,21344,23881,15546,19861,4747,8902,212174,148263,30601,25470,46327,39863,8365,110,47
2021-07-02T23:59:59+02:00,157,133,8145,7881,13826,13148,17478,18100,24181,25713,30924,32223,24207,27058,16755,21392,4982,9427,3115,3305,6072,7002,8419,10486,16477,19000,24658,26434,21117,23608,15476,19779,4741,8899,210333,145187,30601,25468,46324,39539,8362,110,47
2021-07-01T23:59:59+02:00,144,123,8016,7772,13743,13089,17408,18047,24112,25662,30871,32170,24179,27033,16745,21380,4981,9426,2926,3116,5724,6718,7982,10069,15885,18526,23892,25775,20630,23133,15349,19618,4729,8874,209539,140611,30596,25456,46318,38507,8338,110,47
2021-06-30T23:59:59+02:00,127,110,7869,7654,13674,13040,17355,17994,24061,25609,30812,32124,24147,27011,16731,21362,4981,9421,2829,3037,5570,6574,7756,9847,14926,17655,23278,25225,20271,22739,15216,19457,4715,8840,208973,139072,30422,23180,46314,37385,8263,110,47
2021-06-29T23:59:59+02:00,112,97,7802,7561,13631,13001,17316,17949,24008,25548,30762,32064,24126,26985,16721,21346,4978,9417,2770,2993,5441,6476,7602,9714,14758,17483,23037,24990,20012,22414,15117,19356,4703,8820,208350,137953,30420,23168,46311,36294,8233,110,47
2021-06-28T23:59:59+02:00,107,91,7738,7490,13567,12942,17270,17898,23966,25503,30705,32020,24109,26957,16714,21336,4976,9415,2741,2961,5372,6428,7509,9643,14661,17402,22886,24776,19808,22168,15062,19287,4699,8806,207816,137355,30418,23158,46303,35499,8157,110,47
2021-06-27T23:59:59+02:00,93,86,7689,7426,13537,12906,17241,17865,23947,25468,30678,31992,24097,26949,16707,21330,4976,9413,2718,2946,5322,6403,7437,9598,14565,17338,22791,24689,19680,22026,15031,19236,4695,8797,207461,136843,30418,23147,46297,35126,8114,110,47
2021-06-26T23:59:59+02:00,89,83,7184,6870,13143,12606,17128,17762,23882,25409,30642,31957,24089,26932,16703,21319,4975,9412,2617,2836,5135,6215,7237,9408,14019,16883,22131,24055,19532,21883,14986,19183,4693,8789,205272,133216,30418,23147,46297,35106,8114,84,24
2021-06-25T23:59:59+02:00,88,80,6699,6386,12689,12233,16969,17644,23791,25343,30562,31916,24066,26905,16698,21309,4973,9410,2513,2680,4960,6023,6978,9110,13487,16351,21578,23470,19334,21673,14928,19116,4689,8777,202866,129513,30418,23147,46297,34892,8096,84,24
2021-06-24T23:59:59+02:00,78,68,6475,6169,12464,12082,16863,17561,23719,25290,30504,31868,24032,26863,16692,21299,4971,9403,2304,2441,4589,5645,6477,8619,12764,15636,20426,22467,18869,21191,14823,18985,4677,8762,201590,123560,30416,23135,46290,33940,8021,84,24
2021-06-23T23:59:59+02:00,73,66,5900,5669,12302,11970,16744,17447,23645,25243,30440,31818,23998,26840,16685,21285,4967,9399,2267,2389,4526,5523,6385,8468,12530,15347,20182,22208,18571,20861,14726,18871,4666,8745,201079,122537,29077,22986,46280,32752,7971,84,24
2021-06-22T23:59:59+02:00,69,61,5758,5539,12202,11864,16657,17373,23587,25181,30372,31740,23971,26808,16675,21264,4963,9397,2214,2354,4431,5441,6261,8321,11659,14686,19768,21801,18237,20507,14618,18732,4656,8725,200144,121613,29070,21290,46261,31566,7922,84,24
2021-06-21T23:59:59+02:00,66,58,5622,5425,12128,11771,16596,17287,23532,25107,30322,31682,23946,26780,16662,21249,4963,9393,2181,2318,4373,5344,6174,8193,10878,13981,19316,21391,18011,20280,14558,18637,4647,8708,199322,120816,29066,19505,46256,30788,7861,84,24
2021-06-20T23:59:59+02:00,64,56,5503,5299,11965,11587,16531,17162,23481,25043,30280,31626,23930,26759,16656,21234,4958,9388,2163,2288,4332,5304,6104,8143,10774,13902,19204,21265,17854,20089,14492,18554,4643,8701,198311,120282,29062,19502,46250,30193,7815,84,24
2021-06-19T23:59:59+02:00,60,52,5485,5279,11198,10922,16051,16769,23420,24999,30236,31583,23911,26739,16648,21222,4958,9388,2091,2167,4124,5073,5818,7861,10446,13566,18149,20411,17685,19902,14459,18489,4638,8689,195711,116053,29062,19502,46249,30179,7814,84,24
2021-06-18T23:59:59+02:00,57,51,5450,5252,10554,10339,15438,16205,23329,24929,30167,31520,23884,26709,16637,21207,4957,9386,2022,2079,3981,4928,5540,7591,10064,13202,16997,19201,17482,19664,14410,18425,4635,8679,192869,111639,29056,19501,46249,29927,7813,84,24
2021-06-17T23:59:59+02:00,50,42,5330,5149,9875,9831,14950,15814,23230,24841,30086,31426,23844,26663,16623,21186,4956,9383,1891,1973,3724,4682,5152,7227,9526,12714,15813,18008,17022,19174,14269,18251,4622,8655,190286,106517,29054,19493,46246,29010,7670,23,17
2021-06-16T23:59:59+02:00,48,34,5196,5013,9678,9670,14803,15684,23137,24747,29986,31350,23800,26618,16608,21174,4955,9373,1849,1931,3620,4597,5050,7109,8494,11862,15540,17712,16726,18838,14134,18080,4616,8622,189105,105633,29043,17612,46243,28062,7460,23,17
2021-06-15T23:59:59+02:00,42,28,5008,4826,9496,9515,14668,15542,23045,24657,29909,31264,23757,26545,16582,21141,4947,9358,1786,1873,3542,4502,4956,6995,8378,11720,15362,17483,16406,18527,13991,17911,4594,8564,187785,104870,29040,17608,46224,26841,7258,23,17
2021-06-14T23:59:59+02:00,40,25,4931,4762,9402,9406,14590,15452,22973,24583,29837,31203,23725,26506,16567,21123,4944,9352,1763,1850,3505,4478,4915,6962,8278,11657,15224,17349,16226,18324,13900,17814,4589,8557,187037,104644,29034,17605,46218,26020,7109,23,17
2021-06-13T23:59:59+02:00,39,24,4873,4714,9316,9331,14507,15385,22911,24532,29770,31150,23699,26478,16558,21113,4944,9350,1713,1836,3463,4454,4859,6919,8207,11620,15125,17254,16070,18140,13846,17740,4582,8550,186456,104363,29028,17603,46202,25414,6985,23,17
2021-06-12T23:59:59+02:00,37,23,4854,4699,9288,9308,14269,15208,22781,24403,29725,31105,23679,26461,16549,21105,4943,9348,1588,1713,3225,4243,4454,6616,7659,11188,13347,15565,15717,17768,13766,17638,4580,8535,185550,97653,29028,17603,46202,25350,6983,22,17
2021-06-11T23:59:59+02:00,33,22,4799,4645,9207,9255,13949,14985,22584,24255,29629,31014,23642,26416,16531,21093,4942,9345,1484,1578,3041,4031,4157,6252,7146,10644,11706,13673,15238,17190,13652,17491,4565,8521,184186,90722,29024,17602,46201,25119,6913,22,17
2021-06-10T23:59:59+02:00,27,19,4513,4416,8662,8924,12674,13964,22018,23804,29254,30708,23505,26258,16477,21025,4929,9330,1362,1485,2805,3850,3828,5968,6708,10252,10292,12341,14725,16614,13481,17283,4550,8494,178846,86175,29008,17599,46194,23814,6437,22,17
2021-06-09T23:59:59+02:00,24,15,4277,4251,8069,8632,11771,13303,21697,23589,29024,30555,23441,26195,16458,21001,4926,9326,1274,1431,2649,3780,3685,5888,6501,10159,10029,12161,14402,16263,13310,17103,4543,8473,176732,85841,27732,17496,46188,22421,5880,22,17
2021-06-08T23:59:59+02:00,20,12,4146,4151,7665,8406,11285,13013,21471,23410,28825,30402,23382,26121,16425,20959,4920,9317,1196,1404,2513,3722,3525,5820,5603,9409,9556,11797,14066,15854,13086,16864,4529,8451,174980,85485,27360,15336,46162,21155,5406,22,17
2021-06-07T23:59:59+02:00,15,10,4025,4072,7427,8300,10996,12835,21268,23296,28671,30284,23323,26068,16407,20934,4916,9309,1147,1284,2392,3662,3395,5757,5436,9333,9345,11670,13836,15596,12930,16695,4522,8433,173750,85294,27350,15331,46153,19914,4881,22,17
2021-06-06T23:59:59+02:00,13,10,3907,4013,7189,8178,10746,12674,21081,23208,28585,30193,23293,26034,16395,20916,4913,9305,1126,1267,2327,3625,3299,5704,5330,9258,9227,11568,13679,15442,12858,16601,4519,8426,172600,85100,27333,15327,46143,19261,4555,22,17
2021-06-05T23:59:59+02:00,13,10,3878,3976,7150,8138,10569,12519,20453,22699,28423,30048,23243,25989,16381,20897,4913,9301,1093,1166,2160,3172,3067,5164,5161,8925,8446,10614,13027,14602,12745,16454,4508,8416,170559,79707,27333,15327,46142,19127,4545,21,17
2021-06-04T23:59:59+02:00,13,10,3848,3950,7114,8113,10472,12427,20091,22371,28319,29951,23208,25950,16367,20887,4911,9300,1061,1099,2062,2862,2907,4687,5004,8555,7932,9956,11528,12886,12620,16257,4501,8398,169281,73331,27320,15326,46141,19105,4539,21,17
2021-06-03T23:59:59+02:00,8,7,3713,3847,6893,7975,9916,12004,18864,21442,27919,29641,23075,25808,16314,20825,4907,9286,1008,1055,1973,2750,2770,4530,4799,8251,7569,9507,11150,12486,12511,16143,4498,8385,164522,71546,27310,15323,46137,18048,4454,21,17
2021-06-02T23:59:59+02:00,8,7,3706,3839,6881,7958,9905,11993,18675,21261,27848,29592,23052,25786,16308,20816,4904,9284,1004,1048,1961,2720,2749,4511,4588,8067,7033,9019,11113,12445,12496,16128,4494,8379,164454,71438,26765,13830,46136,18026,4447,21,17
2021-06-01T23:59:59+02:00,7,6,3579,3762,6644,7810,9620,11799,18220,20914,27611,29397,22958,25684,16267,20763,4901,9272,967,1000,1876,2650,2669,4439,4309,7833,6435,8486,10899,12232,12398,16027,4489,8367,162765,70997,25986,12536,46122,17209,4320,21,17
2021-05-31T23:59:59+02:00,7,6,3532,3717,6555,7742,9484,11698,18094,20823,27520,29320,22891,25623,16250,20735,4896,9265,937,976,1808,2610,2589,4397,4202,7769,6315,8411,10713,12063,12297,15911,4479,8359,161922,70633,25955,12531,46109,16507,4151,21,17
2021-05-30T23:59:59+02:00,7,5,3501,3693,6491,7686,9394,11607,18006,20743,27443,29249,22846,25578,16228,20708,4890,9255,931,969,1797,2600,2576,4385,4173,7744,6262,8369,10651,11983,12263,15868,4474,8350,161220,70589,25950,12528,46092,16217,4047,21,17
2021-05-29T23:59:59+02:00,7,5,3490,3674,6455,7659,9350,11570,17968,20703,27298,29143,22792,25504,16213,20688,4887,9251,895,950,1740,2554,2503,4301,3983,7489,5989,8070,8450,9325,12070,15526,4459,8321,160561,64343,25950,12526,46078,15694,4047,21,17
2021-05-28T23:59:59+02:00,7,5,3427,3619,6324,7582,9210,11439,17811,20572,27115,29021,22729,25427,16192,20670,4886,9250,882,936,1721,2534,2467,4247,3832,7192,5795,7808,5746,6212,11793,15129,4443,8272,159206,57463,25948,12526,46073,14967,4038,21,17
2021-05-27T23:59:59+02:00,7,5,3280,3489,6039,7402,8608,11106,17335,20234,26702,28674,22562,25261,16134,20607,4879,9232,832,878,1639,2439,2350,4113,3409,6219,5373,7209,5585,6038,11714,15056,4437,8255,155732,56982,25889,12479,46064,12220,3850,21,17
2021-05-26T23:59:59+02:00,7,5,3173,3405,5820,7236,8237,10820,16870,19928,26401,28438,22413,25128,16083,20533,4866,9212,815,869,1587,2414,2297,4082,3336,6145,5276,7137,5450,5911,11648,14990,4432,8243,153030,56906,25873,12477,46042,11625,3609,21,17
2021-05-25T23:59:59+02:00,7,5,3082,3342,5678,7122,8040,10657,15868,19152,26047,28084,22254,24971,16031,20453,4859,9202,796,852,1551,2370,2226,4023,3261,6075,5191,7074,5283,5741,11540,14910,4424,8232,151473,56839,23950,12290,46026,11019,3386,19,17
2021-05-24T23:59:59+02:00,7,5,3019,3324,5590,7078,7922,10595,14953,18463,25632,27772,22159,24868,16000,20417,4852,9190,787,850,1529,2353,2182,3987,3215,6027,5114,6994,5182,5633,11460,14834,4423,8226,150748,56802,21881,12214,46017,10584,3181,19,17
2021-05-23T23:59:59+02:00,7,4,3016,3320,5581,7071,7913,10587,14948,18462,25631,27771,22159,24868,16000,20417,4852,9190,785,847,1521,2346,2170,3974,3196,6012,5093,6961,5137,5581,11443,14810,4422,8224,150719,56794,21881,12214,46015,10336,3163,19,17
2021-05-22T23:59:59+02:00,6,4,2980,3278,5508,7025,7812,10500,14749,18301,25351,27528,22059,24782,15967,20374,4849,9186,763,828,1478,2296,2119,3894,3084,5892,4779,6391,4567,4838,10797,13987,4412,8185,149181,53552,21881,12214,46015,9366,3163,19,17
2021-05-21T23:59:59+02:00,4,4,2907,3203,5382,6928,7685,10354,14490,18071,25057,27293,21946,24674,15934,20326,4844,9177,732,775,1410,2168,2017,3626,2900,5559,4298,5492,4154,4299,10054,13045,4347,8059,147239,49808,21880,12214,46009,7765,3133,18,17
2021-05-20T23:59:59+02:00,4,4,2776,3040,5103,6673,7399,9986,14029,17588,24446,26743,21675,24377,15840,20206,4830,9147,718,764,1383,2143,1979,3593,2846,5503,4215,5414,4026,4196,9977,12982,4338,8047,143092,49715,21871,12202,45984,7290,2901,18,17
2021-05-19T23:59:59+02:00,4,4,2724,2988,5006,6533,7256,9804,12882,16552,24183,26456,21578,24247,15795,20145,4822,9140,699,738,1358,2095,1947,3508,2783,5356,4120,5306,3944,4105,9924,12917,4335,8043,141720,49686,19800,12137,45913,6671,2668,18,17
2021-05-18T23:59:59+02:00,4,4,2699,2965,4959,6501,7205,9773,12528,16276,24003,26302,21485,24158,15765,20092,4814,9128,670,680,1303,1966,1874,3306,2685,5148,3991,5108,3719,3828,9842,12837,4325,8033,141442,49665,18945,11138,45869,6109,2387,18,17
2021-05-17T23:59:59+02:00,4,4,2673,2944,4916,6431,7117,9665,12375,16098,23854,26141,21431,24107,15746,20069,4809,9120,662,666,1287,1930,1853,3259,2637,5040,3912,4994,3580,3676,9774,12774,4322,8024,140471,49642,18937,11128,45852,5378,2226,18,17
2021-05-16T23:59:59+02:00,4,4,2661,2930,4893,6364,7079,9582,12315,16024,23802,26079,21407,24090,15736,20055,4806,9117,657,660,1277,1927,1836,3250,2615,5028,3883,4971,3526,3609,9735,12742,4321,8022,140033,49629,18929,11117,45830,5159,2138,18,17
2021-05-15T23:59:59+02:00,4,4,2536,2793,4706,6158,6888,9395,11797,15606,23213,25529,21300,23972,15702,20012,4803,9109,607,597,1194,1841,1699,3095,2328,4720,3435,4460,3194,3181,9573,12537,4297,7993,136643,46672,18928,11117,45825,4833,2113,18,17
2021-05-14T23:59:59+02:00,4,4,2420,2616,4512,5934,6611,9082,11260,15094,22646,24962,21153,23832,15666,19954,4799,9098,544,519,1091,1721,1539,2879,1997,4319,2836,3870,2809,2744,9489,12390,4293,7989,132822,43746,18921,11115,45802,4068,2084,18,17
2021-05-13T23:59:59+02:00,4,4,2238,2329,4190,5551,6184,8608,10700,14405,21614,24050,20870,23558,15606,19855,4792,9083,541,519,1078,1705,1524,2861,1988,4294,2816,3846,2792,2728,9482,12386,4292,7989,126917,43681,18867,11107,45776,3974,2063,18,17
2021-05-12T23:59:59+02:00,4,4,2237,2326,4182,5550,6175,8602,10598,14284,21560,24011,20865,23547,15601,19847,4791,9083,533,497,1042,1650,1475,2782,1905,4207,2757,3787,2711,2633,9431,12313,4292,7989,126872,43678,18541,10279,45776,3971,2060,18,17
2021-05-11T23:59:59+02:00,4,4,2115,2287,4098,5485,6049,8487,10292,14033,21368,23849,20789,23475,15586,19814,4787,9078,508,473,981,1590,1406,2691,1805,4069,2684,3712,2558,2405,9367,12212,4291,7989,125927,43660,18204,9445,45492,3661,1959,18,17
2021-05-10T23:59:59+02:00,4,4,2074,2210,3991,5363,5913,8308,9502,13270,20988,23526,20698,23385,15547,19760,4777,9065,496,445,945,1526,1341,2602,1716,3907,2600,3617,2531,2383,9357,12194,4287,7984,124790,43640,16354,9265,45389,3176,1834,18,17
2021-05-09T23:59:59+02:00,4,4,2042,2195,3957,5323,5860,8260,9435,13201,20918,23454,20665,23344,15533,19733,4774,9051,489,436,924,1483,1315,2554,1682,3845,2562,3575,2522,2371,9347,12177,4287,7976,124347,43581,16350,9262,45293,2941,1745,18,17
2021-05-08T23:59:59+02:00,4,4,1979,2092,3773,5148,5585,8054,9125,12916,19783,22525,20469,23150,15500,19664,4769,9039,416,406,860,1443,1239,2481,1594,3743,2343,3362,1978,1943,9253,12092,4286,7976,120190,42108,16349,9261,45290,2300,1744,6,3
2021-05-07T23:59:59+02:00,4,4,1892,1980,3587,4977,5263,7759,8715,12545,18533,21251,20286,22938,15454,19607,4760,9020,324,347,751,1368,1107,2351,1460,3600,2168,3169,1610,1606,8764,11644,4285,7974,115245,40375,16347,9256,45267,1185,1710,6,3
2021-05-06T23:59:59+02:00,4,4,1708,1871,3302,4725,4812,7354,8073,11981,17292,20007,19952,22560,15347,19443,4750,9009,307,338,731,1339,1067,2305,1411,3516,2101,3101,1574,1551,8747,11613,4279,7971,109386,40355,16340,9250,45034,916,1428,6,3
2021-05-05T23:59:59+02:00,4,3,1638,1841,3221,4639,4735,7250,7942,11830,17137,19861,19832,22441,15271,19347,4728,8913,296,326,689,1287,1006,2230,1328,3366,1993,2984,1481,1452,8330,11045,4273,7953,108628,40318,16197,8122,44864,659,938,6,3
2021-05-04T23:59:59+02:00,4,3,1611,1812,3179,4565,4676,7140,7690,11536,16578,19282,19745,22311,15196,19250,4700,8803,280,313,666,1258,985,2176,1269,3246,1880,2827,1409,1346,8259,10941,4269,7935,107941,40292,14850,7846,44761,396,523,6,3
2021-05-03T23:59:59+02:00,4,3,1603,1808,3171,4551,4638,7118,7437,11304,15885,18687,19681,22226,15170,19216,4694,8793,265,292,644,1176,936,2088,1206,3107,1782,2690,1343,1266,8234,10906,4265,7926,107860,40282,13252,7639,44721,53,150,6,3
2021-05-02T23:59:59+02:00,4,3,1602,1806,3166,4549,4633,7115,7424,11294,15866,18675,19665,22218,15170,19214,4693,8793,265,289,641,1175,931,2085,1196,3101,1774,2683,1329,1259,8233,10901,4264,7926,107834,40259,13249,7637,44697,50,104,6,3
2021-05-01T23:59:59+02:00,4,3,1468,1664,2887,4299,4166,6755,6806,10811,13928,16795,19284,21820,15079,19098,4690,8777,263,289,638,1173,930,2082,1194,3099,1772,2679,1324,1255,8231,10899,4264,7926,100287,40228,13249,7637,44692,50,101,5,3
2021-04-30T23:59:59+02:00,3,3,1345,1514,2671,4076,3836,6360,6238,10216,12137,14755,18826,21280,14975,18956,4676,8767,258,288,631,1166,915,2074,1182,3089,1761,2666,1314,1246,8227,10894,4263,7925,92659,40183,13249,7637,44692,47,30,4,3
2021-04-29T23:59:59+02:00,2,3,1229,1449,2504,3950,3595,6156,5881,9913,10796,13478,18567,21002,14932,18886,4672,8761,257,284,626,1159,903,2068,1162,3084,1731,2630,1288,1222,8221,10885,4263,7925,87968,40151,13240,7504,44551,38,13,4,3
2021-04-28T23:59:59+02:00,2,3,1170,1443,2454,3931,3544,6132,5819,9880,10699,13410,18537,20968,14925,18870,4672,8758,257,283,624,1158,900,2066,1157,3080,1723,2629,1282,1204,7779,10364,4263,7925,87698,40130,13190,6517,44313,34,12,4,2
2021-04-27T23:59:59+02:00,2,3,1122,1416,2352,3887,3479,6105,5700,9825,10582,13334,18504,20929,14912,18855,4671,8756,256,283,622,1151,899,2064,1152,3077,1719,2625,1270,1187,7362,9782,4263,7925,87189,40110,13137,5486,44093,29,11,4,2
2021-04-26T23:59:59+02:00,2,3,1080,1387,2262,3795,3352,6005,5533,9705,10279,13075,18442,20875,14903,18837,4669,8756,255,282,621,1149,893,2061,1145,3074,1701,2616,1255,1174,7353,9762,4263,7925,85852,40024,13127,5465,43966,28,11,4,2
2021-04-25T23:59:59+02:00,2,3,1077,1385,2254,3793,3345,6001,5513,9698,10244,13045,18432,20863,14902,18831,4669,8755,254,282,621,1149,893,2061,1143,3074,1701,2616,1255,1174,7353,9760,4263,7925,85830,40022,13118,5463,43850,28,10,4,2
2021-04-24T23:59:59+02:00,2,2,1034,1268,2066,3255,3075,5385,5320,9285,9412,11999,17726,19968,14788,18672,4661,8744,252,281,620,1147,893,2060,1143,3073,1695,2611,1252,1169,7351,9758,4263,7924,79706,39995,13118,5459,43825,28,9,4,2
2021-04-23T23:59:59+02:00,1,2,1002,1184,1953,2908,2892,4834,5125,8856,8858,11277,16097,18111,14642,18466,4653,8721,252,281,619,1147,891,2058,1142,3073,1694,2610,1247,1164,7347,9756,4263,7923,72687,39981,13117,5448,43765,28,9,4,2
2021-04-22T23:59:59+02:00,1,2,997,1173,1933,2892,2872,4815,5068,8810,8746,11174,16026,18034,14615,18436,4651,8716,250,281,615,1146,888,2057,1134,3061,1679,2590,1223,1143,7342,9748,4263,7923,72638,39968,13061,5338,43249,27,9,4,2
2021-04-21T23:59:59+02:00,1,2,988,1165,1921,2879,2845,4789,5022,8755,8639,11051,15939,17950,14586,18402,4651,8711,245,278,605,1137,874,2027,1124,3036,1668,2565,1210,1130,7118,9430,4262,7923,72597,39961,13005,4635,42681,26,9,4,2
2021-04-20T23:59:59+02:00,1,2,961,1116,1869,2764,2772,4628,4929,8576,8464,10842,15708,17668,14527,18343,4644,8705,232,275,587,1116,848,1997,1095,3010,1633,2523,1190,1117,7110,9425,4261,7922,72560,39940,11876,4370,42070,22,9,4,1
2021-04-19T23:59:59+02:00,1,2,952,1107,1837,2744,2722,4603,4805,8515,8264,10731,15616,17570,14505,18324,4644,8699,226,267,569,1093,830,1965,1077,2967,1587,2468,1172,1098,7103,9422,4259,7921,72160,39905,11855,4090,41613,20,9,4,1
2021-04-18T23:59:59+02:00,1,2,949,1106,1832,2738,2714,4591,4787,8503,8224,10689,15567,17512,14495,18307,4643,8697,226,267,569,1092,829,1965,1076,2967,1587,2467,1172,1097,7101,9421,4258,7921,72114,39898,11852,4088,41378,20,9,4,1
2021-04-17T23:59:59+02:00,0,2,916,1092,1783,2700,2646,4512,4633,8362,7962,10460,13198,14612,14298,17954,4626,8661,224,267,569,1089,825,1959,1064,2960,1577,2447,1135,1055,6769,9006,4233,7873,65296,38946,11852,4077,41256,20,9,4,1
2021-04-16T23:59:59+02:00,0,2,910,1086,1771,2689,2604,4473,4541,8278,7782,10268,10361,11360,14025,17537,4607,8605,223,262,568,1086,820,1955,1055,2957,1569,2434,1124,1041,6763,9001,4231,7870,58019,38869,11850,4061,41017,20,9,4,1
2021-04-15T23:59:59+02:00,0,2,897,1081,1749,2675,2562,4440,4425,8217,7551,10067,10111,11142,13963,17471,4601,8591,221,261,568,1084,819,1953,1052,2954,1566,2431,1119,1037,6761,8999,4231,7870,57995,38855,11848,4043,39689,19,9,4,1
2021-04-14T23:59:59+02:00,0,2,878,1054,1691,2592,2473,4317,4234,8034,7277,9785,9736,10659,13814,17292,4595,8582,196,236,527,1033,796,1886,1017,2874,1516,2370,1093,1008,6757,8990,4231,7869,57962,38839,10900,3534,38140,17,9,4,1
2021-04-13T23:59:59+02:00,0,2,853,1032,1654,2540,2405,4234,4133,7897,7067,9565,9331,10140,13670,17125,4590,8570,160,212,492,984,756,1793,983,2764,1464,2300,1074,973,6741,8979,4230,7869,57918,38775,9953,2979,36924,11,9,4,1
2021-04-12T23:59:59+02:00,0,2,849,1030,1635,2537,2375,4221,4080,7846,6926,9393,9066,9826,13606,17065,4579,8554,149,198,464,944,733,1728,963,2692,1420,2250,1052,956,6725,8959,4227,7864,57860,38659,9922,2645,35795,11,9,4,1
2021-04-11T23:59:59+02:00,0,2,848,1029,1624,2537,2362,4219,4057,7834,6861,9331,8933,9661,13579,17017,4574,8545,149,198,464,942,733,1727,961,2692,1419,2250,1052,956,6723,8959,4227,7864,57848,38653,9920,2644,35232,10,9,4,1
2021-04-10T23:59:59+02:00,0,2,832,1024,1596,2508,2325,4190,3986,7776,6729,9214,8377,8926,12915,16164,4563,8503,146,198,462,939,727,1724,961,2685,1410,2243,1039,940,6253,8460,4212,7848,54514,37586,9919,2642,35184,10,9,4,1
2021-04-09T23:59:59+02:00,0,2,810,995,1556,2460,2258,4110,3833,7617,6383,8883,7856,8268,12099,15138,4493,8366,144,197,460,934,721,1717,953,2675,1395,2233,1017,919,6011,8190,4195,7821,50542,36925,9912,2638,34660,10,9,4,1
2021-04-08T23:59:59+02:00,0,2,801,985,1529,2436,2192,4061,3699,7530,6129,8583,7243,7613,11939,14938,4482,8349,144,194,455,931,716,1710,945,2665,1388,2220,1005,917,6008,8188,4194,7821,50509,36905,9888,2577,32101,10,9,4,1
2021-04-07T23:59:59+02:00,0,2,795,976,1503,2418,2134,4023,3612,7460,5898,8317,6690,6981,11332,14189,4470,8322,125,187,424,884,670,1641,889,2595,1338,2151,985,901,6000,8182,4193,7821,50482,36881,8730,2087,29898,10,8,4,1
2021-04-06T23:59:59+02:00,0,2,790,974,1489,2410,2105,4001,3539,7411,5717,8145,6244,6473,11131,13973,4455,8294,101,166,375,822,625,1566,845,2495,1286,2087,961,885,5982,8169,4191,7817,50412,36854,8546,1502,28184,10,7,4,1
2021-04-05T23:59:59+02:00,0,2,785,970,1473,2402,2081,3992,3488,7385,5574,8035,6040,6259,11064,13887,4449,8284,95,164,374,820,618,1557,837,2480,1273,2068,933,854,4889,6768,4112,7711,50214,34044,8542,1492,27403,10,7,4,1
2021-04-04T23:59:59+02:00,0,2,783,964,1471,2400,2077,3990,3471,7378,5564,8028,6029,6239,11050,13869,4447,8281,95,164,372,818,615,1552,830,2473,1258,2049,910,832,3887,5607,4046,7605,50199,31604,8540,1492,27293,10,7,4,1
2021-04-03T23:59:59+02:00,0,2,731,909,1389,2331,1954,3851,3210,7118,5104,7535,5686,5784,10879,13652,4421,8252,93,164,372,817,615,1550,829,2473,1258,2049,910,832,3887,5604,4046,7604,46966,31594,8540,1492,27291,10,7,4,1
2021-04-02T23:59:59+02:00,0,2,688,874,1334,2263,1856,3737,2956,6859,4589,7057,5296,5325,10782,13489,4416,8246,92,164,372,817,615,1550,827,2473,1256,2048,908,828,3884,5601,4045,7604,44046,31577,8539,1491,27174,10,6,4,1
2021-04-01T23:59:59+02:00,0,2,685,872,1323,2257,1836,3729,2927,6845,4515,6984,5187,5216,10743,13440,4415,8242,92,164,370,813,613,1547,827,2470,1252,2044,898,827,3880,5599,4044,7603,44029,31568,8395,1459,26784,10,6,4,1
2021-03-31T23:59:59+02:00,0,2,683,870,1316,2241,1828,3719,2899,6817,4452,6938,5048,5055,10234,12833,4411,8234,92,164,369,813,613,1547,827,2470,1250,2044,897,827,3880,5598,4044,7602,44017,31562,7268,1459,26286,10,6,3,1
2021-03-30T23:59:59+02:00,0,2,674,867,1298,2221,1798,3690,2862,6782,4366,6848,4882,4861,9709,12134,4404,8219,87,161,368,809,608,1545,822,2464,1242,2042,886,817,3872,5595,4043,7601,43990,31541,6083,1406,25535,9,6,3,1
2021-03-29T23:59:59+02:00,0,2,669,859,1285,2186,1781,3659,2831,6740,4294,6763,4683,4663,9623,12040,4401,8205,87,161,368,807,603,1541,820,2458,1238,2035,878,811,3864,5588,4043,7601,43921,31528,5866,1361,24888,8,6,3,1
2021-03-28T23:59:59+02:00,0,2,666,857,1282,2183,1766,3649,2816,6728,4260,6710,4587,4553,9586,11976,4396,8198,87,161,368,806,603,1541,818,2458,1236,2035,877,811,3863,5588,4043,7601,43899,31526,5857,1356,24450,8,6,3,1
2021-03-27T23:59:59+01:00,0,2,662,852,1273,2178,1750,3633,2788,6698,4097,6567,4011,4100,9357,11729,4383,8179,87,161,366,804,601,1539,816,2455,1228,2029,873,807,3685,5298,3942,7432,41957,30753,5853,1356,24440,8,6,3,1
2021-03-26T23:59:59+01:00,0,2,656,843,1265,2168,1729,3616,2763,6676,4022,6489,3606,3735,8760,11171,4370,8165,87,161,365,803,600,1536,812,2452,1219,2025,860,794,2968,4358,3733,7089,40025,28492,5840,1356,24162,8,6,3,1
2021-03-25T23:59:59+01:00,0,2,649,838,1252,2154,1710,3592,2704,6637,3939,6411,3431,3517,8650,11061,4365,8159,87,161,365,803,600,1535,812,2451,1217,2025,860,794,2967,4357,3732,7088,40012,28484,5733,1356,23317,8,6,3,1
2021-03-24T23:59:59+01:00,0,2,643,831,1219,2128,1665,3547,2626,6569,3782,6262,3114,3156,8242,10511,4356,8147,83,159,353,790,583,1517,779,2417,1168,1993,827,757,2958,4351,3732,7085,39990,28184,4976,1355,21825,7,6,3,1
2021-03-23T23:59:59+01:00,0,2,630,823,1194,2096,1623,3500,2545,6489,3633,6108,2734,2771,8026,10292,4349,8130,78,155,341,768,548,1486,718,2354,1067,1912,744,697,2922,4317,3728,7081,39947,27555,4686,1348,20304,7,6,2,1
2021-03-22T23:59:59+01:00,0,2,607,710,1157,2041,1590,3445,2492,6419,3493,5978,2492,2533,7696,9937,4333,8094,78,154,341,768,548,1484,716,2352,1064,1912,742,693,2918,4312,3727,7078,39479,27526,4364,1348,19168,7,6,2,1
2021-03-21T23:59:59+01:00,0,2,606,707,1151,2033,1579,3435,2475,6404,3455,5944,2350,2369,7603,9825,4325,8080,78,154,341,767,548,1484,716,2352,1064,1912,742,693,2918,4311,3727,7078,39475,27524,4350,1348,18510,7,6,2,1
2021-03-20T23:59:59+01:00,0,2,605,707,1149,2027,1572,3428,2469,6397,3438,5922,2318,2331,7113,9307,4309,8064,78,154,341,767,547,1484,714,2351,1064,1910,742,693,2918,4309,3725,7076,38436,27512,4338,1348,18376,7,6,2,1
2021-03-19T23:59:59+01:00,0,2,598,700,1135,2011,1537,3404,2399,6257,3375,5814,2136,2148,6805,8988,4290,8039,78,154,340,761,543,1481,709,2343,1055,1897,733,686,2494,3707,3311,6331,37831,25267,4322,1348,17477,2,6,2,1
2021-03-18T23:59:59+01:00,0,2,583,684,1115,1981,1510,3374,2359,6189,3301,5725,1984,1952,6686,8869,4284,8028,77,154,340,759,542,1481,708,2339,1051,1896,726,683,2444,3635,3284,6289,37811,25075,4311,1326,16497,2,5,2,1
2021-03-17T23:59:59+01:00,0,1,553,655,1070,1925,1473,3290,2282,6072,3149,5570,1729,1686,6521,8716,4274,8013,76,150,328,732,526,1437,686,2281,1013,1855,709,664,2204,3340,3203,6165,37739,24108,3786,1254,15447,2,5,2,1
2021-03-16T23:59:59+01:00,0,1,509,626,1030,1869,1422,3186,2217,5918,3033,5436,1533,1464,6387,8569,4264,7992,70,136,307,676,496,1360,657,2146,984,1727,660,614,2093,3206,3180,6081,37684,23364,3167,1023,14599,2,4,2,1
2021-03-15T23:59:59+01:00,0,1,497,615,1000,1823,1388,3118,2187,5833,2946,5352,1408,1330,5809,7882,4225,7929,67,129,293,618,481,1240,619,2016,944,1614,632,594,2056,3167,3167,6021,36452,22967,2813,689,14076,2,0,2,1
2021-03-14T23:59:59+01:00,0,1,492,609,990,1811,1385,3101,2171,5815,2912,5325,1365,1280,5417,7435,4202,7911,66,124,289,595,475,1213,613,1960,934,1589,632,594,2056,3167,3166,6019,35637,22961,2808,529,13775,2,0,2,1
2021-03-13T23:59:59+01:00,0,1,471,591,953,1764,1332,3037,1916,5228,2672,4911,1260,1167,4768,6588,4153,7836,66,124,288,592,473,1211,611,1958,933,1585,630,590,1695,2687,2644,5265,33969,20821,2804,529,11873,2,0,2,1
2021-03-12T23:59:59+01:00,0,1,455,570,933,1723,1302,2956,1713,4440,2467,4462,1190,1084,4072,5789,4106,7754,66,122,287,588,473,1208,609,1950,928,1579,627,583,1374,2147,2110,4473,32297,18594,2801,529,9917,1,0,2,1
2021-03-11T23:59:59+01:00,0,1,451,563,925,1711,1287,2939,1688,4405,2431,4426,1116,1029,4030,5753,4103,7750,66,114,281,566,459,1156,600,1901,909,1543,615,570,1368,2130,2101,4424,32264,18345,2706,457,9636,1,0,2,1
2021-03-10T23:59:59+01:00,0,1,430,552,879,1653,1233,2862,1615,4308,2365,4333,1083,1006,4014,5738,4102,7748,66,114,279,562,456,1149,595,1878,909,1538,609,562,1307,2044,2058,4368,32249,18061,2140,432,9531,1,0,2,1
2021-03-09T23:59:59+01:00,0,1,408,536,831,1603,1192,2799,1573,4225,2322,4280,1063,995,4008,5731,4101,7746,64,113,278,561,455,1138,593,1866,903,1533,607,556,1102,1735,1943,4196,32202,17237,1691,405,9519,1,0,2,1
2021-03-08T23:59:59+01:00,0,1,401,525,821,1589,1183,2783,1565,4200,2311,4267,1050,984,3971,5684,4099,7741,63,113,274,556,451,1132,592,1862,899,1531,607,556,1033,1644,1898,4154,32074,16983,1595,381,9504,1,0,2,1
2021-03-07T23:59:59+01:00,0,1,400,522,821,1588,1181,2781,1561,4194,2301,4262,1044,976,3965,5678,4098,7740,60,110,265,534,439,1106,577,1762,864,1456,606,556,929,1515,1848,4086,32058,16625,1556,88,9497,0,0,2,1
2021-03-06T23:59:59+01:00,0,1,392,506,802,1555,1158,2723,1520,4127,2108,3765,1015,939,3792,5407,4001,7579,60,110,265,534,439,1105,577,1762,864,1456,606,556,926,1514,1845,4085,31351,16616,1556,88,8481,0,0,2,1
2021-03-05T23:59:59+01:00,0,1,377,466,769,1451,1108,2506,1445,3914,1895,3095,985,894,3047,4447,3797,7240,60,109,264,531,436,1099,576,1757,860,1453,603,554,887,1455,1822,4047,29054,16425,1555,88,6826,0,0,2,1
2021-03-04T23:59:59+01:00,0,1,362,458,762,1431,1095,2483,1426,3885,1872,3076,972,890,3043,4443,3794,7238,60,108,261,528,432,1083,566,1735,859,1445,601,552,850,1401,1799,4011,29041,16266,1517,25,6671,0,0,2,1
2021-03-03T23:59:59+01:00,0,1,351,426,743,1380,1064,2400,1376,3731,1794,2979,939,846,3033,4437,3794,7235,59,107,258,526,431,1079,564,1726,856,1441,601,551,830,1348,1714,3866,28728,15934,1517,23,6282,0,0,2,1
2021-03-02T23:59:59+01:00,0,1,345,417,727,1356,1016,2355,1307,3647,1678,2882,851,780,2991,4400,3788,7229,59,107,257,522,430,1071,564,1720,856,1437,600,551,830,1348,1714,3866,28089,15909,1454,23,6225,0,0,2,1
2021-03-01T23:59:59+01:00,0,1,341,403,720,1309,1003,2297,1287,3564,1652,2834,833,771,2983,4390,3788,7229,59,106,256,518,425,1057,560,1707,847,1429,599,549,734,1196,1660,3786,28049,15465,1405,23,5949,0,0,2,1
2021-02-28T23:59:59+01:00,0,1,336,390,712,1270,990,2220,1275,3477,1629,2755,829,761,2981,4386,3787,7227,59,106,256,518,425,1056,560,1707,845,1429,599,548,637,1071,1614,3706,28036,15114,1402,22,5586,0,0,2,1
2021-02-27T23:59:59+01:00,0,1,327,370,698,1246,970,2183,1240,3408,1606,2702,812,746,2978,4386,3786,7227,59,106,256,518,425,1056,559,1707,843,1429,599,548,637,1070,1614,3706,28034,15110,1402,22,5248,0,0,2,1
2021-02-26T23:59:59+01:00,0,1,302,318,650,1181,906,2066,1150,3242,1502,2563,783,723,2549,3781,3369,6461,59,106,253,516,425,1054,557,1705,840,1423,595,546,630,1058,1605,3687,25771,15037,1402,22,4372,0,0,2,1
2021-02-25T23:59:59+01:00,0,1,297,305,637,1149,885,2024,1131,3176,1484,2518,780,720,2503,3708,3339,6417,57,104,249,508,425,1050,552,1695,837,1412,589,543,554,950,1561,3631,25551,14697,1402,20,4119,0,0,2,1
2021-02-24T23:59:59+01:00,0,1,278,295,586,1103,838,1957,1073,3081,1440,2460,763,701,2264,3408,3257,6289,56,100,245,501,419,1032,543,1673,834,1392,582,531,541,930,1550,3609,24573,14524,1402,14,3817,0,0,2,1
2021-02-23T23:59:59+01:00,0,1,265,274,558,1046,801,1880,1005,2931,1368,2358,712,651,2153,3273,3234,6200,56,98,243,495,419,1016,533,1641,826,1370,573,524,526,883,1538,3563,23785,14290,1397,14,3526,0,0,2,1
2021-02-22T23:59:59+01:00,0,1,261,268,546,984,781,1804,979,2836,1332,2298,688,630,2126,3238,3226,6143,56,97,237,489,417,1003,524,1624,822,1345,559,512,508,858,1532,3513,23392,14082,1397,14,3350,0,0,2,1
2021-02-21T23:59:59+01:00,0,1,258,260,537,959,768,1767,971,2788,1302,2272,688,628,2124,3238,3225,6142,56,97,236,489,417,1003,524,1624,822,1344,559,511,508,858,1532,3512,23386,14078,1397,14,3143,0,0,2,1
2021-02-20T23:59:59+01:00,0,1,174,229,466,910,700,1690,901,2699,1217,2172,673,613,1756,2724,2676,5348,56,97,236,489,417,1003,524,1623,822,1344,559,511,508,858,1532,3512,21135,14077,1397,14,2415,0,0,2,1
2021-02-19T23:59:59+01:00,0,1,83,167,356,829,574,1558,769,2550,1082,2021,657,592,1454,2212,2141,4559,56,97,236,489,417,1002,524,1623,822,1344,559,511,502,856,1531,3506,18954,14061,1397,14,1252,0,0,2,1
2021-02-18T23:59:59+01:00,0,1,80,162,344,779,553,1469,736,2410,1049,1954,642,583,1445,2194,2132,4510,53,90,231,467,403,937,509,1543,803,1270,545,497,496,838,1530,3489,18717,13687,1373,14,951,0,0,2,1
2021-02-17T23:59:59+01:00,0,1,79,154,330,756,544,1436,707,2317,1012,1855,636,573,1387,2107,2086,4461,53,87,229,458,395,899,498,1478,784,1188,532,486,494,836,1530,3489,18459,13422,1300,14,680,0,0,2,1
2021-02-16T23:59:59+01:00,0,1,74,148,315,717,516,1364,675,2209,987,1750,626,566,1143,1763,1968,4284,52,78,228,453,389,869,485,1413,758,1121,511,473,492,836,1527,3488,17553,13171,1062,2,489,0,0,2,1
2021-02-15T23:59:59+01:00,0,1,69,132,289,614,481,1223,620,1996,937,1591,617,564,1060,1657,1918,4222,52,78,226,448,385,863,484,1409,755,1114,511,473,491,833,1526,3485,17229,13133,724,0,36,0,0,2,1
2021-02-14T23:59:59+01:00,0,1,68,125,284,589,476,1194,609,1942,923,1569,617,564,963,1534,1873,4166,52,78,226,448,385,863,484,1407,755,1114,511,473,491,833,1526,3485,16905,13131,569,0,21,0,0,2,1
2021-02-13T23:59:59+01:00,0,1,68,124,284,588,475,1190,608,1940,921,1566,616,563,962,1525,1869,4163,52,78,226,447,383,858,483,1402,753,1113,509,471,474,795,1271,3027,16871,12342,569,0,21,0,0,2,1
2021-02-12T23:59:59+01:00,0,1,67,124,283,587,471,1186,608,1936,918,1565,613,562,923,1474,1849,4123,52,78,226,443,380,849,478,1394,747,1106,502,463,456,756,924,2336,16701,11190,569,0,18,0,0,2,1
2021-02-11T23:59:59+01:00,0,1,67,117,281,576,458,1159,602,1910,911,1553,612,561,881,1416,1827,4085,52,75,211,413,366,802,462,1321,732,1074,499,462,456,756,923,2335,16524,10940,486,0,5,0,0,2,0
2021-02-10T23:59:59+01:00,0,1,66,117,277,573,456,1154,598,1894,906,1549,612,561,872,1400,1806,4042,51,65,177,336,312,700,412,1149,653,980,464,450,451,755,923,2334,16423,10213,458,0,1,0,0,2,0
2021-02-09T23:59:59+01:00,0,1,64,115,271,570,453,1141,597,1880,899,1543,611,560,860,1365,1741,3939,43,53,124,258,236,549,331,947,552,827,429,439,447,754,921,2334,16179,9245,429,0,0,0,0,2,0
2021-02-08T23:59:59+01:00,0,1,63,115,268,561,450,1133,596,1865,892,1535,609,557,759,1215,1687,3857,38,43,86,168,173,413,266,709,493,692,421,433,443,751,920,2334,15757,8384,404,0,0,0,0,2,0
2021-02-07T23:59:59+01:00,0,1,60,112,259,538,435,1102,580,1762,857,1456,608,556,656,1088,1640,3774,37,42,82,166,170,406,261,696,488,681,419,432,443,751,920,2333,15387,8328,95,0,0,0,0,2,0
2021-02-06T23:59:59+01:00,0,1,60,112,258,538,435,1102,578,1761,854,1453,605,554,654,1079,1634,3767,34,41,81,163,167,396,257,688,477,673,411,431,407,703,687,1952,15348,7569,95,0,0,0,0,2,0
2021-02-05T23:59:59+01:00,0,1,60,112,256,535,435,1100,577,1760,852,1451,603,554,644,1072,1628,3756,32,39,77,157,162,388,249,669,460,663,405,431,401,678,299,1330,15299,6441,95,0,0,0,0,2,0
2021-02-04T23:59:59+01:00,0,1,58,110,251,528,429,1084,561,1733,848,1437,596,545,560,955,1580,3698,31,36,73,152,156,377,235,647,443,649,400,425,396,671,297,1325,14945,6314,27,0,0,0,0,2,0
2021-02-03T23:59:59+01:00,0,1,57,105,247,521,428,1064,558,1717,846,1422,592,535,550,945,1577,3685,24,28,59,120,123,278,172,507,334,499,298,324,321,528,226,1062,14823,4904,25,0,0,0,0,2,0
2021-02-02T23:59:59+01:00,0,1,57,103,244,516,428,1046,546,1684,837,1398,579,525,539,900,1567,3640,17,21,40,79,87,184,121,342,219,360,210,216,205,333,162,705,14584,3302,25,0,0,0,0,1,0
2021-02-01T23:59:59+01:00,0,1,57,101,240,508,426,1030,538,1663,833,1375,572,519,522,871,1559,3596,7,11,20,42,48,96,65,168,95,163,99,100,85,156,70,310,14385,1535,25,0,0,0,0,1,0
2021-01-31T23:59:59+01:00,0,1,57,101,239,507,424,1026,536,1658,831,1372,572,518,522,871,1559,3595,7,11,18,38,43,82,61,142,82,147,95,100,84,155,68,308,14363,1441,25,0,0,0,0,1,0
2021-01-30T23:59:59+01:00,0,1,57,101,239,507,424,1026,536,1658,831,1372,572,518,522,871,1559,3595,7,11,18,38,43,82,61,142,82,147,95,99,84,155,68,308,14363,1440,25,0,0,0,0,1,0
2021-01-29T23:59:59+01:00,0,1,57,101,239,507,424,1026,536,1658,831,1372,572,518,522,871,1559,3595,7,11,18,38,43,82,61,142,82,147,95,99,84,155,68,308,14363,1440,25,0,0,0,0,1,0
2021-01-28T23:59:59+01:00,0,1,55,93,235,479,412,960,518,1572,809,1290,559,504,516,854,1557,3582,3,2,4,6,11,14,19,34,21,30,15,21,19,34,17,91,13976,341,19,0,0,0,0,1,0
2021-01-27T23:59:59+01:00,0,1,53,89,235,469,404,921,508,1506,789,1207,547,492,514,852,1557,3582,3,2,4,6,9,14,19,33,21,29,15,20,19,34,17,91,13708,336,17,0,0,0,0,1,0
2021-01-26T23:59:59+01:00,0,1,52,83,231,466,397,892,497,1439,764,1140,525,479,512,852,1557,3582,1,2,4,6,9,13,17,29,17,24,13,18,17,32,17,84,13452,303,16,0,0,0,0,1,0
2021-01-25T23:59:59+01:00,0,1,52,83,228,461,394,887,497,1436,762,1135,525,479,512,851,1557,3580,0,0,0,0,0,0,0,0,0,0,1,1,0,2,0,0,13424,4,15,0,0,0,0,1,0
2021-01-24T23:59:59+01:00,0,1,52,83,228,461,394,887,497,1435,762,1135,525,479,512,851,1557,3580,0,0,0,0,0,0,0,0,0,0,1,1,0,2,0,0,13423,4,15,0,0,0,0,1,0
2021-01-23T23:59:59+01:00,0,1,52,83,228,460,393,883,497,1429,761,1133,522,477,495,813,1304,3112,0,0,0,0,0,0,0,0,0,0,1,1,0,2,0,0,12627,4,15,0,0,0,0,1,0
2021-01-22T23:59:59+01:00,0,1,52,83,227,456,389,873,492,1420,756,1125,516,469,478,772,945,2397,0,0,0,0,0,0,0,0,0,0,1,1,0,2,0,0,11436,4,15,0,0,0,0,0,0
2021-01-21T23:59:59+01:00,0,1,52,80,209,423,362,817,465,1321,730,1091,512,469,478,772,944,2396,0,0,0,0,0,0,0,0,0,0,1,1,0,2,0,0,11107,4,15,0,0,0,0,0,0
2021-01-20T23:59:59+01:00,0,1,50,70,181,352,321,732,423,1167,660,1000,476,458,473,772,944,2395,0,0,0,0,0,0,0,0,0,0,1,1,0,2,0,0,10460,4,15,0,0,0,0,0,0
2021-01-19T23:59:59+01:00,0,1,44,57,135,275,248,573,346,985,570,860,441,446,469,770,944,2395,0,0,0,0,0,0,0,0,0,0,1,0,0,2,0,0,9552,3,7,0,0,0,0,0,0
2021-01-18T23:59:59+01:00,0,1,40,44,86,175,179,423,278,722,499,703,432,439,466,765,942,2395,0,0,0,0,0,0,0,0,0,0,0,0,0,1,0,0,8589,1,0,0,0,0,0,0,0
2021-01-17T23:59:59+01:00,0,1,37,43,83,171,175,415,274,711,494,690,430,439,466,765,942,2394,0,0,0,0,0,0,0,0,0,0,0,0,0,0,0,0,8530,0,0,0,0,0,0,0,0
2021-01-16T23:59:59+01:00,0,1,34,42,81,169,171,406,267,704,479,682,422,438,427,718,702,2010,0,0,0,0,0,0,0,0,0,0,0,0,0,0,0,0,7753,0,0,0,0,0,0,0,0
2021-01-15T23:59:59+01:00,0,1,32,40,78,162,168,400,260,687,465,674,416,437,422,694,308,1379,0,0,0,0,0,0,0,0,0,0,0,0,0,0,0,0,6623,0,0,0,0,0,0,0,0
2021-01-14T23:59:59+01:00,0,1,32,38,77,158,163,395,252,676,454,666,413,435,422,693,308,1379,0,0,0,0,0,0,0,0,0,0,0,0,0,0,0,0,6562,0,0,0,0,0,0,0,0
2021-01-13T23:59:59+01:00,0,0,24,31,61,125,128,300,192,543,346,523,316,334,348,549,237,1110,0,0,0,0,0,0,0,0,0,0,0,0,0,0,0,0,5167,0,0,0,0,0,0,0,0
2021-01-12T23:59:59+01:00,0,0,17,24,45,87,93,212,139,392,236,387,226,229,227,353,171,753,0,0,0,0,0,0,0,0,0,0,0,0,0,0,0,0,3591,0,0,0,0,0,0,0,0
2021-01-11T23:59:59+01:00,0,0,9,15,26,46,62,136,88,220,124,205,113,108,99,169,78,331,0,0,0,0,0,0,0,0,0,0,0,0,0,0,0,0,1829,0,0,0,0,0,0,0,0
2021-01-10T23:59:59+01:00,0,0,8,15,22,43,55,108,80,179,105,172,107,105,95,167,75,331,0,0,0,0,0,0,0,0,0,0,0,0,0,0,0,0,1667,0,0,0,0,0,0,0,0
2021-01-09T23:59:59+01:00,0,0,8,15,22,43,55,108,80,179,105,172,107,104,95,167,75,331,0,0,0,0,0,0,0,0,0,0,0,0,0,0,0,0,1666,0,0,0,0,0,0,0,0
2021-01-08T23:59:59+01:00,0,0,8,14,21,42,52,101,75,168,99,169,104,100,90,158,73,323,0,0,0,0,0,0,0,0,0,0,0,0,0,0,0,0,1597,0,0,0,0,0,0,0,0
2021-01-07T23:59:59+01:00,0,0,3,3,4,7,11,15,20,34,23,34,17,21,20,34,19,95,0,0,0,0,0,0,0,0,0,0,0,0,0,0,0,0,360,0,0,0,0,0,0,0,0
2021-01-06T23:59:59+01:00,0,0,3,2,4,6,9,14,20,33,21,31,17,20,20,34,19,94,0,0,0,0,0,0,0,0,0,0,0,0,0,0,0,0,347,0,0,0,0,0,0,0,0
2021-01-05T23:59:59+01:00,0,0,3,2,4,6,9,14,20,33,21,31,17,20,20,34,19,94,0,0,0,0,0,0,0,0,0,0,0,0,0,0,0,0,347,0,0,0,0,0,0,0,0
2021-01-04T23:59:59+01:00,0,0,0,0,0,0,0,0,1,0,0,0,1,1,0,2,0,0,0,0,0,0,0,0,0,0,0,0,0,0,0,0,0,0,5,0,0,0,0,0,0,0,0
2021-01-03T23:59:59+01:00,0,0,0,0,0,0,0,0,1,0,0,0,1,1,0,2,0,0,0,0,0,0,0,0,0,0,0,0,0,0,0,0,0,0,5,0,0,0,0,0,0,0,0
2021-01-02T23:59:59+01:00,0,0,0,0,0,0,0,0,1,0,0,0,1,1,0,2,0,0,0,0,0,0,0,0,0,0,0,0,0,0,0,0,0,0,5,0,0,0,0,0,0,0,0
2021-01-01T23:59:59+01:00,0,0,0,0,0,0,0,0,1,0,0,0,1,1,0,2,0,0,0,0,0,0,0,0,0,0,0,0,0,0,0,0,0,0,5,0,0,0,0,0,0,0,0
2020-12-31T23:59:59+01:00,0,0,0,0,0,0,0,0,1,0,0,0,1,1,0,2,0,0,0,0,0,0,0,0,0,0,0,0,0,0,0,0,0,0,5,0,0,0,0,0,0,0,0
2020-12-30T23:59:59+01:00,0,0,0,0,0,0,0,0,1,0,0,0,1,1,0,2,0,0,0,0,0,0,0,0,0,0,0,0,0,0,0,0,0,0,5,0,0,0,0,0,0,0,0
2020-12-29T23:59:59+01:00,0,0,0,0,0,0,0,0,1,0,0,0,1,0,0,2,0,0,0,0,0,0,0,0,0,0,0,0,0,0,0,0,0,0,4,0,0,0,0,0,0,0,0
2020-12-28T23:59:59+01:00,0,0,0,0,0,0,0,0,0,0,0,0,1,0,0,1,0,0,0,0,0,0,0,0,0,0,0,0,0,0,0,0,0,0,2,0,0,0,0,0,0,0,0
2020-12-27T23:59:59+01:00,0,0,0,0,0,0,0,0,0,0,0,0,0,0,0,0,0,0,0,0,0,0,0,0,0,0,0,0,0,0,0,0,0,0,0,0,0,0,0,0,0,0,0
