Datum,<15_m,<15_w,15-24_1_m,15-24_1_w,25-34_1_m,25-34_1_w,35-44_1_m,35-44_1_w,45-54_1_m,45-54_1_w,55-64_1_m,55-64_1_w,65-74_1_m,65-74_1_w,75-84_1_m,75-84_1_w,>84_1_m,>84_1_w,<24_2_m,<24_2_w,25-34_2_m,25-34_2_w,35-44_2_m,35-44_2_w,45-54_2_m,45-54_2_w,55-64_2_m,55-64_2_w,65-74_2_m,65-74_2_w,75-84_2_m,75-84_2_w,>84_2_m,>84_2_w,bp_1,bp_2,mo_1,mo_2,az_1,az_2,ja,unb_1,unb_2
2021-08-09T23:59:59+02:00,920,836,11860,11274,15507,14518,18914,19346,25558,26866,32293,33416,24856,27778,17034,21770,5034,9544,9719,9235,13920,12942,17470,17733,23859,24961,30487,31523,23880,26688,16483,20975,4880,9107,229201,210450,30759,29015,46334,44399,10846,184,86
2021-08-08T23:59:59+02:00,912,830,11827,11251,15485,14507,18895,19326,25533,26846,32272,33401,24848,27763,17027,21766,5033,9544,9648,9183,13878,12919,17444,17704,23826,24927,30457,31492,23868,26670,16476,20962,4879,9104,229019,210072,30759,29014,46334,44398,10770,184,86
2021-08-07T23:59:59+02:00,893,803,11731,11174,15442,14466,18856,19293,25494,26816,32226,33369,24831,27751,17018,21748,5032,9541,9032,8587,13441,12569,17235,17521,23677,24816,30308,31418,23811,26619,16455,20935,4874,9101,228438,206895,30759,29014,46334,44398,10769,184,86
2021-08-06T23:59:59+02:00,883,800,11701,11147,15425,14453,18846,19287,25480,26800,32217,33363,24827,27747,17013,21746,5032,9540,8452,7959,12930,12176,17008,17319,23537,24705,30213,31339,23780,26572,16443,20921,4871,9095,228389,203745,30637,29001,46334,44398,10763,184,86
2021-08-05T23:59:59+02:00,880,793,11663,11116,15388,14426,18805,19257,25434,26764,32173,33317,24787,27725,17011,21735,5032,9535,8398,7894,12886,12126,16958,17278,23474,24665,30142,31285,23733,26531,16430,20902,4869,9086,228173,203331,30636,28996,46334,44390,10514,184,86
2021-08-04T23:59:59+02:00,863,777,11633,11086,15370,14394,18776,19234,25407,26735,32127,33278,24772,27712,17006,21730,5030,9527,8309,7805,12827,12080,16907,17237,23419,24622,30083,31215,23696,26492,16420,20889,4867,9080,227914,202748,30634,28995,46333,44355,10392,184,86
2021-08-03T23:59:59+02:00,848,758,11586,11047,15351,14374,18747,19214,25381,26707,32095,33245,24753,27693,16997,21725,5026,9526,8226,7718,12760,12032,16841,17187,23362,24586,30044,31168,23661,26458,16405,20878,4864,9076,227591,202109,30632,28985,46333,44348,10333,184,86
2021-08-02T23:59:59+02:00,839,755,11552,11016,15331,14344,18721,19195,25353,26683,32064,33218,24739,27674,16989,21716,5025,9524,8131,7629,12680,11972,16784,17124,23306,24515,29997,31111,23643,26435,16384,20868,4862,9071,227322,201412,30631,28984,46333,44340,10268,184,86
2021-08-01T23:59:59+02:00,832,748,11528,10987,15320,14331,18707,19184,25334,26671,32048,33203,24735,27666,16988,21713,5023,9523,8061,7563,12619,11926,16744,17078,23270,24485,29970,31086,23628,26416,16380,20862,4860,9070,227182,200959,30627,28983,46333,44323,10215,184,86
2021-07-31T23:59:59+02:00,829,747,11525,10981,15318,14328,18705,19180,25333,26670,32045,33202,24735,27665,16988,21713,5023,9523,7910,7374,11858,11254,16192,16643,23175,24406,29906,31015,23599,26380,16368,20843,4859,9068,227154,197753,30626,28983,46333,44322,10213,184,86
2021-07-30T23:59:59+02:00,828,746,11511,10972,15315,14325,18700,19175,25326,26665,32035,33197,24734,27663,16988,21711,5023,9523,7625,7134,11312,10810,15716,16216,23038,24299,29797,30904,23562,26335,16352,20821,4859,9063,227088,194677,30625,28982,46331,44309,10209,184,86
2021-07-29T23:59:59+02:00,816,737,11471,10926,15277,14304,18661,19150,25290,26631,31983,33169,24716,27644,16977,21694,5023,9521,7251,6825,10648,10297,15203,15806,22863,24154,29652,30796,23508,26283,16323,20796,4855,9060,226775,191226,30624,28974,46331,44224,10076,184,86
2021-07-28T23:59:59+02:00,798,725,11424,10874,15253,14275,18631,19124,25264,26604,31958,33145,24703,27626,16972,21682,5022,9517,7087,6670,10503,10181,15095,15673,22772,24059,29554,30701,23465,26228,16306,20767,4854,9050,226460,190005,30623,28972,46326,44116,10004,184,86
2021-07-27T23:59:59+02:00,789,716,11381,10838,15213,14235,18591,19098,25236,26578,31922,33123,24687,27601,16966,21671,5021,9509,6866,6459,10345,10064,14952,15540,22670,23953,29446,30588,23414,26164,16290,20741,4852,9039,226152,188862,30623,28646,46325,44083,9891,184,86
2021-07-26T23:59:59+02:00,779,704,11332,10794,15189,14214,18576,19071,25208,26549,31890,33097,24672,27580,16954,21660,5020,9506,6750,6383,10251,9987,14886,15462,22590,23894,29381,30514,23381,26121,16278,20724,4848,9033,225867,188080,30621,28644,46324,44042,9799,184,86
2021-07-25T23:59:59+02:00,768,694,11304,10767,15170,14188,18556,19047,25181,26526,31871,33079,24656,27569,16950,21651,5019,9504,6674,6303,10185,9923,14813,15402,22535,23841,29326,30476,23351,26099,16267,20710,4848,9029,225674,187495,30620,28640,46323,44012,9699,184,86
2021-07-24T23:59:59+02:00,744,673,11226,10684,15131,14161,18533,19025,25161,26512,31858,33066,24656,27565,16947,21649,5019,9504,6276,5945,10042,9809,14443,15123,22312,23685,29211,30393,23315,26061,16250,20693,4845,9025,225297,185151,30619,28639,46323,44010,9691,184,86
2021-07-23T23:59:59+02:00,718,651,11159,10603,15104,14128,18504,19010,25139,26493,31842,33049,24645,27560,16945,21649,5019,9501,5907,5635,9922,9703,14096,14861,22117,23514,29091,30276,23263,25993,16239,20672,4841,9018,224917,182890,30618,28639,46323,43999,9677,184,86
2021-07-22T23:59:59+02:00,677,611,11008,10441,15006,14041,18418,18962,25058,26439,31770,32985,24610,27519,16930,21631,5015,9496,5589,5338,9654,9492,13515,14387,21800,23254,28862,30049,23163,25896,16196,20635,4837,9015,223975,179586,30616,28629,46322,43981,9520,184,86
2021-07-21T23:59:59+02:00,657,587,10944,10387,14973,14014,18379,18926,25022,26410,31732,32937,24586,27488,16914,21620,5013,9491,4974,4873,9216,9243,13138,14159,21570,23101,28675,29901,23098,25820,16171,20612,4835,9012,223561,177836,30609,27362,46321,43813,9405,184,86
2021-07-20T23:59:59+02:00,639,570,10886,10333,14947,13979,18343,18899,24992,26379,31697,32905,24566,27467,16909,21606,5010,9484,4830,4762,9064,9111,12977,14027,21457,22980,28546,29778,23019,25717,16149,20573,4828,9006,223189,176501,30609,27350,46319,43666,9310,184,86
2021-07-19T23:59:59+02:00,626,558,10849,10302,14918,13959,18321,18891,24965,26354,31664,32877,24549,27444,16903,21595,5008,9481,4751,4692,8968,9036,12862,13931,21360,22874,28447,29658,22963,25660,16124,20544,4823,9000,222954,175568,30609,27342,46310,43570,9207,184,86
2021-07-18T23:59:59+02:00,612,549,10795,10251,14883,13938,18296,18874,24945,26337,31641,32859,24540,27434,16897,21586,5008,9477,4643,4589,8834,8915,12736,13793,21274,22783,28376,29581,22935,25631,16115,20531,4820,8999,222681,174562,30609,27328,46310,43517,9138,184,86
2021-07-17T23:59:59+02:00,540,479,10510,9954,14772,13840,18208,18797,24840,26263,31536,32810,24507,27400,16884,21566,5006,9476,4598,4548,8782,8844,12503,13603,20857,22447,28248,29451,22898,25579,16106,20516,4819,8996,221148,172803,30609,27328,46310,43515,9137,184,86
2021-07-16T23:59:59+02:00,511,442,10377,9835,14713,13800,18154,18746,24808,26230,31516,32786,24498,27385,16881,21559,5006,9473,4550,4506,8707,8804,12129,13326,20316,22054,28116,29359,22849,25542,16097,20511,4817,8994,220492,170705,30608,27326,46310,43508,9126,184,86
2021-07-15T23:59:59+02:00,481,405,10238,9730,14647,13751,18097,18679,24756,26182,31465,32734,24473,27349,16863,21543,4999,9469,4339,4368,8383,8597,11611,12924,19214,21210,27701,29016,22679,25373,16032,20438,4807,8978,219768,166017,30607,27313,46309,43312,8993,184,86
2021-07-14T23:59:59+02:00,460,392,10210,9705,14613,13731,18068,18644,24720,26141,31414,32681,24443,27321,16852,21526,4998,9467,4216,4219,8129,8427,11382,12780,19036,21099,27557,28891,22614,25295,15998,20400,4804,8969,219404,164460,30607,27295,46309,43139,8882,184,86
2021-07-13T23:59:59+02:00,436,378,10160,9653,14584,13704,18043,18611,24685,26120,31380,32642,24427,27291,16841,21515,4997,9465,4121,4124,7954,8269,11182,12590,18903,20963,27404,28730,22517,25210,15963,20347,4800,8958,219006,163011,30607,27274,46308,42881,8827,184,86
2021-07-12T23:59:59+02:00,423,357,10116,9604,14559,13686,18012,18581,24651,26079,31346,32599,24402,27268,16826,21510,4994,9462,4014,4025,7787,8147,11025,12455,18790,20842,27282,28611,22443,25149,15936,20321,4799,8953,218641,161853,30606,27253,46308,42691,8736,184,86
2021-07-11T23:59:59+02:00,415,339,10086,9576,14542,13666,17995,18571,24631,26071,31325,32581,24390,27258,16824,21508,4994,9460,3945,3952,7668,8047,10878,12327,18667,20742,27181,28499,22401,25101,15915,20296,4797,8950,218450,160890,30606,27248,46307,42492,8685,184,86
2021-07-10T23:59:59+02:00,389,316,9977,9470,14487,13627,17947,18548,24607,26051,31306,32565,24382,27249,16820,21504,4992,9458,3912,3927,7607,8006,10843,12298,18638,20718,27152,28477,22394,25086,15911,20291,4797,8950,217926,160589,30605,27247,46304,42444,8676,184,86
2021-07-09T23:59:59+02:00,329,269,9715,9261,14382,13546,17871,18478,24521,25998,31257,32504,24359,27218,16807,21486,4992,9452,3845,3887,7474,7916,10626,12153,18414,20580,26737,28158,22210,24894,15856,20231,4794,8943,216702,158454,30605,27244,46303,42316,8651,184,86
2021-07-08T23:59:59+02:00,250,202,9523,9119,14281,13470,17777,18407,24461,25948,31174,32447,24332,27187,16794,21468,4988,9447,3689,3761,7166,7727,10272,11924,18070,20298,26432,27901,22038,24736,15788,20158,4787,8927,215608,156079,30602,27199,46290,41747,8591,184,86
2021-07-07T23:59:59+02:00,212,173,9422,9015,14230,13437,17733,18365,24411,25908,31133,32407,24308,27157,16783,21450,4988,9439,3493,3632,6837,7503,9323,11194,17488,19868,26030,27593,21804,24434,15711,20062,4773,8913,214984,153469,30599,25454,46287,41154,8517,184,86
2021-07-06T23:59:59+02:00,190,161,9344,8957,14180,13409,17697,18323,24370,25869,31072,32360,24272,27129,16768,21433,4986,9437,3379,3557,6638,7381,9052,11031,17245,19688,25755,27338,21647,24232,15630,19958,4761,8898,214423,151545,30582,25444,46284,40652,8484,184,86
2021-07-05T23:59:59+02:00,178,146,9257,8876,14141,13367,17664,18273,24334,25839,31027,32309,24248,27107,16760,21419,4985,9435,3327,3522,6510,7302,8903,10910,17104,19549,25585,27183,21504,24065,15581,19905,4750,8888,213882,150484,30582,25435,46281,40167,8436,184,86
2021-07-04T23:59:59+02:00,163,139,9203,8826,14110,13355,17640,18255,24309,25820,31006,32284,24233,27093,16754,21411,4984,9432,3275,3480,6447,7262,8816,10839,17018,19464,25456,27074,21380,23937,15540,19854,4748,8881,213614,149827,30581,25426,46266,39777,8372,184,86
2021-07-03T23:59:59+02:00,160,136,8691,8328,13952,13235,17539,18137,24215,25762,30941,32235,24212,27071,16742,21399,4982,9429,3215,3402,6329,7143,8648,10698,16804,19282,25068,26766,21265,23801,15510,19814,4744,8875,211779,147790,30581,25426,46266,39722,8356,184,86
2021-07-02T23:59:59+02:00,153,132,8122,7856,13808,13126,17447,18060,24145,25692,30881,32173,24174,27029,16736,21379,4980,9424,3104,3295,6059,6988,8391,10457,16435,18955,24597,26343,21037,23529,15440,19732,4738,8872,209937,144728,30581,25424,46262,39397,8353,184,85
2021-07-01T23:59:59+02:00,140,122,7993,7749,13725,13069,17378,18009,24076,25641,30829,32121,24146,27004,16726,21367,4979,9423,2916,3106,5714,6704,7956,10042,15849,18484,23838,25693,20552,23057,15313,19572,4726,8847,209149,140188,30577,25413,46258,38367,8329,184,85
2021-06-30T23:59:59+02:00,123,109,7847,7634,13657,13021,17325,17956,24026,25588,30770,32076,24116,26982,16712,21350,4979,9418,2820,3027,5561,6561,7732,9821,14892,17615,23227,25146,20195,22665,15180,19412,4712,8813,208594,138663,30403,23141,46254,37248,8254,184,85
2021-06-29T23:59:59+02:00,108,96,7780,7543,13614,12982,17286,17912,23974,25527,30720,32017,24095,26956,16702,21334,4976,9414,2761,2983,5433,6463,7578,9687,14724,17443,22986,24914,19937,22340,15081,19312,4700,8793,207976,137547,30401,23129,46251,36159,8224,184,85
2021-06-28T23:59:59+02:00,103,90,7716,7472,13550,12923,17240,17861,23933,25482,30664,31973,24078,26928,16695,21324,4974,9412,2732,2951,5365,6416,7485,9616,14627,17362,22836,24700,19733,22094,15026,19243,4696,8779,207444,136952,30399,23119,46243,35364,8148,184,85
2021-06-27T23:59:59+02:00,89,85,7667,7409,13520,12887,17211,17829,23914,25447,30637,31945,24066,26920,16688,21319,4974,9410,2709,2937,5314,6391,7414,9571,14531,17299,22741,24613,19606,21953,14995,19192,4692,8770,207092,136445,30399,23108,46237,34990,8105,184,85
2021-06-26T23:59:59+02:00,85,81,7163,6855,13127,12588,17098,17727,23850,25388,30601,31910,24058,26903,16684,21308,4973,9409,2608,2828,5128,6203,7214,9382,13987,16844,22083,23980,19459,21812,14950,19139,4690,8762,204924,132852,30399,23108,46237,34970,8105,143,39
2021-06-25T23:59:59+02:00,84,78,6678,6371,12673,12215,16939,17609,23759,25321,30520,31870,24036,26876,16679,21298,4971,9407,2505,2673,4953,6012,6956,9086,13457,16315,21531,23396,19262,21604,14892,19072,4686,8750,202518,129162,30399,23108,46237,34759,8087,143,39
2021-06-24T23:59:59+02:00,74,66,6454,6156,12449,12065,16833,17526,23687,25268,30462,31822,24002,26834,16674,21288,4969,9400,2296,2434,4582,5635,6457,8595,12737,15600,20381,22395,18799,21123,14788,18941,4674,8735,201247,123221,30397,23096,46230,33809,8012,143,39
2021-06-23T23:59:59+02:00,69,64,5880,5656,12287,11953,16714,17412,23614,25221,30399,31772,23968,26811,16667,21274,4965,9396,2259,2382,4519,5514,6366,8445,12505,15311,20138,22136,18500,20795,14691,18827,4663,8718,200737,122203,29059,22948,46221,32622,7962,143,39
2021-06-22T23:59:59+02:00,66,59,5738,5528,12188,11848,16628,17337,23556,25159,30332,31694,23942,26779,16657,21253,4961,9394,2206,2347,4424,5432,6242,8298,11637,14650,19726,21731,18167,20443,14583,18689,4653,8698,199805,121284,29052,21256,46206,31438,7913,143,39
2021-06-21T23:59:59+02:00,63,56,5602,5415,12114,11755,16567,17253,23502,25085,30282,31636,23917,26751,16644,21238,4961,9390,2173,2311,4366,5335,6155,8172,10856,13946,19276,21322,17940,20215,14523,18595,4644,8682,198986,120491,29048,19471,46201,30661,7853,143,39
2021-06-20T23:59:59+02:00,61,54,5484,5289,11951,11572,16502,17129,23451,25019,30240,31580,23901,26730,16638,21223,4956,9385,2155,2283,4325,5295,6085,8124,10752,13866,19163,21195,17783,20024,14457,18512,4640,8675,197975,119956,29044,19468,46195,30067,7808,143,39
2021-06-19T23:59:59+02:00,57,50,5466,5269,11185,10909,16023,16740,23391,24975,30196,31537,23883,26710,16630,21211,4956,9385,2085,2165,4118,5066,5807,7844,10428,13535,18115,20343,17616,19840,14424,18447,4635,8663,195384,115768,29044,19468,46195,30053,7807,143,39
2021-06-18T23:59:59+02:00,54,49,5432,5243,10541,10327,15411,16178,23301,24906,30128,31474,23855,26680,16619,21196,4955,9383,2016,2077,3975,4924,5529,7575,10047,13172,16968,19137,17415,19603,14376,18383,4632,8653,192550,111373,29038,19467,46195,29801,7806,143,39
2021-06-17T23:59:59+02:00,47,40,5313,5140,9860,9819,14922,15789,23202,24818,30047,31380,23815,26634,16605,21175,4954,9380,1886,1970,3719,4678,5141,7212,9505,12683,15784,17946,16956,19114,14235,18209,4619,8629,190001,106254,29036,19459,46192,28885,7663,48,29
2021-06-16T23:59:59+02:00,45,32,5179,5004,9663,9659,14775,15660,23110,24724,29950,31304,23771,26590,16590,21163,4953,9370,1846,1929,3615,4593,5039,7094,8476,11833,15511,17653,16660,18778,14100,18039,4613,8596,188827,105373,29025,17584,46189,27940,7453,48,29
2021-06-15T23:59:59+02:00,40,26,4991,4817,9482,9504,14640,15518,23017,24634,29873,31218,23728,26517,16564,21130,4945,9355,1784,1871,3537,4498,4945,6982,8360,11691,15333,17426,16342,18469,13959,17870,4590,8538,187508,104616,29022,17580,46170,26723,7251,48,29
2021-06-14T23:59:59+02:00,38,23,4915,4753,9389,9396,14562,15429,22946,24560,29803,31158,23696,26478,16549,21112,4942,9349,1761,1848,3500,4474,4904,6950,8260,11628,15195,17292,16162,18265,13869,17773,4585,8531,186765,104391,29018,17577,46164,25901,7103,48,29
2021-06-13T23:59:59+02:00,37,22,4857,4705,9303,9321,14478,15362,22885,24509,29736,31106,23670,26450,16540,21102,4942,9347,1711,1833,3458,4450,4850,6907,8189,11591,15096,17197,16006,18081,13815,17700,4578,8524,186184,104112,29012,17575,46149,25295,6979,48,29
2021-06-12T23:59:59+02:00,35,21,4838,4690,9275,9298,14243,15188,22756,24380,29693,31062,23650,26433,16531,21094,4941,9345,1586,1711,3220,4239,4446,6604,7642,11161,13321,15509,15654,17710,13735,17598,4576,8510,185288,97414,29012,17575,46149,25231,6977,47,29
2021-06-11T23:59:59+02:00,31,20,4784,4636,9194,9245,13924,14967,22560,24232,29597,30971,23613,26388,16513,21082,4940,9342,1483,1577,3036,4029,4147,6240,7134,10616,11688,13628,15179,17136,13621,17451,4561,8496,183927,90517,29009,17574,46149,25000,6907,47,28
2021-06-10T23:59:59+02:00,25,17,4500,4408,8649,8914,12651,13949,21993,23784,29224,30668,23476,26230,16460,21014,4927,9327,1360,1485,2801,3848,3818,5956,6701,10224,10275,12301,14666,16562,13450,17244,4546,8470,178601,85982,28994,17572,46143,23698,6431,47,28
2021-06-09T23:59:59+02:00,22,13,4265,4244,8056,8623,11752,13289,21674,23569,28994,30516,23413,26167,16441,20990,4924,9323,1272,1431,2647,3777,3676,5877,6495,10132,10013,12122,14345,16216,13280,17064,4539,8452,176499,85651,27720,17470,46137,22320,5873,46,28
2021-06-08T23:59:59+02:00,18,10,4135,4144,7654,8397,11266,12999,21448,23390,28794,30363,23354,26093,16409,20948,4918,9314,1194,1404,2511,3719,3518,5810,5599,9387,9543,11763,14014,15814,13056,16829,4525,8430,174748,85299,27348,15318,46113,21076,5399,46,28
2021-06-07T23:59:59+02:00,14,8,4016,4065,7421,8291,10977,12821,21246,23276,28641,30247,23295,26040,16392,20923,4914,9306,1145,1284,2390,3659,3388,5748,5434,9312,9334,11636,13788,15557,12901,16662,4518,8412,173531,85112,27338,15314,46104,19844,4874,46,28
2021-06-06T23:59:59+02:00,12,8,3898,4006,7183,8169,10728,12660,21060,23187,28555,30157,23265,26006,16380,20905,4911,9302,1125,1267,2326,3623,3292,5696,5328,9237,9218,11535,13631,15403,12829,16568,4515,8405,172382,84923,27321,15310,46094,19192,4549,46,28
2021-06-05T23:59:59+02:00,12,8,3870,3969,7145,8129,10551,12503,20435,22680,28394,30012,23215,25961,16366,20886,4911,9298,1093,1165,2161,3170,3060,5158,5158,8906,8438,10588,12984,14565,12716,16421,4504,8395,170348,79547,27321,15310,46092,19061,4539,45,28
2021-06-04T23:59:59+02:00,12,8,3840,3943,7109,8104,10454,12411,20074,22353,28290,29916,23180,25923,16352,20876,4909,9297,1061,1098,2063,2860,2900,4681,5001,8537,7924,9930,11486,12850,12591,16224,4497,8377,169073,73174,27308,15309,46092,19039,4533,45,28
2021-06-03T23:59:59+02:00,7,5,3706,3841,6889,7967,9898,11989,18848,21423,27891,29606,23047,25781,16299,20814,4905,9283,1008,1053,1974,2748,2763,4526,4797,8237,7561,9481,11109,12454,12485,16111,4494,8364,164320,71389,27298,15306,46088,17997,4448,45,28
2021-06-02T23:59:59+02:00,7,5,3699,3833,6877,7950,9888,11978,18660,21243,27820,29557,23024,25759,16293,20805,4902,9281,1004,1046,1962,2718,2742,4507,4586,8054,7025,8993,11072,12413,12470,16096,4490,8358,164255,71281,26753,13814,46087,17975,4441,45,28
2021-06-01T23:59:59+02:00,7,5,3572,3757,6640,7803,9600,11785,18205,20896,27583,29362,22930,25657,16252,20752,4899,9269,967,998,1878,2648,2662,4435,4307,7821,6429,8462,10859,12200,12372,15993,4485,8346,162569,70842,25973,12522,46073,17159,4314,45,28
2021-05-31T23:59:59+02:00,7,5,3525,3712,6551,7735,9464,11686,18079,20805,27493,29286,22863,25596,16235,20724,4894,9262,938,974,1811,2608,2582,4392,4201,7757,6311,8387,10673,12032,12271,15878,4475,8338,161730,70483,25942,12517,46060,16458,4145,45,28
2021-05-30T23:59:59+02:00,7,4,3494,3688,6487,7681,9374,11596,17991,20725,27416,29216,22818,25551,16213,20697,4889,9252,933,967,1800,2598,2569,4379,4172,7732,6259,8346,10612,11953,12237,15836,4470,8329,161032,70440,25937,12514,46043,16171,4042,45,28
2021-05-29T23:59:59+02:00,7,4,3483,3669,6451,7654,9330,11559,17953,20686,27271,29111,22763,25477,16198,20677,4886,9248,897,948,1743,2552,2496,4294,3982,7477,5987,8051,8423,9300,12046,15495,4455,8300,160374,64215,25937,12512,46029,15651,4042,45,28
2021-05-28T23:59:59+02:00,7,4,3420,3614,6320,7577,9190,11428,17796,20555,27089,28990,22697,25401,16177,20660,4885,9247,884,934,1724,2532,2460,4241,3831,7180,5793,7789,5733,6198,11769,15099,4440,8251,159019,57362,25935,12512,46025,14925,4033,45,28
2021-05-27T23:59:59+02:00,7,4,3273,3484,6036,7397,8588,11096,17320,20218,26676,28643,22530,25236,16119,20597,4878,9229,834,876,1642,2437,2343,4107,3408,6211,5370,7194,5572,6025,11691,15026,4434,8234,155546,56879,25877,12466,46018,12188,3845,45,28
2021-05-26T23:59:59+02:00,7,4,3166,3401,5817,7231,8216,10810,16854,19912,26375,28407,22382,25103,16068,20523,4865,9209,817,868,1590,2412,2290,4077,3335,6137,5273,7124,5440,5898,11626,14960,4429,8222,152842,56807,25861,12464,45996,11595,3606,45,28
2021-05-25T23:59:59+02:00,7,4,3075,3338,5675,7118,8019,10648,15853,19133,26022,28053,22224,24949,16016,20443,4858,9199,797,850,1554,2368,2219,4018,3260,6069,5189,7060,5274,5730,11518,14880,4421,8211,151289,56742,23937,12277,45982,10990,3383,43,28
2021-05-24T23:59:59+02:00,7,4,3012,3320,5587,7074,7901,10586,14939,18444,25607,27741,22130,24846,15985,20407,4851,9187,789,848,1532,2351,2175,3982,3214,6021,5112,6980,5175,5623,11439,14804,4420,8205,150564,56709,21869,12201,45973,10555,3179,43,28
2021-05-23T23:59:59+02:00,7,4,3009,3316,5578,7067,7892,10578,14934,18443,25606,27740,22130,24846,15985,20407,4851,9187,787,845,1525,2344,2163,3969,3195,6006,5091,6947,5131,5571,11422,14780,4419,8203,150536,56701,21869,12201,45971,10309,3161,43,28
2021-05-22T23:59:59+02:00,6,4,2973,3274,5505,7021,7792,10491,14736,18282,25327,27498,22031,24760,15952,20364,4848,9183,765,824,1481,2292,2112,3890,3082,5885,4778,6381,4561,4829,10777,13959,4409,8164,149003,53455,21869,12201,45971,9346,3161,43,28
2021-05-21T23:59:59+02:00,4,4,2901,3199,5379,6925,7666,10345,14479,18052,25034,27263,21918,24652,15919,20316,4843,9174,734,771,1413,2164,2010,3624,2899,5552,4300,5482,4149,4293,10036,13018,4344,8038,147070,49721,21868,12201,45966,7748,3131,38,28
2021-05-20T23:59:59+02:00,4,4,2770,3036,5101,6670,7380,9978,14020,17569,24423,26714,21647,24357,15826,20197,4829,9144,720,761,1386,2139,1971,3591,2846,5499,4217,5406,4022,4191,9960,12955,4335,8027,142925,49630,21859,12190,45947,7279,2900,38,28
2021-05-19T23:59:59+02:00,4,4,2718,2984,5004,6531,7237,9796,12874,16534,24160,26427,21550,24227,15781,20136,4821,9137,701,735,1361,2091,1939,3506,2783,5352,4122,5299,3940,4101,9907,12891,4332,8023,141555,49602,19788,12126,45877,6661,2667,38,28
2021-05-18T23:59:59+02:00,4,4,2695,2961,4957,6499,7188,9766,12520,16259,23980,26275,21457,24138,15751,20083,4813,9125,672,677,1306,1962,1867,3305,2686,5144,3993,5102,3715,3824,9825,12811,4322,8013,141280,49582,18935,11127,45834,6100,2388,38,28
2021-05-17T23:59:59+02:00,4,4,2669,2940,4914,6429,7100,9658,12367,16081,23831,26115,21403,24087,15733,20060,4808,9117,664,663,1290,1926,1846,3256,2638,5036,3914,4988,3579,3673,9758,12748,4319,8004,140310,49560,18927,11117,45818,5371,2227,38,28
2021-05-16T23:59:59+02:00,4,4,2657,2926,4891,6362,7062,9575,12307,16007,23779,26055,21379,24070,15723,20046,4805,9114,659,657,1280,1923,1829,3247,2616,5024,3885,4966,3528,3607,9719,12716,4318,8002,139873,49549,18919,11106,45796,5154,2140,38,28
2021-05-15T23:59:59+02:00,4,4,2532,2788,4703,6157,6871,9389,11790,15590,23191,25505,21273,23952,15689,20003,4802,9106,609,594,1197,1836,1691,3093,2328,4717,3436,4456,3196,3179,9556,12511,4294,7973,136488,46588,18918,11106,45790,4830,2115,38,28
2021-05-14T23:59:59+02:00,4,4,2416,2612,4508,5932,6594,9076,11254,15081,22624,24938,21128,23813,15653,19945,4798,9095,546,516,1095,1716,1532,2878,1997,4315,2837,3868,2812,2741,9472,12364,4290,7969,132672,43665,18911,11104,45768,4066,2086,38,28
2021-05-13T23:59:59+02:00,4,4,2234,2325,4186,5549,6167,8602,10696,14395,21592,24027,20845,23539,15593,19846,4791,9080,542,516,1082,1700,1517,2859,1987,4289,2815,3842,2796,2723,9465,12360,4289,7969,126773,43590,18857,11096,45742,3973,2065,38,28
2021-05-12T23:59:59+02:00,4,4,2233,2322,4179,5548,6158,8596,10595,14274,21539,23988,20840,23528,15588,19838,4790,9080,534,494,1046,1645,1468,2780,1904,4203,2756,3783,2715,2628,9414,12287,4289,7969,126731,43587,18531,10269,45742,3970,2062,38,28
2021-05-11T23:59:59+02:00,4,4,2112,2283,4095,5483,6033,8482,10290,14023,21347,23826,20764,23456,15573,19805,4786,9075,509,470,985,1585,1399,2689,1804,4065,2683,3709,2561,2401,9350,12186,4288,7969,125789,43569,18194,9436,45459,3660,1961,38,28
2021-05-10T23:59:59+02:00,4,4,2071,2206,3988,5361,5898,8304,9499,13260,20968,23503,20674,23367,15534,19751,4776,9062,496,441,948,1521,1334,2600,1714,3903,2599,3614,2532,2377,9341,12168,4284,7964,124656,43542,16345,9255,45356,3177,1835,38,28
2021-05-09T23:59:59+02:00,4,4,2039,2191,3954,5321,5846,8256,9433,13191,20898,23430,20641,23326,15519,19724,4773,9048,489,432,927,1478,1308,2552,1680,3841,2561,3571,2523,2365,9331,12151,4284,7956,124214,43483,16341,9252,45260,2942,1745,38,28
2021-05-08T23:59:59+02:00,4,4,1976,2090,3770,5146,5572,8050,9122,12906,19764,22501,20445,23131,15486,19655,4768,9036,416,402,862,1438,1232,2479,1592,3739,2342,3359,1978,1937,9237,12066,4283,7956,120079,42020,16340,9251,45257,2300,1744,6,4
2021-05-07T23:59:59+02:00,4,4,1889,1978,3586,4975,5252,7754,8713,12535,18516,21229,20263,22919,15441,19597,4759,9017,324,343,753,1364,1101,2350,1458,3596,2169,3167,1610,1602,8749,11620,4282,7954,115139,40296,16338,9248,45238,1185,1710,6,4
2021-05-06T23:59:59+02:00,4,4,1705,1869,3300,4723,4802,7350,8071,11971,17276,19986,19929,22541,15334,19434,4749,9006,307,334,732,1335,1061,2304,1409,3512,2102,3099,1574,1547,8732,11589,4276,7951,109285,40276,16331,9242,45004,915,1428,6,4
2021-05-05T23:59:59+02:00,4,3,1635,1839,3220,4636,4725,7246,7940,11820,17120,19840,19809,22422,15258,19338,4727,8910,296,322,690,1283,1000,2229,1327,3362,1993,2982,1481,1448,8315,11021,4270,7933,108527,40240,16188,8114,44834,658,937,6,4
2021-05-04T23:59:59+02:00,4,3,1609,1810,3178,4562,4666,7136,7688,11526,16562,19261,19723,22292,15184,19241,4699,8800,280,309,667,1254,979,2175,1268,3243,1880,2825,1409,1342,8246,10918,4266,7915,107842,40215,14842,7838,44731,397,523,6,4
2021-05-03T23:59:59+02:00,4,3,1601,1806,3170,4548,4628,7114,7435,11295,15869,18665,19659,22207,15158,19207,4693,8790,265,288,645,1172,930,2087,1205,3104,1782,2688,1343,1262,8221,10883,4262,7906,107760,40205,13245,7631,44691,54,150,6,4
2021-05-02T23:59:59+02:00,4,3,1600,1804,3165,4546,4623,7111,7422,11285,15850,18653,19643,22199,15158,19205,4692,8790,265,285,642,1171,925,2084,1195,3098,1774,2681,1329,1255,8220,10878,4261,7906,107734,40182,13242,7629,44667,51,104,6,4
2021-05-01T23:59:59+02:00,4,3,1467,1662,2885,4296,4156,6751,6805,10802,13915,16773,19262,21803,15067,19089,4689,8774,263,285,639,1169,924,2081,1193,3096,1772,2677,1324,1251,8218,10876,4261,7906,100192,40151,13242,7629,44663,51,101,5,4
2021-04-30T23:59:59+02:00,3,3,1344,1512,2670,4073,3826,6355,6238,10207,12124,14735,18804,21264,14963,18947,4675,8764,258,284,632,1162,909,2073,1181,3086,1761,2664,1313,1242,8214,10871,4260,7905,92568,40105,13242,7629,44663,48,30,4,4
2021-04-29T23:59:59+02:00,2,3,1228,1447,2504,3947,3586,6151,5881,9904,10784,13458,18545,20987,14920,18877,4671,8758,257,280,627,1155,897,2067,1161,3081,1731,2628,1287,1218,8208,10862,4260,7905,87880,40073,13233,7496,44523,39,13,4,4
2021-04-28T23:59:59+02:00,2,3,1169,1441,2454,3928,3536,6127,5819,9871,10687,13390,18515,20953,14913,18861,4671,8755,257,279,625,1154,894,2065,1157,3077,1723,2627,1281,1200,7766,10342,4260,7905,87611,40052,13183,6511,44285,35,12,4,3
2021-04-27T23:59:59+02:00,2,3,1121,1414,2353,3884,3472,6100,5700,9816,10570,13314,18482,20915,14900,18846,4670,8753,256,279,623,1147,893,2063,1153,3074,1719,2623,1269,1183,7349,9761,4260,7905,87105,40033,13130,5481,44065,30,11,4,3
2021-04-26T23:59:59+02:00,2,3,1079,1385,2263,3792,3345,6000,5533,9696,10267,13055,18420,20861,14892,18828,4668,8753,255,278,622,1145,887,2060,1146,3071,1701,2613,1254,1170,7340,9741,4260,7905,85769,39946,13120,5460,43938,29,11,4,3
2021-04-25T23:59:59+02:00,2,3,1076,1383,2255,3790,3338,5996,5513,9689,10232,13025,18410,20849,14891,18822,4668,8752,254,278,622,1145,887,2060,1144,3071,1701,2613,1254,1170,7340,9739,4260,7905,85747,39944,13111,5458,43822,29,10,4,3
2021-04-24T23:59:59+02:00,2,2,1033,1266,2068,3252,3068,5382,5320,9277,9400,11980,17705,19955,14777,18663,4660,8741,252,277,621,1143,887,2059,1144,3070,1695,2608,1251,1165,7338,9738,4260,7904,79629,39918,13111,5454,43798,29,9,4,3
2021-04-23T23:59:59+02:00,1,2,1001,1182,1955,2905,2886,4831,5125,8848,8847,11259,16076,18099,14631,18457,4652,8718,252,277,620,1143,885,2057,1143,3070,1694,2607,1246,1160,7334,9736,4260,7903,72614,39904,13110,5443,43738,29,9,4,3
2021-04-22T23:59:59+02:00,1,2,996,1171,1935,2889,2866,4812,5068,8802,8736,11156,16006,18022,14605,18427,4650,8713,250,277,616,1142,882,2056,1135,3058,1679,2587,1222,1138,7329,9728,4260,7903,72568,39890,13054,5333,43222,28,9,4,3
2021-04-21T23:59:59+02:00,1,2,987,1163,1923,2876,2839,4786,5022,8747,8629,11033,15920,17938,14576,18393,4650,8708,245,274,606,1133,868,2026,1125,3033,1668,2562,1209,1125,7105,9410,4259,7903,72528,39883,12998,4630,42654,27,9,4,3
2021-04-20T23:59:59+02:00,1,2,960,1114,1871,2761,2766,4625,4929,8568,8455,10826,15689,17656,14518,18334,4643,8702,232,271,588,1112,842,1996,1097,3007,1633,2521,1190,1112,7097,9405,4258,7902,72492,39862,11869,4365,42046,25,9,4,3
2021-04-19T23:59:59+02:00,1,2,951,1105,1839,2741,2716,4600,4805,8507,8255,10715,15597,17558,14496,18315,4643,8696,226,263,570,1089,824,1964,1079,2964,1588,2466,1172,1093,7090,9402,4256,7901,72092,39828,11848,4085,41589,23,9,4,3
2021-04-18T23:59:59+02:00,1,2,948,1104,1834,2735,2708,4588,4787,8495,8215,10673,15548,17500,14486,18298,4642,8694,226,263,570,1088,823,1964,1079,2964,1588,2465,1172,1092,7088,9401,4255,7901,72046,39822,11845,4083,41354,23,9,4,3
2021-04-17T23:59:59+02:00,0,2,915,1090,1785,2697,2640,4509,4633,8355,7953,10445,13183,14600,14289,17946,4625,8658,224,263,570,1085,819,1958,1067,2957,1578,2445,1135,1051,6756,8985,4230,7853,65234,38870,11845,4072,41233,23,9,4,3
2021-04-16T23:59:59+02:00,0,2,909,1084,1773,2686,2598,4471,4541,8271,7773,10254,10356,11348,14015,17529,4606,8602,222,258,569,1082,814,1954,1057,2954,1570,2433,1124,1038,6750,8980,4227,7850,57968,38793,11843,4056,40994,23,9,4,2
2021-04-15T23:59:59+02:00,0,2,896,1079,1751,2672,2556,4438,4428,8210,7542,10053,10107,11129,13953,17463,4600,8588,220,258,569,1080,813,1952,1054,2951,1567,2430,1119,1034,6748,8978,4227,7850,57944,38779,11841,4039,39669,22,9,4,2
2021-04-14T23:59:59+02:00,0,2,877,1051,1693,2589,2467,4315,4238,8028,7268,9770,9734,10648,13804,17285,4594,8579,195,235,528,1029,790,1885,1019,2871,1517,2369,1093,1004,6744,8969,4227,7849,57912,38763,10893,3532,38124,20,9,4,1
2021-04-13T23:59:59+02:00,0,2,852,1029,1655,2537,2399,4232,4137,7891,7058,9555,9329,10130,13660,17118,4589,8567,159,211,493,980,750,1792,985,2761,1465,2299,1074,969,6728,8958,4226,7849,57868,38699,9947,2977,36912,14,9,4,1
2021-04-12T23:59:59+02:00,0,2,848,1027,1636,2534,2369,4219,4084,7840,6918,9384,9064,9815,13596,17059,4578,8551,148,197,465,940,727,1727,964,2689,1421,2249,1052,953,6712,8938,4223,7844,57810,38583,9916,2643,35785,14,9,4,1
2021-04-11T23:59:59+02:00,0,2,847,1026,1625,2534,2356,4217,4061,7828,6853,9323,8930,9650,13569,17011,4573,8542,148,197,465,938,727,1726,962,2689,1420,2249,1052,953,6710,8938,4223,7844,57798,38577,9914,2642,35222,13,9,4,1
2021-04-10T23:59:59+02:00,0,2,831,1021,1597,2505,2319,4188,3990,7770,6721,9206,8374,8915,12905,16159,4562,8500,145,197,463,935,721,1723,962,2682,1411,2242,1039,937,6241,8441,4208,7828,54465,37513,9913,2640,35174,13,9,4,1
2021-04-09T23:59:59+02:00,0,2,809,992,1557,2457,2252,4108,3837,7611,6374,8875,7852,8257,12091,15134,4492,8363,143,196,461,930,715,1716,954,2672,1396,2232,1017,916,5999,8172,4191,7801,50493,36853,9908,2636,34649,13,9,4,1
2021-04-08T23:59:59+02:00,0,2,800,982,1530,2433,2186,4059,3702,7524,6120,8576,7239,7602,11932,14934,4481,8346,143,193,456,928,710,1709,946,2662,1389,2219,1005,914,5996,8170,4190,7801,50460,36833,9884,2576,32091,13,9,4,1
2021-04-07T23:59:59+02:00,0,2,794,973,1504,2415,2128,4021,3616,7454,5889,8310,6686,6970,11325,14185,4469,8319,124,186,426,881,664,1640,890,2592,1339,2150,984,898,5988,8164,4189,7801,50433,36809,8727,2086,29888,13,8,4,1
2021-04-06T23:59:59+02:00,0,2,789,971,1490,2407,2099,3999,3543,7405,5708,8139,6239,6462,11124,13969,4454,8291,100,165,377,819,619,1565,847,2492,1287,2086,960,882,5971,8151,4187,7797,50362,36783,8544,1502,28174,13,7,4,1
2021-04-05T23:59:59+02:00,0,2,784,967,1474,2399,2075,3990,3492,7379,5565,8029,6038,6247,11057,13883,4448,8281,94,163,376,817,612,1556,839,2477,1274,2068,932,852,4880,6751,4108,7691,50164,33978,8540,1492,27395,13,7,4,1
2021-04-04T23:59:59+02:00,0,2,782,961,1472,2397,2071,3988,3475,7372,5555,8022,6027,6227,11043,13865,4446,8278,94,163,374,815,609,1551,832,2470,1259,2048,909,830,3879,5590,4042,7585,50149,31538,8538,1492,27285,13,7,4,1
2021-04-03T23:59:59+02:00,0,2,730,906,1390,2328,1948,3849,3214,7112,5095,7531,5684,5772,10872,13648,4420,8249,92,163,374,814,609,1549,831,2470,1259,2048,909,830,3879,5587,4042,7584,46918,31528,8538,1492,27283,13,7,4,1
2021-04-02T23:59:59+02:00,0,2,687,871,1335,2260,1850,3735,2958,6852,4581,7052,5294,5313,10775,13485,4415,8243,91,163,374,814,609,1549,829,2470,1257,2044,907,826,3876,5584,4041,7584,43996,31508,8537,1491,27165,13,6,4,1
2021-04-01T23:59:59+02:00,0,2,684,869,1324,2255,1830,3727,2929,6838,4507,6979,5185,5205,10736,13436,4414,8239,91,163,372,810,607,1546,829,2467,1253,2040,897,825,3872,5582,4040,7583,43980,31499,8393,1459,26776,13,6,4,1
2021-03-31T23:59:59+02:00,0,2,682,867,1317,2239,1822,3717,2901,6810,4444,6933,5046,5045,10227,12830,4410,8231,91,163,371,810,607,1546,829,2467,1251,2040,896,825,3872,5581,4040,7582,43968,31493,7266,1459,26280,13,6,3,1
2021-03-30T23:59:59+02:00,0,2,673,864,1299,2219,1792,3688,2866,6775,4359,6844,4879,4852,9702,12130,4403,8216,86,160,370,806,602,1543,824,2461,1243,2038,885,815,3864,5578,4039,7581,43943,31472,6081,1406,25530,11,6,3,1
2021-03-29T23:59:59+02:00,0,2,668,856,1286,2184,1775,3657,2835,6733,4289,6759,4680,4655,9617,12036,4400,8202,86,160,370,804,598,1539,822,2455,1239,2031,877,809,3856,5571,4039,7581,43876,31459,5864,1362,24885,10,6,3,1
2021-03-28T23:59:59+02:00,0,2,665,854,1283,2181,1760,3647,2820,6721,4255,6706,4584,4545,9580,11972,4395,8195,86,160,370,803,598,1539,820,2455,1237,2031,876,809,3855,5571,4039,7581,43854,31457,5855,1357,24447,10,6,3,1
2021-03-27T23:59:59+01:00,0,2,661,849,1274,2176,1744,3631,2792,6691,4092,6563,4008,4092,9351,11725,4382,8176,86,160,368,801,596,1537,818,2452,1229,2025,872,805,3678,5282,3938,7412,41912,30686,5851,1357,24437,10,6,3,1
2021-03-26T23:59:59+01:00,0,2,655,841,1266,2166,1724,3614,2766,6669,4017,6485,3603,3728,8754,11168,4369,8162,86,160,367,800,595,1534,814,2449,1220,2021,860,792,2961,4343,3729,7069,39983,28427,5838,1357,24160,10,6,2,1
2021-03-25T23:59:59+01:00,0,2,648,836,1253,2152,1705,3590,2707,6630,3934,6407,3428,3510,8644,11057,4364,8156,86,160,367,800,595,1534,814,2448,1219,2021,860,792,2960,4342,3728,7068,39970,28421,5731,1357,23314,10,6,2,1
2021-03-24T23:59:59+01:00,0,2,642,829,1220,2126,1660,3545,2629,6562,3778,6258,3110,3148,8237,10508,4355,8144,82,158,355,787,578,1516,781,2414,1169,1989,827,755,2951,4336,3728,7065,39948,28120,4974,1356,21823,9,6,2,1
2021-03-23T23:59:59+01:00,0,2,629,821,1195,2094,1618,3498,2549,6481,3629,6104,2731,2764,8021,10289,4348,8127,77,154,343,765,543,1485,720,2351,1067,1908,744,695,2915,4302,3724,7061,39906,27490,4684,1349,20302,9,6,2,1
2021-03-22T23:59:59+01:00,0,2,605,708,1159,2039,1585,3443,2496,6411,3489,5973,2489,2526,7691,9934,4332,8091,77,153,343,765,543,1483,719,2350,1064,1908,743,692,2911,4297,3723,7058,39438,27465,4360,1349,19167,9,6,2,1
2021-03-21T23:59:59+01:00,0,2,604,705,1153,2031,1574,3433,2479,6396,3452,5939,2348,2362,7598,9822,4324,8077,77,153,343,764,543,1483,719,2350,1064,1908,743,692,2911,4296,3723,7058,39434,27463,4346,1349,18511,9,6,2,1
2021-03-20T23:59:59+01:00,0,2,603,705,1151,2025,1567,3426,2473,6389,3435,5917,2316,2324,7108,9304,4308,8061,77,153,343,764,542,1483,717,2349,1064,1907,743,692,2911,4294,3721,7056,38395,27452,4334,1349,18377,9,6,2,1
2021-03-19T23:59:59+01:00,0,2,596,698,1137,2009,1532,3403,2403,6250,3372,5810,2133,2145,6801,8987,4289,8036,77,153,342,758,538,1480,712,2340,1053,1894,734,685,2488,3692,3307,6311,37792,25207,4318,1349,17485,2,6,2,1
2021-03-18T23:59:59+01:00,0,2,581,682,1117,1979,1505,3373,2363,6182,3299,5721,1981,1949,6683,8869,4283,8025,76,153,342,756,537,1480,711,2336,1050,1893,727,682,2438,3620,3280,6269,37772,25015,4307,1327,16507,2,6,2,1
2021-03-17T23:59:59+01:00,0,1,552,656,1072,1923,1468,3289,2285,6065,3147,5566,1725,1683,6517,8716,4273,8010,75,149,330,729,521,1436,689,2278,1012,1852,710,663,2200,3328,3200,6145,37700,24054,3784,1255,15457,2,6,1,1
2021-03-16T23:59:59+01:00,0,1,508,627,1032,1867,1417,3185,2220,5911,3031,5432,1529,1461,6383,8569,4263,7989,69,136,309,673,491,1359,660,2143,983,1724,661,613,2089,3194,3177,6061,37645,23311,3165,1024,14609,2,5,1,1
2021-03-15T23:59:59+01:00,0,1,496,616,1001,1821,1383,3117,2189,5826,2944,5349,1405,1327,5804,7883,4224,7926,66,129,294,615,476,1239,622,2013,943,1611,633,593,2052,3155,3164,6002,36413,22915,2811,690,14087,2,0,1,1
2021-03-14T23:59:59+01:00,0,1,491,610,991,1809,1380,3100,2173,5808,2910,5322,1363,1277,5412,7436,4201,7908,65,124,290,592,470,1212,616,1957,933,1586,633,593,2052,3155,3163,6000,35598,22909,2806,530,13787,2,0,1,1
2021-03-13T23:59:59+01:00,0,1,470,592,954,1762,1327,3036,1917,5220,2670,4910,1258,1164,4763,6589,4152,7833,65,124,289,589,468,1210,614,1955,932,1582,631,588,1691,2675,2640,5246,33930,20767,2802,530,11885,2,0,1,1
2021-03-12T23:59:59+01:00,0,1,454,571,934,1721,1297,2955,1713,4432,2463,4461,1188,1081,4067,5789,4105,7751,65,122,288,585,468,1207,612,1947,927,1576,628,581,1372,2139,2107,4455,32258,18548,2799,530,9925,1,0,1,1
2021-03-11T23:59:59+01:00,0,1,450,564,926,1710,1282,2938,1688,4398,2427,4425,1114,1026,4025,5753,4102,7747,65,114,282,563,454,1155,603,1898,908,1540,616,568,1366,2122,2098,4406,32226,18299,2705,458,9644,1,0,1,1
2021-03-10T23:59:59+01:00,0,1,429,553,881,1652,1228,2861,1615,4301,2361,4332,1081,1003,4009,5738,4101,7745,65,114,280,559,451,1148,598,1875,908,1535,610,560,1305,2036,2055,4350,32211,18015,2140,433,9539,1,0,1,1
2021-03-09T23:59:59+01:00,0,1,407,537,833,1602,1187,2798,1574,4218,2318,4279,1060,992,4003,5731,4100,7744,63,113,279,558,450,1137,596,1863,902,1530,608,554,1101,1727,1940,4178,32165,17192,1691,406,9527,1,0,1,1
2021-03-08T23:59:59+01:00,0,1,400,526,823,1588,1178,2782,1566,4193,2307,4266,1047,982,3967,5684,4098,7739,62,113,275,553,446,1131,595,1859,898,1528,608,554,1032,1637,1895,4135,32039,16938,1595,382,9512,1,0,1,1
2021-03-07T23:59:59+01:00,0,1,399,523,823,1587,1176,2780,1562,4187,2297,4261,1041,974,3961,5678,4097,7738,59,110,266,531,434,1105,580,1759,863,1453,607,554,928,1508,1845,4067,32023,16580,1556,89,9505,0,0,1,1
2021-03-06T23:59:59+01:00,0,1,391,507,804,1554,1153,2722,1521,4120,2104,3765,1012,937,3788,5407,4000,7577,59,110,266,531,434,1104,580,1759,863,1453,607,554,925,1507,1842,4066,31317,16571,1556,89,8489,0,0,1,1
2021-03-05T23:59:59+01:00,0,1,376,467,771,1450,1103,2505,1446,3907,1891,3095,983,892,3043,4448,3796,7238,59,109,265,528,431,1098,579,1754,859,1450,604,552,886,1449,1819,4028,29022,16381,1555,89,6834,0,0,1,1
2021-03-04T23:59:59+01:00,0,1,361,459,764,1430,1090,2482,1427,3878,1868,3076,970,888,3039,4444,3793,7236,59,108,262,525,427,1082,569,1732,858,1442,602,550,849,1395,1796,3993,29009,16223,1517,26,6679,0,0,1,1
2021-03-03T23:59:59+01:00,0,1,350,427,745,1379,1059,2399,1377,3724,1790,2979,937,844,3029,4438,3793,7233,58,107,259,523,426,1078,567,1723,855,1438,602,549,829,1342,1711,3848,28696,15891,1517,24,6290,0,0,1,1
2021-03-02T23:59:59+01:00,0,1,344,418,729,1355,1011,2354,1308,3640,1674,2883,849,778,2987,4401,3787,7228,58,107,258,519,425,1070,567,1717,855,1434,601,549,829,1342,1711,3848,28059,15866,1454,24,6233,0,0,1,1
2021-03-01T23:59:59+01:00,0,1,340,404,722,1308,999,2296,1288,3558,1648,2834,831,769,2979,4392,3787,7228,58,106,257,515,420,1056,563,1704,846,1426,600,547,733,1190,1658,3768,28020,15423,1406,24,5957,0,0,1,1
2021-02-28T23:59:59+01:00,0,1,335,391,714,1269,986,2220,1276,3471,1626,2755,827,759,2977,4388,3786,7226,58,106,257,515,420,1055,563,1704,844,1426,600,546,637,1066,1612,3688,28009,15074,1403,23,5594,0,0,1,1
2021-02-27T23:59:59+01:00,0,1,326,371,700,1244,966,2183,1241,3403,1603,2702,810,744,2974,4388,3785,7226,58,106,257,515,420,1055,562,1704,843,1426,600,546,637,1065,1612,3688,28007,15071,1403,23,5256,0,0,1,1
2021-02-26T23:59:59+01:00,0,1,301,318,652,1179,902,2065,1151,3237,1499,2563,781,721,2545,3783,3368,6460,58,106,254,513,420,1053,560,1702,840,1420,596,544,630,1053,1603,3669,25744,14998,1403,23,4378,0,0,1,1
2021-02-25T23:59:59+01:00,0,1,296,305,639,1147,881,2023,1132,3171,1481,2518,778,718,2499,3710,3338,6417,56,104,250,505,420,1049,555,1692,837,1409,590,539,553,943,1559,3613,25525,14653,1403,21,4125,0,0,1,1
2021-02-24T23:59:59+01:00,0,1,277,295,588,1101,834,1956,1074,3076,1437,2460,761,699,2261,3409,3257,6287,55,100,246,498,414,1031,546,1670,834,1390,583,528,540,923,1548,3591,24546,14482,1403,15,3823,0,0,1,1
2021-02-23T23:59:59+01:00,0,1,264,275,560,1044,797,1879,1006,2927,1365,2358,710,649,2150,3274,3234,6197,55,98,244,492,414,1015,536,1638,827,1368,575,522,525,876,1537,3547,23758,14254,1398,15,3533,0,0,1,1
2021-02-22T23:59:59+01:00,0,1,260,269,548,982,777,1803,981,2833,1329,2298,687,629,2123,3239,3226,6140,55,97,238,486,412,1002,527,1622,823,1343,561,510,508,851,1531,3497,23369,14048,1398,15,3357,0,0,1,1
2021-02-21T23:59:59+01:00,0,1,257,261,539,957,764,1766,973,2785,1299,2272,687,627,2121,3239,3225,6139,55,97,237,486,412,1002,527,1622,823,1342,561,509,508,851,1531,3496,23363,14044,1398,15,3150,0,0,1,1
2021-02-20T23:59:59+01:00,0,1,173,230,468,908,696,1689,903,2696,1214,2173,672,612,1753,2725,2676,5345,55,97,237,486,412,1002,527,1621,823,1342,561,509,508,851,1531,3496,21113,14043,1398,15,2422,0,0,1,1
2021-02-19T23:59:59+01:00,0,1,82,167,357,827,570,1556,770,2547,1078,2021,656,591,1451,2213,2142,4557,55,97,237,486,412,1001,527,1621,823,1341,561,509,500,847,1530,3490,18934,14023,1398,14,1253,0,0,1,1
2021-02-18T23:59:59+01:00,0,1,79,162,345,777,549,1467,737,2407,1045,1954,641,581,1442,2195,2133,4508,52,90,232,464,398,936,512,1541,804,1267,547,495,494,829,1529,3473,18697,13649,1373,14,952,0,0,1,1
2021-02-17T23:59:59+01:00,0,1,78,154,331,754,540,1434,708,2314,1009,1855,635,571,1384,2108,2087,4459,52,87,230,455,390,898,501,1476,785,1185,534,483,492,827,1529,3473,18439,13383,1300,14,682,0,0,1,1
2021-02-16T23:59:59+01:00,0,1,73,148,316,715,512,1361,676,2206,984,1750,625,564,1141,1764,1969,4282,51,78,229,450,384,868,488,1411,759,1118,513,470,490,827,1526,3472,17534,13132,1062,2,490,0,0,1,1
2021-02-15T23:59:59+01:00,0,1,68,132,290,612,477,1220,621,1993,934,1591,616,562,1058,1659,1918,4220,51,78,227,445,380,862,487,1407,756,1111,513,470,489,824,1525,3469,17210,13094,724,0,37,0,0,1,1
2021-02-14T23:59:59+01:00,0,1,67,125,285,587,472,1191,610,1939,920,1569,616,562,961,1536,1873,4164,51,78,227,445,380,862,487,1405,756,1111,513,470,489,824,1525,3469,16886,13092,569,0,22,0,0,1,1
2021-02-13T23:59:59+01:00,0,1,67,124,285,586,471,1187,609,1937,918,1566,615,561,960,1528,1869,4161,51,78,227,444,378,858,486,1400,754,1110,511,468,472,786,1270,3011,16853,12304,569,0,22,0,0,1,1
2021-02-12T23:59:59+01:00,0,1,66,124,284,585,467,1183,609,1934,915,1565,612,560,921,1477,1849,4121,51,78,227,440,375,849,481,1391,748,1104,504,460,454,747,924,2319,16684,11152,569,0,19,0,0,1,1
2021-02-11T23:59:59+01:00,0,1,66,117,281,574,454,1156,603,1908,908,1553,611,559,879,1419,1827,4084,51,75,212,410,361,802,465,1318,733,1072,501,459,454,747,923,2318,16508,10902,486,0,5,0,0,1,0
2021-02-10T23:59:59+01:00,0,1,65,117,277,571,452,1151,599,1892,903,1549,611,559,870,1403,1806,4040,50,65,178,333,307,699,415,1146,654,978,466,447,449,746,923,2317,16406,10174,458,0,1,0,0,1,0
2021-02-09T23:59:59+01:00,0,1,63,115,271,568,449,1138,598,1878,897,1543,610,558,858,1368,1741,3937,42,53,125,255,231,548,334,944,552,824,431,436,445,745,921,2317,16162,9204,430,0,0,0,0,1,0
2021-02-08T23:59:59+01:00,0,1,62,115,268,559,446,1131,597,1863,891,1535,609,556,757,1218,1687,3855,38,43,86,165,168,410,268,706,492,689,423,429,441,742,920,2317,15744,8338,405,0,0,0,0,1,0
2021-02-07T23:59:59+01:00,0,1,59,112,259,536,431,1100,581,1760,856,1456,608,555,655,1091,1640,3772,37,42,82,163,165,403,263,693,487,678,421,428,441,742,920,2316,15375,8282,96,0,0,0,0,1,0
2021-02-06T23:59:59+01:00,0,1,59,112,258,536,431,1100,579,1759,854,1453,605,553,653,1082,1634,3765,34,41,81,160,162,393,259,685,476,670,413,427,405,694,687,1935,15337,7523,96,0,0,0,0,1,0
2021-02-05T23:59:59+01:00,0,1,59,112,256,533,431,1098,578,1758,852,1451,603,553,643,1075,1628,3754,32,39,77,154,157,385,251,666,459,660,407,427,399,669,299,1313,15288,6395,96,0,0,0,0,1,0
2021-02-04T23:59:59+01:00,0,1,57,110,251,526,425,1082,562,1731,848,1437,596,544,560,958,1580,3696,31,36,73,149,151,374,237,645,442,646,402,421,394,662,297,1308,14935,6269,28,0,0,0,0,1,0
2021-02-03T23:59:59+01:00,0,1,56,105,247,519,424,1062,559,1716,846,1422,592,534,550,948,1577,3683,24,28,59,117,118,275,173,505,333,497,300,321,319,521,226,1047,14814,4864,26,0,0,0,0,1,0
2021-02-02T23:59:59+01:00,0,1,56,103,244,513,424,1044,547,1683,838,1398,579,525,539,903,1568,3639,17,21,40,76,82,181,121,341,218,358,211,215,203,327,162,693,14577,3267,26,0,0,0,0,1,0
2021-02-01T23:59:59+01:00,0,1,56,101,240,505,422,1028,539,1662,834,1375,571,519,522,874,1560,3595,7,11,20,40,44,93,64,168,94,161,99,98,85,152,70,307,14377,1513,26,0,0,0,0,1,0
2021-01-31T23:59:59+01:00,0,1,56,101,239,504,420,1024,537,1657,831,1372,571,518,522,874,1560,3594,7,11,18,36,39,79,60,142,81,146,95,98,84,151,68,306,14355,1421,25,0,0,0,0,1,0
2021-01-30T23:59:59+01:00,0,1,56,101,239,504,420,1024,537,1657,831,1372,571,518,522,874,1560,3594,7,11,18,36,39,79,60,142,81,146,95,97,84,151,68,306,14355,1420,25,0,0,0,0,1,0
2021-01-29T23:59:59+01:00,0,1,56,101,239,504,420,1024,537,1657,831,1372,571,518,522,874,1560,3594,7,11,18,36,39,79,60,142,81,146,95,97,84,151,68,306,14355,1420,25,0,0,0,0,1,0
2021-01-28T23:59:59+01:00,0,1,54,93,235,476,408,958,519,1571,809,1290,558,503,516,857,1558,3580,3,2,4,6,10,13,19,34,21,31,16,20,19,33,17,91,13966,339,19,0,0,0,0,1,0
2021-01-27T23:59:59+01:00,0,1,52,89,235,466,400,919,509,1505,789,1207,546,490,514,855,1558,3580,3,2,4,6,8,13,19,33,21,30,16,20,19,33,17,91,13697,335,17,0,0,0,0,1,0
2021-01-26T23:59:59+01:00,0,1,51,83,231,463,393,890,498,1437,764,1140,524,477,512,855,1558,3580,1,2,4,6,8,12,17,29,17,25,14,18,17,31,17,84,13440,302,16,0,0,0,0,1,0
2021-01-25T23:59:59+01:00,0,1,51,83,228,458,389,884,498,1434,762,1135,524,477,512,854,1558,3578,0,0,0,0,0,0,0,0,0,0,1,1,0,2,0,0,13410,4,15,0,0,0,0,1,0
2021-01-24T23:59:59+01:00,0,1,51,83,228,458,389,884,498,1433,762,1135,524,477,512,854,1558,3578,0,0,0,0,0,0,0,0,0,0,1,1,0,2,0,0,13409,4,15,0,0,0,0,1,0
2021-01-23T23:59:59+01:00,0,1,51,83,228,457,388,880,498,1427,761,1133,521,475,495,816,1305,3110,0,0,0,0,0,0,0,0,0,0,1,1,0,2,0,0,12613,4,15,0,0,0,0,1,0
2021-01-22T23:59:59+01:00,0,1,51,83,227,453,384,871,493,1417,756,1125,515,467,478,775,947,2395,0,0,0,0,0,0,0,0,0,0,1,1,0,2,0,0,11423,4,15,0,0,0,0,0,0
2021-01-21T23:59:59+01:00,0,1,51,80,209,420,357,815,466,1318,730,1091,511,467,478,775,946,2394,0,0,0,0,0,0,0,0,0,0,1,1,0,2,0,0,11094,4,15,0,0,0,0,0,0
2021-01-20T23:59:59+01:00,0,1,49,70,181,349,316,730,424,1164,660,1000,475,456,473,775,946,2393,0,0,0,0,0,0,0,0,0,0,1,1,0,2,0,0,10447,4,15,0,0,0,0,0,0
2021-01-19T23:59:59+01:00,0,1,43,57,135,272,243,571,347,982,570,860,440,444,469,773,946,2393,0,0,0,0,0,0,0,0,0,0,1,0,0,2,0,0,9539,3,7,0,0,0,0,0,0
2021-01-18T23:59:59+01:00,0,1,39,44,86,173,174,421,278,719,499,703,431,437,466,768,944,2393,0,0,0,0,0,0,0,0,0,0,0,0,0,1,0,0,8576,1,0,0,0,0,0,0,0
2021-01-17T23:59:59+01:00,0,1,37,43,83,169,170,413,274,708,494,690,429,437,466,768,944,2392,0,0,0,0,0,0,0,0,0,0,0,0,0,0,0,0,8518,0,0,0,0,0,0,0,0
2021-01-16T23:59:59+01:00,0,1,34,42,81,167,166,404,267,701,479,682,421,436,427,721,704,2007,0,0,0,0,0,0,0,0,0,0,0,0,0,0,0,0,7740,0,0,0,0,0,0,0,0
2021-01-15T23:59:59+01:00,0,1,32,40,78,160,163,398,260,684,465,674,415,435,422,697,310,1376,0,0,0,0,0,0,0,0,0,0,0,0,0,0,0,0,6610,0,0,0,0,0,0,0,0
2021-01-14T23:59:59+01:00,0,1,32,38,77,156,158,393,252,675,454,666,412,433,422,696,310,1376,0,0,0,0,0,0,0,0,0,0,0,0,0,0,0,0,6551,0,0,0,0,0,0,0,0
2021-01-13T23:59:59+01:00,0,0,24,31,61,123,123,298,192,541,346,523,315,332,348,551,239,1107,0,0,0,0,0,0,0,0,0,0,0,0,0,0,0,0,5154,0,0,0,0,0,0,0,0
2021-01-12T23:59:59+01:00,0,0,17,24,45,85,88,210,139,391,236,387,225,226,227,355,173,750,0,0,0,0,0,0,0,0,0,0,0,0,0,0,0,0,3578,0,0,0,0,0,0,0,0
2021-01-11T23:59:59+01:00,0,0,9,15,26,44,58,134,88,220,124,205,112,107,99,172,80,333,0,0,0,0,0,0,0,0,0,0,0,0,0,0,0,0,1826,0,0,0,0,0,0,0,0
2021-01-10T23:59:59+01:00,0,0,8,15,22,41,51,106,80,179,105,172,106,104,95,170,77,333,0,0,0,0,0,0,0,0,0,0,0,0,0,0,0,0,1664,0,0,0,0,0,0,0,0
2021-01-09T23:59:59+01:00,0,0,8,15,22,41,51,106,80,179,105,172,106,103,95,170,77,333,0,0,0,0,0,0,0,0,0,0,0,0,0,0,0,0,1663,0,0,0,0,0,0,0,0
2021-01-08T23:59:59+01:00,0,0,8,14,21,40,49,100,75,168,99,169,103,99,90,161,75,325,0,0,0,0,0,0,0,0,0,0,0,0,0,0,0,0,1596,0,0,0,0,0,0,0,0
2021-01-07T23:59:59+01:00,0,0,3,3,4,7,10,14,20,34,23,34,17,20,20,34,19,95,0,0,0,0,0,0,0,0,0,0,0,0,0,0,0,0,357,0,0,0,0,0,0,0,0
2021-01-06T23:59:59+01:00,0,0,3,2,4,6,8,13,20,33,21,31,17,20,20,34,19,94,0,0,0,0,0,0,0,0,0,0,0,0,0,0,0,0,345,0,0,0,0,0,0,0,0
2021-01-05T23:59:59+01:00,0,0,3,2,4,6,8,13,20,33,21,31,17,20,20,34,19,94,0,0,0,0,0,0,0,0,0,0,0,0,0,0,0,0,345,0,0,0,0,0,0,0,0
2021-01-04T23:59:59+01:00,0,0,0,0,0,0,0,0,1,0,0,0,1,1,0,2,0,0,0,0,0,0,0,0,0,0,0,0,0,0,0,0,0,0,5,0,0,0,0,0,0,0,0
2021-01-03T23:59:59+01:00,0,0,0,0,0,0,0,0,1,0,0,0,1,1,0,2,0,0,0,0,0,0,0,0,0,0,0,0,0,0,0,0,0,0,5,0,0,0,0,0,0,0,0
2021-01-02T23:59:59+01:00,0,0,0,0,0,0,0,0,1,0,0,0,1,1,0,2,0,0,0,0,0,0,0,0,0,0,0,0,0,0,0,0,0,0,5,0,0,0,0,0,0,0,0
2021-01-01T23:59:59+01:00,0,0,0,0,0,0,0,0,1,0,0,0,1,1,0,2,0,0,0,0,0,0,0,0,0,0,0,0,0,0,0,0,0,0,5,0,0,0,0,0,0,0,0
2020-12-31T23:59:59+01:00,0,0,0,0,0,0,0,0,1,0,0,0,1,1,0,2,0,0,0,0,0,0,0,0,0,0,0,0,0,0,0,0,0,0,5,0,0,0,0,0,0,0,0
2020-12-30T23:59:59+01:00,0,0,0,0,0,0,0,0,1,0,0,0,1,1,0,2,0,0,0,0,0,0,0,0,0,0,0,0,0,0,0,0,0,0,5,0,0,0,0,0,0,0,0
2020-12-29T23:59:59+01:00,0,0,0,0,0,0,0,0,1,0,0,0,1,0,0,2,0,0,0,0,0,0,0,0,0,0,0,0,0,0,0,0,0,0,4,0,0,0,0,0,0,0,0
2020-12-28T23:59:59+01:00,0,0,0,0,0,0,0,0,0,0,0,0,1,0,0,1,0,0,0,0,0,0,0,0,0,0,0,0,0,0,0,0,0,0,2,0,0,0,0,0,0,0,0
2020-12-27T23:59:59+01:00,0,0,0,0,0,0,0,0,0,0,0,0,0,0,0,0,0,0,0,0,0,0,0,0,0,0,0,0,0,0,0,0,0,0,0,0,0,0,0,0,0,0,0
