Datum,<24_1_m,<24_1_w,25-34_1_m,25-34_1_w,35-44_1_m,35-44_1_w,45-54_1_m,45-54_1_w,55-64_1_m,55-64_1_w,65-74_1_m,65-74_1_w,75-84_1_m,75-84_1_w,>84_1_m,>84_1_w,<24_2_m,<24_2_w,25-34_2_m,25-34_2_w,35-44_2_m,35-44_2_w,45-54_2_m,45-54_2_w,55-64_2_m,55-64_2_w,65-74_2_m,65-74_2_w,75-84_2_m,75-84_2_w,>84_2_m,>84_2_w,bp_1,bp_2,mo_1,mo_2,az_1,az_2,ja
2021-06-12T23:59:59+02:00,5537,5371,9435,9589,14623,15808,23739,25371,29338,30961,22854,25532,15297,20070,4107,8047,1830,2026,3271,4386,4499,6834,8198,11679,13777,15882,15327,17347,12969,17008,3778,7315,184074,96907,28932,17516,45787,24817,6886
2021-06-11T23:59:59+02:00,5474,5315,9353,9533,14287,15573,23558,25235,29258,30876,22817,25493,15284,20059,4106,8044,1712,1879,3091,4164,4179,6468,7663,11114,12125,13952,14944,16905,12880,16877,3765,7307,182732,90065,28930,17515,45786,24628,6817
2021-06-10T23:59:59+02:00,5141,5071,8823,9198,13031,14525,23046,24851,28914,30585,22698,25357,15245,20002,4096,8031,1569,1774,2853,3981,3860,6185,7220,10712,10696,12594,14497,16398,12742,16707,3755,7284,177540,85561,28915,17513,45782,23376,6377
2021-06-09T23:59:59+02:00,4854,4870,8232,8916,12174,13886,22728,24647,28703,30431,22641,25303,15229,19979,4092,8028,1466,1716,2708,3907,3712,6106,7022,10619,10434,12406,14185,16063,12614,16556,3750,7271,175460,85251,27657,17414,45775,22049,5821
2021-06-08T23:59:59+02:00,4709,4748,7810,8689,11733,13605,22508,24471,28514,30293,22594,25234,15197,19938,4088,8021,1374,1687,2578,3848,3554,6041,6048,9833,10044,12078,13850,15674,12429,16360,3740,7254,173765,84905,27287,15269,45750,20868,5350
2021-06-07T23:59:59+02:00,4569,4661,7576,8575,11465,13433,22301,24363,28380,30187,22543,25183,15181,19916,4085,8015,1315,1556,2455,3791,3427,5981,5879,9758,9839,11948,13633,15427,12305,16224,3735,7240,172588,84721,27277,15266,45741,19699,4827
2021-06-06T23:59:59+02:00,4424,4593,7351,8446,11214,13285,22116,24269,28312,30104,22511,25149,15171,19902,4082,8011,1290,1536,2388,3756,3328,5926,5767,9682,9733,11848,13470,15265,12254,16149,3732,7234,171447,84540,27260,15262,45731,19054,4502
2021-06-05T23:59:59+02:00,4393,4550,7312,8406,10960,13063,21561,23814,28161,29972,22467,25115,15161,19884,4082,8007,1248,1404,2222,3294,3084,5377,5606,9375,8755,10685,13021,14663,12163,16021,3723,7227,169426,79189,27260,15262,45730,18925,4492
2021-06-04T23:59:59+02:00,4357,4522,7281,8380,10826,12943,21219,23505,28075,29878,22434,25087,15148,19875,4081,8006,1211,1314,2118,2969,2926,4878,5437,9032,7971,9697,11797,13295,12057,15848,3720,7212,168153,72830,27249,15261,45729,18905,4486
2021-06-03T23:59:59+02:00,4199,4409,7056,8236,10144,12401,20091,22686,27728,29577,22308,24965,15103,19817,4079,7995,1150,1264,2018,2851,2794,4712,5229,8719,7586,9213,11448,12960,11976,15758,3717,7202,163427,71064,27241,15258,45725,17874,4401
2021-06-02T23:59:59+02:00,4191,4400,7045,8218,10123,12388,19907,22508,27661,29527,22285,24946,15100,19810,4076,7994,1145,1257,2006,2817,2771,4692,4916,8439,7147,8823,11419,12923,11962,15745,3713,7196,163364,70956,26696,13768,45725,17853,4394
2021-06-01T23:59:59+02:00,4048,4308,6798,8073,9842,12195,19455,22166,27433,29332,22192,24859,15066,19757,4075,7985,1100,1206,1918,2747,2691,4621,4557,8121,6631,8364,11207,12714,11886,15663,3708,7184,161688,70522,25916,12478,45710,17048,4270
2021-05-31T23:59:59+02:00,3995,4258,6705,8008,9708,12094,19331,22080,27350,29251,22128,24800,15051,19733,4070,7980,1062,1180,1852,2706,2616,4578,4442,8059,6509,8282,11016,12542,11811,15567,3699,7178,160853,70166,25889,12473,45697,16357,4103
2021-05-30T23:59:59+02:00,3960,4228,6641,7950,9617,12014,19249,22002,27281,29185,22082,24755,15031,19711,4066,7971,1058,1173,1844,2697,2601,4568,4413,8029,6459,8240,10957,12469,11782,15529,3695,7169,160162,70128,25884,12471,45685,16072,4012
2021-05-29T23:59:59+02:00,3943,4207,6603,7921,9583,11979,19202,21952,27134,29078,22040,24690,15017,19697,4063,7967,1019,1152,1785,2642,2519,4482,4224,7755,6046,7804,8890,9934,11627,15257,3684,7144,159509,63927,25884,12469,45671,15556,4012
2021-05-28T23:59:59+02:00,3871,4147,6479,7850,9466,11858,19057,21827,26977,28961,21984,24625,14998,19682,4062,7966,1003,1135,1770,2622,2479,4420,4058,7433,5853,7546,6147,6763,11438,14984,3673,7103,158258,57127,25882,12469,45667,14828,4003
2021-05-27T23:59:59+02:00,3703,3998,6178,7664,8858,11526,18578,21475,26585,28639,21850,24476,14948,19626,4055,7949,948,1067,1683,2524,2363,4279,3592,6385,5459,7041,5998,6611,11373,14918,3669,7088,154807,56649,25826,12423,45659,12110,3816
2021-05-26T23:59:59+02:00,3573,3905,5955,7486,8469,11240,18135,21164,26292,28425,21719,24343,14904,19557,4045,7934,928,1056,1627,2500,2315,4244,3513,6311,5357,6960,5872,6486,11317,14866,3664,7078,152121,56577,25810,12421,45637,11518,3578
2021-05-25T23:59:59+02:00,3470,3835,5809,7370,8261,11067,17122,20375,25964,28098,21575,24194,14860,19490,4039,7925,905,1036,1590,2454,2244,4186,3437,6247,5273,6890,5697,6318,11232,14795,3658,7068,150584,56520,23889,12237,45623,10915,3358
2021-05-24T23:59:59+02:00,3406,3818,5718,7326,8132,10996,16203,19680,25590,27805,21495,24094,14832,19464,4032,7915,896,1034,1564,2436,2205,4150,3385,6194,5195,6809,5602,6213,11158,14727,3658,7062,149911,56490,21823,12161,45614,10479,3158
2021-05-23T23:59:59+02:00,3403,3814,5710,7318,8124,10990,16198,19679,25589,27804,21495,24094,14832,19464,4032,7915,895,1031,1556,2427,2193,4137,3368,6180,5174,6772,5558,6165,11144,14705,3657,7060,149886,56483,21823,12161,45612,10238,3140
2021-05-22T23:59:59+02:00,3361,3765,5641,7273,8021,10909,15969,19483,25338,27591,21406,24015,14806,19428,4029,7912,869,1006,1512,2376,2142,4061,3253,6043,4857,6205,4628,4994,10883,14342,3649,7025,148373,53265,21823,12161,45611,9279,3140
2021-05-21T23:59:59+02:00,3303,3689,5537,7189,7933,10789,15719,19245,25109,27393,21308,23918,14780,19387,4024,7903,835,944,1445,2247,2031,3790,3041,5679,4396,5332,4011,4183,10371,13710,3597,6920,146686,49553,21823,12161,45607,7708,3110
2021-05-20T23:59:59+02:00,3148,3506,5265,6925,7646,10426,15205,18717,24549,26867,21058,23661,14701,19280,4011,7877,818,929,1420,2228,1992,3756,2986,5615,4312,5258,3880,4079,10310,13659,3589,6910,142562,49469,21814,12151,45587,7242,2879
2021-05-19T23:59:59+02:00,3084,3449,5169,6778,7402,10160,14146,17745,24306,26597,20966,23545,14666,19226,4005,7871,797,901,1396,2175,1955,3669,2923,5468,4218,5151,3799,3991,10265,13608,3586,6906,141199,49442,19752,12089,45517,6630,2647
2021-05-18T23:59:59+02:00,3057,3426,5121,6742,7321,10099,13817,17496,24129,26449,20884,23456,14639,19182,3998,7860,760,833,1345,2035,1885,3473,2816,5260,4002,4869,3664,3809,10194,13539,3577,6897,140929,49424,18902,11093,45474,6070,2371
2021-05-17T23:59:59+02:00,3027,3400,5071,6667,7232,9992,13651,17300,24001,26311,20834,23409,14623,19161,3995,7853,751,814,1328,1998,1861,3425,2764,5152,3923,4749,3526,3658,10138,13488,3576,6889,139961,49402,18894,11083,45459,5342,2213
2021-05-16T23:59:59+02:00,3016,3379,5046,6603,7194,9911,13589,17224,23951,26253,20812,23394,14613,19149,3992,7851,746,807,1318,1996,1845,3413,2741,5142,3896,4722,3470,3587,10107,13468,3575,6887,139528,49393,18886,11072,45437,5129,2126
2021-05-15T23:59:59+02:00,2893,3261,4854,6403,7011,9719,12935,16673,23512,25854,20719,23283,14581,19110,3990,7844,685,741,1233,1906,1712,3245,2431,4817,3457,4232,3139,3170,9975,13291,3556,6865,136222,46475,18886,11072,45432,4806,2102
2021-05-14T23:59:59+02:00,2759,3066,4646,6175,6736,9405,12284,16055,23056,25407,20603,23151,14552,19060,3986,7837,613,648,1126,1787,1543,3012,2064,4398,2876,3641,2775,2751,9911,13183,3554,6861,132418,43557,18879,11070,45410,4045,2071
2021-05-13T23:59:59+02:00,2555,2752,4322,5783,6300,8913,11637,15300,22115,24576,20364,22915,14500,18981,3980,7823,609,646,1115,1771,1526,2995,2056,4374,2859,3620,2760,2736,9906,13182,3553,6861,126556,43505,18826,11062,45384,3952,2050
2021-05-12T23:59:59+02:00,2553,2749,4316,5782,6291,8906,11521,15170,22077,24548,20357,22903,14498,18975,3979,7823,598,621,1080,1710,1475,2917,1975,4288,2802,3568,2680,2642,9856,13109,3553,6861,126516,43502,18500,10236,45384,3949,2048
2021-05-11T23:59:59+02:00,2425,2711,4235,5708,6152,8783,11201,14919,21909,24400,20292,22836,14483,18948,3976,7820,565,593,1026,1646,1395,2824,1882,4149,2731,3504,2528,2418,9791,13009,3553,6861,125583,43486,18163,9403,45104,3638,1948
2021-05-10T23:59:59+02:00,2374,2626,4136,5582,6025,8622,10346,14121,21592,24119,20219,22754,14449,18898,3968,7810,549,557,990,1587,1326,2731,1787,3979,2657,3426,2506,2401,9784,12990,3550,6858,124502,43476,16316,9220,45001,3160,1822
2021-05-09T23:59:59+02:00,2340,2610,4099,5541,5974,8569,10276,14046,21531,24054,20185,22715,14434,18874,3966,7798,541,546,969,1540,1301,2683,1754,3923,2621,3382,2496,2389,9775,12972,3550,6852,124059,43417,16312,9217,44908,2927,1733
2021-05-08T23:59:59+02:00,2263,2495,3897,5369,5726,8360,9857,13690,20511,23213,20013,22540,14409,18816,3961,7789,459,513,909,1494,1224,2618,1663,3810,2346,3144,2018,1998,9700,12907,3549,6852,119960,41968,16311,9216,44905,2287,1733
2021-05-07T23:59:59+02:00,2169,2362,3696,5193,5395,8069,9431,13282,19309,21985,19847,22338,14372,18768,3953,7773,356,446,796,1417,1100,2485,1527,3666,2163,2936,1566,1616,9326,12548,3548,6851,115048,40258,16309,9213,44884,1175,1701
2021-05-06T23:59:59+02:00,1952,2239,3400,4919,4945,7669,8757,12690,18122,20774,19530,21984,14286,18630,3944,7763,338,435,772,1389,1062,2426,1476,3587,2099,2871,1531,1559,9310,12525,3543,6848,109232,40239,16302,9207,44650,905,1420
2021-05-05T23:59:59+02:00,1874,2199,3327,4832,4867,7554,8622,12536,17968,20637,19416,21872,14215,18529,3924,7678,325,419,732,1339,996,2344,1390,3428,1994,2767,1442,1462,8902,11963,3538,6832,108480,40206,16159,8089,44481,648,930
2021-05-04T23:59:59+02:00,1844,2168,3285,4749,4810,7447,8272,12139,17506,20149,19331,21751,14144,18436,3900,7576,307,406,708,1305,976,2295,1314,3283,1890,2626,1376,1360,8838,11869,3535,6817,107795,40182,14814,7813,44378,390,520
2021-05-03T23:59:59+02:00,1835,2163,3277,4736,4769,7423,7889,11794,16935,19659,19275,21674,14119,18408,3895,7566,292,379,686,1224,927,2204,1247,3140,1792,2491,1313,1286,8816,11841,3532,6808,107712,40175,13220,7606,44338,50,147
2021-05-02T23:59:59+02:00,1833,2161,3273,4734,4763,7419,7878,11782,16917,19648,19259,21668,14119,18406,3894,7566,291,378,684,1223,921,2201,1238,3133,1784,2485,1299,1279,8815,11836,3531,6808,107686,40153,13218,7605,44315,47,101
2021-05-01T23:59:59+02:00,1684,2011,2974,4470,4282,7053,7246,11270,14980,17759,18945,21334,14042,18304,3891,7553,289,378,682,1221,920,2198,1236,3131,1781,2480,1295,1276,8813,11835,3531,6808,100171,40123,13217,7605,44311,47,99
2021-04-30T23:59:59+02:00,1538,1845,2768,4225,3924,6654,6646,10646,13144,15648,18594,20930,13956,18173,3878,7546,282,377,677,1213,904,2190,1225,3122,1769,2467,1284,1265,8809,11832,3530,6808,92559,40076,13217,7605,44311,45,28
2021-04-29T23:59:59+02:00,1407,1764,2593,4097,3682,6445,6262,10326,11779,14328,18403,20722,13928,18120,3875,7540,280,373,671,1207,895,2184,1201,3115,1738,2429,1261,1240,8805,11827,3530,6808,87876,40044,13208,7473,44176,36,11
2021-04-28T23:59:59+02:00,1335,1757,2548,4076,3633,6423,6190,10289,11696,14260,18375,20691,13922,18107,3875,7537,280,372,668,1206,893,2182,1198,3111,1729,2426,1254,1220,8364,11312,3530,6808,87607,40023,13158,6488,43939,32,10
2021-04-27T23:59:59+02:00,1280,1728,2441,4031,3572,6397,6066,10227,11591,14187,18343,20657,13911,18094,3873,7535,279,371,666,1200,892,2180,1194,3108,1725,2419,1238,1202,7954,10737,3530,6808,87103,40004,13105,5462,43716,28,9
2021-04-26T23:59:59+02:00,1228,1692,2348,3935,3446,6301,5890,10099,11283,13910,18306,20638,13903,18076,3871,7535,278,370,664,1200,888,2177,1186,3104,1706,2410,1222,1187,7948,10719,3530,6808,85767,39919,13095,5442,43590,27,9
2021-04-25T23:59:59+02:00,1225,1689,2338,3933,3439,6296,5871,10091,11248,13879,18298,20628,13902,18070,3871,7535,278,370,664,1200,887,2177,1185,3104,1706,2410,1222,1187,7948,10717,3530,6808,85744,39917,13086,5440,43474,27,9
2021-04-24T23:59:59+02:00,1173,1537,2141,3380,3164,5666,5685,9705,10190,12590,17814,19999,13809,17930,3865,7527,277,369,663,1199,887,2176,1185,3103,1700,2403,1218,1184,7947,10716,3530,6807,79631,39893,13086,5436,43450,27,8
2021-04-23T23:59:59+02:00,1136,1431,2019,3012,2980,5087,5472,9307,9353,11520,16480,18507,13684,17745,3860,7509,277,369,661,1199,886,2174,1184,3103,1699,2402,1213,1179,7944,10714,3530,6806,72619,39880,13085,5425,43390,27,8
2021-04-22T23:59:59+02:00,1130,1419,2000,2995,2960,5070,5406,9257,9242,11412,16420,18440,13663,17720,3858,7505,275,368,659,1199,883,2172,1176,3090,1679,2381,1191,1158,7942,10709,3530,6806,72575,39868,13030,5316,42884,26,8
2021-04-21T23:59:59+02:00,1120,1410,1984,2977,2937,5048,5355,9192,9123,11287,16340,18363,13647,17692,3858,7502,270,364,648,1189,870,2141,1164,3063,1670,2363,1179,1144,7720,10394,3529,6806,72535,39862,12972,4619,42320,25,8
2021-04-20T23:59:59+02:00,1087,1347,1936,2859,2863,4891,5250,9009,8847,10976,16216,18197,13598,17641,3851,7497,257,360,627,1165,843,2113,1138,3033,1634,2328,1162,1130,7712,10391,3529,6805,72466,39842,11843,4354,41748,23,8
2021-04-19T23:59:59+02:00,1076,1336,1898,2839,2820,4860,5105,8951,8657,10846,16132,18120,13581,17624,3851,7492,249,349,607,1145,827,2078,1116,2988,1592,2275,1145,1114,7707,10387,3527,6805,72067,39808,11821,4074,41292,21,8
2021-04-18T23:59:59+02:00,1074,1335,1893,2833,2811,4849,5089,8934,8609,10802,16088,18064,13575,17613,3850,7490,249,349,607,1145,826,2078,1116,2988,1592,2274,1145,1113,7705,10386,3526,6805,72024,39803,11818,4072,41059,21,8
2021-04-17T23:59:59+02:00,1037,1321,1841,2786,2735,4771,4938,8778,8196,10391,13849,15297,13413,17332,3837,7459,247,349,607,1141,822,2072,1105,2980,1580,2253,1106,1068,7369,9968,3510,6767,65217,38854,11818,4061,40938,21,8
2021-04-16T23:59:59+02:00,1029,1314,1830,2776,2691,4730,4834,8691,8010,10183,10972,11957,13225,17038,3822,7414,246,344,606,1138,817,2068,1096,2975,1571,2242,1095,1056,7363,9963,3508,6764,57991,38778,11816,4045,40701,21,8
2021-04-15T23:59:59+02:00,1017,1309,1803,2760,2644,4695,4719,8623,7766,9954,10743,11773,13183,16984,3816,7402,244,344,606,1136,816,2067,1093,2972,1568,2239,1090,1052,7361,9961,3508,6764,57970,38764,11814,4028,39399,21,8
2021-04-14T23:59:59+02:00,993,1276,1746,2671,2548,4567,4525,8433,7477,9652,10381,11320,13058,16829,3812,7395,214,317,567,1084,794,1999,1055,2890,1524,2181,1066,1025,7357,9953,3508,6764,57938,38748,10868,3522,37869,20,8
2021-04-13T23:59:59+02:00,966,1251,1709,2614,2474,4481,4417,8289,7261,9427,9982,10825,12933,16670,3807,7384,174,291,533,1032,754,1898,1019,2787,1475,2114,1046,991,7343,9945,3508,6764,57860,38685,9922,2967,36700,14,8
2021-04-12T23:59:59+02:00,961,1248,1690,2611,2442,4465,4363,8235,7104,9242,9734,10533,12891,16623,3796,7371,160,272,507,993,731,1827,996,2717,1433,2071,1025,973,7327,9929,3505,6759,57804,38569,9891,2634,35606,14,8
2021-04-11T23:59:59+02:00,958,1247,1680,2611,2429,4463,4340,8220,7034,9172,9610,10381,12865,16581,3792,7367,160,271,507,992,730,1826,995,2717,1432,2071,1025,973,7325,9929,3505,6759,57792,38563,9889,2633,35061,13,8
2021-04-10T23:59:59+02:00,940,1236,1652,2585,2391,4434,4268,8155,6892,9049,8672,9179,12597,16211,3783,7329,157,269,505,990,725,1824,994,2711,1423,2063,1011,958,6856,9430,3493,6745,54464,37501,9888,2632,35013,13,8
2021-04-09T23:59:59+02:00,915,1204,1612,2535,2318,4353,4087,7974,6551,8716,7926,8211,12029,15513,3725,7217,154,268,503,984,720,1815,986,2703,1406,2051,992,937,6608,9155,3481,6724,50499,36838,9884,2628,34495,13,8
2021-04-08T23:59:59+02:00,904,1193,1581,2512,2252,4302,3945,7875,6258,8374,7341,7575,11899,15365,3716,7199,154,265,496,981,716,1807,978,2692,1398,2041,980,935,6605,9153,3481,6724,50467,36817,9860,2568,31956,13,8
2021-04-07T23:59:59+02:00,897,1182,1553,2493,2196,4260,3852,7798,6002,8076,6785,6960,11346,14653,3705,7176,135,253,461,930,671,1741,920,2618,1352,1979,963,921,6599,9148,3480,6724,50442,36794,8710,2081,29775,13,7
2021-04-06T23:59:59+02:00,893,1179,1535,2486,2167,4235,3774,7741,5789,7886,6341,6460,11185,14463,3694,7153,112,232,408,865,630,1658,871,2523,1301,1920,941,905,6584,9138,3478,6720,50372,36769,8527,1497,28075,13,7
2021-04-05T23:59:59+02:00,885,1175,1520,2479,2144,4225,3719,7713,5631,7759,6147,6251,11132,14389,3690,7146,106,229,407,864,622,1649,864,2506,1284,1902,913,866,5449,7690,3448,6673,50177,33965,8523,1487,27298,13,7
2021-04-04T23:59:59+02:00,884,1171,1518,2477,2138,4223,3703,7706,5619,7750,6135,6229,11121,14375,3689,7143,106,229,405,862,617,1644,859,2498,1269,1881,890,833,4408,6492,3424,6619,50164,31529,8522,1487,27188,13,7
2021-04-03T23:59:59+02:00,821,1112,1435,2401,2017,4079,3411,7413,5169,7269,5790,5783,10977,14184,3668,7120,104,229,405,861,617,1642,858,2498,1269,1881,890,833,4408,6488,3424,6619,46934,31519,8522,1487,27186,13,7
2021-04-02T23:59:59+02:00,777,1070,1374,2336,1910,3952,3122,7137,4668,6769,5410,5338,10907,14063,3665,7114,104,229,405,861,617,1642,857,2498,1267,1879,889,830,4406,6486,3424,6619,44015,31508,8521,1486,27070,13,6
2021-04-01T23:59:59+02:00,772,1068,1364,2333,1892,3944,3090,7120,4591,6690,5301,5231,10878,14021,3664,7112,103,229,403,857,616,1639,856,2495,1264,1875,879,829,4402,6483,3423,6619,44003,31499,8378,1454,26684,13,6
2021-03-31T23:59:59+02:00,770,1064,1356,2320,1880,3932,3063,7090,4524,6634,5159,5070,10379,13429,3661,7107,103,229,402,857,616,1639,856,2495,1262,1875,878,829,4402,6482,3423,6618,43993,31493,7251,1454,26188,13,6
2021-03-30T23:59:59+02:00,761,1059,1337,2300,1847,3901,3022,7054,4436,6540,4981,4863,9879,12752,3654,7093,98,225,402,853,611,1636,850,2490,1255,1871,866,820,4395,6478,3422,6618,43970,31473,6067,1401,25436,10,6
2021-03-29T23:59:59+02:00,756,1051,1324,2263,1826,3870,2990,7013,4364,6442,4778,4673,9814,12677,3652,7082,98,225,402,850,607,1633,849,2483,1251,1865,857,812,4388,6473,3422,6618,43903,31460,5852,1357,24814,10,6
2021-03-28T23:59:59+02:00,753,1049,1320,2260,1812,3860,2972,6998,4326,6381,4684,4561,9785,12627,3647,7075,98,225,402,849,607,1633,847,2483,1249,1865,856,812,4387,6473,3422,6618,43881,31458,5843,1352,24380,10,6
2021-03-27T23:59:59+01:00,749,1044,1312,2252,1792,3845,2946,6970,4098,6195,4171,4134,9574,12405,3639,7060,98,225,399,847,606,1631,844,2480,1242,1859,852,807,4157,6094,3373,6539,41971,30685,5839,1352,24370,10,6
2021-03-26T23:59:59+01:00,742,1036,1304,2242,1773,3827,2918,6945,4010,6095,3647,3696,9110,11947,3630,7047,98,225,398,846,605,1628,840,2477,1232,1853,841,792,3362,5049,3245,6307,40041,28430,5826,1352,24096,10,6
2021-03-25T23:59:59+01:00,735,1030,1292,2229,1751,3799,2857,6905,3918,6006,3463,3478,9025,11849,3624,7045,98,225,398,846,605,1628,839,2476,1232,1853,841,792,3360,5048,3245,6306,40028,28424,5720,1352,23252,10,6
2021-03-24T23:59:59+01:00,726,1021,1260,2204,1704,3749,2774,6828,3751,5845,3123,3117,8665,11337,3615,7034,94,223,386,831,586,1608,806,2444,1178,1822,814,755,3352,5043,3245,6304,40006,28124,4967,1351,21774,10,6
2021-03-23T23:59:59+01:00,713,1011,1231,2169,1658,3701,2688,6741,3589,5673,2740,2724,8481,11161,3608,7018,89,219,373,804,548,1576,740,2380,1074,1740,732,697,3326,5011,3242,6301,39965,27493,4677,1344,20258,9,6
2021-03-22T23:59:59+01:00,685,888,1194,2122,1627,3645,2625,6664,3441,5534,2487,2486,8183,10820,3595,6988,89,218,373,804,548,1574,739,2379,1071,1739,730,694,3323,5006,3241,6299,39497,27468,4353,1344,19128,9,6
2021-03-21T23:59:59+01:00,684,883,1189,2115,1616,3637,2607,6648,3394,5487,2335,2316,8110,10729,3589,6975,89,218,373,803,548,1574,739,2379,1071,1739,730,694,3323,5005,3241,6299,39493,27466,4339,1344,18476,9,6
2021-03-20T23:59:59+01:00,682,883,1188,2107,1610,3632,2601,6641,3373,5462,2305,2277,7619,10215,3576,6960,89,218,373,803,547,1574,738,2378,1071,1738,730,694,3323,5003,3239,6297,38456,27456,4327,1344,18342,9,6
2021-03-19T23:59:59+01:00,673,876,1174,2091,1575,3607,2531,6483,3306,5369,2118,2094,7322,9908,3562,6939,89,218,372,796,543,1572,733,2367,1059,1727,721,687,2790,4255,2935,5697,37851,25209,4311,1344,17460,2,6
2021-03-18T23:59:59+01:00,658,859,1154,2060,1544,3574,2493,6409,3231,5279,1947,1892,7222,9807,3560,6929,88,218,372,795,543,1572,732,2363,1055,1726,713,684,2730,4174,2920,5664,37831,25019,4300,1322,16481,2,6
2021-03-17T23:59:59+01:00,624,828,1111,2002,1507,3487,2406,6286,3076,5116,1679,1624,7086,9677,3551,6916,86,212,360,769,527,1521,710,2309,1016,1688,696,662,2472,3862,2861,5566,37760,24058,3777,1251,15433,2,6
2021-03-16T23:59:59+01:00,577,796,1070,1945,1457,3370,2332,6140,2961,4971,1468,1399,6981,9550,3542,6899,79,193,337,711,499,1438,677,2165,987,1580,643,612,2365,3722,2844,5492,37707,23317,3158,1020,14588,2,5
2021-03-15T23:59:59+01:00,562,779,1041,1901,1420,3296,2299,6056,2873,4888,1341,1262,6398,8859,3521,6855,76,181,322,651,481,1318,641,2038,943,1467,616,595,2328,3680,2833,5437,36476,22919,2805,686,14070,2,0
2021-03-14T23:59:59+01:00,557,772,1030,1887,1417,3280,2283,6038,2837,4859,1299,1206,5998,8417,3510,6844,75,176,318,628,475,1290,635,1977,933,1448,616,595,2328,3679,2832,5436,35663,22913,2800,526,13771,2,0
2021-03-13T23:59:59+01:00,535,748,990,1840,1359,3213,2011,5394,2610,4499,1196,1095,5324,7534,3493,6815,75,176,317,625,473,1288,633,1975,933,1444,613,590,1873,3045,2409,4837,33989,20778,2796,526,11871,2,0
2021-03-12T23:59:59+01:00,517,723,971,1796,1322,3114,1791,4532,2417,4133,1127,1022,4606,6697,3479,6779,75,174,316,621,473,1284,629,1969,930,1438,610,583,1472,2378,1957,4177,32316,18559,2793,526,9917,1,0
2021-03-11T23:59:59+01:00,512,716,961,1783,1308,3094,1765,4499,2379,4095,1052,969,4568,6664,3477,6777,75,165,309,600,460,1230,619,1920,908,1405,601,570,1467,2360,1948,4129,32283,18311,2700,454,9636,1,0
2021-03-10T23:59:59+01:00,490,700,911,1719,1253,3022,1689,4397,2318,4010,1022,947,4555,6652,3476,6775,74,165,307,595,458,1224,615,1898,908,1400,593,560,1400,2263,1913,4085,32268,18027,2136,430,9532,1,0
2021-03-09T23:59:59+01:00,468,682,859,1669,1216,2950,1642,4318,2276,3963,1006,938,4549,6645,3475,6774,72,163,306,593,457,1215,613,1886,902,1394,591,552,1168,1917,1826,3950,32222,17201,1688,403,9520,1,0
2021-03-08T23:59:59+01:00,461,671,849,1653,1206,2935,1636,4292,2263,3951,994,927,4515,6599,3473,6770,71,161,303,590,453,1209,611,1882,899,1392,591,552,1086,1817,1794,3917,32097,16948,1592,379,9506,1,0
2021-03-07T23:59:59+01:00,460,668,849,1652,1203,2933,1633,4285,2253,3945,987,919,4510,6595,3472,6769,68,157,293,569,441,1175,593,1778,867,1330,590,552,974,1671,1753,3865,32081,16589,1553,87,9499,0,0
2021-03-06T23:59:59+01:00,451,648,830,1618,1178,2877,1588,4203,2059,3456,964,891,4285,6236,3429,6697,68,157,293,569,441,1174,593,1778,867,1330,590,552,971,1670,1750,3864,31371,16580,1553,87,8486,0,0
2021-03-05T23:59:59+01:00,435,600,797,1512,1123,2653,1502,3975,1849,2795,946,865,3463,5169,3305,6470,68,156,292,566,437,1168,592,1773,865,1326,585,550,931,1608,1732,3834,29077,16396,1552,87,6830,0,0
2021-03-04T23:59:59+01:00,420,590,788,1493,1111,2629,1480,3945,1829,2777,933,862,3457,5165,3304,6469,68,155,289,562,433,1150,583,1753,864,1318,583,549,885,1545,1718,3808,29064,16238,1512,25,6676,0,0
2021-03-03T23:59:59+01:00,408,551,769,1435,1077,2544,1431,3794,1748,2688,906,819,3448,5161,3304,6467,67,155,286,558,432,1147,581,1744,861,1315,583,548,853,1485,1645,3670,28752,15907,1512,23,6286,0,0
2021-03-02T23:59:59+01:00,402,541,753,1405,1027,2499,1356,3708,1631,2593,818,757,3415,5124,3300,6464,66,155,286,553,431,1141,581,1736,861,1313,582,548,853,1485,1645,3670,28114,15883,1449,23,6230,0,0
2021-03-01T23:59:59+01:00,395,526,749,1354,1012,2436,1336,3633,1606,2544,802,748,3407,5118,3300,6464,66,153,285,550,422,1127,581,1721,851,1307,582,546,744,1307,1605,3615,28075,15439,1401,23,5954,0,0
2021-02-28T23:59:59+01:00,390,512,740,1309,1000,2358,1320,3551,1587,2465,798,742,3406,5114,3299,6462,66,153,285,550,422,1126,581,1721,850,1307,582,545,637,1159,1570,3559,28064,15090,1398,23,5591,0,0
2021-02-27T23:59:59+01:00,379,488,726,1285,980,2315,1287,3481,1562,2418,781,732,3404,5114,3299,6462,66,153,285,550,422,1126,580,1721,849,1307,582,545,637,1158,1570,3559,28062,15087,1398,23,5253,0,0
2021-02-26T23:59:59+01:00,349,426,677,1220,911,2189,1194,3317,1466,2286,756,716,2864,4358,2993,5844,66,153,282,548,422,1124,578,1718,846,1302,577,542,630,1144,1563,3543,25793,15015,1398,23,4375,0,0
2021-02-25T23:59:59+01:00,343,410,662,1192,890,2144,1174,3244,1450,2251,754,714,2805,4276,2976,5810,64,149,278,541,422,1121,573,1705,843,1293,569,536,548,1024,1526,3500,25575,14671,1398,21,4122,0,0
2021-02-24T23:59:59+01:00,318,393,616,1146,837,2071,1116,3153,1411,2199,736,692,2548,3955,2915,5706,63,145,274,531,416,1106,566,1682,840,1276,562,525,535,1003,1516,3481,24594,14506,1398,15,3820,0,0
2021-02-23T23:59:59+01:00,300,368,588,1089,801,1983,1035,2996,1349,2118,683,641,2438,3813,2898,5627,63,143,272,524,416,1087,556,1652,832,1257,551,517,523,952,1506,3441,23804,14277,1393,15,3530,0,0
2021-02-22T23:59:59+01:00,295,355,574,1028,784,1906,1008,2903,1312,2059,662,623,2411,3776,2891,5573,62,142,267,518,414,1073,547,1629,826,1239,536,503,507,926,1501,3390,23413,14065,1393,15,3354,0,0
2021-02-21T23:59:59+01:00,292,344,565,1005,771,1863,1000,2857,1282,2038,662,621,2409,3776,2890,5572,62,142,266,518,414,1073,547,1629,826,1237,536,503,507,926,1501,3389,23407,14061,1393,15,3147,0,0
2021-02-20T23:59:59+01:00,195,309,502,951,706,1792,925,2751,1199,1956,652,608,1944,3106,2442,4935,62,142,266,518,414,1073,547,1628,826,1237,536,503,507,926,1501,3389,21162,14060,1393,15,2418,0,0
2021-02-19T23:59:59+01:00,95,236,386,871,583,1649,789,2607,1072,1810,643,594,1555,2458,1990,4282,62,142,266,518,414,1072,547,1627,826,1237,536,503,499,922,1500,3384,18976,14041,1393,14,1251,0,0
2021-02-18T23:59:59+01:00,91,224,375,827,560,1555,759,2467,1035,1750,632,583,1547,2439,1981,4234,59,133,260,489,399,1010,534,1547,804,1168,525,489,493,904,1499,3367,18740,13666,1368,14,951,0,0
2021-02-17T23:59:59+01:00,90,216,362,799,548,1523,726,2345,1007,1685,624,571,1482,2341,1943,4197,59,129,257,478,391,965,522,1483,786,1093,513,478,491,903,1499,3367,18481,13400,1295,14,683,0,0
2021-02-16T23:59:59+01:00,84,208,344,753,523,1449,693,2233,984,1594,614,562,1210,1959,1854,4058,57,120,257,471,383,932,509,1418,760,1028,493,468,490,903,1496,3366,17574,13149,1057,2,491,0,0
2021-02-15T23:59:59+01:00,78,183,318,646,485,1305,639,2020,936,1451,604,561,1113,1840,1819,4010,56,120,256,465,379,927,507,1413,759,1022,493,468,489,900,1495,3363,17251,13112,719,0,38,0,0
2021-02-14T23:59:59+01:00,77,176,314,621,479,1274,629,1963,922,1434,604,561,1008,1704,1781,3966,56,120,256,465,379,927,507,1411,759,1022,493,468,489,900,1495,3363,16925,13110,565,0,23,0,0
2021-02-13T23:59:59+01:00,77,175,314,620,477,1270,628,1961,922,1430,603,560,1008,1700,1778,3964,56,119,256,465,377,923,506,1406,757,1020,491,467,470,856,1243,2911,16899,12323,565,0,23,0,0
2021-02-12T23:59:59+01:00,76,175,313,619,473,1266,628,1957,919,1429,598,559,967,1640,1762,3932,56,119,256,460,373,915,502,1397,751,1014,484,460,448,809,896,2222,16728,11162,565,0,20,0,0
2021-02-11T23:59:59+01:00,76,169,309,605,461,1239,622,1933,912,1417,597,559,916,1573,1749,3904,56,113,240,431,360,859,486,1326,733,992,484,459,448,809,895,2221,16553,10912,482,0,6,0,0
2021-02-10T23:59:59+01:00,74,169,306,602,458,1235,619,1917,907,1413,597,559,905,1555,1731,3862,55,99,201,349,307,747,434,1166,652,902,455,454,446,809,895,2220,16452,10191,455,0,2,0,0
2021-02-09T23:59:59+01:00,71,167,301,596,455,1226,618,1902,901,1408,596,558,884,1515,1675,3764,47,81,141,269,232,583,352,960,553,772,424,445,442,808,893,2220,16209,9222,427,0,1,0,0
2021-02-08T23:59:59+01:00,70,165,298,589,452,1219,617,1884,894,1403,596,556,768,1338,1635,3708,42,65,98,176,170,427,288,726,494,656,418,439,438,806,892,2220,15789,8355,402,0,1,0,0
2021-02-07T23:59:59+01:00,67,161,288,567,435,1180,600,1776,861,1337,596,555,655,1186,1599,3650,41,64,94,172,166,421,284,714,489,646,416,439,438,806,892,2219,15419,8301,94,0,0,0,0
2021-02-06T23:59:59+01:00,67,161,287,567,435,1179,598,1776,859,1334,592,553,653,1176,1593,3644,38,61,93,170,163,411,279,705,477,639,410,439,399,752,663,1842,15380,7541,94,0,0,0,0
2021-02-05T23:59:59+01:00,67,161,285,564,435,1177,597,1775,857,1332,590,553,644,1168,1587,3634,36,57,89,166,157,401,272,686,460,631,404,439,387,718,278,1230,15332,6411,94,0,0,0,0
2021-02-04T23:59:59+01:00,65,158,280,558,429,1158,581,1749,854,1318,581,544,555,1041,1547,3588,35,53,84,161,149,387,261,669,443,617,397,433,384,711,276,1224,14979,6284,27,0,0,0,0
2021-02-03T23:59:59+01:00,64,152,276,549,428,1142,579,1734,852,1304,575,532,546,1032,1544,3576,26,39,70,127,112,281,191,523,335,479,296,331,305,556,212,981,14860,4864,25,0,0,0,0
2021-02-02T23:59:59+01:00,64,150,273,542,428,1122,566,1700,844,1285,561,521,537,982,1535,3536,18,27,45,81,82,188,135,355,214,350,209,212,194,355,152,648,14621,3265,25,0,0,0,0
2021-02-01T23:59:59+01:00,63,148,270,534,426,1105,558,1672,838,1270,550,512,524,953,1528,3493,7,14,22,43,44,95,67,174,96,156,101,97,77,158,67,297,14419,1515,25,0,0,0,0
2021-01-31T23:59:59+01:00,63,147,269,534,422,1101,558,1667,836,1266,550,512,524,953,1528,3492,7,13,20,40,39,80,63,149,82,140,98,97,76,157,65,296,14397,1422,25,0,0,0,0
2021-01-30T23:59:59+01:00,63,147,269,534,422,1101,558,1667,836,1266,550,512,524,953,1528,3492,7,13,20,40,39,80,63,149,82,140,98,96,76,157,65,296,14397,1421,25,0,0,0,0
2021-01-29T23:59:59+01:00,63,147,269,534,422,1101,558,1667,836,1266,550,512,524,953,1528,3492,7,13,20,40,39,80,63,149,82,140,98,96,76,157,65,296,14397,1421,25,0,0,0,0
2021-01-28T23:59:59+01:00,61,137,263,499,409,1038,542,1578,812,1192,539,497,518,936,1526,3478,2,2,5,7,9,14,21,36,21,28,15,19,18,36,16,89,14006,338,19,0,0,0,0
2021-01-27T23:59:59+01:00,59,132,262,487,401,991,531,1513,794,1117,527,485,516,935,1526,3478,2,2,5,7,7,14,21,35,21,27,15,19,18,36,16,89,13737,334,17,0,0,0,0
2021-01-26T23:59:59+01:00,58,126,258,482,392,959,520,1446,769,1051,506,475,515,935,1526,3478,1,2,5,7,7,12,19,32,17,22,14,16,16,34,16,82,13480,302,16,0,0,0,0
2021-01-25T23:59:59+01:00,57,126,256,477,388,953,520,1443,768,1046,506,475,515,934,1526,3476,0,0,0,0,0,0,0,0,0,0,1,1,0,2,0,0,13451,4,15,0,0,0,0
2021-01-24T23:59:59+01:00,57,126,256,477,388,953,520,1442,768,1046,506,475,515,934,1526,3476,0,0,0,0,0,0,0,0,0,0,1,1,0,2,0,0,13450,4,15,0,0,0,0
2021-01-23T23:59:59+01:00,57,125,256,477,387,949,520,1435,767,1044,503,474,496,890,1276,3013,0,0,0,0,0,0,0,0,0,0,1,1,0,2,0,0,12654,4,15,0,0,0,0
2021-01-22T23:59:59+01:00,57,125,255,472,382,941,516,1425,762,1037,497,467,474,841,918,2300,0,0,0,0,0,0,0,0,0,0,1,1,0,2,0,0,11454,4,15,0,0,0,0
2021-01-21T23:59:59+01:00,57,119,236,439,356,873,487,1332,736,1012,495,467,474,841,917,2299,0,0,0,0,0,0,0,0,0,0,1,1,0,2,0,0,11125,4,15,0,0,0,0
2021-01-20T23:59:59+01:00,55,104,204,366,315,777,444,1186,661,926,465,461,472,841,917,2298,0,0,0,0,0,0,0,0,0,0,1,1,0,2,0,0,10477,4,15,0,0,0,0
2021-01-19T23:59:59+01:00,49,87,151,284,243,610,367,1000,574,807,435,452,468,840,917,2298,0,0,0,0,0,0,0,0,0,0,1,0,0,2,0,0,9575,3,7,0,0,0,0
2021-01-18T23:59:59+01:00,43,66,99,184,175,442,301,741,503,671,429,447,465,836,915,2298,0,0,0,0,0,0,0,0,0,0,0,0,0,1,0,0,8615,1,0,0,0,0,0
2021-01-17T23:59:59+01:00,41,65,96,178,170,435,298,731,498,659,427,447,465,836,915,2297,0,0,0,0,0,0,0,0,0,0,0,0,0,0,0,0,8558,0,0,0,0,0,0
2021-01-16T23:59:59+01:00,38,62,94,177,165,426,292,723,481,652,421,447,423,783,679,1915,0,0,0,0,0,0,0,0,0,0,0,0,0,0,0,0,7778,0,0,0,0,0,0
2021-01-15T23:59:59+01:00,36,58,91,172,162,418,285,706,467,645,415,447,412,749,287,1293,0,0,0,0,0,0,0,0,0,0,0,0,0,0,0,0,6643,0,0,0,0,0,0
2021-01-14T23:59:59+01:00,36,54,88,170,158,412,278,698,456,637,412,445,412,748,287,1293,0,0,0,0,0,0,0,0,0,0,0,0,0,0,0,0,6584,0,0,0,0,0,0
2021-01-13T23:59:59+01:00,26,40,72,136,120,309,210,559,351,504,314,343,334,588,223,1042,0,0,0,0,0,0,0,0,0,0,0,0,0,0,0,0,5171,0,0,0,0,0,0
2021-01-12T23:59:59+01:00,18,30,51,92,89,221,153,405,236,377,223,223,219,388,162,704,0,0,0,0,0,0,0,0,0,0,0,0,0,0,0,0,3591,0,0,0,0,0,0
2021-01-11T23:59:59+01:00,9,19,29,50,60,138,93,226,124,197,114,106,91,178,76,324,0,0,0,0,0,0,0,0,0,0,0,0,0,0,0,0,1834,0,0,0,0,0,0
2021-01-10T23:59:59+01:00,8,18,24,45,54,110,83,185,105,165,109,104,88,176,73,324,0,0,0,0,0,0,0,0,0,0,0,0,0,0,0,0,1671,0,0,0,0,0,0
2021-01-09T23:59:59+01:00,8,18,24,45,54,110,83,185,105,165,109,103,88,176,73,324,0,0,0,0,0,0,0,0,0,0,0,0,0,0,0,0,1670,0,0,0,0,0,0
2021-01-08T23:59:59+01:00,8,17,23,44,51,102,79,175,99,162,105,100,84,166,71,316,0,0,0,0,0,0,0,0,0,0,0,0,0,0,0,0,1602,0,0,0,0,0,0
2021-01-07T23:59:59+01:00,2,3,5,8,9,15,24,36,21,32,16,19,19,37,18,93,0,0,0,0,0,0,0,0,0,0,0,0,0,0,0,0,357,0,0,0,0,0,0
2021-01-06T23:59:59+01:00,2,2,5,7,7,14,23,35,20,29,16,19,19,37,18,92,0,0,0,0,0,0,0,0,0,0,0,0,0,0,0,0,345,0,0,0,0,0,0
2021-01-05T23:59:59+01:00,2,2,5,7,7,14,23,35,20,29,16,19,19,37,18,92,0,0,0,0,0,0,0,0,0,0,0,0,0,0,0,0,345,0,0,0,0,0,0
2021-01-04T23:59:59+01:00,0,0,0,0,0,0,1,0,0,0,1,1,0,2,0,0,0,0,0,0,0,0,0,0,0,0,0,0,0,0,0,0,5,0,0,0,0,0,0
2021-01-03T23:59:59+01:00,0,0,0,0,0,0,1,0,0,0,1,1,0,2,0,0,0,0,0,0,0,0,0,0,0,0,0,0,0,0,0,0,5,0,0,0,0,0,0
2021-01-02T23:59:59+01:00,0,0,0,0,0,0,1,0,0,0,1,1,0,2,0,0,0,0,0,0,0,0,0,0,0,0,0,0,0,0,0,0,5,0,0,0,0,0,0
2021-01-01T23:59:59+01:00,0,0,0,0,0,0,1,0,0,0,1,1,0,2,0,0,0,0,0,0,0,0,0,0,0,0,0,0,0,0,0,0,5,0,0,0,0,0,0
2020-12-31T23:59:59+01:00,0,0,0,0,0,0,1,0,0,0,1,1,0,2,0,0,0,0,0,0,0,0,0,0,0,0,0,0,0,0,0,0,5,0,0,0,0,0,0
2020-12-30T23:59:59+01:00,0,0,0,0,0,0,1,0,0,0,1,1,0,2,0,0,0,0,0,0,0,0,0,0,0,0,0,0,0,0,0,0,5,0,0,0,0,0,0
2020-12-29T23:59:59+01:00,0,0,0,0,0,0,1,0,0,0,1,0,0,2,0,0,0,0,0,0,0,0,0,0,0,0,0,0,0,0,0,0,4,0,0,0,0,0,0
2020-12-28T23:59:59+01:00,0,0,0,0,0,0,0,0,0,0,1,0,0,1,0,0,0,0,0,0,0,0,0,0,0,0,0,0,0,0,0,0,2,0,0,0,0,0,0
2020-12-27T23:59:59+01:00,0,0,0,0,0,0,0,0,0,0,0,0,0,0,0,0,0,0,0,0,0,0,0,0,0,0,0,0,0,0,0,0,0,0,0,0,0,0,0
