Datum,<24_1_m,<24_1_w,25-34_1_m,25-34_1_w,35-44_1_m,35-44_1_w,45-54_1_m,45-54_1_w,55-64_1_m,55-64_1_w,65-74_1_m,65-74_1_w,75-84_1_m,75-84_1_w,>84_1_m,>84_1_w,<24_2_m,<24_2_w,25-34_2_m,25-34_2_w,35-44_2_m,35-44_2_w,45-54_2_m,45-54_2_w,55-64_2_m,55-64_2_w,65-74_2_m,65-74_2_w,75-84_2_m,75-84_2_w,>84_2_m,>84_2_w,bp_1,bp_2,mo_1,mo_2,az_1,az_2,ja
2021-06-27T23:59:59+02:00,7618,7350,13271,12688,17006,17660,23714,25286,30412,31770,23994,26808,16665,21301,5009,9467,2679,2877,5237,6303,7329,9473,14373,17136,22488,24347,19484,21818,14938,19150,4715,8812,205552,135387,30334,23050,46093,34682,8040
2021-06-26T23:59:59+02:00,7140,6813,12898,12398,16899,17565,23655,25226,30379,31737,23987,26792,16661,21290,5008,9466,2584,2775,5067,6128,7138,9294,13854,16722,21880,23752,19353,21682,14898,19098,4714,8804,203447,131977,30334,23050,46093,34676,8040
2021-06-25T23:59:59+02:00,6654,6332,12447,12033,16740,17448,23567,25160,30298,31697,23965,26765,16656,21281,5006,9464,2482,2621,4895,5937,6880,9002,13328,16193,21330,23173,19156,21475,14840,19031,4710,8792,201064,128308,30334,23050,46093,34465,8022
2021-06-24T23:59:59+02:00,6425,6105,12227,11883,16633,17366,23495,25109,30240,31650,23931,26725,16652,21271,5005,9457,2275,2390,4528,5569,6388,8516,12617,15482,20189,22181,18702,21002,14737,18901,4700,8777,199807,122426,30332,23038,46086,33541,7949
2021-06-23T23:59:59+02:00,5847,5609,12067,11772,16514,17255,23423,25063,30177,31600,23897,26702,16645,21257,5001,9453,2238,2339,4464,5450,6298,8367,12387,15193,19950,21925,18404,20679,14642,18791,4689,8761,199306,121411,29001,22892,46076,32375,7899
2021-06-22T23:59:59+02:00,5704,5486,11972,11671,16428,17180,23365,25001,30111,31527,23872,26670,16636,21236,4997,9451,2186,2305,4373,5370,6179,8222,11520,14535,19539,21525,18078,20335,14536,18656,4679,8741,198399,120514,28994,21200,46061,31212,7853
2021-06-21T23:59:59+02:00,5568,5375,11899,11581,16368,17096,23311,24929,30061,31469,23848,26642,16623,21221,4997,9447,2153,2270,4317,5276,6092,8097,10739,13832,19090,21117,17853,20106,14476,18562,4670,8724,197592,119724,28990,19417,46056,30436,7797
2021-06-20T23:59:59+02:00,5451,5249,11740,11401,16304,16974,23260,24864,30018,31414,23832,26623,16617,21206,4992,9442,2137,2244,4279,5237,6029,8054,10647,13759,18983,20990,17697,19917,14410,18480,4666,8717,196597,119226,28986,19414,46049,29851,7755
2021-06-19T23:59:59+02:00,5435,5231,10986,10744,15830,16588,23201,24820,29974,31371,23814,26603,16609,21194,4992,9442,2067,2128,4074,5013,5756,7785,10328,13433,17949,20155,17534,19737,14378,18415,4661,8705,194045,115114,28986,19414,46049,29836,7754
2021-06-18T23:59:59+02:00,5404,5208,10365,10191,15242,16049,23111,24757,29910,31309,23786,26575,16598,21179,4991,9440,2003,2049,3937,4881,5488,7524,9976,13094,16869,19019,17338,19511,14331,18352,4658,8695,191334,110975,28979,19413,46049,29584,7753
2021-06-17T23:59:59+02:00,5281,5097,9748,9726,14782,15679,23012,24676,29832,31219,23748,26533,16584,21159,4991,9437,1876,1944,3683,4640,5108,7167,9446,12611,15693,17834,16880,19027,14190,18179,4645,8671,188868,105902,28977,19405,46046,28674,7613
2021-06-16T23:59:59+02:00,5146,4955,9552,9567,14637,15552,22921,24582,29735,31143,23704,26489,16569,21147,4990,9427,1836,1903,3581,4555,5005,7049,8423,11763,15421,17542,16585,18692,14055,18009,4639,8638,187704,105025,28966,17535,46043,27733,7403
2021-06-15T23:59:59+02:00,4956,4768,9375,9413,14503,15411,22829,24491,29659,31057,23661,26416,16544,21114,4982,9412,1775,1848,3505,4462,4913,6939,8307,11622,15245,17320,16268,18384,13916,17842,4616,8580,186397,104281,28964,17531,46023,26523,7207
2021-06-14T23:59:59+02:00,4879,4700,9281,9306,14424,15322,22760,24418,29589,30997,23629,26377,16530,21096,4979,9406,1754,1826,3472,4437,4872,6906,8208,11559,15107,17187,16089,18180,13827,17746,4611,8574,185657,104057,28959,17528,46017,25710,7060
2021-06-13T23:59:59+02:00,4821,4655,9195,9233,14340,15255,22699,24368,29523,30946,23603,26349,16521,21086,4979,9404,1704,1811,3431,4413,4819,6863,8137,11523,15010,17092,15934,17998,13775,17674,4604,8567,185086,103780,28953,17526,46002,25113,6936
2021-06-12T23:59:59+02:00,4800,4639,9167,9210,14105,15083,22572,24240,29480,30904,23583,26335,16512,21078,4978,9402,1580,1690,3193,4207,4419,6562,7592,11096,13251,15415,15582,17628,13695,17572,4602,8553,184199,97128,28953,17526,46002,25049,6934
2021-06-11T23:59:59+02:00,4744,4584,9088,9157,13789,14864,22377,24092,29386,30815,23547,26290,16495,21066,4977,9399,1477,1558,3010,4002,4122,6200,7091,10558,11628,13545,15108,17056,13581,17427,4587,8539,182853,90279,28951,17525,46002,24821,6864
2021-06-10T23:59:59+02:00,4459,4355,8548,8828,12531,13853,21812,23646,29015,30515,23410,26133,16442,20998,4964,9385,1353,1466,2777,3822,3796,5919,6662,10169,10220,12223,14599,16483,13411,17220,4572,8514,177572,85764,28936,17523,45997,23530,6389
2021-06-09T23:59:59+02:00,4223,4188,7960,8539,11640,13198,21495,23434,28787,30365,23347,26070,16423,20974,4961,9381,1264,1412,2625,3750,3655,5842,6456,10078,9960,12047,14282,16139,13241,17040,4565,8496,175488,85438,27675,17422,45990,22160,5832
2021-06-08T23:59:59+02:00,4090,4083,7559,8316,11157,12908,21270,23256,28588,30214,23289,25996,16391,20932,4956,9372,1186,1386,2490,3695,3498,5776,5561,9334,9492,11692,13953,15740,13017,16807,4551,8474,173747,85090,27305,15273,45964,20928,5361
2021-06-07T23:59:59+02:00,3967,4002,7327,8211,10871,12730,21070,23144,28435,30101,23231,25944,16374,20907,4952,9364,1137,1267,2369,3635,3368,5715,5399,9260,9286,11568,13734,15491,12869,16645,4545,8456,172544,84903,27295,15270,45955,19735,4836
2021-06-06T23:59:59+02:00,3850,3944,7089,8090,10622,12570,20885,23055,28350,30012,23200,25910,16362,20889,4949,9359,1117,1251,2305,3600,3272,5664,5293,9185,9172,11468,13577,15337,12799,16551,4542,8449,171403,84718,27278,15266,45945,19088,4510
2021-06-05T23:59:59+02:00,3822,3907,7053,8051,10447,12413,20265,22550,28189,29867,23150,25866,16348,20870,4949,9355,1085,1149,2141,3150,3041,5128,5122,8856,8398,10520,12930,14500,12686,16404,4531,8439,169381,79356,27278,15266,45943,18958,4500
2021-06-04T23:59:59+02:00,3794,3881,7016,8026,10350,12322,19905,22223,28085,29770,23115,25828,16334,20860,4947,9354,1053,1081,2044,2843,2881,4652,4965,8487,7886,9865,11432,12789,12563,16207,4524,8421,168108,72996,27266,15265,45942,18938,4494
2021-06-03T23:59:59+02:00,3656,3779,6798,7888,9796,11900,18684,21299,27690,29462,22982,25687,16282,20798,4943,9340,1000,1036,1956,2732,2746,4497,4765,8189,7528,9421,11055,12395,12457,16095,4521,8408,163376,71223,27258,15262,45938,17904,4412
2021-06-02T23:59:59+02:00,3649,3771,6786,7871,9786,11891,18496,21119,27619,29413,22959,25666,16276,20789,4940,9338,996,1029,1944,2701,2725,4478,4554,8008,6993,8933,11018,12355,12442,16080,4517,8402,163313,71115,26713,13772,45938,17883,4405
2021-06-01T23:59:59+02:00,3521,3696,6550,7726,9499,11701,18041,20772,27381,29218,22864,25566,16236,20737,4937,9326,958,983,1860,2631,2646,4407,4279,7775,6398,8403,10807,12145,12344,15979,4512,8390,161635,70681,25932,12482,45923,17073,4281
2021-05-31T23:59:59+02:00,3475,3651,6461,7660,9363,11604,17917,20681,27292,29143,22799,25505,16219,20709,4932,9319,929,959,1793,2591,2566,4366,4173,7711,6280,8330,10623,11978,12244,15864,4502,8382,160801,70322,25905,12477,45910,16378,4114
2021-05-30T23:59:59+02:00,3445,3627,6400,7609,9276,11516,17831,20603,27217,29076,22754,25461,16197,20683,4927,9309,925,952,1785,2583,2555,4355,4145,7687,6228,8289,10563,11901,12211,15822,4497,8373,160110,70282,25900,12474,45898,16092,4023
2021-05-29T23:59:59+02:00,3435,3608,6365,7582,9233,11479,17793,20564,27073,28972,22699,25387,16182,20663,4924,9305,888,933,1728,2537,2483,4271,3956,7434,5956,7994,8378,9257,12019,15481,4482,8344,159457,64072,25900,12472,45884,15574,4023
2021-05-28T23:59:59+02:00,3378,3559,6242,7510,9106,11358,17654,20440,26909,28852,22634,25314,16161,20646,4923,9304,874,919,1710,2517,2447,4219,3806,7138,5762,7734,5702,6172,11744,15085,4467,8295,158198,57259,25898,12472,45880,14846,4014
2021-05-27T23:59:59+02:00,3231,3429,5960,7333,8507,11026,17181,20104,26501,28506,22467,25152,16103,20583,4916,9286,825,861,1628,2422,2330,4086,3383,6181,5340,7144,5543,5999,11665,15012,4461,8278,154744,56780,25842,12426,45872,12125,3827
2021-05-26T23:59:59+02:00,3125,3346,5743,7168,8137,10740,16716,19798,26203,28270,22319,25019,16052,20509,4903,9266,808,852,1576,2397,2278,4056,3310,6107,5243,7074,5410,5872,11600,14946,4456,8266,152050,56708,25826,12424,45850,11531,3588
2021-05-25T23:59:59+02:00,3035,3285,5601,7055,7941,10578,15717,19021,25850,27920,22162,24866,16000,20430,4896,9256,789,836,1541,2353,2209,3997,3235,6040,5160,7010,5245,5705,11492,14866,4448,8254,150507,56647,23903,12239,45836,10927,3367
2021-05-24T23:59:59+02:00,2976,3271,5519,7013,7830,10523,14817,18337,25437,27608,22069,24763,15969,20394,4889,9244,781,834,1519,2336,2165,3963,3192,5993,5083,6930,5146,5598,11412,14790,4447,8248,149831,56617,21835,12163,45827,10491,3166
2021-05-23T23:59:59+02:00,2973,3267,5511,7006,7822,10516,14812,18336,25436,27607,22069,24763,15969,20394,4889,9244,780,831,1512,2329,2153,3950,3174,5978,5063,6897,5103,5546,11395,14766,4446,8246,149806,56610,21835,12163,45825,10248,3148
2021-05-22T23:59:59+02:00,2937,3226,5439,6961,7723,10429,14615,18177,25160,27367,21971,24678,15937,20351,4886,9240,758,811,1470,2278,2102,3871,3063,5859,4753,6334,4533,4806,10752,13944,4436,8207,148290,53377,21835,12163,45824,9289,3148
2021-05-21T23:59:59+02:00,2887,3155,5340,6879,7631,10308,14411,17972,24892,27143,21858,24570,15905,20302,4881,9231,727,758,1402,2152,2001,3607,2881,5528,4281,5456,4123,4270,10011,13006,4371,8081,146592,49657,21835,12163,45820,7717,3118
2021-05-20T23:59:59+02:00,2756,2993,5064,6626,7347,9943,13953,17489,24284,26594,21587,24275,15812,20182,4867,9201,712,748,1377,2128,1963,3574,2828,5475,4199,5381,3998,4168,9936,12943,4362,8070,142460,49571,21826,12153,45800,7251,2887
2021-05-19T23:59:59+02:00,2704,2942,4968,6487,7204,9761,12808,16454,24022,26307,21491,24145,15767,20121,4859,9194,693,722,1352,2080,1931,3489,2766,5329,4104,5275,3917,4078,9883,12881,4359,8066,141092,49543,19757,12091,45730,6636,2655
2021-05-18T23:59:59+02:00,2681,2919,4921,6455,7155,9731,12458,16181,23843,26158,21398,24056,15737,20068,4851,9182,664,665,1297,1951,1859,3291,2670,5121,3976,5079,3692,3801,9801,12801,4349,8056,140822,49524,18907,11095,45687,6076,2378
2021-05-17T23:59:59+02:00,2656,2900,4881,6386,7070,9624,12310,16014,23710,26007,21349,24005,15719,20045,4846,9174,656,651,1281,1915,1838,3243,2622,5013,3897,4965,3556,3650,9734,12738,4346,8047,139908,49502,18899,11085,45672,5348,2217
2021-05-16T23:59:59+02:00,2645,2887,4858,6320,7032,9541,12250,15942,23658,25947,21324,23988,15709,20031,4843,9171,651,645,1272,1912,1821,3234,2601,5001,3869,4944,3506,3584,9695,12706,4345,8045,139474,49493,18892,11074,45650,5134,2130
2021-05-15T23:59:59+02:00,2528,2775,4676,6127,6845,9362,11740,15539,23082,25404,21221,23870,15677,19989,4840,9163,601,586,1190,1825,1686,3083,2317,4697,3422,4442,3177,3162,9533,12503,4322,8017,136197,46572,18891,11074,45644,4811,2106
2021-05-14T23:59:59+02:00,2414,2602,4481,5903,6569,9051,11207,15031,22517,24840,21075,23731,15640,19931,4836,9152,538,509,1088,1704,1527,2869,1985,4295,2823,3858,2793,2725,9449,12355,4318,8013,132399,43652,18884,11072,45622,4050,2075
2021-05-13T23:59:59+02:00,2232,2315,4161,5522,6143,8577,10650,14346,21486,23931,20793,23457,15580,19832,4829,9137,535,509,1076,1688,1512,2851,1976,4271,2808,3838,2777,2711,9442,12351,4317,8013,126510,43600,18831,11064,45596,3957,2054
2021-05-12T23:59:59+02:00,2231,2312,4154,5521,6134,8571,10550,14226,21433,23892,20788,23446,15575,19824,4828,9137,527,487,1040,1633,1463,2773,1894,4185,2749,3779,2696,2616,9392,12278,4317,8013,126469,43597,18505,10239,45596,3954,2052
2021-05-11T23:59:59+02:00,2110,2275,4071,5456,6009,8457,10246,13977,21241,23730,20711,23375,15560,19792,4824,9132,502,464,979,1572,1394,2683,1794,4048,2676,3705,2541,2390,9328,12177,4316,8013,125530,43581,18168,9406,45316,3643,1952
2021-05-10T23:59:59+02:00,2069,2199,3964,5333,5874,8278,9454,13214,20863,23407,20621,23286,15521,19738,4814,9119,489,435,941,1506,1328,2594,1705,3887,2593,3609,2512,2366,9319,12159,4312,8008,124395,43549,16320,9224,45213,3164,1826
2021-05-09T23:59:59+02:00,2037,2185,3931,5293,5823,8230,9388,13145,20794,23334,20587,23245,15505,19711,4811,9105,482,426,921,1463,1304,2546,1671,3825,2555,3566,2503,2354,9309,12142,4312,8000,123951,43490,16316,9221,45120,2931,1737
2021-05-08T23:59:59+02:00,1974,2085,3747,5119,5553,8029,9082,12865,19671,22418,20393,23051,15473,19642,4806,9093,410,396,856,1423,1228,2474,1583,3725,2342,3361,1971,1934,9216,12057,4311,8000,119832,42040,16315,9220,45117,2290,1737
2021-05-07T23:59:59+02:00,1889,1979,3567,4954,5238,7738,8688,12512,18478,21202,20214,22849,15428,19585,4797,9074,318,337,747,1350,1098,2345,1449,3582,2171,3170,1604,1599,8729,11614,4310,7998,115078,40323,16313,9217,45096,1176,1705
2021-05-06T23:59:59+02:00,1705,1870,3281,4702,4788,7337,8045,11949,17239,19962,19881,22471,15321,19422,4787,9062,301,328,726,1321,1057,2299,1401,3498,2105,3102,1568,1544,8712,11583,4304,7995,109231,40304,16306,9211,44862,906,1423
2021-05-05T23:59:59+02:00,1635,1839,3204,4614,4711,7233,7917,11798,17084,19815,19761,22351,15245,19326,4765,8965,290,317,686,1269,996,2224,1319,3348,1997,2986,1475,1446,8301,11016,4298,7977,108475,40271,16162,8092,44693,649,933
2021-05-04T23:59:59+02:00,1610,1810,3162,4540,4652,7123,7666,11505,16528,19236,19675,22221,15170,19230,4737,8852,274,304,663,1242,975,2170,1261,3230,1884,2829,1403,1340,8232,10914,4294,7959,107789,40246,14817,7816,44590,391,521
2021-05-03T23:59:59+02:00,1602,1806,3154,4526,4614,7101,7413,11276,15834,18640,19611,22137,15143,19196,4731,8842,260,283,641,1161,928,2082,1198,3092,1787,2692,1337,1261,8206,10879,4290,7950,107706,40239,13222,7609,44550,51,148
2021-05-02T23:59:59+02:00,1601,1803,3149,4524,4610,7098,7400,11266,15816,18628,19595,22129,15143,19194,4730,8842,260,282,638,1160,923,2079,1188,3086,1779,2685,1323,1254,8205,10874,4289,7950,107679,40217,13220,7608,44527,48,102
2021-05-01T23:59:59+02:00,1468,1662,2869,4276,4144,6738,6783,10783,13884,16749,19214,21733,15052,19078,4727,8826,258,282,635,1158,921,2076,1186,3085,1777,2681,1318,1250,8203,10872,4289,7950,100144,40186,13220,7608,44523,48,99
2021-04-30T23:59:59+02:00,1344,1512,2654,4055,3814,6343,6220,10190,12095,14711,18756,21196,14948,18936,4713,8815,253,281,628,1152,906,2068,1174,3075,1765,2667,1307,1241,8199,10867,4288,7950,92531,40139,13220,7608,44523,46,28
2021-04-29T23:59:59+02:00,1226,1446,2490,3930,3574,6140,5864,9888,10756,13434,18498,20919,14905,18866,4709,8809,252,277,623,1146,895,2062,1154,3070,1735,2631,1281,1217,8193,10858,4288,7950,87845,40108,13211,7476,44387,37,11
2021-04-28T23:59:59+02:00,1166,1440,2440,3911,3524,6116,5801,9855,10660,13367,18469,20885,14898,18850,4709,8806,252,276,621,1145,892,2060,1151,3066,1727,2630,1275,1199,7750,10339,4288,7950,87576,40087,13161,6491,44150,33,10
2021-04-27T23:59:59+02:00,1118,1414,2338,3867,3460,6089,5683,9800,10543,13291,18436,20846,14885,18835,4707,8804,251,276,619,1138,891,2058,1147,3063,1723,2626,1264,1182,7334,9760,4288,7950,87072,40068,13108,5464,43927,29,9
2021-04-26T23:59:59+02:00,1076,1384,2249,3775,3333,5989,5515,9681,10240,13033,18375,20792,14876,18817,4705,8804,250,276,618,1137,886,2055,1140,3060,1705,2616,1249,1169,7325,9740,4288,7950,85736,39983,13098,5444,43801,28,9
2021-04-25T23:59:59+02:00,1073,1381,2241,3773,3326,5985,5496,9674,10205,13003,18365,20780,14875,18811,4705,8803,249,276,618,1137,886,2055,1138,3060,1705,2616,1249,1169,7325,9738,4288,7950,85713,39980,13089,5442,43685,28,9
2021-04-24T23:59:59+02:00,1030,1263,2055,3236,3056,5373,5301,9262,9375,11957,17659,19886,14761,18652,4697,8792,248,275,617,1136,886,2054,1138,3059,1699,2611,1246,1164,7323,9737,4288,7949,79597,39956,13089,5438,43661,28,8
2021-04-23T23:59:59+02:00,997,1179,1944,2889,2874,4823,5106,8834,8822,11236,16029,18028,14616,18446,4689,8769,248,275,616,1136,884,2052,1137,3059,1698,2610,1242,1159,7319,9735,4288,7948,72584,39943,13088,5427,43601,28,8
2021-04-22T23:59:59+02:00,992,1168,1926,2873,2856,4805,5050,8789,8711,11135,15959,17952,14590,18416,4687,8764,246,275,614,1135,881,2051,1129,3047,1683,2590,1218,1137,7314,9728,4288,7948,72539,39931,13033,5318,43093,27,8
2021-04-21T23:59:59+02:00,983,1160,1913,2860,2830,4779,5004,8733,8604,11012,15872,17868,14562,18382,4687,8759,241,272,604,1126,867,2022,1119,3023,1673,2565,1205,1124,7092,9412,4287,7948,72499,39925,12975,4621,42526,26,8
2021-04-20T23:59:59+02:00,956,1111,1861,2745,2757,4619,4911,8554,8431,10805,15640,17587,14504,18323,4680,8753,228,269,586,1105,841,1992,1091,2997,1638,2524,1186,1112,7084,9407,4286,7947,72464,39905,11846,4356,41919,24,8
2021-04-19T23:59:59+02:00,947,1102,1829,2724,2707,4594,4787,8494,8231,10694,15548,17489,14482,18304,4680,8747,222,261,568,1083,823,1959,1073,2954,1593,2469,1168,1093,7077,9404,4284,7946,72065,39871,11824,4076,41462,22,8
2021-04-18T23:59:59+02:00,945,1101,1824,2719,2699,4583,4770,8482,8192,10652,15499,17430,14472,18287,4679,8745,222,261,568,1083,822,1959,1073,2954,1593,2468,1168,1092,7075,9403,4283,7946,72022,39866,11821,4074,41228,22,8
2021-04-17T23:59:59+02:00,911,1087,1775,2681,2631,4505,4617,8342,7929,10423,13138,14532,14274,17935,4662,8709,220,261,568,1080,818,1953,1061,2947,1583,2448,1131,1051,6744,8988,4258,7898,65215,38916,11821,4063,41107,22,8
2021-04-16T23:59:59+02:00,905,1081,1763,2672,2588,4467,4525,8258,7751,10233,10319,11296,14003,17518,4643,8653,218,256,567,1075,811,1948,1051,2943,1563,2428,1120,1037,6738,8983,4255,7895,57980,38811,11819,4047,40868,22,8
2021-04-15T23:59:59+02:00,892,1076,1741,2658,2546,4435,4414,8197,7521,10036,10077,11079,13941,17453,4637,8639,216,256,567,1073,810,1946,1048,2940,1560,2425,1115,1033,6736,8981,4255,7895,57959,38797,11817,4030,39558,21,8
2021-04-14T23:59:59+02:00,873,1048,1683,2575,2457,4313,4225,8016,7249,9753,9706,10601,13793,17275,4631,8630,191,233,526,1022,787,1879,1014,2860,1511,2363,1089,1004,6732,8972,4255,7894,57927,38781,10871,3523,38022,20,8
2021-04-13T23:59:59+02:00,848,1026,1647,2523,2390,4230,4124,7880,7039,9541,9300,10086,13650,17108,4626,8618,155,209,491,974,747,1786,980,2750,1459,2293,1070,969,6716,8961,4254,7894,57886,38718,9925,2968,36817,14,8
2021-04-12T23:59:59+02:00,845,1024,1628,2520,2360,4217,4071,7829,6900,9370,9040,9779,13588,17053,4615,8601,144,195,463,935,724,1721,959,2678,1415,2243,1048,953,6700,8941,4251,7889,57830,38602,9894,2635,35708,14,8
2021-04-11T23:59:59+02:00,844,1023,1617,2520,2348,4215,4048,7817,6836,9308,8907,9621,13562,17007,4610,8594,144,195,463,933,724,1720,957,2678,1414,2243,1048,953,6698,8941,4251,7889,57818,38596,9892,2634,35159,13,8
2021-04-10T23:59:59+02:00,828,1018,1589,2492,2312,4186,3977,7761,6704,9191,8350,8887,12898,16154,4599,8552,141,195,461,930,719,1717,957,2672,1405,2236,1035,937,6230,8444,4236,7873,54487,37534,9891,2633,35112,13,8
2021-04-09T23:59:59+02:00,806,989,1549,2445,2245,4105,3825,7602,6357,8862,7828,8232,12084,15132,4529,8415,139,194,459,925,713,1709,949,2662,1390,2226,1013,915,5988,8174,4218,7846,50518,36870,9887,2629,34592,13,8
2021-04-08T23:59:59+02:00,797,979,1522,2422,2180,4056,3690,7516,6104,8564,7218,7578,11924,14932,4518,8397,139,191,454,923,708,1702,941,2652,1382,2213,1001,913,5985,8172,4217,7846,50486,36849,9863,2569,32040,13,8
2021-04-07T23:59:59+02:00,791,970,1497,2404,2122,4018,3604,7446,5877,8298,6666,6953,11323,14185,4506,8370,121,184,425,876,662,1633,885,2582,1332,2144,982,897,5977,8166,4216,7846,50459,36826,8713,2082,29851,13,7
2021-04-06T23:59:59+02:00,787,968,1483,2396,2093,3996,3531,7397,5697,8128,6221,6449,11123,13969,4491,8342,98,163,376,816,617,1558,842,2482,1279,2080,958,881,5960,8153,4214,7842,50389,36801,8530,1498,28145,13,7
2021-04-05T23:59:59+02:00,782,964,1467,2389,2069,3987,3480,7371,5554,8017,6019,6234,11057,13884,4485,8332,92,161,375,814,610,1549,834,2467,1266,2062,930,851,4869,6753,4136,7736,50194,33997,8526,1488,27364,13,7
2021-04-04T23:59:59+02:00,780,960,1465,2387,2065,3985,3463,7364,5544,8010,6008,6214,11043,13866,4483,8329,92,161,373,812,607,1544,827,2460,1252,2042,907,829,3869,5593,4070,7629,50180,31559,8525,1488,27254,13,7
2021-04-03T23:59:59+02:00,728,905,1383,2318,1942,3847,3202,7103,5084,7521,5665,5759,10872,13649,4456,8300,90,161,373,811,607,1542,826,2460,1252,2042,907,829,3869,5590,4070,7628,46950,31549,8525,1488,27252,13,7
2021-04-02T23:59:59+02:00,686,871,1328,2249,1844,3733,2946,6843,4570,7043,5275,5300,10775,13485,4451,8294,90,161,373,811,607,1542,825,2460,1250,2040,907,827,3867,5587,4069,7628,44029,31538,8524,1487,27134,13,6
2021-04-01T23:59:59+02:00,683,869,1318,2246,1826,3725,2917,6829,4496,6970,5167,5191,10736,13437,4450,8290,90,161,371,807,605,1539,825,2457,1246,2036,897,826,3863,5585,4068,7627,44017,31529,8381,1455,26746,13,6
2021-03-31T23:59:59+02:00,681,867,1311,2231,1818,3715,2890,6801,4433,6925,5028,5030,10226,12832,4446,8282,90,161,370,807,605,1539,825,2457,1244,2036,896,826,3863,5584,4068,7626,44007,31523,7253,1455,26250,13,6
2021-03-30T23:59:59+02:00,672,863,1293,2211,1789,3686,2855,6766,4347,6836,4861,4838,9701,12132,4439,8267,85,158,369,803,600,1536,820,2451,1236,2034,885,816,3855,5581,4067,7625,43984,31502,6068,1402,25498,11,6
2021-03-29T23:59:59+02:00,667,856,1280,2176,1772,3655,2825,6724,4277,6751,4663,4641,9616,12039,4436,8254,85,158,369,801,597,1532,818,2445,1232,2027,877,810,3847,5574,4067,7625,43917,31489,5853,1358,24856,11,6
2021-03-28T23:59:59+02:00,664,854,1277,2173,1757,3645,2810,6712,4242,6698,4568,4531,9579,11975,4431,8247,85,158,369,800,597,1532,816,2445,1230,2027,876,810,3846,5574,4067,7625,43895,31487,5844,1353,24418,11,6
2021-03-27T23:59:59+01:00,661,849,1268,2168,1741,3630,2781,6683,4084,6557,4004,4086,9351,11728,4418,8228,85,158,367,798,595,1530,814,2442,1222,2021,872,806,3669,5287,3965,7453,41983,30714,5840,1353,24408,11,6
2021-03-26T23:59:59+01:00,655,841,1260,2158,1721,3613,2756,6661,4010,6480,3598,3722,8754,11171,4405,8214,85,158,366,797,594,1527,810,2439,1213,2017,860,793,2952,4348,3756,7109,40055,28454,5827,1353,24131,11,6
2021-03-25T23:59:59+01:00,648,836,1248,2144,1702,3589,2697,6622,3927,6402,3423,3505,8645,11060,4399,8208,85,158,366,797,594,1527,810,2438,1212,2017,860,793,2951,4347,3755,7108,40042,28448,5721,1353,23286,11,6
2021-03-24T23:59:59+01:00,642,829,1215,2119,1657,3544,2619,6555,3772,6253,3105,3142,8239,10513,4390,8196,81,156,354,784,578,1509,777,2404,1162,1985,827,756,2942,4341,3755,7105,40020,28148,4968,1352,21796,10,6
2021-03-23T23:59:59+01:00,629,821,1190,2087,1615,3497,2539,6474,3623,6099,2725,2760,8023,10294,4382,8180,76,152,342,762,543,1478,716,2341,1060,1903,744,695,2907,4306,3751,7101,39979,27517,4678,1345,20275,9,6
2021-03-22T23:59:59+01:00,605,708,1154,2033,1582,3441,2486,6404,3483,5968,2485,2523,7694,9939,4366,8144,76,151,342,762,543,1476,715,2340,1057,1903,743,692,2903,4301,3750,7098,39511,27492,4354,1345,19144,9,6
2021-03-21T23:59:59+01:00,604,705,1149,2025,1571,3432,2469,6389,3446,5934,2344,2359,7601,9827,4358,8129,76,151,342,761,543,1476,715,2340,1057,1903,743,692,2903,4300,3750,7098,39507,27490,4340,1345,18489,9,6
2021-03-20T23:59:59+01:00,603,705,1147,2019,1565,3425,2463,6383,3429,5912,2312,2321,7111,9309,4342,8113,76,151,342,761,542,1476,713,2339,1057,1902,743,692,2903,4298,3748,7096,38470,27479,4328,1345,18355,9,6
2021-03-19T23:59:59+01:00,596,698,1134,2004,1530,3403,2395,6245,3366,5805,2129,2141,6804,8991,4322,8088,76,151,341,755,538,1473,708,2330,1046,1889,734,686,2480,3696,3333,6348,37864,25231,4312,1345,17469,2,6
2021-03-18T23:59:59+01:00,581,682,1115,1974,1503,3373,2355,6177,3293,5716,1976,1945,6685,8872,4316,8077,75,151,341,754,537,1473,707,2326,1043,1888,727,683,2430,3624,3306,6306,37844,25040,4301,1323,16489,2,6
2021-03-17T23:59:59+01:00,552,655,1070,1919,1466,3289,2278,6060,3141,5560,1721,1679,6519,8719,4306,8062,74,147,329,727,521,1429,685,2269,1005,1847,710,664,2192,3333,3224,6182,37773,24078,3777,1252,15440,2,6
2021-03-16T23:59:59+01:00,509,626,1030,1864,1415,3185,2213,5906,3025,5426,1525,1457,6385,8572,4296,8041,68,134,308,671,491,1352,656,2134,976,1719,661,614,2081,3198,3201,6098,37720,23334,3158,1021,14592,2,5
2021-03-15T23:59:59+01:00,497,615,999,1819,1381,3117,2182,5821,2939,5343,1403,1323,5807,7887,4257,7978,65,127,293,613,476,1233,618,2004,936,1606,633,594,2044,3159,3186,6038,36489,22936,2805,687,14074,2,0
2021-03-14T23:59:59+01:00,492,609,989,1807,1378,3100,2166,5803,2905,5316,1361,1273,5415,7441,4234,7960,64,122,289,590,470,1206,612,1948,926,1581,633,594,2044,3159,3185,6036,35675,22930,2800,527,13774,2,0
2021-03-13T23:59:59+01:00,471,591,952,1760,1325,3035,1911,5216,2666,4904,1256,1160,4763,6593,4183,7884,64,122,288,587,468,1204,610,1946,926,1577,631,589,1687,2679,2662,5283,34001,20794,2796,527,11873,2,0
2021-03-12T23:59:59+01:00,454,570,932,1719,1295,2953,1708,4430,2459,4457,1186,1078,4069,5793,4136,7801,64,120,287,583,468,1201,608,1939,922,1572,628,582,1368,2142,2126,4491,32328,18573,2793,527,9919,1,0
2021-03-11T23:59:59+01:00,450,563,924,1708,1280,2936,1683,4396,2423,4421,1112,1024,4026,5757,4133,7797,64,113,281,562,454,1149,599,1890,903,1536,616,569,1362,2125,2117,4441,32295,18325,2700,455,9638,1,0
2021-03-10T23:59:59+01:00,429,552,879,1650,1226,2859,1610,4299,2356,4328,1081,1002,4010,5742,4132,7795,64,113,279,558,451,1142,594,1868,903,1531,610,561,1302,2038,2073,4385,32280,18040,2136,431,9534,1,0
2021-03-09T23:59:59+01:00,407,536,831,1601,1185,2796,1569,4216,2313,4275,1060,991,4004,5735,4131,7794,62,112,278,557,450,1131,592,1856,897,1526,608,555,1098,1728,1958,4211,32234,17214,1688,404,9522,1,0
2021-03-08T23:59:59+01:00,400,525,821,1587,1176,2780,1562,4191,2302,4262,1047,981,3969,5688,4129,7789,61,112,274,552,446,1125,591,1852,893,1524,608,555,1029,1638,1913,4168,32109,16960,1592,380,9508,1,0
2021-03-07T23:59:59+01:00,399,522,821,1586,1174,2778,1558,4185,2292,4257,1041,973,3963,5682,4128,7788,58,109,265,531,434,1099,575,1752,858,1449,607,555,927,1509,1862,4099,32093,16601,1553,88,9501,0,0
2021-03-06T23:59:59+01:00,391,506,802,1553,1151,2720,1517,4118,2099,3761,1012,936,3790,5413,4031,7625,58,109,265,531,434,1098,575,1752,858,1449,607,555,924,1508,1859,4098,31385,16592,1553,88,8487,0,0
2021-03-05T23:59:59+01:00,376,466,769,1449,1101,2503,1442,3904,1886,3091,984,891,3044,4454,3827,7286,58,108,264,528,431,1092,574,1747,855,1446,604,553,886,1453,1837,4060,29089,16408,1552,88,6832,0,0
2021-03-04T23:59:59+01:00,361,458,762,1429,1088,2480,1423,3875,1863,3072,970,887,3040,4450,3824,7284,58,107,261,525,427,1076,564,1725,854,1438,602,551,849,1399,1814,4025,29076,16250,1513,25,6677,0,0
2021-03-03T23:59:59+01:00,350,425,743,1378,1058,2397,1373,3721,1785,2975,937,843,3030,4444,3824,7281,57,107,258,523,426,1072,562,1716,851,1434,602,550,829,1346,1729,3880,28764,15919,1513,23,6287,0,0
2021-03-02T23:59:59+01:00,344,416,727,1354,1010,2352,1305,3637,1669,2878,849,777,2988,4406,3818,7276,57,107,257,519,425,1065,562,1710,851,1430,601,550,829,1346,1729,3880,28125,15895,1450,23,6231,0,0
2021-03-01T23:59:59+01:00,340,402,720,1307,998,2294,1285,3555,1643,2829,831,768,2980,4397,3818,7276,57,106,256,515,420,1051,558,1697,842,1422,600,548,734,1193,1675,3800,28086,15451,1402,23,5955,0,0
2021-02-28T23:59:59+01:00,335,389,712,1268,985,2218,1273,3468,1621,2750,827,758,2978,4393,3817,7274,57,106,256,515,420,1050,558,1697,841,1422,600,547,638,1069,1629,3720,28075,15102,1399,23,5592,0,0
2021-02-27T23:59:59+01:00,326,369,698,1243,965,2181,1238,3400,1598,2697,810,743,2975,4393,3816,7274,57,106,256,515,420,1050,557,1697,840,1422,600,547,638,1068,1629,3720,28073,15099,1399,23,5254,0,0
2021-02-26T23:59:59+01:00,301,316,650,1178,901,2063,1148,3234,1494,2558,781,721,2545,3787,3398,6503,57,106,253,513,420,1048,555,1695,837,1416,596,544,631,1056,1620,3701,25803,15025,1399,23,4376,0,0
2021-02-25T23:59:59+01:00,295,303,637,1147,880,2020,1129,3168,1476,2514,778,718,2499,3714,3368,6460,55,104,249,504,420,1045,550,1685,834,1405,590,539,554,947,1576,3645,25584,14681,1399,21,4123,0,0
2021-02-24T23:59:59+01:00,276,293,586,1100,833,1953,1071,3073,1432,2456,761,699,2261,3414,3285,6330,54,100,245,497,414,1028,543,1664,831,1386,584,528,541,927,1565,3623,24603,14515,1399,15,3821,0,0
2021-02-23T23:59:59+01:00,263,273,558,1043,796,1876,1003,2924,1360,2354,710,649,2148,3278,3261,6240,54,99,243,491,414,1012,533,1632,824,1364,576,522,526,878,1554,3578,23811,14285,1394,15,3531,0,0
2021-02-22T23:59:59+01:00,259,267,546,980,777,1800,978,2830,1324,2294,687,629,2121,3243,3252,6182,54,98,237,485,412,999,524,1616,820,1339,562,510,508,852,1548,3524,23420,14073,1394,15,3355,0,0
2021-02-21T23:59:59+01:00,256,259,537,955,764,1763,970,2782,1294,2268,687,627,2119,3243,3251,6181,54,98,236,485,412,999,524,1616,820,1338,562,509,508,852,1548,3523,23414,14069,1394,15,3148,0,0
2021-02-20T23:59:59+01:00,172,228,466,906,696,1685,900,2693,1210,2169,672,612,1755,2730,2701,5387,54,98,236,485,412,999,524,1615,820,1338,562,509,508,852,1548,3523,21169,14068,1394,15,2419,0,0
2021-02-19T23:59:59+01:00,81,165,355,825,570,1552,767,2544,1076,2017,656,591,1452,2217,2162,4597,54,98,236,485,412,998,524,1615,820,1337,562,509,500,848,1547,3517,18982,14048,1394,14,1251,0,0
2021-02-18T23:59:59+01:00,78,160,343,776,550,1463,734,2404,1043,1950,641,581,1443,2199,2153,4547,51,91,232,463,398,933,509,1535,800,1263,548,495,494,830,1546,3499,18745,13673,1369,14,951,0,0
2021-02-17T23:59:59+01:00,77,152,330,753,541,1430,705,2311,1007,1852,635,571,1385,2111,2106,4498,51,88,230,454,390,895,498,1470,781,1181,535,483,492,828,1546,3499,18485,13407,1296,14,683,0,0
2021-02-16T23:59:59+01:00,72,146,315,714,513,1357,673,2203,982,1748,625,564,1142,1766,1988,4319,50,79,229,449,384,865,485,1405,755,1114,514,470,490,828,1543,3498,17578,13156,1058,2,491,0,0
2021-02-15T23:59:59+01:00,67,130,289,611,478,1216,617,1991,932,1589,616,562,1059,1661,1937,4257,50,79,227,444,380,859,484,1401,753,1107,514,470,489,825,1542,3495,17254,13119,720,0,38,0,0
2021-02-14T23:59:59+01:00,66,123,285,586,473,1187,606,1937,918,1567,616,562,962,1538,1891,4200,50,79,227,444,380,859,484,1399,753,1107,514,470,489,825,1542,3495,16928,13117,566,0,23,0,0
2021-02-13T23:59:59+01:00,66,122,285,585,472,1183,605,1935,917,1564,615,561,962,1533,1888,4198,50,79,227,443,378,855,483,1394,751,1106,512,468,472,787,1288,3036,16902,12329,566,0,23,0,0
2021-02-12T23:59:59+01:00,65,122,284,584,468,1179,605,1931,914,1563,612,560,923,1482,1868,4157,50,79,227,439,375,846,478,1386,745,1100,505,460,454,748,937,2338,16731,11167,566,0,20,0,0
2021-02-11T23:59:59+01:00,65,116,281,573,455,1152,599,1905,907,1551,611,559,881,1424,1846,4120,50,76,212,409,361,799,462,1313,730,1069,502,459,454,748,936,2337,16556,10917,483,0,6,0,0
2021-02-10T23:59:59+01:00,64,116,277,570,453,1148,595,1889,902,1547,611,559,873,1408,1825,4076,49,66,178,332,307,697,413,1142,651,976,467,449,449,748,936,2336,16455,10196,456,0,2,0,0
2021-02-09T23:59:59+01:00,62,115,271,567,450,1135,594,1875,896,1541,610,558,861,1373,1760,3973,41,54,125,255,231,546,332,940,549,822,432,438,445,747,934,2336,16212,9227,428,0,1,0,0
2021-02-08T23:59:59+01:00,61,115,268,558,447,1128,593,1860,890,1533,609,556,760,1222,1705,3891,37,44,86,165,168,408,267,702,489,687,424,431,441,744,933,2336,15792,8362,403,0,1,0,0
2021-02-07T23:59:59+01:00,58,112,259,536,431,1097,577,1757,855,1454,608,555,658,1095,1658,3808,36,43,82,163,165,401,262,689,484,676,422,431,441,744,933,2335,15423,8307,95,0,0,0,0
2021-02-06T23:59:59+01:00,58,112,258,536,431,1097,575,1756,853,1451,605,553,655,1086,1652,3801,33,42,81,160,162,391,258,681,473,668,414,430,406,696,700,1952,15384,7547,95,0,0,0,0
2021-02-05T23:59:59+01:00,58,112,256,533,431,1095,574,1755,851,1449,604,553,645,1079,1646,3790,31,40,77,154,157,383,250,662,456,658,408,430,400,671,308,1331,15336,6416,95,0,0,0,0
2021-02-04T23:59:59+01:00,56,110,251,526,425,1079,558,1728,847,1435,597,544,562,963,1598,3731,30,37,73,149,151,372,236,641,439,644,403,424,395,664,306,1325,14983,6289,27,0,0,0,0
2021-02-03T23:59:59+01:00,55,105,247,519,424,1060,556,1714,845,1420,593,534,551,953,1595,3718,23,29,59,117,118,273,172,501,330,495,299,323,318,522,231,1058,14864,4868,25,0,0,0,0
2021-02-02T23:59:59+01:00,55,104,244,513,424,1042,544,1681,837,1396,580,525,540,906,1586,3673,16,22,40,76,82,180,120,337,215,357,210,217,202,327,166,700,14625,3267,25,0,0,0,0
2021-02-01T23:59:59+01:00,55,102,240,505,422,1027,536,1660,833,1373,572,519,523,877,1578,3626,6,11,20,40,44,92,64,168,93,160,99,100,85,153,72,310,14423,1517,25,0,0,0,0
2021-01-31T23:59:59+01:00,55,102,239,504,420,1023,534,1655,831,1370,572,518,523,877,1578,3625,6,11,18,36,39,78,60,142,80,145,95,99,84,152,70,309,14401,1424,25,0,0,0,0
2021-01-30T23:59:59+01:00,55,102,239,504,420,1023,534,1655,831,1370,572,518,523,877,1578,3625,6,11,18,36,39,78,60,142,80,145,95,98,84,152,70,309,14401,1423,25,0,0,0,0
2021-01-29T23:59:59+01:00,55,102,239,504,420,1023,534,1655,831,1370,572,518,523,877,1578,3625,6,11,18,36,39,78,60,142,80,145,95,98,84,152,70,309,14401,1423,25,0,0,0,0
2021-01-28T23:59:59+01:00,53,94,235,476,408,957,516,1569,808,1288,559,503,517,860,1576,3610,2,2,4,6,10,13,19,34,21,30,16,21,19,33,17,92,14010,339,19,0,0,0,0
2021-01-27T23:59:59+01:00,51,90,235,466,400,918,506,1503,788,1205,547,490,515,858,1576,3610,2,2,4,6,8,13,19,33,21,29,16,21,19,33,17,92,13741,335,17,0,0,0,0
2021-01-26T23:59:59+01:00,50,84,231,463,393,889,495,1435,763,1138,525,477,513,858,1576,3610,1,2,4,6,8,12,17,29,17,24,14,18,17,31,17,85,13484,302,16,0,0,0,0
2021-01-25T23:59:59+01:00,50,84,228,458,389,883,495,1432,762,1133,525,477,513,857,1576,3608,0,0,0,0,0,0,0,0,0,0,1,1,0,2,0,0,13455,4,15,0,0,0,0
2021-01-24T23:59:59+01:00,50,84,228,458,389,883,495,1431,762,1133,525,477,513,857,1576,3608,0,0,0,0,0,0,0,0,0,0,1,1,0,2,0,0,13454,4,15,0,0,0,0
2021-01-23T23:59:59+01:00,50,84,228,457,388,879,495,1425,761,1131,522,475,496,819,1324,3139,0,0,0,0,0,0,0,0,0,0,1,1,0,2,0,0,12658,4,15,0,0,0,0
2021-01-22T23:59:59+01:00,50,84,227,453,384,870,490,1416,756,1124,516,467,479,778,961,2418,0,0,0,0,0,0,0,0,0,0,1,1,0,2,0,0,11458,4,15,0,0,0,0
2021-01-21T23:59:59+01:00,50,81,209,420,357,814,463,1317,730,1090,512,467,479,778,960,2417,0,0,0,0,0,0,0,0,0,0,1,1,0,2,0,0,11129,4,15,0,0,0,0
2021-01-20T23:59:59+01:00,48,71,181,349,316,729,420,1163,660,999,476,456,474,778,960,2416,0,0,0,0,0,0,0,0,0,0,1,1,0,2,0,0,10481,4,15,0,0,0,0
2021-01-19T23:59:59+01:00,42,58,135,272,243,571,345,981,570,859,441,446,470,777,960,2416,0,0,0,0,0,0,0,0,0,0,1,0,0,2,0,0,9579,3,7,0,0,0,0
2021-01-18T23:59:59+01:00,38,45,86,173,174,421,278,718,499,702,432,439,467,772,958,2416,0,0,0,0,0,0,0,0,0,0,0,0,0,1,0,0,8618,1,0,0,0,0,0
2021-01-17T23:59:59+01:00,36,44,83,169,170,413,274,707,494,689,430,439,467,772,958,2415,0,0,0,0,0,0,0,0,0,0,0,0,0,0,0,0,8560,0,0,0,0,0,0
2021-01-16T23:59:59+01:00,33,43,81,167,166,404,267,700,479,681,422,438,429,725,718,2027,0,0,0,0,0,0,0,0,0,0,0,0,0,0,0,0,7780,0,0,0,0,0,0
2021-01-15T23:59:59+01:00,31,41,78,160,163,398,260,683,465,673,416,437,424,701,319,1395,0,0,0,0,0,0,0,0,0,0,0,0,0,0,0,0,6644,0,0,0,0,0,0
2021-01-14T23:59:59+01:00,31,39,77,156,158,393,252,674,454,665,413,435,424,700,319,1395,0,0,0,0,0,0,0,0,0,0,0,0,0,0,0,0,6585,0,0,0,0,0,0
2021-01-13T23:59:59+01:00,23,31,61,123,123,298,192,540,346,522,314,334,348,553,244,1120,0,0,0,0,0,0,0,0,0,0,0,0,0,0,0,0,5172,0,0,0,0,0,0
2021-01-12T23:59:59+01:00,16,24,45,85,88,210,139,390,236,387,224,228,227,356,177,760,0,0,0,0,0,0,0,0,0,0,0,0,0,0,0,0,3592,0,0,0,0,0,0
2021-01-11T23:59:59+01:00,8,15,26,44,58,134,88,220,124,205,112,109,99,173,82,338,0,0,0,0,0,0,0,0,0,0,0,0,0,0,0,0,1835,0,0,0,0,0,0
2021-01-10T23:59:59+01:00,7,15,22,41,51,106,80,179,105,172,106,105,95,171,79,338,0,0,0,0,0,0,0,0,0,0,0,0,0,0,0,0,1672,0,0,0,0,0,0
2021-01-09T23:59:59+01:00,7,15,22,41,51,106,80,179,105,172,106,104,95,171,79,338,0,0,0,0,0,0,0,0,0,0,0,0,0,0,0,0,1671,0,0,0,0,0,0
2021-01-08T23:59:59+01:00,7,14,21,40,49,100,75,168,99,169,103,100,90,162,77,329,0,0,0,0,0,0,0,0,0,0,0,0,0,0,0,0,1603,0,0,0,0,0,0
2021-01-07T23:59:59+01:00,2,3,4,7,10,14,20,34,23,34,17,21,20,34,19,96,0,0,0,0,0,0,0,0,0,0,0,0,0,0,0,0,358,0,0,0,0,0,0
2021-01-06T23:59:59+01:00,2,2,4,6,8,13,20,33,21,31,17,21,20,34,19,95,0,0,0,0,0,0,0,0,0,0,0,0,0,0,0,0,346,0,0,0,0,0,0
2021-01-05T23:59:59+01:00,2,2,4,6,8,13,20,33,21,31,17,21,20,34,19,95,0,0,0,0,0,0,0,0,0,0,0,0,0,0,0,0,346,0,0,0,0,0,0
2021-01-04T23:59:59+01:00,0,0,0,0,0,0,1,0,0,0,1,1,0,2,0,0,0,0,0,0,0,0,0,0,0,0,0,0,0,0,0,0,5,0,0,0,0,0,0
2021-01-03T23:59:59+01:00,0,0,0,0,0,0,1,0,0,0,1,1,0,2,0,0,0,0,0,0,0,0,0,0,0,0,0,0,0,0,0,0,5,0,0,0,0,0,0
2021-01-02T23:59:59+01:00,0,0,0,0,0,0,1,0,0,0,1,1,0,2,0,0,0,0,0,0,0,0,0,0,0,0,0,0,0,0,0,0,5,0,0,0,0,0,0
2021-01-01T23:59:59+01:00,0,0,0,0,0,0,1,0,0,0,1,1,0,2,0,0,0,0,0,0,0,0,0,0,0,0,0,0,0,0,0,0,5,0,0,0,0,0,0
2020-12-31T23:59:59+01:00,0,0,0,0,0,0,1,0,0,0,1,1,0,2,0,0,0,0,0,0,0,0,0,0,0,0,0,0,0,0,0,0,5,0,0,0,0,0,0
2020-12-30T23:59:59+01:00,0,0,0,0,0,0,1,0,0,0,1,1,0,2,0,0,0,0,0,0,0,0,0,0,0,0,0,0,0,0,0,0,5,0,0,0,0,0,0
2020-12-29T23:59:59+01:00,0,0,0,0,0,0,1,0,0,0,1,0,0,2,0,0,0,0,0,0,0,0,0,0,0,0,0,0,0,0,0,0,4,0,0,0,0,0,0
2020-12-28T23:59:59+01:00,0,0,0,0,0,0,0,0,0,0,1,0,0,1,0,0,0,0,0,0,0,0,0,0,0,0,0,0,0,0,0,0,2,0,0,0,0,0,0
2020-12-27T23:59:59+01:00,0,0,0,0,0,0,0,0,0,0,0,0,0,0,0,0,0,0,0,0,0,0,0,0,0,0,0,0,0,0,0,0,0,0,0,0,0,0,0
