Datum,<15_1_m,<15_1_w,15-24_1_m,15-24_1_w,25-34_1_m,25-34_1_w,35-44_1_m,35-44_1_w,45-54_1_m,45-54_1_w,55-64_1_m,55-64_1_w,65-74_1_m,65-74_1_w,75-84_1_m,75-84_1_w,>84_1_m,>84_1_w,<15_2_m,<15_2_w,15-24_2_m,15-24_2_w,25-34_2_m,25-34_2_w,35-44_2_m,35-44_2_w,45-54_2_m,45-54_2_w,55-64_2_m,55-64_2_w,65-74_2_m,65-74_2_w,75-84_2_m,75-84_2_w,>84_2_m,>84_2_w,bp_1,bp_2,mo_1,mo_2,az_1,az_2,ja,unb_1,unb_2
2021-12-03T23:59:59+01:00,3869,3608,19148,17689,21824,20188,24275,24260,30532,31260,36398,37091,26677,29712,18009,23027,5448,10368,2397,2202,16051,15099,19148,17589,21987,21795,28237,28909,34410,35028,25797,28675,17451,22282,5259,9912,284655,256981,33295,31536,46669,44959,18714,83,38
2021-12-02T23:59:59+01:00,3749,3486,19086,17628,21773,20138,24232,24201,30484,31211,36366,37036,26651,29694,17996,23006,5446,10358,2338,2134,15915,14956,19034,17490,21891,21680,28119,28791,34332,34944,25764,28629,17426,22265,5255,9906,283842,255695,33280,31477,46669,44959,18700,83,38
2021-12-01T23:59:59+01:00,3652,3394,19049,17590,21727,20076,24193,24168,30442,31179,36328,36997,26630,29662,17982,22984,5442,10349,2306,2105,15818,14854,18921,17392,21806,21601,28022,28714,34260,34881,25739,28596,17419,22245,5253,9896,283169,254704,33276,31449,46669,44957,18680,83,38
2021-11-30T23:59:59+01:00,3545,3298,19011,17548,21693,20034,24165,24111,30408,31136,36295,36949,26603,29632,17961,22966,5438,10337,2278,2073,15736,14759,18812,17296,21733,21527,27957,28652,34189,34824,25710,28562,17412,22229,5249,9886,282463,253800,33273,31414,46669,44957,18675,83,38
2021-11-29T23:59:59+01:00,3416,3184,18983,17523,21663,20001,24138,24085,30388,31108,36274,36923,26588,29603,17953,22951,5433,10333,2259,2042,15664,14696,18760,17242,21668,21479,27905,28604,34140,34789,25695,28540,17402,22217,5246,9880,281888,253179,33271,31386,46669,44957,18668,83,38
2021-11-28T23:59:59+01:00,3389,3146,18951,17503,21637,19971,24118,24061,30358,31084,36250,36901,26576,29588,17947,22942,5431,10326,2245,2025,15622,14663,18704,17199,21645,21450,27860,28580,34101,34763,25689,28525,17398,22208,5246,9877,281524,252759,33271,31386,46669,44953,18664,83,38
2021-11-27T23:59:59+01:00,3334,3102,18919,17473,21599,19935,24085,24035,30332,31067,36233,36879,26573,29578,17944,22938,5431,10325,2210,2001,15473,14528,18587,17089,21537,21388,27761,28522,34054,34714,25677,28516,17394,22204,5245,9877,281128,251736,33270,31386,46669,44953,18664,83,38
2021-11-26T23:59:59+01:00,3284,3064,18832,17415,21527,19874,24045,23974,30288,31038,36199,36842,26556,29555,17936,22925,5430,10318,2171,1968,15275,14352,18429,16987,21404,21286,27650,28421,33983,34645,25657,28496,17389,22197,5244,9874,280462,250413,33257,31361,46669,44953,18663,83,38
2021-11-25T23:59:59+01:00,3206,2996,18774,17354,21469,19806,24004,23928,30240,30981,36154,36783,26528,29524,17919,22906,5429,10307,2138,1942,15197,14286,18339,16905,21334,21219,27571,28359,33928,34582,25642,28479,17385,22181,5240,9869,279703,249642,33232,31310,46669,44953,18653,83,38
2021-11-24T23:59:59+01:00,3165,2951,18728,17303,21422,19754,23959,23878,30206,30936,36094,36732,26501,29486,17905,22881,5425,10298,2117,1925,15113,14213,18255,16833,21258,21150,27505,28298,33877,34536,25626,28453,17372,22162,5237,9863,279039,248894,33225,31268,46669,44953,18640,83,38
2021-11-23T23:59:59+01:00,3121,2909,18669,17270,21377,19690,23920,23838,30161,30891,36055,36696,26484,29457,17896,22854,5423,10289,2105,1913,15051,14149,18196,16773,21206,21106,27446,28251,33837,34489,25614,28433,17365,22145,5237,9854,278428,248314,33219,31232,46669,44953,18633,83,38
2021-11-22T23:59:59+01:00,3085,2873,18627,17228,21330,19642,23883,23795,30127,30852,36016,36649,26456,29421,17887,22843,5421,10278,2100,1902,15016,14120,18155,16743,21168,21081,27410,28223,33809,34462,25603,28423,17357,22135,5237,9849,277862,247968,33216,31221,46668,44950,18616,83,38
2021-11-21T23:59:59+01:00,3058,2857,18584,17193,21290,19608,23847,23771,30096,30826,35980,36617,26445,29400,17882,22833,5418,10273,2098,1900,14998,14116,18139,16724,21159,21070,27396,28203,33795,34450,25595,28414,17355,22126,5236,9846,277440,247810,33216,31221,46667,44947,18604,83,38
2021-11-20T23:59:59+01:00,3023,2824,18486,17119,21206,19523,23752,23700,30030,30785,35951,36580,26428,29378,17877,22828,5417,10270,2096,1892,14966,14093,18085,16699,21137,21048,27375,28178,33773,34436,25584,28407,17353,22121,5236,9845,276640,247516,33215,31220,46667,44946,18604,83,38
2021-11-19T23:59:59+01:00,2952,2774,18323,16968,21079,19402,23644,23587,29923,30686,35878,36502,26402,29347,17866,22809,5416,10263,2071,1862,14819,13995,17969,16603,21046,20972,27263,28102,33706,34381,25571,28390,17342,22113,5236,9843,275322,246522,33183,31180,46667,44946,18598,83,38
2021-11-18T23:59:59+01:00,2902,2727,18205,16877,20946,19288,23563,23502,29848,30606,35801,36423,26374,29307,17846,22785,5410,10259,2054,1843,14752,13941,17901,16554,20989,20924,27218,28046,33646,34338,25556,28368,17333,22095,5233,9838,274267,245972,33141,31130,46667,44946,18543,83,38
2021-11-17T23:59:59+01:00,2853,2675,18095,16777,20848,19175,23466,23395,29768,30527,35739,36346,26325,29258,17829,22755,5404,10250,2038,1829,14702,13896,17857,16502,20945,20888,27172,28007,33604,34306,25535,28342,17325,22075,5230,9821,273130,245464,33121,31107,46664,44946,18519,83,38
2021-11-16T23:59:59+01:00,2809,2648,17967,16676,20732,19058,23350,23300,29683,30455,35669,36280,26292,29213,17808,22720,5401,10245,2022,1818,14666,13851,17818,16460,20903,20856,27145,27957,33563,34264,25518,28334,17315,22063,5229,9812,271986,245023,33099,31081,46664,44946,18506,83,38
2021-11-15T23:59:59+01:00,2788,2617,17882,16603,20642,18981,23289,23233,29618,30378,35615,36227,26274,29187,17795,22711,5400,10237,2013,1810,14615,13830,17786,16439,20887,20823,27114,27918,33545,34238,25507,28314,17308,22051,5220,9785,271184,244664,33093,31067,46661,44946,18488,83,38
2021-11-14T23:59:59+01:00,2769,2586,17834,16577,20591,18933,23247,23191,29582,30338,35592,36187,26261,29172,17791,22703,5397,10232,2008,1805,14592,13814,17761,16422,20869,20809,27093,27888,33523,34223,25497,28308,17302,22048,5217,9781,270735,244464,33091,31067,46659,44945,18446,83,38
2021-11-13T23:59:59+01:00,2719,2533,17621,16434,20397,18794,23133,23084,29464,30251,35517,36115,26248,29157,17783,22692,5395,10230,2003,1798,14560,13799,17733,16396,20840,20786,27069,27872,33499,34200,25489,28300,17298,22043,5217,9781,269321,244188,33090,31067,46659,44945,18445,83,38
2021-11-12T23:59:59+01:00,2659,2466,17338,16198,20177,18599,22968,22941,29301,30098,35395,36013,26223,29128,17768,22666,5389,10225,1995,1779,14477,13736,17641,16322,20758,20743,26995,27806,33461,34155,25484,28284,17297,22033,5217,9778,267376,243516,33039,31036,46658,44944,18427,83,38
2021-11-11T23:59:59+01:00,2597,2410,17146,16036,20016,18463,22820,22795,29165,29982,35321,35918,26185,29088,17750,22649,5386,10215,1980,1758,14400,13677,17572,16258,20688,20678,26931,27750,33408,34115,25466,28258,17292,22021,5213,9775,265921,242946,32961,30963,46658,44943,18350,83,38
2021-11-10T23:59:59+01:00,2548,2374,17014,15916,19868,18347,22717,22692,29064,29898,35250,35844,26158,29055,17741,22630,5382,10203,1971,1745,14364,13623,17527,16218,20643,20626,26881,27696,33369,34078,25439,28229,17276,22012,5213,9772,264748,242452,32928,30933,46657,44943,18316,83,38
2021-11-09T23:59:59+01:00,2529,2344,16899,15802,19761,18245,22606,22591,28986,29826,35181,35780,26136,29028,17726,22615,5380,10196,1964,1731,14338,13587,17503,16194,20617,20600,26850,27663,33334,34049,25427,28214,17268,22003,5213,9766,263715,242143,32906,30896,46657,44943,18301,83,38
2021-11-08T23:59:59+01:00,2424,2224,16664,15614,19635,18134,22499,22500,28892,29746,35104,35720,26111,29009,17713,22600,5378,10191,1953,1725,14292,13541,17476,16158,20593,20564,26820,27632,33307,34016,25415,28196,17266,21995,5209,9764,262283,241802,32905,30873,46651,44942,18267,83,38
2021-11-07T23:59:59+01:00,2410,2208,16615,15577,19578,18084,22453,22461,28848,29718,35064,35689,26102,29001,17706,22594,5378,10189,1942,1719,14274,13514,17457,16131,20574,20544,26809,27613,33286,34000,25406,28186,17259,21988,5208,9761,261838,241585,32904,30873,46648,44942,18233,83,38
2021-11-06T23:59:59+01:00,2372,2167,16399,15392,19407,17943,22321,22362,28728,29629,34999,35634,26089,28989,17701,22590,5377,10188,1937,1717,14249,13497,17433,16113,20562,20530,26794,27601,33280,33986,25402,28182,17257,21986,5208,9760,260452,241408,32902,30873,46648,44942,18233,83,38
2021-11-05T23:59:59+01:00,2299,2099,16087,15107,19167,17716,22112,22182,28563,29478,34890,35552,26073,28969,17694,22579,5377,10186,1920,1705,14168,13418,17375,16061,20509,20484,26752,27566,33258,33967,25396,28173,17252,21975,5208,9757,258452,240995,32841,30832,46648,44942,18137,83,38
2021-11-04T23:59:59+01:00,2263,2068,15941,14965,19018,17582,22006,22067,28455,29369,34809,35503,26060,28945,17691,22570,5376,10185,1900,1685,14109,13356,17314,15994,20458,20417,26708,27508,33214,33926,25383,28155,17239,21963,5208,9748,257424,240567,32795,30783,46643,44938,17959,83,38
2021-11-03T23:59:59+01:00,2245,2044,15820,14864,18919,17505,21908,21984,28370,29306,34752,35473,26040,28923,17684,22559,5374,10182,1882,1671,14072,13316,17276,15947,20422,20386,26672,27467,33173,33896,25368,28135,17230,21946,5207,9739,256546,240137,32789,30769,46642,44938,17923,83,38
2021-11-02T23:59:59+01:00,2236,2031,15749,14794,18833,17434,21833,21927,28303,29264,34716,35439,26028,28907,17679,22557,5373,10179,1862,1659,14028,13274,17228,15918,20386,20351,26643,27442,33140,33863,25358,28120,17225,21936,5205,9733,255939,239753,32760,30754,46642,44937,17889,83,38
2021-11-01T23:59:59+01:00,2229,2018,15691,14752,18768,17401,21790,21898,28266,29243,34696,35422,26022,28906,17677,22554,5373,10178,1850,1652,13991,13251,17206,15891,20366,20337,26622,27424,33128,33856,25350,28116,17222,21927,5204,9731,255565,239537,32760,30746,46640,44936,17867,83,38
2021-10-31T23:59:59+01:00,2229,2018,15691,14752,18768,17401,21790,21898,28265,29243,34696,35422,26022,28906,17677,22554,5373,10178,1850,1652,13991,13251,17206,15890,20366,20337,26621,27424,33128,33856,25350,28116,17222,21927,5204,9731,255565,239536,32760,30746,46640,44936,17866,83,38
2021-10-30T23:59:59+02:00,2227,2015,15688,14752,18768,17401,21788,21897,28264,29243,34696,35421,26022,28905,17677,22554,5373,10178,1848,1651,13990,13251,17206,15890,20366,20337,26621,27424,33127,33856,25350,28116,17222,21927,5204,9731,255552,239531,32759,30746,46640,44936,17866,83,38
2021-10-29T23:59:59+02:00,2203,1984,15558,14649,18623,17290,21667,21811,28147,29172,34628,35381,26011,28897,17672,22552,5373,10176,1835,1638,13925,13216,17155,15843,20317,20315,26584,27399,33108,33836,25347,28112,17220,21923,5204,9728,254645,239276,32711,30709,46640,44936,17746,83,38
2021-10-28T23:59:59+02:00,2180,1955,15419,14550,18440,17173,21546,21723,28049,29099,34566,35333,25998,28885,17668,22545,5373,10174,1821,1622,13846,13144,17061,15777,20256,20259,26536,27356,33069,33810,25325,28093,17212,21913,5200,9724,253802,238881,32626,30615,46639,44933,17557,83,38
2021-10-27T23:59:59+02:00,2155,1942,15359,14490,18392,17123,21489,21695,28015,29068,34539,35313,25993,28869,17661,22542,5373,10173,1809,1608,13814,13111,17040,15756,20241,20241,26517,27321,33046,33790,25307,28072,17204,21897,5196,9722,253351,238584,32623,30611,46639,44933,17526,83,38
2021-10-26T23:59:59+02:00,2142,1918,15317,14459,18355,17087,21458,21678,27997,29048,34520,35303,25986,28865,17658,22540,5373,10173,1800,1601,13789,13073,17016,15728,20219,20220,26500,27303,33024,33777,25297,28054,17194,21878,5192,9705,253049,238277,32617,30602,46639,44933,17520,83,38
2021-10-25T23:59:59+02:00,2135,1913,15284,14441,18333,17070,21443,21669,27984,29042,34516,35298,25986,28863,17658,22540,5373,10173,1799,1601,13785,13069,17013,15726,20219,20217,26499,27302,33021,33775,25297,28054,17194,21877,5192,9705,252897,238256,32613,30598,46639,44933,17520,83,38
2021-10-24T23:59:59+02:00,2125,1907,15269,14434,18317,17060,21430,21661,27971,29029,34508,35291,25985,28858,17656,22540,5373,10173,1793,1595,13772,13050,17005,15713,20211,20208,26489,27296,33016,33767,25293,28049,17192,21876,5191,9704,252773,238140,32613,30598,46638,44933,17511,83,38
2021-10-23T23:59:59+02:00,2125,1907,15269,14434,18316,17060,21430,21660,27971,29029,34508,35291,25985,28858,17656,22540,5373,10173,1793,1595,13772,13050,17005,15713,20211,20208,26489,27296,33015,33767,25293,28049,17192,21876,5191,9704,252771,238139,32613,30598,46638,44933,17511,83,38
2021-10-22T23:59:59+02:00,2110,1890,15202,14388,18222,17001,21362,21610,27917,28982,34477,35275,25985,28854,17655,22537,5372,10172,1776,1574,13719,12986,16959,15678,20178,20184,26468,27278,32995,33750,25285,28047,17192,21873,5191,9703,252299,237818,32552,30577,46638,44933,17470,83,38
2021-10-21T23:59:59+02:00,2080,1858,15083,14304,18102,16910,21271,21550,27843,28919,34412,35236,25971,28834,17649,22527,5371,10168,1749,1557,13640,12905,16892,15628,20120,20139,26413,27232,32947,33715,25268,28028,17181,21850,5190,9698,251541,237344,32496,30477,46638,44933,17360,83,38
2021-10-20T23:59:59+02:00,2068,1847,15032,14271,18053,16873,21223,21510,27812,28893,34384,35218,25964,28821,17641,22516,5370,10163,1727,1544,13610,12871,16859,15592,20089,20108,26382,27202,32924,33682,25248,28016,17170,21840,5190,9693,251139,236965,32482,30465,46638,44933,17346,83,38
2021-10-19T23:59:59+02:00,2059,1840,15012,14241,18031,16852,21207,21495,27799,28877,34366,35206,25952,28812,17639,22513,5370,10163,1713,1526,13589,12833,16823,15555,20059,20084,26357,27178,32893,33660,25231,27999,17164,21826,5186,9687,250928,236596,32482,30464,46638,44933,17332,83,38
2021-10-18T23:59:59+02:00,2054,1833,14990,14223,18014,16832,21182,21470,27784,28865,34353,35192,25950,28806,17637,22510,5367,10162,1699,1514,13562,12802,16808,15527,20038,20059,26339,27153,32878,33641,25219,27990,17160,21818,5183,9685,250742,236335,32471,30452,46638,44931,17319,83,38
2021-10-17T23:59:59+02:00,2050,1831,14969,14213,18011,16826,21178,21464,27778,28856,34350,35187,25945,28803,17635,22510,5366,10158,1697,1508,13535,12781,16788,15511,20024,20042,26323,27141,32868,33630,25210,27982,17156,21815,5178,9676,250658,236140,32470,30451,46638,44926,17310,83,38
2021-10-16T23:59:59+02:00,2050,1830,14969,14210,18011,16826,21177,21464,27778,28856,34350,35187,25945,28803,17635,22510,5366,10158,1697,1508,13535,12781,16788,15511,20024,20042,26323,27141,32868,33630,25210,27982,17156,21815,5178,9676,250653,236140,32470,30451,46638,44926,17310,83,38
2021-10-15T23:59:59+02:00,2045,1815,14940,14176,17991,16803,21153,21450,27762,28845,34335,35181,25945,28800,17634,22506,5366,10156,1680,1486,13465,12726,16754,15478,19987,20016,26301,27116,32857,33614,25207,27979,17151,21812,5177,9675,250483,235818,32445,30416,46638,44926,17283,83,38
2021-10-14T23:59:59+02:00,2017,1798,14850,14107,17930,16749,21115,21417,27725,28814,34306,35159,25937,28792,17630,22498,5365,10150,1653,1457,13368,12630,16689,15415,19941,19946,26243,27064,32814,33579,25189,27957,17137,21793,5175,9672,250075,235289,32389,30266,46638,44926,17203,83,38
2021-10-13T23:59:59+02:00,2002,1789,14818,14064,17905,16721,21100,21398,27701,28798,34285,35146,25930,28782,17622,22490,5364,10147,1638,1445,13323,12590,16659,15380,19903,19900,26215,27038,32785,33538,25169,27936,17128,21768,5170,9666,249797,234839,32387,30262,46638,44926,17186,83,38
2021-10-12T23:59:59+02:00,1993,1784,14786,14033,17886,16695,21075,21376,27682,28777,34266,35129,25925,28776,17620,22482,5363,10145,1624,1437,13282,12543,16635,15335,19869,19865,26190,27011,32757,33515,25151,27912,17116,21747,5160,9635,249538,234382,32385,30260,46638,44926,17178,83,38
2021-10-11T23:59:59+02:00,1987,1776,14763,14020,17872,16678,21061,21364,27670,28767,34257,35115,25921,28769,17616,22477,5363,10141,1620,1426,13248,12511,16618,15308,19850,19839,26171,26984,32732,33486,25133,27891,17109,21735,5159,9625,249378,234058,32385,30260,46637,44926,17163,83,38
2021-10-10T23:59:59+02:00,1974,1763,14745,14002,17854,16663,21053,21350,27664,28762,34247,35108,25921,28765,17615,22474,5361,10141,1600,1416,13220,12485,16591,15279,19830,19819,26155,26965,32719,33471,25125,27881,17104,21732,5157,9622,249237,233802,32385,30260,46637,44922,17149,83,38
2021-10-09T23:59:59+02:00,1974,1763,14745,14002,17853,16662,21052,21349,27664,28762,34246,35107,25921,28763,17615,22474,5361,10141,1600,1416,13220,12485,16590,15279,19829,19819,26155,26964,32718,33469,25125,27879,17104,21732,5157,9622,249235,233801,32385,30259,46637,44922,17143,83,38
2021-10-08T23:59:59+02:00,1957,1748,14708,13980,17825,16637,21029,21334,27645,28747,34231,35092,25916,28762,17615,22472,5360,10139,1577,1377,13143,12397,16534,15228,19776,19779,26126,26930,32697,33448,25114,27868,17099,21727,5155,9621,249039,233294,32367,30242,46637,44922,17100,83,38
2021-10-07T23:59:59+02:00,1935,1728,14637,13907,17756,16585,20983,21273,27597,28719,34181,35062,25892,28740,17607,22460,5359,10135,1537,1344,13045,12323,16471,15156,19726,19730,26052,26877,32648,33405,25089,27846,17081,21708,5148,9605,248580,232774,32310,30082,46636,44921,16976,83,38
2021-10-06T23:59:59+02:00,1927,1710,14601,13872,17732,16557,20964,21249,27568,28688,34148,35041,25878,28727,17604,22455,5356,10132,1520,1331,13018,12284,16446,15128,19701,19704,26024,26850,32625,33375,25077,27833,17071,21696,5146,9599,248278,232458,32310,30082,46636,44921,16929,83,38
2021-10-05T23:59:59+02:00,1920,1698,14577,13835,17700,16541,20943,21228,27546,28661,34128,35014,25861,28711,17595,22444,5356,10129,1503,1316,12985,12252,16420,15110,19680,19681,26003,26823,32603,33357,25069,27824,17064,21689,5142,9594,247979,232167,32309,30082,46635,44920,16908,83,38
2021-10-04T23:59:59+02:00,1908,1693,14528,13797,17668,16512,20922,21207,27522,28637,34113,34995,25854,28694,17592,22439,5355,10126,1481,1300,12947,12215,16400,15080,19666,19657,25978,26795,32585,33329,25058,27814,17058,21682,5140,9590,247729,231879,32282,30079,46634,44919,16860,83,38
2021-10-03T23:59:59+02:00,1896,1687,14509,13768,17649,16494,20910,21197,27511,28625,34103,34986,25845,28689,17585,22431,5354,10124,1470,1290,12925,12197,16375,15062,19655,19646,25968,26782,32574,33316,25047,27803,17058,21674,5140,9590,247590,231728,32271,30075,46631,44918,16813,83,38
2021-10-02T23:59:59+02:00,1895,1687,14507,13767,17648,16493,20910,21196,27511,28625,34102,34986,25845,28688,17585,22431,5354,10124,1470,1290,12925,12196,16375,15062,19655,19646,25968,26782,32574,33316,25047,27803,17058,21674,5140,9590,247581,231727,32271,30075,46631,44918,16813,83,38
2021-10-01T23:59:59+02:00,1882,1668,14441,13703,17586,16441,20867,21154,27474,28605,34077,34967,25837,28684,17585,22425,5354,10121,1435,1253,12823,12094,16293,15005,19596,19597,25932,26747,32543,33288,25032,27788,17054,21666,5139,9588,247247,231156,32239,30065,46631,44918,16696,83,38
2021-09-30T23:59:59+02:00,1869,1648,14341,13617,17523,16383,20808,21103,27419,28547,34020,34941,25815,28667,17576,22415,5352,10118,1411,1229,12717,12019,16221,14955,19546,19544,25879,26689,32489,33260,25011,27766,17048,21654,5136,9587,246877,230843,32112,29884,46628,44909,16487,83,38
2021-09-29T23:59:59+02:00,1854,1628,14316,13592,17500,16341,20771,21073,27392,28514,33995,34918,25796,28651,17570,22405,5352,10117,1393,1216,12685,11986,16201,14927,19532,19525,25863,26671,32471,33237,24996,27753,17038,21641,5133,9583,246530,230563,32111,29884,46628,44908,16458,83,38
2021-09-28T23:59:59+02:00,1837,1619,14284,13560,17473,16306,20744,21037,27359,28491,33968,34894,25782,28631,17560,22395,5349,10111,1368,1210,12646,11955,16181,14900,19516,19499,25843,26660,32458,33216,24990,27742,17035,21635,5131,9582,246172,230306,32110,29884,46628,44907,16432,83,38
2021-09-27T23:59:59+02:00,1829,1614,14255,13533,17451,16283,20717,21014,27337,28471,33949,34872,25774,28618,17558,22387,5349,10108,1354,1199,12606,11920,16157,14878,19488,19481,25823,26637,32449,33196,24982,27729,17029,21627,5129,9581,245948,230067,32110,29884,46628,44901,16375,83,38
2021-09-26T23:59:59+02:00,1825,1609,14239,13513,17431,16266,20706,20999,27321,28456,33941,34859,25763,28613,17554,22386,5348,10107,1347,1195,12590,11900,16142,14861,19476,19469,25814,26626,32438,33185,24976,27727,17026,21623,5128,9580,245796,229937,32110,29883,46628,44901,16344,83,38
2021-09-25T23:59:59+02:00,1822,1607,14226,13496,17409,16254,20685,20988,27302,28440,33928,34851,25755,28608,17549,22383,5347,10105,1345,1193,12579,11885,16123,14850,19456,19457,25799,26609,32426,33177,24969,27722,17021,21620,5128,9578,245753,229910,32110,29883,46628,44901,16205,83,38
2021-09-24T23:59:59+02:00,1804,1583,14144,13416,17340,16205,20630,20938,27263,28396,33888,34820,25737,28597,17539,22373,5345,10101,1316,1174,12485,11781,16040,14781,19403,19396,25752,26573,32378,33147,24946,27701,17012,21608,5126,9574,245360,229395,32091,29878,46628,44901,15981,83,38
2021-09-23T23:59:59+02:00,1782,1563,14041,13317,17248,16119,20539,20861,27181,28336,33838,34760,25711,28574,17527,22354,5341,10094,1303,1165,12397,11706,15970,14714,19329,19346,25692,26516,32332,33111,24926,27682,17006,21597,5123,9568,244866,229062,31991,29840,46627,44900,15643,83,38
2021-09-22T23:59:59+02:00,1763,1550,14004,13269,17198,16076,20485,20813,27142,28289,33787,34709,25681,28547,17519,22332,5337,10090,1286,1156,12355,11660,15923,14680,19298,19317,25663,26488,32282,33076,24898,27657,17000,21583,5120,9559,244444,228739,31965,29831,46627,44898,15495,83,38
2021-09-21T23:59:59+02:00,1750,1535,13943,13215,17175,16026,20452,20773,27111,28248,33751,34688,25668,28529,17507,22308,5329,10062,1261,1133,12308,11600,15892,14652,19265,19278,25636,26460,32257,33049,24877,27639,16997,21574,5118,9548,243950,228357,31961,29781,46627,44896,15472,83,38
2021-09-20T23:59:59+02:00,1740,1528,13890,13177,17139,15985,20413,20740,27070,28210,33716,34653,25649,28502,17499,22291,5318,10035,1242,1129,12249,11566,15860,14629,19237,19251,25608,26436,32235,33025,24864,27626,16995,21566,5113,9534,243508,228051,31961,29781,46627,44896,15399,83,38
2021-09-19T23:59:59+02:00,1735,1519,13865,13151,17108,15963,20388,20721,27049,28181,33703,34639,25641,28493,17496,22288,5317,10033,1238,1118,12225,11545,15837,14609,19225,19232,25595,26424,32225,33014,24857,27621,16989,21560,5112,9534,243279,227883,31959,29780,46627,44894,15365,83,38
2021-09-18T23:59:59+02:00,1732,1515,13853,13139,17097,15956,20378,20714,27042,28177,33697,34635,25641,28493,17496,22287,5317,10033,1238,1116,12218,11537,15827,14604,19215,19229,25588,26420,32220,33012,24857,27621,16989,21560,5112,9534,243242,227863,31946,29775,46627,44894,15327,83,38
2021-09-17T23:59:59+02:00,1709,1481,13753,13025,16989,15880,20297,20643,26971,28117,33644,34591,25618,28470,17484,22276,5316,10030,1221,1099,12133,11460,15726,14527,19127,19157,25519,26351,32157,32969,24838,27601,16979,21542,5111,9530,242778,227422,31899,29763,46627,44894,14930,83,38
2021-09-16T23:59:59+02:00,1682,1443,13655,12915,16902,15783,20204,20552,26870,28031,33567,34525,25586,28437,17470,22252,5309,10009,1197,1073,12044,11381,15656,14462,19045,19077,25431,26270,32096,32914,24796,27563,16969,21529,5108,9519,242160,226953,31802,29704,46627,44892,14543,83,38
2021-09-15T23:59:59+02:00,1664,1434,13594,12863,16850,15721,20158,20500,26814,27980,33516,34470,25560,28405,17455,22223,5302,9986,1177,1057,11983,11320,15599,14409,18993,19025,25370,26220,32039,32859,24764,27530,16953,21510,5104,9508,241741,226514,31781,29688,46623,44890,14290,83,38
2021-09-14T23:59:59+02:00,1648,1423,13532,12795,16778,15669,20098,20453,26764,27924,33466,34419,25538,28386,17442,22212,5298,9981,1149,1035,11922,11258,15527,14349,18938,18981,25323,26167,31982,32807,24734,27507,16939,21494,5104,9503,241339,226122,31729,29594,46623,44890,14075,83,38
2021-09-13T23:59:59+02:00,1626,1407,13492,12758,16750,15642,20080,20428,26742,27899,33444,34395,25527,28378,17437,22201,5298,9978,1132,1020,11878,11225,15493,14327,18915,18951,25299,26139,31955,32785,24723,27496,16926,21485,5101,9502,241054,225813,31728,29592,46618,44888,14021,83,38
2021-09-12T23:59:59+02:00,1615,1404,13458,12735,16709,15626,20066,20417,26731,27880,33438,34383,25521,28371,17436,22197,5298,9975,1120,1014,11834,11205,15448,14308,18891,18930,25283,26126,31941,32771,24715,27487,16923,21481,5100,9499,240894,225597,31728,29592,46615,44887,13962,83,38
2021-09-11T23:59:59+02:00,1604,1403,13442,12723,16695,15617,20056,20414,26719,27874,33434,34379,25517,28370,17435,22196,5296,9975,1041,952,11767,11154,15432,14300,18883,18919,25270,26114,31933,32758,24713,27485,16922,21480,5100,9499,240829,225272,31707,29590,46615,44887,13935,83,38
2021-09-10T23:59:59+02:00,1565,1357,13294,12597,16623,15540,19948,20329,26637,27810,33372,34325,25477,28340,17419,22173,5290,9970,1014,927,11646,11051,15346,14217,18774,18835,25177,26057,31859,32701,24671,27455,16905,21460,5095,9494,240231,224715,31690,29579,46615,44887,13465,83,38
2021-09-09T23:59:59+02:00,1542,1336,13224,12532,16569,15490,19895,20290,26585,27743,33330,34285,25449,28322,17414,22160,5286,9963,994,903,11582,10978,15294,14166,18719,18804,25122,26016,31811,32667,24649,27440,16892,21450,5092,9483,239860,224339,31615,29539,46615,44887,13259,83,38
2021-09-08T23:59:59+02:00,1527,1319,13195,12508,16553,15466,19875,20277,26569,27731,33317,34274,25437,28314,17408,22154,5283,9960,982,887,11538,10934,15269,14148,18707,18787,25104,25992,31788,32656,24635,27425,16890,21444,5092,9481,239640,224061,31615,29539,46611,44886,13235,83,38
2021-09-07T23:59:59+02:00,1494,1301,13137,12461,16513,15434,19852,20248,26532,27710,33283,34244,25412,28296,17402,22139,5278,9954,964,878,11479,10869,15215,14095,18670,18754,25057,25947,31736,32629,24607,27402,16882,21427,5087,9479,239406,223753,31531,29424,46611,44886,13076,83,38
2021-09-06T23:59:59+02:00,1479,1293,13107,12426,16493,15411,19834,20228,26515,27695,33272,34235,25410,28284,17399,22134,5275,9954,951,868,11457,10837,15198,14064,18649,18739,25041,25927,31715,32614,24597,27390,16881,21419,5084,9479,239188,223526,31531,29413,46611,44885,13048,83,38
2021-09-05T23:59:59+02:00,1469,1285,13090,12406,16479,15394,19823,20221,26509,27686,33262,34223,25408,28281,17397,22130,5275,9954,944,863,11438,10821,15175,14048,18637,18729,25034,25921,31706,32594,24594,27379,16878,21414,5082,9478,239059,223375,31531,29413,46611,44884,13025,83,38
2021-09-04T23:59:59+02:00,1469,1285,13089,12405,16479,15394,19821,20221,26508,27686,33262,34223,25408,28281,17397,22129,5275,9954,943,863,11438,10819,15173,14048,18632,18729,25033,25919,31706,32592,24593,27379,16878,21414,5082,9478,239057,223364,31531,29412,46611,44884,13021,83,38
2021-09-03T23:59:59+02:00,1442,1269,12991,12308,16422,15339,19784,20182,26466,27659,33225,34206,25390,28270,17393,22118,5273,9953,899,829,11298,10692,15111,13974,18560,18683,24962,25870,31646,32556,24560,27351,16865,21398,5079,9474,238560,222554,31531,29409,46611,44884,12922,83,38
2021-09-02T23:59:59+02:00,1427,1262,12927,12266,16379,15305,19748,20154,26432,27625,33200,34185,25375,28258,17388,22113,5273,9949,894,823,11221,10654,15063,13939,18523,18662,24929,25848,31608,32526,24541,27330,16859,21393,5079,9472,238334,222292,31466,29366,46607,44875,12793,83,38
2021-09-01T23:59:59+02:00,1404,1247,12891,12228,16358,15285,19729,20139,26414,27605,33178,34159,25365,28247,17382,22103,5270,9945,878,801,11180,10619,15043,13911,18503,18642,24908,25826,31583,32493,24526,27316,16851,21387,5077,9470,238034,221962,31466,29363,46606,44874,12777,83,38
2021-08-31T23:59:59+02:00,1372,1226,12836,12168,16312,15249,19695,20094,26368,27556,33138,34124,25349,28226,17376,22090,5266,9941,856,776,11108,10550,14995,13850,18450,18609,24858,25772,31526,32450,24495,27300,16842,21374,5074,9463,237724,221533,31403,29334,46606,44855,12588,82,38
2021-08-30T23:59:59+02:00,1348,1211,12790,12130,16285,15227,19675,20077,26344,27539,33117,34107,25338,28216,17376,22086,5264,9939,848,765,11029,10517,14967,13829,18428,18585,24830,25756,31500,32423,24484,27285,16836,21367,5071,9460,237465,221235,31403,29334,46606,44844,12529,82,38
2021-08-29T23:59:59+02:00,1342,1205,12776,12113,16274,15218,19666,20067,26341,27530,33110,34093,25333,28210,17374,22085,5264,9939,835,756,11011,10479,14956,13812,18412,18571,24817,25746,31491,32411,24475,27273,16834,21361,5071,9460,237360,221055,31403,29333,46606,44840,12505,82,38
2021-08-28T23:59:59+02:00,1335,1191,12744,12092,16260,15206,19655,20053,26334,27520,33101,34087,25331,28205,17373,22082,5264,9938,816,731,10935,10408,14921,13779,18365,18544,24781,25713,31448,32380,24458,27260,16825,21345,5071,9457,237198,220528,31403,29333,46606,44840,12498,82,38
2021-08-27T23:59:59+02:00,1316,1176,12681,12037,16214,15158,19597,20004,26280,27469,33058,34057,25313,28194,17369,22068,5264,9935,813,725,10898,10373,14880,13752,18349,18529,24746,25688,31420,32358,24445,27249,16822,21341,5071,9456,236775,220366,31403,29332,46606,44839,12340,82,38
2021-08-26T23:59:59+02:00,1296,1160,12613,11981,16168,15115,19553,19964,26226,27411,33007,34012,25283,28165,17362,22058,5261,9931,803,710,10831,10323,14832,13708,18302,18500,24701,25651,31374,32319,24423,27232,16815,21332,5071,9452,236405,220049,31344,29317,46606,44832,12143,82,38
2021-08-25T23:59:59+02:00,1279,1145,12590,11939,16147,15088,19531,19948,26199,27393,32972,33983,25264,28146,17355,22051,5260,9928,789,697,10782,10281,14802,13679,18268,18469,24678,25632,31341,32281,24410,27215,16808,21322,5069,9449,236088,219673,31344,29317,46600,44828,12116,82,38
2021-08-24T23:59:59+02:00,1252,1127,12531,11866,16090,15044,19486,19907,26152,27348,32927,33950,25244,28122,17343,22039,5259,9923,767,677,10704,10207,14758,13639,18222,18433,24628,25581,31299,32244,24386,27188,16793,21306,5068,9448,235777,219260,31217,29277,46600,44828,11945,82,38
2021-08-23T23:59:59+02:00,1239,1114,12492,11830,16064,15025,19463,19872,26132,27312,32896,33927,25230,28110,17339,22030,5259,9920,744,661,10648,10153,14728,13598,18184,18399,24601,25551,31264,32210,24373,27168,16786,21303,5066,9447,235474,218851,31216,29277,46599,44825,11893,82,38
2021-08-22T23:59:59+02:00,1231,1107,12477,11809,16049,15009,19456,19853,26120,27301,32885,33911,25218,28104,17337,22028,5256,9920,729,652,10619,10124,14707,13581,18163,18388,24587,25533,31249,32197,24364,27157,16784,21298,5065,9446,235310,218630,31216,29277,46599,44824,11874,82,38
2021-08-21T23:59:59+02:00,1143,1035,12402,11751,16037,14997,19445,19841,26110,27289,32875,33895,25213,28100,17334,22025,5256,9920,718,646,10595,10094,14689,13577,18154,18374,24578,25527,31242,32191,24361,27157,16783,21298,5065,9446,234935,218506,31210,29275,46599,44824,11852,82,38
2021-08-20T23:59:59+02:00,1123,1019,12341,11682,15978,14942,19382,19802,26056,27256,32825,33868,25198,28089,17325,22020,5255,9918,714,640,10540,10057,14648,13542,18114,18348,24542,25508,31212,32174,24352,27150,16777,21295,5065,9445,234434,218222,31210,29275,46599,44824,11764,82,38
2021-08-19T23:59:59+02:00,1097,995,12271,11626,15917,14909,19332,19751,25995,27207,32781,33833,25167,28066,17313,22009,5252,9916,705,628,10443,9979,14579,13503,18058,18310,24474,25467,31145,32130,24311,27131,16768,21278,5064,9442,234141,217789,31118,29266,46598,44814,11508,82,38
2021-08-18T23:59:59+02:00,1085,979,12231,11590,15889,14879,19304,19722,25965,27176,32744,33807,25148,28054,17308,22000,5250,9915,691,617,10388,9911,14532,13480,18008,18281,24427,25429,31086,32091,24289,27113,16762,21265,5060,9436,233823,217331,31117,29258,46597,44803,11437,82,37
2021-08-17T23:59:59+02:00,1058,954,12180,11549,15861,14837,19272,19690,25937,27153,32708,33769,25130,28034,17298,21983,5249,9909,676,593,10294,9829,14478,13433,17953,18226,24377,25387,31026,32048,24260,27089,16751,21245,5057,9429,233521,216731,30992,29198,46597,44799,11388,82,35
2021-08-16T23:59:59+02:00,1046,947,12148,11522,15843,14821,19253,19671,25914,27129,32689,33747,25111,28019,17290,21968,5246,9907,660,580,10238,9761,14453,13390,17928,18188,24333,25352,30989,32017,24234,27055,16736,21231,5057,9426,233292,216284,30991,29198,46597,44793,11318,82,35
2021-08-15T23:59:59+02:00,1038,947,12123,11506,15829,14804,19239,19656,25903,27119,32668,33732,25105,28010,17286,21957,5245,9907,653,572,10190,9726,14414,13367,17905,18164,24307,25338,30968,31991,24217,27047,16731,21223,5056,9424,233132,215989,30990,29198,46596,44788,11283,82,35
2021-08-14T23:59:59+02:00,1037,947,12122,11503,15829,14803,19236,19654,25902,27119,32668,33731,25105,28010,17286,21957,5245,9907,597,511,10024,9506,14309,13276,17830,18118,24258,25306,30928,31958,24202,27034,16728,21220,5054,9423,233124,214985,30990,29197,46596,44787,11278,82,35
2021-08-13T23:59:59+02:00,992,907,11972,11378,15776,14742,19171,19599,25831,27069,32615,33696,25080,27982,17275,21947,5244,9903,589,506,9969,9452,14269,13247,17790,18092,24226,25287,30904,31936,24191,27020,16722,21211,5054,9419,232296,214642,30989,29197,46596,44784,11226,81,35
2021-08-12T23:59:59+02:00,978,885,11915,11317,15727,14702,19134,19573,25785,27045,32569,33667,25055,27966,17266,21941,5244,9900,580,497,9877,9384,14196,13205,17728,18042,24159,25251,30850,31887,24163,26995,16706,21193,5052,9419,232064,214217,30964,29191,46596,44769,10972,81,35
2021-08-11T23:59:59+02:00,964,874,11882,11282,15708,14679,19102,19555,25764,27026,32544,33638,25036,27944,17262,21933,5243,9898,536,464,9803,9322,14142,13164,17680,17997,24119,25229,30810,31839,24133,26963,16691,21180,5051,9413,231771,213642,30964,29187,46595,44741,10931,81,35
2021-08-10T23:59:59+02:00,945,864,11794,11228,15655,14648,19057,19518,25710,26991,32487,33584,25019,27929,17255,21920,5242,9895,523,457,9707,9234,14090,13129,17647,17963,24072,25190,30757,31792,24100,26929,16684,21160,5047,9408,231389,213118,30829,29152,46593,44727,10857,81,35
2021-08-09T23:59:59+02:00,942,847,11766,11193,15639,14632,19035,19504,25678,26970,32458,33554,25011,27920,17249,21912,5242,9892,511,441,9651,9174,14047,13079,17610,17922,24041,25144,30722,31753,24086,26912,16679,21147,5045,9402,231149,212660,30829,29149,46592,44721,10801,81,35
2021-08-08T23:59:59+02:00,931,840,11729,11170,15615,14617,19015,19483,25653,26949,32435,33537,25003,27904,17242,21907,5241,9892,489,432,9573,9118,13998,13051,17583,17892,24008,25109,30690,31722,24073,26893,16671,21133,5044,9399,230951,212258,30829,29148,46592,44720,10717,81,35
2021-08-07T23:59:59+02:00,911,813,11632,11092,15571,14576,18974,19449,25614,26919,32389,33505,24986,27892,17233,21889,5240,9889,420,359,8950,8528,13552,12694,17371,17706,23857,24998,30537,31645,24015,26842,16650,21106,5039,9396,230362,209047,30829,29146,46592,44720,10717,81,35
2021-08-06T23:59:59+02:00,902,810,11602,11067,15557,14562,18963,19442,25599,26903,32380,33498,24982,27888,17228,21887,5240,9888,378,310,8362,7909,13040,12298,17141,17501,23712,24887,30442,31566,23984,26795,16638,21092,5036,9389,230312,205880,30707,29133,46592,44719,10713,81,35
2021-08-05T23:59:59+02:00,899,803,11562,11036,15514,14533,18924,19410,25552,26868,32332,33451,24941,27866,17226,21876,5240,9882,370,304,8308,7845,12991,12243,17092,17460,23647,24847,30366,31512,23937,26753,16624,21074,5034,9380,230085,205456,30706,29128,46590,44710,10458,81,35
2021-08-04T23:59:59+02:00,881,787,11532,11006,15495,14501,18890,19384,25526,26839,32286,33413,24926,27853,17221,21870,5238,9874,348,294,8218,7757,12935,12197,17038,17414,23591,24803,30306,31442,23900,26715,16614,21061,5032,9374,229817,204865,30703,29126,46588,44675,10338,81,35
2021-08-03T23:59:59+02:00,865,770,11485,10967,15471,14479,18857,19363,25500,26810,32251,33378,24906,27834,17211,21865,5234,9873,323,283,8136,7669,12866,12144,16969,17362,23531,24765,30263,31392,23864,26681,16599,21050,5029,9370,229479,204202,30701,29116,46587,44667,10276,81,35
2021-08-02T23:59:59+02:00,856,767,11449,10937,15448,14448,18830,19343,25471,26785,32219,33350,24892,27814,17203,21856,5233,9871,313,276,8039,7577,12788,12083,16910,17296,23474,24693,30212,31334,23845,26658,16578,21040,5027,9365,229198,203489,30700,29115,46587,44659,10210,81,35
2021-08-01T23:59:59+02:00,848,760,11423,10909,15435,14434,18814,19331,25450,26773,32202,33335,24888,27805,17202,21853,5231,9870,300,259,7972,7509,12726,12036,16864,17248,23437,24661,30185,31309,23829,26639,16574,21034,5025,9364,229049,203029,30696,29114,46587,44639,10154,81,35
2021-07-31T23:59:59+02:00,845,759,11420,10903,15433,14431,18810,19327,25449,26772,32199,33334,24888,27804,17202,21853,5231,9870,278,238,7818,7324,11956,11368,16309,16809,23340,24582,30120,31238,23799,26603,16562,21015,5024,9362,229019,199807,30695,29114,46587,44637,10152,81,35
2021-07-30T23:59:59+02:00,844,758,11407,10894,15430,14428,18802,19320,25442,26767,32189,33329,24887,27802,17202,21850,5231,9870,231,198,7537,7085,11413,10922,15830,16377,23201,24476,30011,31126,23762,26558,16545,20993,5024,9358,228950,196730,30694,29113,46585,44623,10146,81,35
2021-07-29T23:59:59+02:00,832,749,11368,10847,15391,14407,18762,19294,25405,26733,32136,33300,24869,27782,17191,21832,5231,9867,141,134,7165,6778,10747,10405,15314,15960,23024,24329,29864,31015,23707,26506,16516,20968,5020,9355,228631,193261,30692,29103,46585,44538,10011,81,35
2021-07-28T23:59:59+02:00,813,735,11321,10794,15368,14378,18731,19266,25379,26705,32109,33275,24853,27764,17186,21820,5230,9863,122,106,7000,6628,10600,10280,15201,15823,22931,24233,29762,30916,23664,26448,16497,20939,5019,9345,228302,192013,30692,29101,46580,44426,9939,81,35
2021-07-27T23:59:59+02:00,804,726,11276,10754,15325,14339,18690,19240,25350,26679,32074,33254,24837,27739,17180,21809,5228,9855,102,93,6779,6412,10440,10165,15056,15690,22826,24123,29654,30804,23612,26383,16482,20912,5016,9332,227981,190852,30692,28774,46579,44390,9830,81,35
2021-07-26T23:59:59+02:00,794,713,11226,10706,15298,14318,18672,19212,25322,26648,32041,33228,24822,27717,17168,21797,5227,9852,94,84,6663,6337,10345,10091,14988,15610,22743,24062,29589,30730,23579,26339,16470,20895,5012,9326,227679,190067,30690,28770,46578,44349,9736,81,35
2021-07-25T23:59:59+02:00,782,703,11196,10678,15277,14293,18652,19188,25295,26623,32020,33210,24806,27706,17164,21788,5226,9850,79,79,6586,6256,10277,10028,14914,15550,22689,24008,29533,30693,23548,26318,16458,20881,5012,9322,227480,189479,30690,28766,46577,44319,9632,81,35
2021-07-24T23:59:59+02:00,758,681,11119,10593,15239,14263,18628,19167,25275,26607,32008,33197,24806,27702,17161,21786,5226,9850,78,78,6184,5910,10128,9914,14538,15267,22465,23850,29414,30609,23512,26280,16441,20863,5009,9318,227096,187118,30689,28762,46577,44317,9626,81,35
2021-07-23T23:59:59+02:00,732,659,11051,10507,15210,14229,18600,19153,25254,26585,31993,33179,24795,27697,17159,21786,5226,9847,75,74,5815,5604,10007,9804,14191,15002,22269,23673,29293,30491,23460,26212,16430,20842,5005,9311,226709,184847,30688,28762,46577,44305,9610,81,34
2021-07-22T23:59:59+02:00,691,619,10896,10341,15112,14140,18513,19104,25174,26531,31921,33115,24759,27656,17145,21768,5222,9842,63,63,5498,5307,9739,9589,13607,14524,21947,23413,29062,30262,23360,26115,16388,20804,5001,9308,225753,181524,30687,28751,46576,44286,9455,81,34
2021-07-21T23:59:59+02:00,671,594,10831,10286,15075,14113,18473,19066,25134,26502,31881,33065,24734,27621,17129,21756,5219,9837,53,57,4890,4845,9296,9333,13223,14294,21712,23257,28875,30113,23295,26038,16362,20781,4999,9305,225323,179750,30676,27489,46573,44118,9337,81,34
2021-07-20T23:59:59+02:00,653,577,10773,10231,15048,14076,18437,19040,25103,26470,31846,33031,24714,27600,17124,21741,5216,9830,48,47,4749,4733,9146,9201,13055,14160,21599,23136,28745,29987,23215,25934,16339,20740,4992,9299,224940,178403,30676,27476,46571,43968,9244,81,34
2021-07-19T23:59:59+02:00,640,564,10734,10200,15017,14052,18413,19031,25074,26444,31813,33002,24696,27577,17118,21730,5214,9827,42,44,4668,4665,9047,9123,12937,14063,21501,23028,28646,29867,23159,25877,16313,20711,4987,9293,224690,177461,30676,27467,46562,43870,9139,81,34
2021-07-18T23:59:59+02:00,625,554,10680,10148,14981,14030,18388,19014,25054,26428,31790,32983,24686,27567,17113,21721,5213,9822,40,42,4561,4564,8910,9001,12811,13923,21414,22937,28573,29788,23130,25847,16304,20698,4984,9292,224414,176450,30676,27453,46562,43816,9066,81,34
2021-07-17T23:59:59+02:00,550,483,10389,9850,14864,13928,18296,18933,24948,26353,31682,32931,24652,27532,17100,21701,5211,9821,39,41,4515,4523,8856,8928,12576,13730,20988,22591,28441,29657,23093,25795,16295,20683,4983,9289,222845,174656,30675,27453,46560,43815,9065,81,34
2021-07-16T23:59:59+02:00,521,446,10254,9729,14804,13888,18244,18881,24912,26320,31662,32906,24643,27517,17097,21694,5211,9818,39,41,4469,4481,8780,8887,12206,13451,20443,22190,28306,29563,23043,25758,16286,20678,4981,9287,222178,172541,30675,27450,46559,43808,9056,81,34
2021-07-15T23:59:59+02:00,489,409,10116,9624,14737,13838,18189,18813,24857,26272,31612,32853,24618,27480,17079,21679,5204,9814,26,31,4256,4343,8453,8677,11691,13049,19336,21341,27888,29219,22872,25587,16221,20605,4971,9271,221444,167830,30673,27437,46558,43607,8929,81,34
2021-07-14T23:59:59+02:00,468,396,10085,9598,14699,13817,18157,18778,24818,26230,31561,32800,24588,27452,17068,21662,5203,9811,22,28,4132,4191,8195,8505,11459,12904,19158,21230,27740,29092,22805,25509,16187,20567,4966,9261,221067,166255,30673,27418,46557,43429,8815,81,34
2021-07-13T23:59:59+02:00,444,382,10035,9545,14669,13788,18130,18744,24783,26209,31525,32758,24572,27421,17057,21650,5202,9808,22,25,4037,4096,8021,8347,11260,12712,19023,21090,27584,28928,22708,25426,16152,20513,4962,9250,220655,164791,30673,27398,46556,43174,8759,81,34
2021-07-12T23:59:59+02:00,432,360,9988,9493,14641,13769,18099,18715,24746,26167,31493,32715,24548,27398,17042,21645,5199,9806,21,22,3932,3998,7849,8226,11100,12575,18907,20970,27463,28809,22633,25365,16125,20487,4961,9246,220279,163625,30672,27379,46555,42981,8670,81,34
2021-07-11T23:59:59+02:00,424,342,9957,9463,14620,13749,18081,18704,24724,26158,31472,32697,24536,27388,17040,21643,5199,9804,18,20,3862,3928,7732,8126,10951,12447,18781,20868,27362,28694,22589,25316,16104,20462,4959,9243,220080,162660,30669,27374,46554,42776,8618,81,34
2021-07-10T23:59:59+02:00,398,318,9844,9360,14565,13709,18030,18682,24699,26138,31453,32681,24528,27379,17036,21639,5197,9802,18,19,3827,3904,7673,8086,10916,12417,18752,20843,27333,28672,22581,25300,16100,20457,4959,9243,219551,162356,30667,27373,46551,42728,8609,81,34
2021-07-09T23:59:59+02:00,338,270,9586,9148,14463,13629,17951,18611,24612,26086,31404,32620,24505,27348,17022,21622,5197,9797,17,18,3760,3866,7535,7994,10698,12269,18527,20704,26916,28354,22396,25106,16045,20397,4956,9236,218327,160206,30667,27368,46550,42601,8585,81,34
2021-07-08T23:59:59+02:00,259,203,9391,9002,14360,13554,17856,18536,24553,26035,31321,32562,24477,27317,17009,21604,5194,9792,15,15,3601,3742,7223,7805,10346,12040,18179,20421,26610,28093,22219,24946,15977,20321,4949,9220,217222,157824,30663,27319,46537,42022,8523,81,34
2021-07-07T23:59:59+02:00,220,175,9304,8897,14321,13524,17820,18495,24499,25998,31279,32522,24452,27287,16996,21586,5194,9784,13,11,3425,3615,6905,7582,9408,11306,17589,19992,26207,27781,21981,24638,15898,20224,4935,9206,216584,155209,30660,25560,46535,41419,8494,81,34
2021-07-06T23:59:59+02:00,198,163,9225,8839,14270,13493,17784,18452,24457,25958,31218,32475,24416,27259,16981,21569,5192,9781,13,10,3309,3542,6699,7459,9137,11142,17342,19809,25930,27526,21824,24435,15817,20120,4922,9191,216013,153273,30646,25547,46532,40914,8459,81,34
2021-07-05T23:59:59+02:00,186,148,9138,8753,14228,13448,17749,18401,24419,25928,31173,32425,24392,27236,16972,21555,5191,9779,13,9,3256,3509,6571,7382,8987,11021,17194,19669,25758,27367,21681,24266,15768,20066,4911,9181,215455,152201,30646,25538,46530,40426,8410,81,34
2021-07-04T23:59:59+02:00,171,141,9087,8703,14195,13434,17722,18383,24393,25907,31151,32399,24377,27222,16966,21547,5190,9776,11,8,3208,3466,6505,7339,8898,10949,17110,19583,25627,27255,21556,24138,15726,20014,4909,9174,215178,151537,30645,25526,46515,40033,8346,81,34
2021-07-03T23:59:59+02:00,168,138,8581,8224,14036,13316,17621,18266,24297,25847,31087,32351,24356,27201,16954,21536,5188,9773,10,8,3149,3388,6385,7220,8724,10804,16891,19395,25238,26942,21440,24000,15696,19974,4905,9168,213375,149475,30644,25526,46515,39976,8326,81,34
2021-07-02T23:59:59+02:00,161,134,8015,7767,13894,13207,17529,18189,24228,25778,31027,32289,24318,27159,16948,21516,5186,9768,9,8,3038,3279,6114,7064,8464,10562,16520,19066,24759,26516,21212,23725,15627,19892,4899,9165,211554,146387,30644,25522,46512,39653,8323,81,34
2021-07-01T23:59:59+02:00,148,124,7887,7663,13810,13147,17460,18136,24162,25728,30975,32236,24290,27134,16938,21504,5185,9767,8,7,2851,3093,5765,6779,8023,10140,15930,18587,23987,25851,20723,23252,15500,19730,4887,9140,210770,141784,30639,25509,46505,38626,8300,81,34
2021-06-30T23:59:59+02:00,130,111,7741,7547,13744,13097,17405,18082,24109,25674,30915,32190,24259,27112,16924,21486,5185,9762,7,7,2754,3017,5607,6637,7796,9919,14971,17716,23371,25297,20363,22858,15367,19569,4873,9106,210203,140244,30463,23236,46501,37495,8226,81,34
2021-06-29T23:59:59+02:00,115,98,7674,7451,13695,13057,17368,18037,24056,25613,30864,32130,24239,27085,16913,21470,5182,9758,5,5,2696,2970,5478,6538,7642,9784,14801,17543,23125,25061,20102,22532,15266,19468,4861,9086,209574,139113,30459,23223,46498,36399,8194,81,34
2021-06-28T23:59:59+02:00,110,92,7610,7380,13626,12995,17321,17986,24014,25568,30807,32086,24222,27057,16906,21460,5180,9756,4,4,2665,2936,5410,6486,7551,9712,14704,17461,22972,24847,19900,22286,15210,19399,4857,9072,209029,138506,30457,23213,46490,35603,8120,81,34
2021-06-27T23:59:59+02:00,96,87,7562,7319,13594,12958,17292,17953,23995,25533,30779,32058,24210,27049,16899,21454,5180,9754,3,3,2643,2922,5361,6461,7478,9666,14607,17395,22875,24761,19773,22143,15179,19348,4853,9063,208675,137990,30456,23201,46484,35232,8077,81,34
2021-06-26T23:59:59+02:00,92,84,7061,6779,13202,12657,17178,17848,23929,25476,30743,32023,24201,27032,16895,21443,5179,9753,3,3,2544,2813,5171,6271,7278,9475,14060,16940,22214,24123,19625,22001,15133,19295,4851,9055,206497,134346,30454,23200,46484,35212,8077,64,20
2021-06-25T23:59:59+02:00,91,82,6581,6298,12748,12287,17017,17729,23839,25411,30662,31983,24178,27005,16890,21433,5177,9750,3,3,2443,2659,4997,6077,7017,9177,13527,16406,21660,23536,19429,21792,15074,19228,4847,9043,204100,130641,30454,23200,46484,34997,8060,64,20
2021-06-24T23:59:59+02:00,81,70,6358,6087,12525,12132,16911,17646,23766,25358,30604,31935,24143,26962,16884,21423,5175,9743,3,3,2238,2424,4628,5697,6519,8688,12803,15690,20507,22531,18966,21310,14968,19097,4835,9028,202825,124689,30452,23190,46477,34050,7986,64,20
2021-06-23T23:59:59+02:00,76,68,5791,5593,12362,12022,16792,17534,23691,25310,30540,31885,24110,26939,16877,21409,5171,9739,3,3,2202,2371,4563,5577,6425,8538,12568,15401,20262,22267,18667,20979,14871,18983,4824,9011,202315,123658,29128,23043,46467,32858,7936,64,20
2021-06-22T23:59:59+02:00,70,63,5651,5463,12261,11915,16704,17458,23631,25248,30471,31806,24081,26906,16867,21388,5167,9737,3,2,2150,2333,4469,5495,6299,8392,11694,14739,19849,21860,18332,20624,14761,18843,4814,8990,201369,122729,29121,21350,46448,31664,7886,64,20
2021-06-21T23:59:59+02:00,67,60,5518,5350,12184,11822,16639,17371,23574,25174,30422,31747,24056,26878,16854,21373,5167,9733,3,2,2117,2298,4409,5398,6212,8263,10913,14030,19395,21450,18104,20392,14699,18746,4805,8973,200543,121923,29115,19562,46443,30879,7825,64,20
2021-06-20T23:59:59+02:00,65,58,5400,5226,12019,11645,16572,17248,23525,25108,30380,31691,24040,26856,16848,21358,5162,9728,3,2,2099,2268,4367,5357,6142,8212,10810,13951,19284,21325,17947,20202,14633,18662,4801,8966,199540,121390,29111,19559,46437,30284,7778,64,20
2021-06-19T23:59:59+02:00,61,54,5382,5207,11249,10983,16092,16853,23463,25063,30336,31648,24022,26836,16840,21346,5162,9728,3,2,2026,2147,4163,5122,5855,7928,10481,13614,18225,20462,17772,20008,14600,18596,4796,8954,196938,117132,29111,19559,46436,30266,7777,64,20
2021-06-18T23:59:59+02:00,58,53,5346,5179,10608,10400,15482,16288,23370,24994,30266,31585,23994,26806,16829,21331,5161,9726,3,2,1956,2058,4021,4980,5576,7658,10099,13250,17070,19247,17570,19769,14551,18530,4793,8944,194099,112711,29103,19559,46436,30012,7775,64,20
2021-06-17T23:59:59+02:00,51,44,5232,5077,9927,9897,14995,15898,23270,24906,30183,31491,23954,26760,16815,21310,5160,9723,3,2,1829,1951,3766,4733,5189,7290,9557,12763,15882,18054,17108,19280,14410,18355,4780,8920,191503,107577,29100,19550,46433,29094,7637,21,14
2021-06-16T23:59:59+02:00,49,36,5100,4947,9732,9731,14848,15768,23175,24813,30084,31415,23910,26716,16800,21298,5159,9713,3,2,1787,1910,3659,4643,5083,7169,8522,11910,15608,17757,16814,18943,14276,18182,4774,8886,190327,106670,29088,17668,46431,28148,7428,21,14
2021-06-15T23:59:59+02:00,43,29,4919,4764,9550,9577,14710,15623,23083,24722,30008,31329,23867,26642,16773,21265,5151,9698,3,2,1728,1853,3576,4547,4989,7050,8406,11766,15426,17527,16495,18632,14134,18013,4751,8827,189007,105894,29085,17663,46412,26925,7229,21,14
2021-06-14T23:59:59+02:00,41,26,4842,4702,9459,9468,14632,15533,23012,24650,29937,31266,23835,26603,16758,21247,5148,9692,3,2,1708,1830,3541,4520,4948,7016,8305,11702,15290,17393,16314,18427,14041,17915,4746,8819,188261,105664,29079,17661,46406,26096,7085,21,14
2021-06-13T23:59:59+02:00,40,25,4786,4654,9377,9395,14547,15467,22950,24599,29870,31213,23809,26575,16749,21237,5148,9690,3,2,1662,1817,3497,4497,4892,6973,8232,11664,15190,17297,16157,18243,13987,17841,4739,8812,187684,105380,29072,17659,46390,25487,6965,21,14
2021-06-12T23:59:59+02:00,38,23,4767,4639,9349,9371,14308,15289,22820,24468,29825,31168,23789,26558,16740,21229,5147,9688,3,2,1540,1692,3261,4287,4484,6672,7684,11233,13411,15605,15803,17870,13906,17739,4737,8797,186772,98667,29072,17658,46390,25424,6963,20,14
2021-06-11T23:59:59+02:00,34,22,4714,4589,9268,9319,13987,15064,22623,24320,29728,31077,23752,26513,16722,21217,5146,9685,3,2,1440,1559,3070,4072,4186,6305,7173,10688,11762,13710,15318,17289,13793,17591,4722,8783,185414,91719,29067,17657,46388,25184,6892,20,14
2021-06-10T23:59:59+02:00,28,19,4431,4367,8719,8990,12710,14039,22053,23866,29354,30772,23617,26354,16671,21149,5133,9670,3,2,1320,1473,2835,3889,3859,6022,6736,10297,10341,12379,14805,16713,13622,17383,4706,8756,180069,87170,29051,17654,46383,23881,6422,18,14
2021-06-09T23:59:59+02:00,25,15,4199,4207,8125,8699,11810,13378,21731,23655,29124,30621,23553,26291,16651,21124,5130,9666,3,2,1236,1419,2680,3816,3718,5941,6527,10204,10073,12200,14479,16361,13450,17203,4699,8735,177957,86827,27782,17549,46377,22485,5871,18,14
2021-06-08T23:59:59+02:00,21,12,4071,4107,7726,8471,11324,13088,21505,23474,28924,30465,23495,26218,16619,21083,5124,9657,3,2,1160,1392,2542,3757,3558,5870,5631,9452,9600,11834,14142,15952,13223,16962,4685,8713,176207,86462,27411,15392,46352,21213,5397,18,14
2021-06-07T23:59:59+02:00,16,10,3950,4031,7487,8364,11033,12909,21298,23361,28769,30346,23437,26164,16601,21059,5120,9649,3,2,1111,1277,2421,3693,3428,5807,5465,9377,9389,11705,13911,15691,13066,16795,4678,8694,174967,86270,27400,15387,46344,19965,4877,17,14
2021-06-06T23:59:59+02:00,14,10,3833,3973,7247,8245,10783,12745,21111,23273,28683,30255,23406,26130,16589,21041,5117,9644,3,2,1091,1259,2356,3658,3331,5752,5358,9302,9268,11604,13755,15535,12993,16701,4675,8687,173816,86072,27381,15381,46334,19311,4552,17,14
2021-06-05T23:59:59+02:00,14,10,3804,3936,7207,8205,10606,12594,20483,22762,28521,30111,23356,26085,16575,21022,5117,9640,3,1,1059,1160,2187,3205,3098,5211,5189,8969,8488,10647,13101,14693,12881,16554,4664,8677,171777,80675,27381,15381,46333,19175,4542,16,14
2021-06-04T23:59:59+02:00,14,10,3774,3908,7168,8178,10508,12502,20118,22431,28417,30015,23321,26047,16561,21013,5115,9639,3,1,1028,1093,2088,2892,2939,4733,5033,8596,7971,9987,11598,12975,12754,16357,4657,8659,170489,74285,27367,15380,46333,19150,4535,16,14
2021-06-03T23:59:59+02:00,9,6,3639,3806,6949,8037,9952,12078,18898,21499,28018,29703,23190,25907,16508,20951,5111,9625,3,1,979,1046,1998,2780,2800,4575,4829,8287,7604,9536,11218,12572,12643,16242,4654,8646,165736,72488,27356,15377,46328,18083,4451,16,14
2021-06-02T23:59:59+02:00,9,6,3630,3798,6936,8020,9940,12067,18709,21318,27946,29654,23166,25886,16502,20942,5108,9623,3,1,973,1038,1986,2751,2777,4556,4616,8102,7067,9047,11181,12530,12628,16227,4650,8640,165664,72378,26811,13881,46328,18058,4442,16,14
2021-06-01T23:59:59+02:00,8,5,3505,3722,6695,7871,9658,11873,18252,20974,27708,29458,23073,25784,16461,20889,5105,9611,3,1,936,990,1900,2681,2697,4481,4336,7868,6469,8511,10967,12316,12530,16127,4645,8628,163971,71928,26035,12588,46312,17237,4319,16,14
2021-05-31T23:59:59+02:00,8,5,3459,3677,6605,7803,9523,11772,18126,20884,27616,29381,23006,25722,16444,20860,5100,9604,3,1,906,962,1830,2638,2617,4438,4228,7804,6347,8432,10779,12145,12429,16011,4635,8620,163124,71558,26007,12581,46299,16523,4150,16,13
2021-05-30T23:59:59+02:00,8,4,3428,3652,6540,7747,9430,11678,18036,20805,27540,29309,22961,25677,16422,20832,5094,9594,3,1,899,954,1819,2629,2601,4424,4198,7779,6294,8389,10718,12065,12395,15967,4630,8611,162413,71513,26001,12578,46282,16226,4046,16,13
2021-05-29T23:59:59+02:00,8,4,3417,3635,6505,7719,9387,11639,17998,20765,27392,29204,22905,25603,16407,20812,5091,9590,2,1,863,935,1762,2583,2529,4340,4007,7523,6019,8090,8502,9395,12201,15625,4615,8580,161751,65237,26001,12576,46269,15701,4045,16,13
2021-05-28T23:59:59+02:00,8,4,3354,3581,6374,7642,9246,11507,17840,20633,27209,29081,22844,25526,16387,20795,5090,9589,2,1,850,922,1743,2559,2491,4286,3855,7227,5823,7825,5782,6260,11927,15223,4599,8531,160395,58312,25999,12576,46265,14969,4036,16,13
2021-05-27T23:59:59+02:00,8,4,3210,3458,6089,7461,8644,11174,17363,20293,26795,28733,22676,25360,16329,20732,5083,9571,2,1,804,865,1657,2462,2372,4151,3431,6255,5398,7224,5621,6084,11845,15148,4593,8514,156924,57817,25939,12529,46256,12219,3849,16,13
2021-05-26T23:59:59+02:00,8,4,3105,3375,5870,7294,8274,10889,16900,19986,26495,28495,22526,25227,16277,20658,5070,9551,2,1,789,855,1604,2436,2319,4119,3357,6179,5301,7152,5485,5957,11779,15080,4588,8502,154228,57732,25920,12527,46234,11625,3608,15,13
2021-05-25T23:59:59+02:00,8,4,3014,3313,5730,7177,8078,10725,15896,19208,26140,28141,22368,25069,16224,20578,5063,9541,2,1,769,838,1567,2388,2247,4058,3280,6107,5215,7087,5318,5787,11670,14999,4580,8490,152666,57657,24000,12336,46216,11015,3382,14,13
2021-05-24T23:59:59+02:00,8,4,2948,3297,5643,7132,7961,10663,14981,18518,25726,27830,22274,24965,16193,20542,5056,9529,2,1,760,836,1546,2370,2204,4021,3235,6058,5139,7007,5216,5679,11588,14924,4579,8484,151944,57616,21928,12260,46205,10581,3180,14,12
2021-05-23T23:59:59+02:00,8,3,2945,3292,5634,7124,7950,10655,14975,18516,25725,27828,22274,24965,16193,20542,5056,9529,2,1,758,833,1538,2363,2190,4008,3216,6043,5118,6974,5171,5627,11572,14901,4578,8482,151908,57608,21928,12260,46203,10333,3162,14,12
2021-05-22T23:59:59+02:00,7,3,2909,3249,5557,7074,7849,10570,14776,18353,25442,27581,22175,24879,16160,20498,5053,9524,2,1,737,814,1491,2310,2138,3927,3103,5920,4798,6398,4599,4877,10924,14079,4568,8443,150372,54361,21928,12259,46203,9354,3143,14,12
2021-05-21T23:59:59+02:00,5,3,2837,3177,5430,6973,7719,10423,14518,18125,25144,27344,22059,24770,16127,20450,5048,9515,2,1,710,761,1422,2180,2036,3658,2918,5585,4317,5502,4181,4336,10178,13138,4502,8316,148421,50607,21926,12259,46196,7754,3111,14,12
2021-05-20T23:59:59+02:00,5,3,2704,3021,5148,6716,7433,10052,14056,17640,24534,26792,21784,24474,16033,20329,5034,9485,1,1,697,751,1395,2156,1997,3624,2864,5528,4235,5422,4053,4232,10100,13075,4493,8304,144260,50509,21916,12247,46170,7276,2884,14,12
2021-05-19T23:59:59+02:00,5,3,2652,2968,5051,6574,7288,9869,12912,16604,24271,26500,21687,24346,15990,20269,5025,9478,1,1,680,726,1369,2109,1964,3538,2801,5381,4142,5313,3972,4142,10048,13011,4490,8300,142875,50478,19849,12180,46098,6661,2657,14,12
2021-05-18T23:59:59+02:00,5,3,2625,2943,5002,6541,7233,9836,12556,16330,24091,26347,21595,24258,15960,20216,5018,9466,1,1,652,668,1313,1981,1888,3336,2702,5172,4012,5116,3748,3864,9964,12931,4481,8290,142585,50450,18997,11179,46053,6102,2377,14,12
2021-05-17T23:59:59+02:00,5,3,2599,2924,4957,6471,7145,9726,12404,16150,23941,26183,21544,24208,15941,20194,5013,9459,0,1,644,654,1297,1945,1867,3285,2653,5064,3933,5001,3612,3710,9894,12868,4478,8283,141608,50420,18989,11169,46036,5367,2221,14,12
2021-05-16T23:59:59+02:00,5,3,2587,2911,4934,6405,7108,9643,12346,16077,23889,26123,21520,24191,15931,20180,5010,9456,0,1,639,650,1287,1942,1849,3275,2631,5053,3903,4978,3558,3643,9855,12836,4477,8281,141173,50401,18979,11157,46015,5150,2138,14,12
2021-05-15T23:59:59+02:00,4,3,2464,2775,4746,6199,6917,9455,11827,15658,23299,25569,21413,24073,15897,20137,5007,9448,0,1,590,587,1204,1852,1714,3123,2345,4744,3451,4469,3228,3214,9691,12632,4453,8252,137776,47444,18978,11157,46010,4824,2113,14,12
2021-05-14T23:59:59+02:00,4,3,2352,2599,4550,5976,6637,9142,11289,15146,22732,24999,21267,23933,15861,20079,5003,9437,0,1,527,511,1101,1731,1554,2907,2015,4339,2849,3880,2841,2775,9606,12483,4449,8248,133955,44507,18972,11154,45984,4060,2084,14,12
2021-05-13T23:59:59+02:00,4,3,2175,2314,4228,5592,6213,8670,10727,14456,21695,24084,20986,23659,15800,19979,4996,9422,0,1,523,511,1088,1716,1537,2889,2005,4315,2832,3859,2824,2761,9599,12479,4448,8248,128055,44454,18917,11145,45957,3964,2060,14,12
2021-05-12T23:59:59+02:00,4,3,2174,2312,4219,5588,6204,8664,10624,14334,21640,24044,20981,23648,15795,19971,4995,9422,0,1,517,488,1052,1662,1487,2810,1921,4228,2773,3800,2743,2666,9548,12406,4448,8248,128001,44450,18593,10318,45957,3961,2057,14,12
2021-05-11T23:59:59+02:00,4,3,2052,2273,4134,5525,6077,8548,10315,14082,21446,23882,20903,23576,15779,19938,4991,9417,0,1,492,464,991,1603,1418,2719,1821,4088,2699,3725,2589,2438,9482,12306,4447,8248,127051,44430,18255,9482,45670,3652,1955,14,12
2021-05-10T23:59:59+02:00,4,3,2012,2198,4027,5402,5939,8370,9521,13316,21068,23561,20812,23486,15738,19884,4981,9404,0,1,480,436,955,1540,1353,2628,1732,3926,2617,3633,2563,2419,9472,12288,4443,8243,125905,44415,16410,9303,45565,3166,1833,13,12
2021-05-09T23:59:59+02:00,4,3,1980,2185,3989,5364,5885,8321,9451,13246,20998,23488,20776,23445,15723,19857,4978,9390,0,1,473,429,932,1496,1327,2579,1698,3864,2579,3590,2554,2406,9461,12271,4443,8235,125454,44355,16405,9300,45468,2927,1744,12,12
2021-05-08T23:59:59+02:00,4,3,1917,2083,3807,5190,5609,8113,9141,12960,19863,22557,20580,23251,15690,19788,4973,9378,0,1,406,400,868,1456,1250,2505,1610,3763,2360,3377,2006,1976,9366,12185,4442,8235,121290,42865,16404,9299,45465,2293,1742,6,7
2021-05-07T23:59:59+02:00,4,3,1831,1971,3626,5022,5288,7818,8729,12585,18610,21281,20396,23038,15646,19731,4964,9359,0,1,321,347,756,1381,1118,2376,1476,3621,2184,3183,1635,1634,8877,11737,4441,8233,116343,41124,16400,9294,45443,1186,1710,6,7
2021-05-06T23:59:59+02:00,4,3,1648,1860,3341,4766,4839,7410,8087,12024,17365,20038,20061,22662,15538,19566,4954,9348,0,1,304,337,737,1351,1078,2329,1427,3535,2116,3115,1600,1578,8860,11706,4435,8230,110483,41102,16393,9288,45205,915,1427,6,7
2021-05-05T23:59:59+02:00,4,3,1579,1830,3256,4678,4760,7303,7955,11872,17211,19893,19941,22541,15462,19469,4932,9252,0,1,295,326,693,1299,1015,2253,1344,3386,2008,2999,1507,1480,8444,11138,4429,8213,109709,41062,16250,8159,45033,659,943,6,7
2021-05-04T23:59:59+02:00,4,3,1553,1799,3207,4599,4699,7191,7705,11575,16647,19310,19853,22408,15385,19371,4902,9139,0,1,279,314,670,1269,994,2199,1286,3266,1895,2840,1434,1374,8372,11034,4424,8195,108991,41036,14900,7883,44927,394,526,6,7
2021-05-03T23:59:59+02:00,4,3,1545,1795,3197,4583,4661,7165,7451,11341,15952,18713,19789,22322,15359,19337,4896,9129,0,1,264,294,648,1185,944,2113,1222,3127,1798,2702,1367,1294,8347,10999,4420,8186,108894,41024,13300,7675,44887,50,155,6,7
2021-05-02T23:59:59+02:00,4,3,1544,1793,3190,4581,4656,7160,7437,11330,15933,18701,19772,22314,15359,19335,4895,9129,0,1,264,291,645,1184,939,2110,1212,3121,1790,2695,1353,1286,8346,10994,4419,8186,108864,41001,13296,7673,44861,47,109,6,6
2021-05-01T23:59:59+02:00,4,3,1414,1647,2914,4331,4189,6803,6818,10848,13996,16818,19390,21915,15268,19219,4892,9113,0,1,262,291,642,1182,938,2107,1210,3119,1788,2691,1348,1281,8344,10992,4419,8186,101321,40969,13296,7673,44854,47,106,5,6
2021-04-30T23:59:59+02:00,3,3,1294,1502,2696,4111,3860,6407,6252,10256,12206,14786,18931,21373,15164,19078,4878,9102,0,1,257,290,635,1174,922,2099,1197,3109,1777,2677,1338,1272,8340,10987,4418,8185,93713,40922,13296,7673,44854,43,34,5,6
2021-04-29T23:59:59+02:00,2,3,1180,1441,2528,3986,3621,6204,5896,9956,10865,13505,18670,21095,15121,19008,4874,9096,0,1,256,286,630,1166,910,2093,1177,3103,1746,2640,1312,1248,8334,10978,4418,8185,89026,40889,13286,7538,44717,33,17,5,6
2021-04-28T23:59:59+02:00,2,3,1127,1435,2479,3966,3570,6180,5833,9923,10765,13437,18638,21061,15113,18992,4874,9093,0,1,256,285,627,1165,907,2089,1172,3099,1738,2639,1305,1229,7888,10456,4418,8185,88756,40863,13236,6546,44478,29,16,5,5
2021-04-27T23:59:59+02:00,2,3,1082,1408,2373,3921,3505,6151,5714,9866,10647,13360,18605,21021,15100,18977,4872,9091,0,1,255,285,625,1158,906,2086,1167,3096,1734,2635,1293,1212,7469,9873,4418,8185,88242,40843,13182,5512,44254,23,15,5,5
2021-04-26T23:59:59+02:00,2,3,1043,1378,2281,3828,3378,6050,5545,9745,10344,13101,18542,20966,15091,18959,4870,9091,0,1,254,284,624,1156,900,2081,1160,3093,1716,2626,1278,1199,7460,9853,4418,8185,86901,40755,13171,5491,44125,22,15,5,5
2021-04-25T23:59:59+02:00,2,3,1040,1376,2273,3824,3371,6044,5525,9736,10309,13070,18532,20952,15090,18953,4870,9090,0,1,253,284,624,1155,900,2080,1158,3093,1716,2626,1278,1199,7459,9851,4418,8185,86873,40751,13163,5488,44006,22,14,4,5
2021-04-24T23:59:59+02:00,2,2,998,1263,2084,3286,3100,5427,5333,9323,9473,12024,17825,20054,14977,18793,4862,9079,0,1,251,283,622,1154,899,2079,1158,3092,1710,2621,1275,1194,7457,9849,4418,8184,80744,40723,13163,5484,43981,22,13,4,5
2021-04-23T23:59:59+02:00,1,2,966,1179,1972,2940,2918,4875,5138,8894,8916,11301,16192,18192,14828,18587,4854,9056,0,1,251,283,621,1154,897,2077,1156,3092,1708,2620,1270,1189,7453,9847,4418,8183,73712,40709,13162,5472,43921,22,12,4,5
2021-04-22T23:59:59+02:00,1,2,961,1167,1953,2923,2896,4855,5081,8848,8800,11195,16119,18114,14801,18557,4852,9051,0,1,249,283,617,1152,894,2076,1148,3080,1692,2600,1246,1167,7448,9839,4418,8183,73658,40694,13103,5361,43399,21,12,4,5
2021-04-21T23:59:59+02:00,1,2,951,1159,1939,2910,2867,4829,5033,8793,8692,11072,16031,18029,14772,18523,4852,9046,0,1,245,280,607,1143,880,2046,1137,3055,1682,2573,1233,1153,7222,9520,4417,8183,73612,40684,13045,4656,42828,20,12,4,5
2021-04-20T23:59:59+02:00,1,2,925,1111,1887,2795,2794,4666,4939,8614,8518,10863,15799,17747,14713,18464,4845,9040,0,1,232,277,589,1122,854,2013,1108,3029,1647,2532,1213,1139,7214,9515,4416,8183,73572,40664,11918,4388,42217,16,12,4,4
2021-04-19T23:59:59+02:00,1,2,916,1103,1853,2775,2744,4641,4815,8552,8318,10751,15706,17650,14691,18445,4845,9034,0,1,226,269,571,1101,835,1980,1090,2986,1601,2477,1195,1120,7207,9512,4413,8182,73170,40627,11897,4109,41759,14,12,4,4
2021-04-18T23:59:59+02:00,1,2,913,1102,1848,2769,2735,4628,4797,8540,8278,10707,15656,17591,14681,18428,4844,9032,0,1,226,269,571,1100,834,1980,1089,2986,1601,2476,1195,1119,7205,9511,4412,8182,73123,40620,11893,4107,41520,14,12,4,4
2021-04-17T23:59:59+02:00,0,2,881,1087,1799,2730,2667,4549,4642,8395,8012,10478,13280,14683,14482,18074,4827,8996,0,1,224,269,571,1097,830,1973,1077,2979,1591,2456,1155,1076,6872,9096,4387,8134,66277,39662,11893,4096,41398,14,12,4,4
2021-04-16T23:59:59+02:00,0,2,875,1081,1787,2719,2625,4509,4550,8311,7831,10283,10439,11418,14210,17655,4808,8941,0,1,223,265,569,1095,825,1970,1068,2976,1583,2443,1142,1062,6866,9090,4385,8131,58979,39585,11890,4079,41159,14,12,4,4
2021-04-15T23:59:59+02:00,0,2,864,1076,1765,2705,2582,4475,4433,8251,7599,10084,10186,11198,14148,17589,4801,8927,0,1,221,264,569,1093,824,1968,1065,2973,1580,2440,1136,1057,6864,9088,4385,8131,58952,39570,11888,4060,39829,13,12,4,4
2021-04-14T23:59:59+02:00,0,2,846,1049,1707,2624,2492,4351,4243,8067,7324,9801,9812,10714,14000,17408,4795,8915,0,1,197,239,528,1041,801,1900,1029,2893,1529,2377,1110,1027,6859,9080,4385,8130,58917,39553,10941,3546,38276,11,12,4,4
2021-04-13T23:59:59+02:00,0,2,822,1027,1669,2572,2422,4267,4141,7927,7112,9581,9405,10194,13852,17241,4790,8901,0,1,162,216,493,993,760,1806,994,2783,1476,2307,1091,992,6843,9069,4384,8130,58862,39488,9991,2991,37056,5,12,4,4
2021-04-12T23:59:59+02:00,0,2,817,1024,1650,2567,2393,4253,4088,7876,6971,9409,9138,9879,13789,17181,4779,8884,0,1,151,202,465,953,738,1742,974,2711,1432,2257,1069,975,6826,9049,4381,8125,58799,39371,9960,2659,35925,5,12,4,4
2021-04-11T23:59:59+02:00,0,2,816,1023,1639,2567,2378,4250,4065,7864,6906,9347,9005,9714,13762,17133,4774,8875,0,1,151,202,465,951,736,1740,972,2710,1430,2257,1069,975,6824,9049,4381,8125,58785,39360,9958,2658,35361,4,12,4,4
2021-04-10T23:59:59+02:00,0,2,801,1019,1610,2538,2341,4221,3995,7805,6773,9230,8446,8980,13095,16280,4763,8833,0,1,148,201,463,948,730,1737,972,2703,1422,2250,1055,959,6352,8549,4365,8109,55449,38288,9956,2656,35311,4,12,4,4
2021-04-09T23:59:59+02:00,0,2,780,991,1569,2488,2275,4141,3842,7644,6425,8897,7918,8320,12273,15256,4691,8694,0,1,146,199,460,941,723,1729,964,2693,1407,2239,1033,936,6110,8273,4345,8082,51456,37609,9949,2652,34785,4,12,4,4
2021-04-08T23:59:59+02:00,0,2,770,981,1543,2464,2209,4093,3709,7555,6169,8596,7300,7665,12110,15056,4680,8678,0,1,146,197,454,937,718,1722,956,2682,1398,2226,1021,933,6107,8271,4344,8082,51420,37586,9924,2589,32220,4,12,4,4
2021-04-07T23:59:59+02:00,0,2,765,971,1516,2446,2150,4053,3621,7485,5939,8330,6744,7030,11500,14307,4667,8650,0,1,127,190,422,890,672,1653,899,2612,1348,2157,1000,916,6099,8264,4343,8082,51387,37559,8767,2097,30007,4,11,4,4
2021-04-06T23:59:59+02:00,0,2,761,969,1504,2438,2121,4029,3548,7436,5758,8157,6299,6524,11297,14089,4652,8619,0,1,104,169,374,830,627,1578,855,2512,1295,2093,974,899,6079,8249,4341,8078,51317,37527,8582,1513,28290,4,10,4,4
2021-04-05T23:59:59+02:00,0,2,756,965,1488,2430,2095,4018,3497,7410,5614,8046,6094,6304,11230,14002,4646,8609,0,1,98,166,373,828,620,1569,846,2497,1282,2074,946,868,4972,6848,4265,7972,51115,34704,8578,1503,27499,4,10,4,4
2021-04-04T23:59:59+02:00,0,2,754,958,1486,2428,2091,4016,3479,7403,5604,8039,6083,6284,11215,13984,4644,8606,0,1,98,166,371,826,617,1564,839,2490,1267,2055,923,846,3962,5686,4199,7867,51099,32256,8576,1503,27387,4,10,4,4
2021-04-03T23:59:59+02:00,0,2,703,902,1404,2357,1968,3877,3219,7142,5142,7548,5739,5828,11042,13766,4616,8578,0,1,94,166,371,824,617,1562,838,2490,1267,2055,923,846,3962,5683,4199,7866,47859,32243,8576,1503,27384,4,10,4,4
2021-04-02T23:59:59+02:00,0,2,659,868,1348,2289,1871,3763,2966,6881,4623,7069,5346,5367,10940,13600,4611,8572,0,1,94,166,371,824,617,1562,837,2490,1265,2054,922,844,3960,5680,4198,7866,44922,32232,8575,1502,27265,4,9,4,4
2021-04-01T23:59:59+02:00,0,2,656,865,1339,2284,1851,3755,2937,6866,4548,6996,5237,5257,10901,13551,4610,8567,0,1,94,166,369,820,615,1558,837,2487,1261,2050,912,843,3955,5677,4197,7865,44905,32220,8430,1470,26874,4,9,4,4
2021-03-31T23:59:59+02:00,0,2,654,863,1331,2267,1843,3745,2909,6838,4485,6951,5098,5095,10386,12942,4606,8559,0,1,94,166,368,819,615,1558,837,2487,1259,2050,911,843,3955,5676,4197,7864,44892,32214,7297,1470,26374,4,8,3,4
2021-03-30T23:59:59+02:00,0,2,645,860,1312,2248,1814,3715,2872,6803,4399,6862,4929,4901,9856,12240,4599,8545,0,1,89,164,367,815,610,1556,832,2481,1251,2047,901,833,3947,5673,4196,7863,44867,32193,6108,1417,25616,4,8,3,4
2021-03-29T23:59:59+02:00,0,2,640,851,1299,2215,1796,3684,2841,6761,4327,6776,4729,4703,9770,12146,4595,8531,0,1,89,164,366,813,604,1552,829,2475,1246,2039,893,827,3939,5665,4196,7863,44796,32176,5890,1370,24969,3,8,3,4
2021-03-28T23:59:59+02:00,0,2,637,849,1296,2212,1781,3674,2825,6749,4292,6724,4634,4593,9734,12082,4590,8524,0,1,89,164,366,811,604,1552,827,2475,1244,2039,892,827,3938,5665,4196,7863,44774,32174,5881,1364,24532,3,8,3,4
2021-03-27T23:59:59+01:00,0,2,633,844,1286,2208,1764,3657,2797,6719,4129,6580,4055,4137,9505,11836,4577,8505,0,1,89,164,364,809,602,1550,825,2472,1236,2033,888,823,3758,5375,4089,7690,42827,31389,5877,1364,24519,3,8,3,4
2021-03-26T23:59:59+01:00,0,2,628,836,1278,2198,1742,3641,2771,6696,4053,6502,3647,3771,8903,11278,4564,8491,0,1,89,164,364,808,601,1547,821,2469,1227,2029,875,810,3029,4431,3880,7342,40890,29108,5864,1364,24236,3,8,3,4
2021-03-25T23:59:59+01:00,0,2,621,831,1264,2185,1723,3617,2712,6657,3969,6424,3473,3554,8792,11167,4558,8485,0,1,89,164,364,808,601,1546,821,2468,1225,2029,875,809,3028,4430,3878,7340,40875,29098,5756,1364,23392,2,8,3,4
2021-03-24T23:59:59+01:00,0,2,616,823,1231,2159,1678,3571,2634,6588,3812,6272,3154,3190,8381,10616,4549,8472,0,1,85,162,352,795,585,1528,788,2434,1175,1996,841,771,3019,4424,3878,7337,40850,28794,4997,1363,21890,2,8,3,4
2021-03-23T23:59:59+01:00,0,2,604,815,1206,2127,1636,3522,2552,6508,3663,6118,2773,2806,8165,10398,4541,8453,0,1,80,158,340,774,550,1497,727,2370,1074,1914,758,711,2982,4389,3874,7332,40806,28161,4705,1356,20368,2,8,2,4
2021-03-22T23:59:59+01:00,0,2,579,705,1168,2074,1603,3466,2499,6438,3521,5988,2530,2567,7833,10043,4525,8417,0,1,80,157,340,774,550,1495,725,2368,1071,1914,756,707,2978,4383,3872,7329,40337,28130,4383,1356,19228,2,8,2,4
2021-03-21T23:59:59+01:00,0,2,578,702,1162,2064,1591,3456,2482,6423,3483,5954,2388,2402,7740,9931,4516,8402,0,1,80,157,340,773,550,1495,724,2367,1071,1914,756,707,2978,4382,3872,7328,40332,28125,4369,1356,18565,2,8,2,4
2021-03-20T23:59:59+01:00,0,2,577,702,1160,2058,1584,3449,2476,6416,3465,5931,2355,2364,7248,9412,4499,8385,0,1,80,157,340,773,549,1495,722,2366,1071,1912,756,707,2978,4381,3870,7326,39287,28114,4357,1356,18429,2,8,2,4
2021-03-19T23:59:59+01:00,0,2,570,694,1141,2039,1549,3425,2408,6277,3400,5824,2173,2182,6939,9090,4477,8360,0,1,80,157,339,768,545,1492,717,2358,1063,1900,747,700,2548,3778,3446,6572,38677,25843,4340,1356,17523,0,8,2,4
2021-03-18T23:59:59+01:00,0,2,555,677,1121,2010,1522,3395,2368,6209,3325,5735,2019,1985,6818,8971,4471,8349,0,1,79,157,339,767,544,1492,716,2354,1059,1899,740,697,2498,3706,3419,6530,38656,25652,4328,1334,16539,0,7,2,4
2021-03-17T23:59:59+01:00,0,1,526,648,1076,1954,1485,3310,2291,6091,3172,5579,1765,1719,6652,8817,4461,8334,0,1,78,153,327,739,528,1448,694,2296,1021,1858,723,678,2256,3412,3332,6399,38582,24670,3802,1262,15488,0,7,2,4
2021-03-16T23:59:59+01:00,0,1,483,620,1036,1898,1433,3204,2226,5937,3056,5445,1565,1494,6516,8669,4450,8311,0,1,72,138,306,683,498,1372,665,2161,991,1730,673,628,2141,3274,3306,6312,38521,23911,3185,1030,14630,0,6,2,4
2021-03-15T23:59:59+01:00,0,1,471,608,1003,1848,1400,3137,2196,5852,2970,5360,1439,1358,5931,7981,4410,8247,0,1,69,131,292,625,483,1252,626,2030,950,1617,643,607,2103,3235,3291,6249,37281,23506,2832,696,14097,0,0,2,2
2021-03-14T23:59:59+01:00,0,1,466,601,994,1836,1396,3119,2180,5834,2935,5333,1396,1307,5534,7532,4387,8229,0,1,68,126,288,602,477,1225,620,1974,940,1592,643,607,2103,3235,3290,6247,36456,23500,2827,536,13795,0,0,2,2
2021-03-13T23:59:59+01:00,0,1,446,582,957,1786,1343,3055,1923,5247,2695,4919,1290,1194,4872,6682,4339,8155,0,1,68,126,287,599,475,1223,618,1972,939,1588,641,602,1740,2749,2763,5485,34769,21338,2823,536,11892,0,0,2,2
2021-03-12T23:59:59+01:00,0,1,430,561,935,1741,1312,2972,1720,4460,2489,4469,1218,1110,4172,5884,4292,8074,0,1,68,124,286,595,475,1220,616,1964,935,1582,638,596,1411,2200,2217,4688,33089,19078,2820,536,9929,0,0,2,2
2021-03-11T23:59:59+01:00,0,1,426,554,925,1727,1296,2953,1695,4423,2452,4431,1144,1054,4127,5847,4289,8070,0,1,68,116,280,573,460,1168,607,1915,916,1546,626,583,1405,2182,2208,4636,33049,18826,2723,463,9640,0,0,2,1
2021-03-10T23:59:59+01:00,0,1,407,542,879,1668,1240,2875,1621,4326,2385,4338,1110,1031,4111,5830,4288,8068,0,1,68,116,278,569,457,1161,602,1892,916,1541,621,575,1344,2095,2162,4579,33033,18538,2153,438,9532,0,0,2,1
2021-03-09T23:59:59+01:00,0,1,386,526,834,1619,1197,2811,1579,4243,2341,4285,1089,1020,4105,5823,4287,8067,0,1,66,115,277,568,456,1150,600,1879,909,1536,618,569,1138,1783,2044,4400,32987,17699,1707,409,9517,0,0,2,1
2021-03-08T23:59:59+01:00,0,1,379,515,823,1603,1188,2794,1571,4217,2329,4272,1076,1008,4068,5775,4285,8062,0,1,65,115,273,563,452,1144,598,1875,905,1534,618,569,1068,1692,1999,4355,32855,17440,1610,385,9499,0,0,2,1
2021-03-07T23:59:59+01:00,0,1,378,512,822,1602,1185,2792,1568,4210,2319,4267,1069,1000,4062,5769,4284,8061,0,1,63,112,264,541,440,1118,582,1775,870,1459,617,569,963,1561,1947,4284,32838,17073,1570,92,9491,0,0,2,1
2021-03-06T23:59:59+01:00,0,1,370,497,803,1569,1160,2734,1527,4142,2125,3770,1039,963,3888,5496,4182,7896,0,1,63,112,264,541,440,1117,582,1775,870,1459,617,569,960,1560,1944,4283,32119,17064,1570,92,8471,0,0,2,1
2021-03-05T23:59:59+01:00,0,1,357,458,771,1465,1110,2518,1452,3928,1911,3104,1008,918,3131,4529,3977,7552,0,1,63,111,263,538,437,1111,581,1770,866,1455,614,567,921,1502,1921,4241,29798,16869,1569,92,6821,0,0,2,1
2021-03-04T23:59:59+01:00,0,1,344,449,763,1445,1097,2495,1433,3899,1889,3084,994,914,3127,4525,3974,7550,0,1,62,109,260,535,433,1094,571,1747,865,1447,612,565,884,1448,1898,4204,29785,16705,1530,29,6666,0,0,2,1
2021-03-03T23:59:59+01:00,0,1,335,419,744,1394,1067,2412,1383,3744,1809,2987,961,868,3117,4519,3974,7547,0,1,61,108,257,532,432,1090,569,1738,862,1443,612,564,864,1395,1810,4057,29469,16367,1530,27,6280,0,0,2,1
2021-03-02T23:59:59+01:00,0,1,329,411,728,1370,1019,2367,1315,3659,1693,2888,873,803,3074,4480,3967,7541,0,1,61,108,256,528,431,1082,569,1732,862,1439,612,564,864,1395,1810,4057,28827,16343,1466,27,6223,0,0,2,1
2021-03-01T23:59:59+01:00,0,1,325,397,721,1323,1006,2309,1295,3576,1666,2838,854,794,3066,4470,3966,7540,0,1,61,107,255,524,426,1068,565,1719,853,1431,611,562,767,1240,1753,3977,28785,15892,1414,27,5946,0,0,2,1
2021-02-28T23:59:59+01:00,0,1,320,385,713,1284,992,2232,1282,3488,1643,2759,850,784,3064,4466,3965,7537,0,1,61,107,254,524,426,1067,565,1719,851,1431,611,561,670,1115,1705,3896,28769,15537,1411,26,5583,0,0,2,1
2021-02-27T23:59:59+01:00,0,1,311,364,699,1257,973,2196,1247,3419,1620,2706,832,768,3061,4466,3964,7537,0,1,60,107,254,524,426,1067,564,1719,849,1431,611,561,670,1115,1705,3896,28765,15533,1411,26,5243,0,0,2,1
2021-02-26T23:59:59+01:00,0,1,285,313,652,1192,909,2077,1157,3252,1515,2568,803,745,2624,3859,3536,6760,0,1,60,107,251,521,426,1065,562,1717,846,1425,607,559,663,1103,1696,3877,26470,15459,1411,26,4365,0,0,2,1
2021-02-25T23:59:59+01:00,0,1,280,300,638,1162,887,2036,1138,3186,1497,2523,800,741,2577,3787,3506,6716,0,1,58,104,247,513,426,1061,557,1707,843,1414,601,555,586,994,1649,3819,26251,15110,1411,24,4111,0,0,2,1
2021-02-24T23:59:59+01:00,0,1,261,290,587,1117,840,1968,1080,3091,1453,2465,783,722,2336,3485,3416,6577,0,1,57,99,242,506,420,1042,548,1685,840,1394,594,543,572,974,1638,3796,25249,14934,1411,16,3810,0,0,2,1
2021-02-23T23:59:59+01:00,0,1,249,269,558,1061,803,1893,1012,2941,1379,2363,731,672,2221,3345,3390,6484,0,1,57,97,240,500,420,1026,538,1653,832,1372,585,536,555,922,1626,3743,24443,14686,1406,16,3521,0,0,2,1
2021-02-22T23:59:59+01:00,0,1,245,263,545,998,783,1817,986,2847,1343,2303,706,650,2191,3308,3381,6422,0,1,57,96,234,494,418,1013,529,1635,828,1347,571,522,532,896,1620,3687,24038,14464,1406,15,3343,0,0,2,1
2021-02-21T23:59:59+01:00,0,1,242,256,536,973,770,1780,978,2799,1313,2277,706,648,2189,3308,3380,6421,0,1,57,96,233,494,418,1013,529,1635,828,1346,571,521,532,896,1620,3686,24032,14460,1406,15,3137,0,0,2,1
2021-02-20T23:59:59+01:00,0,1,166,226,467,924,701,1703,908,2710,1228,2178,691,633,1815,2791,2824,5618,0,1,57,96,233,494,418,1013,529,1634,828,1346,571,521,532,896,1619,3686,21756,14458,1406,15,2420,0,0,2,1
2021-02-19T23:59:59+01:00,0,1,84,167,355,843,574,1571,776,2561,1092,2025,675,611,1507,2275,2273,4825,0,1,57,96,233,494,418,1012,529,1634,828,1346,571,521,527,894,1617,3680,19544,14442,1406,15,1263,0,0,2,1
2021-02-18T23:59:59+01:00,0,1,81,162,343,793,553,1482,743,2421,1059,1957,659,599,1498,2256,2264,4773,0,1,54,89,227,472,404,945,514,1554,808,1272,557,507,521,876,1614,3658,19300,14057,1380,15,962,0,0,2,1
2021-02-17T23:59:59+01:00,0,1,80,154,329,770,544,1449,714,2328,1022,1857,654,589,1440,2168,2216,4723,0,1,54,86,225,463,396,907,503,1488,789,1190,544,495,519,874,1614,3658,19039,13790,1307,15,690,0,0,2,1
2021-02-16T23:59:59+01:00,0,1,75,149,314,730,516,1375,682,2220,997,1752,643,582,1195,1821,2092,4540,0,1,53,77,224,456,390,877,490,1423,763,1124,523,482,517,874,1611,3657,18117,13539,1068,2,497,0,0,2,1
2021-02-15T23:59:59+01:00,0,1,70,133,288,625,481,1233,624,2007,946,1592,634,580,1111,1714,2040,4475,0,1,53,77,222,451,386,871,489,1419,761,1117,523,482,516,869,1610,3654,17785,13500,730,0,39,0,0,0,1
2021-02-14T23:59:59+01:00,0,1,69,126,283,598,476,1204,613,1953,932,1570,634,580,1012,1590,1993,4418,0,1,53,77,222,451,386,871,489,1417,761,1117,523,482,516,869,1610,3654,17455,13498,574,0,23,0,0,0,1
2021-02-13T23:59:59+01:00,0,1,69,125,283,597,475,1200,612,1951,930,1566,633,579,1011,1581,1989,4415,0,1,53,77,222,450,384,866,488,1412,759,1116,521,480,499,831,1350,3184,17420,12692,574,0,23,0,0,0,1
2021-02-12T23:59:59+01:00,0,1,68,125,282,596,471,1196,612,1948,927,1565,630,578,971,1529,1969,4373,0,1,53,77,222,446,380,857,483,1403,753,1109,514,472,481,790,986,2470,17247,11496,574,0,20,0,0,0,1
2021-02-11T23:59:59+01:00,0,1,67,117,279,583,458,1169,606,1921,920,1553,629,577,929,1471,1947,4333,0,1,53,74,207,415,367,810,466,1329,738,1077,511,471,481,790,986,2470,17066,11246,490,0,4,0,0,0,0
2021-02-10T23:59:59+01:00,0,1,66,117,276,580,456,1164,602,1904,915,1549,629,577,920,1455,1926,4288,0,1,52,64,174,337,313,708,416,1156,658,982,477,459,476,789,986,2469,16962,10517,462,0,1,0,0,0,0
2021-02-09T23:59:59+01:00,0,1,64,115,270,576,453,1150,601,1889,907,1543,629,576,908,1419,1856,4182,0,1,43,53,123,258,237,558,334,954,555,829,441,448,472,788,983,2469,16708,9546,431,0,0,0,0,0,0
2021-02-08T23:59:59+01:00,0,1,63,115,267,567,450,1143,599,1874,900,1535,627,573,805,1266,1799,4100,0,1,38,43,85,169,174,420,272,717,496,694,434,442,469,785,982,2469,16278,8690,406,0,0,0,0,0,0
2021-02-07T23:59:59+01:00,0,1,61,112,257,545,436,1112,583,1771,865,1456,626,572,703,1141,1750,4016,0,1,37,42,81,166,171,412,267,704,491,683,432,441,469,785,982,2468,15908,8632,99,0,0,0,0,0,0
2021-02-06T23:59:59+01:00,0,1,60,112,256,545,436,1112,581,1770,862,1453,623,570,701,1133,1744,4009,0,1,34,41,80,163,168,402,263,696,480,674,424,440,433,737,742,2075,15869,7853,99,0,0,0,0,0,0
2021-02-05T23:59:59+01:00,0,1,60,112,254,541,436,1110,580,1769,860,1451,621,570,691,1126,1738,3996,0,1,32,39,76,159,163,394,255,677,463,664,418,440,427,712,337,1442,15817,6699,99,0,0,0,0,0,0
2021-02-04T23:59:59+01:00,0,1,59,110,249,535,430,1094,564,1742,856,1437,614,560,605,1009,1687,3935,0,1,31,36,72,153,157,383,240,653,446,650,412,432,422,705,334,1435,15456,6562,31,0,0,0,0,0,0
2021-02-03T23:59:59+01:00,0,1,58,105,245,528,429,1075,561,1726,854,1422,610,550,593,998,1684,3921,0,1,24,28,58,122,123,281,176,511,336,500,306,330,337,548,256,1150,15331,5087,29,0,0,0,0,0,0
2021-02-02T23:59:59+01:00,0,1,58,103,242,523,429,1057,549,1694,846,1398,597,540,581,949,1674,3870,0,1,17,21,39,79,87,187,123,345,219,361,215,220,217,344,182,756,15082,3413,29,0,0,0,0,0,0
2021-02-01T23:59:59+01:00,0,1,58,101,238,515,427,1041,541,1672,842,1375,590,534,559,920,1666,3823,0,0,7,11,20,43,48,99,66,168,95,166,101,103,90,160,76,329,14874,1582,29,0,0,0,0,0,0
2021-01-31T23:59:59+01:00,0,1,58,101,237,514,425,1037,539,1667,840,1372,590,533,559,920,1666,3822,0,0,7,11,18,38,43,84,62,142,81,150,96,101,89,159,74,327,14852,1482,29,0,0,0,0,0,0
2021-01-30T23:59:59+01:00,0,1,58,101,237,514,425,1037,539,1667,840,1372,590,533,559,920,1666,3822,0,0,7,11,18,38,43,84,62,142,81,150,96,100,89,159,74,327,14852,1481,29,0,0,0,0,0,0
2021-01-29T23:59:59+01:00,0,1,58,101,237,514,425,1037,539,1667,840,1372,590,533,559,920,1666,3822,0,0,7,11,18,38,43,84,62,142,81,150,96,100,89,159,74,327,14852,1481,29,0,0,0,0,0,0
2021-01-28T23:59:59+01:00,0,1,56,93,233,485,413,970,521,1581,816,1291,577,518,553,903,1663,3803,0,0,3,2,5,6,11,16,20,34,22,33,17,22,21,34,19,99,14454,364,23,0,0,0,0,0,0
2021-01-27T23:59:59+01:00,0,1,54,89,233,475,405,931,511,1514,796,1208,565,505,551,901,1663,3803,0,0,3,2,5,6,9,16,20,33,21,31,17,21,21,34,19,99,14184,357,21,0,0,0,0,0,0
2021-01-26T23:59:59+01:00,0,1,53,83,228,472,398,902,500,1447,771,1141,543,492,549,901,1663,3803,0,0,1,2,5,6,9,15,18,29,17,26,15,18,19,32,19,91,13928,322,19,0,0,0,0,0,0
2021-01-25T23:59:59+01:00,0,1,53,83,225,466,395,896,500,1444,770,1136,543,492,549,898,1663,3801,0,0,0,0,0,0,0,2,1,0,0,0,1,1,0,2,0,0,13898,7,17,0,0,0,0,0,0
2021-01-24T23:59:59+01:00,0,1,53,83,225,466,395,896,500,1443,770,1136,543,492,549,898,1663,3801,0,0,0,0,0,0,0,2,1,0,0,0,1,1,0,2,0,0,13897,7,17,0,0,0,0,0,0
2021-01-23T23:59:59+01:00,0,1,53,83,225,465,394,892,500,1437,769,1134,540,490,532,860,1402,3324,0,0,0,0,0,0,0,1,1,0,0,0,1,1,0,2,0,0,13084,6,17,0,0,0,0,0,0
2021-01-22T23:59:59+01:00,0,1,53,83,224,461,389,882,495,1427,764,1127,534,481,515,818,1023,2583,0,0,0,0,0,0,0,1,1,0,0,0,1,1,0,2,0,0,11844,6,16,0,0,0,0,0,0
2021-01-21T23:59:59+01:00,0,1,53,80,205,427,363,826,467,1327,737,1092,530,481,515,818,1023,2583,0,0,0,0,0,0,0,1,1,0,0,0,1,1,0,2,0,0,11512,6,16,0,0,0,0,0,0
2021-01-20T23:59:59+01:00,0,1,51,70,178,355,322,741,424,1173,667,1002,494,470,510,818,1023,2582,0,0,0,0,0,0,0,1,1,0,0,0,1,1,0,2,0,0,10865,6,16,0,0,0,0,0,0
2021-01-19T23:59:59+01:00,0,1,44,57,134,277,248,583,347,991,577,863,459,458,506,816,1023,2582,0,0,0,0,0,0,0,0,0,0,0,0,1,0,0,2,0,0,9958,3,8,0,0,0,0,0,0
2021-01-18T23:59:59+01:00,0,1,40,44,85,176,179,433,281,727,505,706,451,451,503,812,1021,2582,0,0,0,0,0,0,0,0,0,0,0,0,0,0,0,1,0,0,8997,1,0,0,0,0,0,0,0
2021-01-17T23:59:59+01:00,0,1,37,43,82,173,175,424,277,716,500,693,449,451,503,812,1021,2581,0,0,0,0,0,0,0,0,0,0,0,0,0,0,0,0,0,0,8938,0,0,0,0,0,0,0,0
2021-01-16T23:59:59+01:00,0,1,34,42,80,171,171,415,270,709,485,684,440,449,464,765,774,2184,0,0,0,0,0,0,0,0,0,0,0,0,0,0,0,0,0,0,8138,0,0,0,0,0,0,0,0
2021-01-15T23:59:59+01:00,0,1,32,40,77,166,168,409,263,692,471,676,434,448,459,741,361,1542,0,0,0,0,0,0,0,0,0,0,0,0,0,0,0,0,0,0,6980,0,0,0,0,0,0,0,0
2021-01-14T23:59:59+01:00,0,1,32,38,76,160,163,404,255,679,460,668,431,445,459,740,361,1542,0,0,0,0,0,0,0,0,0,0,0,0,0,0,0,0,0,0,6914,0,0,0,0,0,0,0,0
2021-01-13T23:59:59+01:00,0,0,24,31,60,128,128,306,195,545,351,525,328,343,374,577,282,1246,0,0,0,0,0,0,0,0,0,0,0,0,0,0,0,0,0,0,5443,0,0,0,0,0,0,0,0
2021-01-12T23:59:59+01:00,0,0,17,24,44,89,93,218,141,393,238,389,236,235,247,371,204,846,0,0,0,0,0,0,0,0,0,0,0,0,0,0,0,0,0,0,3785,0,0,0,0,0,0,0,0
2021-01-11T23:59:59+01:00,0,0,9,15,26,49,62,140,89,220,125,208,116,112,106,179,93,374,0,0,0,0,0,0,0,0,0,0,0,0,0,0,0,0,0,0,1923,0,0,0,0,0,0,0,0
2021-01-10T23:59:59+01:00,0,0,8,15,22,44,55,110,81,179,105,175,110,108,102,177,90,374,0,0,0,0,0,0,0,0,0,0,0,0,0,0,0,0,0,0,1755,0,0,0,0,0,0,0,0
2021-01-09T23:59:59+01:00,0,0,8,15,22,44,55,110,81,179,105,175,110,107,102,177,90,374,0,0,0,0,0,0,0,0,0,0,0,0,0,0,0,0,0,0,1754,0,0,0,0,0,0,0,0
2021-01-08T23:59:59+01:00,0,0,8,14,21,43,52,103,76,168,99,172,107,103,97,168,88,364,0,0,0,0,0,0,0,0,0,0,0,0,0,0,0,0,0,0,1683,0,0,0,0,0,0,0,0
2021-01-07T23:59:59+01:00,0,0,3,3,5,7,11,17,21,34,24,36,17,22,23,35,23,107,0,0,0,0,0,0,0,0,0,0,0,0,0,0,0,0,0,0,388,0,0,0,0,0,0,0,0
2021-01-06T23:59:59+01:00,0,0,3,2,5,6,9,16,21,33,21,32,17,21,23,35,23,106,0,0,0,0,0,0,0,0,0,0,0,0,0,0,0,0,0,0,373,0,0,0,0,0,0,0,0
2021-01-05T23:59:59+01:00,0,0,3,2,5,6,9,16,21,33,21,32,17,21,23,35,23,106,0,0,0,0,0,0,0,0,0,0,0,0,0,0,0,0,0,0,373,0,0,0,0,0,0,0,0
2021-01-04T23:59:59+01:00,0,0,0,0,0,0,0,2,2,0,0,0,1,1,0,2,0,0,0,0,0,0,0,0,0,0,0,0,0,0,0,0,0,0,0,0,8,0,0,0,0,0,0,0,0
2021-01-03T23:59:59+01:00,0,0,0,0,0,0,0,2,2,0,0,0,1,1,0,2,0,0,0,0,0,0,0,0,0,0,0,0,0,0,0,0,0,0,0,0,8,0,0,0,0,0,0,0,0
2021-01-02T23:59:59+01:00,0,0,0,0,0,0,0,1,2,0,0,0,1,1,0,2,0,0,0,0,0,0,0,0,0,0,0,0,0,0,0,0,0,0,0,0,7,0,0,0,0,0,0,0,0
2021-01-01T23:59:59+01:00,0,0,0,0,0,0,0,1,2,0,0,0,1,1,0,2,0,0,0,0,0,0,0,0,0,0,0,0,0,0,0,0,0,0,0,0,7,0,0,0,0,0,0,0,0
2020-12-31T23:59:59+01:00,0,0,0,0,0,0,0,1,2,0,0,0,1,1,0,2,0,0,0,0,0,0,0,0,0,0,0,0,0,0,0,0,0,0,0,0,7,0,0,0,0,0,0,0,0
2020-12-30T23:59:59+01:00,0,0,0,0,0,0,0,1,2,0,0,0,1,1,0,2,0,0,0,0,0,0,0,0,0,0,0,0,0,0,0,0,0,0,0,0,7,0,0,0,0,0,0,0,0
2020-12-29T23:59:59+01:00,0,0,0,0,0,0,0,1,1,0,0,0,1,0,0,2,0,0,0,0,0,0,0,0,0,0,0,0,0,0,0,0,0,0,0,0,5,0,0,0,0,0,0,0,0
2020-12-28T23:59:59+01:00,0,0,0,0,0,0,0,1,0,0,0,0,1,0,0,1,0,0,0,0,0,0,0,0,0,0,0,0,0,0,0,0,0,0,0,0,3,0,0,0,0,0,0,0,0
2020-12-27T23:59:59+01:00,0,0,0,0,0,0,0,0,0,0,0,0,0,0,0,0,0,0,0,0,0,0,0,0,0,0,0,0,0,0,0,0,0,0,0,0,0,0,0,0,0,0,0,0,0
