Datum,<15_m,<15_w,15-24_1_m,15-24_1_w,25-34_1_m,25-34_1_w,35-44_1_m,35-44_1_w,45-54_1_m,45-54_1_w,55-64_1_m,55-64_1_w,65-74_1_m,65-74_1_w,75-84_1_m,75-84_1_w,>84_1_m,>84_1_w,<24_2_m,<24_2_w,25-34_2_m,25-34_2_w,35-44_2_m,35-44_2_w,45-54_2_m,45-54_2_w,55-64_2_m,55-64_2_w,65-74_2_m,65-74_2_w,75-84_2_m,75-84_2_w,>84_2_m,>84_2_w,bp_1,bp_2,mo_1,mo_2,az_1,az_2,ja,unb_1,unb_2
2021-10-22T23:59:59+02:00,2102,1890,15244,14444,18195,16960,21311,21546,27868,28915,34423,35242,25969,28818,17633,22531,5367,10173,13754,13042,16934,15638,20118,20114,26413,27204,32925,33708,25243,27986,17154,21860,5186,9687,251943,237326,32519,30539,46602,44893,17503,95,41
2021-10-21T23:59:59+02:00,2073,1859,15133,14365,18078,16875,21223,21487,27796,28852,34358,35205,25954,28799,17626,22520,5366,10169,13682,12967,16870,15593,20066,20071,26360,27159,32881,33673,25227,27965,17145,21839,5185,9684,251196,236876,32466,30440,46602,44893,17409,95,41
2021-10-20T23:59:59+02:00,2061,1848,15088,14333,18030,16839,21177,21449,27765,28828,34330,35187,25947,28788,17619,22509,5365,10165,13654,12937,16838,15557,20036,20040,26330,27129,32859,33641,25209,27953,17136,21830,5185,9679,250811,236511,32452,30428,46602,44893,17397,95,41
2021-10-19T23:59:59+02:00,2052,1841,15068,14303,18009,16818,21161,21435,27752,28811,34310,35173,25934,28778,17616,22502,5364,10165,13634,12899,16802,15520,20006,20016,26306,27105,32827,33617,25191,27935,17128,21812,5180,9672,250600,236142,32452,30427,46602,44893,17372,95,41
2021-10-18T23:59:59+02:00,2047,1834,15046,14285,17992,16798,21137,21412,27737,28799,34297,35160,25932,28772,17614,22499,5361,10164,13608,12868,16786,15493,19985,19992,26288,27080,32812,33597,25179,27927,17124,21804,5177,9670,250419,235884,32440,30415,46602,44891,17359,95,41
2021-10-17T23:59:59+02:00,2043,1832,15027,14275,17989,16792,21133,21406,27731,28790,34294,35155,25927,28769,17612,22499,5360,10160,13582,12847,16766,15477,19971,19975,26272,27070,32803,33586,25170,27919,17120,21802,5172,9662,250337,235695,32439,30415,46602,44885,17350,95,41
2021-10-16T23:59:59+02:00,2043,1831,15027,14273,17989,16792,21132,21406,27731,28790,34294,35155,25927,28769,17612,22499,5360,10160,13582,12847,16766,15477,19971,19975,26272,27070,32803,33586,25170,27919,17120,21802,5172,9662,250333,235695,32439,30415,46602,44885,17350,95,41
2021-10-15T23:59:59+02:00,2038,1816,14996,14240,17970,16770,21107,21392,27716,28780,34280,35149,25927,28766,17611,22495,5360,10157,13514,12794,16734,15443,19933,19949,26250,27047,32792,33570,25167,27916,17115,21799,5171,9661,250166,235380,32414,30380,46602,44885,17322,95,41
2021-10-14T23:59:59+02:00,2010,1799,14905,14174,17910,16717,21070,21360,27680,28750,34251,35127,25919,28758,17607,22487,5359,10151,13416,12698,16668,15381,19887,19880,26192,26996,32751,33534,25149,27893,17101,21780,5169,9658,249764,234851,32358,30230,46602,44885,17244,95,41
2021-10-13T23:59:59+02:00,1995,1790,14873,14129,17885,16688,21054,21341,27656,28734,34230,35114,25911,28747,17599,22479,5358,10148,13371,12658,16639,15346,19851,19834,26164,26971,32722,33493,25129,27872,17091,21755,5164,9651,249480,234403,32356,30226,46602,44885,17227,95,41
2021-10-12T23:59:59+02:00,1986,1785,14844,14096,17866,16661,21027,21319,27638,28713,34209,35097,25905,28740,17595,22473,5357,10145,13330,12612,16615,15302,19817,19799,26139,26944,32694,33470,25112,27849,17080,21733,5154,9620,249216,233950,32354,30224,46601,44885,17219,95,41
2021-10-11T23:59:59+02:00,1979,1777,14822,14083,17852,16644,21013,21307,27626,28704,34199,35083,25901,28733,17591,22468,5357,10141,13295,12581,16599,15274,19798,19775,26122,26916,32668,33442,25094,27828,17073,21721,5153,9610,249056,233630,32354,30224,46600,44885,17204,95,41
2021-10-10T23:59:59+02:00,1967,1764,14804,14065,17835,16629,21004,21293,27620,28701,34188,35076,25901,28729,17590,22465,5354,10141,13268,12558,16572,15246,19778,19755,26106,26899,32655,33427,25086,27818,17068,21718,5151,9607,248916,233381,32354,30224,46600,44881,17190,95,41
2021-10-09T23:59:59+02:00,1967,1764,14804,14065,17834,16628,21003,21293,27620,28701,34187,35075,25901,28727,17590,22465,5354,10141,13268,12558,16571,15246,19777,19755,26106,26898,32654,33425,25086,27816,17068,21718,5151,9607,248915,233380,32354,30223,46600,44881,17184,95,41
2021-10-08T23:59:59+02:00,1950,1749,14767,14043,17806,16604,20980,21277,27601,28687,34173,35061,25896,28726,17590,22463,5353,10139,13191,12470,16517,15195,19724,19715,26077,26866,32633,33404,25075,27805,17063,21713,5149,9606,248721,232876,32336,30206,46600,44881,17142,95,41
2021-10-07T23:59:59+02:00,1928,1729,14697,13970,17740,16551,20935,21216,27554,28658,34123,35031,25872,28704,17582,22451,5352,10135,13094,12396,16455,15124,19676,19667,26005,26815,32585,33360,25050,27783,17045,21694,5141,9588,248262,232358,32278,30046,46599,44880,17023,95,41
2021-10-06T23:59:59+02:00,1919,1711,14661,13936,17717,16523,20917,21192,27524,28627,34089,35010,25858,28692,17577,22446,5349,10132,13067,12355,16430,15096,19651,19642,25977,26789,32562,33330,25038,27770,17035,21682,5139,9582,247960,232043,32278,30046,46599,44880,16975,95,41
2021-10-05T23:59:59+02:00,1912,1699,14637,13901,17684,16507,20897,21170,27502,28601,34069,34983,25841,28676,17568,22436,5349,10128,13034,12323,16404,15078,19630,19618,25956,26762,32540,33312,25032,27761,17028,21675,5135,9577,247664,231754,32277,30046,46598,44879,16953,95,41
2021-10-04T23:59:59+02:00,1900,1694,14592,13864,17653,16479,20878,21149,27478,28576,34053,34963,25834,28659,17565,22431,5348,10124,13000,12286,16384,15047,19617,19593,25932,26734,32523,33284,25021,27751,17022,21667,5133,9573,247410,231464,32253,30043,46597,44878,16911,95,41
2021-10-03T23:59:59+02:00,1888,1688,14572,13836,17636,16463,20867,21140,27470,28565,34043,34954,25825,28654,17558,22423,5347,10122,12978,12268,16360,15030,19607,19583,25922,26721,32512,33271,25010,27740,17022,21659,5133,9573,247275,231313,32244,30039,46594,44877,16868,95,41
2021-10-02T23:59:59+02:00,1887,1688,14570,13835,17635,16462,20867,21139,27470,28565,34042,34954,25825,28653,17558,22423,5347,10122,12978,12267,16360,15030,19607,19583,25922,26721,32512,33271,25010,27740,17022,21659,5133,9573,247266,231312,32244,30039,46594,44877,16868,95,41
2021-10-01T23:59:59+02:00,1874,1669,14509,13775,17574,16412,20825,21098,27439,28547,34017,34936,25817,28650,17558,22418,5347,10119,12876,12163,16280,14972,19548,19535,25886,26686,32481,33243,24995,27725,17018,21651,5132,9571,246956,230740,32212,30029,46594,44877,16752,95,41
2021-09-30T23:59:59+02:00,1861,1649,14407,13691,17508,16354,20765,21045,27382,28489,33959,34909,25795,28633,17549,22408,5345,10116,12765,12088,16204,14924,19498,19482,25831,26628,32426,33215,24974,27702,17012,21639,5129,9570,246590,230429,32085,29848,46591,44869,16529,95,41
2021-09-29T23:59:59+02:00,1846,1629,14383,13668,17485,16313,20727,21015,27355,28457,33933,34887,25775,28617,17543,22398,5345,10115,12733,12055,16183,14896,19485,19463,25816,26610,32408,33192,24959,27689,17002,21626,5126,9566,246245,230150,32085,29848,46591,44868,16500,95,41
2021-09-28T23:59:59+02:00,1829,1620,14355,13636,17456,16279,20700,20980,27323,28434,33906,34862,25761,28597,17533,22388,5342,10109,12694,12023,16161,14868,19470,19437,25796,26599,32395,33171,24953,27678,16999,21620,5124,9565,245892,229890,32084,29848,46591,44867,16473,95,41
2021-09-27T23:59:59+02:00,1821,1615,14327,13611,17437,16257,20675,20957,27301,28415,33887,34840,25753,28584,17531,22380,5342,10106,12656,11989,16140,14846,19444,19421,25776,26577,32386,33151,24945,27665,16993,21613,5122,9564,245673,229658,32084,29848,46591,44861,16421,95,41
2021-09-26T23:59:59+02:00,1817,1610,14311,13592,17417,16240,20664,20942,27285,28400,33879,34826,25742,28579,17527,22379,5341,10105,12640,11969,16125,14829,19431,19409,25767,26566,32375,33140,24939,27663,16990,21609,5121,9563,245521,229527,32084,29847,46591,44861,16390,95,41
2021-09-25T23:59:59+02:00,1814,1608,14298,13576,17398,16229,20643,20932,27266,28384,33866,34818,25735,28574,17522,22376,5340,10103,12629,11955,16108,14819,19411,19398,25752,26549,32363,33132,24933,27658,16985,21606,5121,9561,245479,229500,32084,29847,46591,44861,16257,95,41
2021-09-24T23:59:59+02:00,1796,1584,14217,13496,17330,16177,20588,20882,27227,28341,33828,34787,25717,28563,17512,22366,5338,10099,12531,11854,16025,14753,19357,19337,25705,26514,32317,33102,24910,27637,16976,21594,5119,9557,245085,228985,32065,29843,46591,44861,16036,95,41
2021-09-23T23:59:59+02:00,1775,1564,14113,13397,17238,16091,20496,20806,27146,28284,33780,34727,25691,28540,17500,22347,5334,10092,12441,11779,15956,14687,19283,19289,25647,26457,32271,33066,24890,27618,16970,21583,5116,9552,244596,228657,31966,29805,46591,44861,15697,95,41
2021-09-22T23:59:59+02:00,1756,1551,14076,13347,17188,16049,20445,20759,27108,28237,33729,34676,25661,28513,17492,22325,5330,10088,12399,11733,15910,14654,19253,19260,25618,26429,32222,33031,24862,27593,16964,21569,5112,9543,244176,228336,31941,29796,46591,44859,15550,95,41
2021-09-21T23:59:59+02:00,1743,1536,14013,13294,17166,16000,20412,20720,27078,28197,33695,34655,25648,28496,17480,22301,5322,10060,12351,11673,15881,14626,19220,19221,25591,26401,32197,33004,24841,27576,16961,21560,5110,9532,243688,227954,31937,29747,46591,44857,15528,95,41
2021-09-20T23:59:59+02:00,1733,1529,13960,13255,17129,15959,20371,20688,27036,28158,33660,34621,25628,28469,17472,22284,5311,10033,12297,11637,15848,14604,19191,19195,25563,26378,32175,32980,24828,27563,16958,21552,5105,9518,243248,227657,31936,29747,46591,44857,15449,95,41
2021-09-19T23:59:59+02:00,1728,1520,13935,13230,17098,15937,20344,20669,27015,28130,33647,34607,25620,28460,17469,22281,5310,10031,12272,11617,15826,14584,19177,19176,25550,26367,32165,32969,24822,27558,16952,21546,5104,9518,243019,227491,31935,29746,46591,44855,15414,95,41
2021-09-18T23:59:59+02:00,1726,1516,13923,13218,17087,15930,20334,20662,27008,28126,33641,34603,25620,28460,17469,22280,5310,10031,12265,11609,15816,14579,19167,19173,25543,26363,32160,32967,24822,27558,16952,21546,5104,9518,242983,227472,31922,29741,46591,44855,15376,95,41
2021-09-17T23:59:59+02:00,1703,1482,13820,13104,16979,15855,20253,20591,26938,28066,33588,34559,25597,28437,17457,22269,5309,10028,12178,11530,15715,14502,19079,19101,25474,26296,32098,32924,24803,27538,16942,21528,5103,9514,242518,227031,31875,29729,46591,44854,14979,95,41
2021-09-16T23:59:59+02:00,1676,1444,13721,12994,16891,15760,20162,20501,26837,27979,33513,34493,25565,28404,17443,22245,5302,10007,12089,11450,15645,14439,18998,19022,25385,26214,32037,32869,24761,27500,16932,21515,5100,9503,241904,226565,31778,29669,46591,44852,14592,95,41
2021-09-15T23:59:59+02:00,1658,1435,13661,12942,16839,15698,20116,20450,26781,27928,33461,34437,25539,28372,17428,22216,5295,9984,12028,11388,15591,14388,18946,18971,25324,26165,31979,32813,24728,27467,16916,21496,5096,9492,241485,226129,31757,29653,46587,44850,14339,95,41
2021-09-14T23:59:59+02:00,1642,1424,13597,12874,16766,15647,20056,20402,26731,27872,33411,34386,25518,28353,17415,22205,5291,9979,11965,11325,15518,14328,18892,18926,25276,26111,31922,32760,24697,27444,16902,21480,5096,9487,241086,225734,31705,29559,46587,44850,14119,95,41
2021-09-13T23:59:59+02:00,1620,1408,13559,12837,16738,15619,20037,20377,26709,27847,33391,34362,25508,28346,17410,22194,5291,9976,11922,11291,15485,14305,18869,18896,25251,26083,31895,32737,24687,27434,16889,21471,5093,9486,240803,225423,31704,29557,46582,44848,14067,95,41
2021-09-12T23:59:59+02:00,1609,1405,13527,12814,16696,15603,20023,20366,26698,27828,33385,34350,25502,28339,17409,22190,5291,9973,11879,11271,15439,14287,18845,18875,25235,26070,31881,32723,24679,27425,16886,21467,5092,9483,240643,225208,31704,29557,46580,44847,14008,95,41
2021-09-11T23:59:59+02:00,1598,1404,13511,12802,16682,15594,20013,20363,26686,27822,33381,34346,25498,28338,17408,22189,5289,9973,11812,11220,15423,14279,18837,18864,25222,26059,31873,32710,24677,27423,16885,21466,5092,9483,240577,224884,31684,29555,46580,44847,13981,95,41
2021-09-10T23:59:59+02:00,1559,1358,13362,12674,16610,15516,19906,20278,26603,27758,33319,34291,25458,28307,17392,22166,5283,9968,11691,11114,15337,14196,18728,18780,25128,26002,31799,32652,24635,27392,16868,21446,5087,9478,239978,224325,31666,29544,46580,44847,13507,95,41
2021-09-09T23:59:59+02:00,1536,1337,13291,12608,16556,15464,19852,20241,26551,27691,33277,34251,25430,28289,17387,22153,5279,9961,11628,11041,15286,14144,18673,18749,25072,25961,31753,32618,24613,27377,16855,21436,5084,9467,239607,223952,31590,29505,46580,44847,13299,95,41
2021-09-08T23:59:59+02:00,1521,1320,13262,12584,16540,15440,19832,20228,26535,27679,33264,34240,25418,28281,17381,22147,5276,9958,11583,10997,15260,14126,18661,18732,25054,25936,31732,32607,24599,27362,16853,21430,5084,9465,239387,223673,31590,29505,46576,44846,13275,95,41
2021-09-07T23:59:59+02:00,1488,1302,13204,12537,16500,15408,19809,20199,26498,27658,33230,34210,25394,28263,17375,22131,5271,9952,11525,10932,15206,14073,18624,18699,25007,25891,31680,32580,24571,27339,16845,21413,5079,9463,239154,223366,31505,29390,46576,44846,13116,95,41
2021-09-06T23:59:59+02:00,1473,1293,13175,12502,16477,15384,19790,20178,26481,27643,33219,34201,25391,28250,17372,22127,5268,9952,11504,10900,15187,14040,18602,18683,24991,25871,31658,32565,24560,27326,16844,21405,5076,9463,238934,223138,31505,29379,46576,44845,13083,95,41
2021-09-05T23:59:59+02:00,1463,1285,13159,12483,16460,15368,19779,20171,26475,27634,33209,34189,25389,28247,17370,22123,5268,9952,11485,10884,15161,14024,18591,18674,24984,25865,31649,32545,24557,27315,16841,21400,5074,9462,238808,222989,31505,29379,46576,44844,13057,95,41
2021-09-04T23:59:59+02:00,1463,1285,13158,12482,16460,15368,19777,20171,26474,27634,33209,34189,25389,28247,17370,22122,5268,9952,11485,10882,15159,14024,18586,18674,24983,25863,31649,32543,24556,27315,16841,21400,5074,9462,238806,222978,31505,29378,46576,44844,13053,95,41
2021-09-03T23:59:59+02:00,1436,1269,13055,12385,16403,15316,19739,20132,26432,27607,33172,34172,25371,28236,17366,22111,5266,9951,11344,10754,15094,13948,18515,18628,24912,25812,31590,32507,24523,27287,16828,21384,5071,9458,238306,222162,31505,29374,46576,44844,12954,95,41
2021-09-02T23:59:59+02:00,1421,1262,12991,12343,16360,15283,19705,20106,26398,27573,33147,34151,25356,28224,17361,22106,5266,9947,11268,10714,15046,13913,18477,18608,24879,25790,31552,32477,24504,27266,16822,21379,5071,9456,238084,221897,31441,29333,46572,44835,12825,95,41
2021-09-01T23:59:59+02:00,1398,1247,12955,12305,16339,15263,19686,20091,26380,27553,33126,34126,25346,28213,17355,22096,5263,9943,11227,10679,15026,13885,18457,18588,24858,25767,31527,32445,24490,27252,16814,21373,5069,9454,237785,221567,31441,29331,46571,44834,12810,95,41
2021-08-31T23:59:59+02:00,1366,1225,12900,12245,16294,15227,19653,20047,26335,27504,33087,34091,25330,28192,17349,22083,5259,9939,11155,10610,14978,13824,18405,18556,24808,25713,31469,32402,24459,27236,16805,21360,5066,9447,237478,221138,31378,29302,46571,44815,12622,94,41
2021-08-30T23:59:59+02:00,1342,1210,12859,12207,16269,15205,19633,20030,26312,27487,33065,34074,25319,28182,17349,22079,5257,9937,11077,10578,14951,13803,18383,18532,24780,25697,31442,32375,24448,27221,16799,21353,5063,9444,237227,220844,31378,29301,46571,44804,12562,94,41
2021-08-29T23:59:59+02:00,1336,1204,12845,12191,16258,15196,19624,20020,26309,27478,33058,34060,25314,28176,17347,22078,5257,9937,11059,10541,14941,13786,18367,18518,24767,25688,31434,32363,24439,27209,16797,21348,5063,9444,237123,220669,31378,29301,46571,44800,12538,94,41
2021-08-28T23:59:59+02:00,1329,1190,12813,12169,16243,15184,19613,20006,26302,27468,33049,34054,25312,28171,17346,22075,5257,9936,10983,10469,14907,13753,18320,18491,24731,25655,31391,32332,24422,27196,16788,21332,5063,9441,236960,220143,31378,29301,46571,44800,12530,94,41
2021-08-27T23:59:59+02:00,1310,1175,12750,12113,16197,15136,19554,19956,26247,27419,33006,34024,25294,28160,17342,22061,5257,9933,10946,10435,14867,13727,18304,18475,24696,25631,31363,32311,24409,27185,16785,21328,5063,9440,236535,219986,31378,29300,46571,44799,12372,94,41
2021-08-26T23:59:59+02:00,1290,1159,12681,12056,16151,15093,19509,19916,26193,27362,32955,33979,25264,28131,17335,22051,5254,9930,10876,10385,14820,13686,18258,18446,24651,25593,31317,32272,24387,27168,16777,21319,5063,9436,236167,219671,31319,29286,46571,44792,12172,94,41
2021-08-25T23:59:59+02:00,1273,1144,12658,12014,16131,15067,19487,19901,26166,27346,32920,33950,25246,28113,17328,22044,5253,9927,10827,10342,14789,13657,18225,18415,24629,25574,31284,32234,24374,27151,16770,21309,5061,9433,235857,219295,31319,29286,46565,44788,12145,94,41
2021-08-24T23:59:59+02:00,1246,1126,12598,11942,16074,15023,19442,19860,26119,27301,32875,33917,25226,28089,17316,22032,5252,9922,10748,10268,14745,13616,18179,18379,24578,25523,31242,32197,24350,27124,16755,21293,5060,9432,235546,218880,31193,29246,46565,44788,11973,94,41
2021-08-23T23:59:59+02:00,1233,1113,12559,11906,16049,15004,19421,19825,26098,27265,32845,33894,25212,28076,17312,22023,5252,9919,10693,10214,14715,13578,18141,18345,24551,25493,31207,32164,24337,27104,16748,21290,5058,9431,235244,218475,31192,29246,46564,44785,11922,94,41
2021-08-22T23:59:59+02:00,1225,1106,12544,11884,16034,14988,19414,19806,26086,27254,32834,33878,25201,28070,17310,22021,5249,9919,10664,10185,14694,13563,18121,18334,24538,25476,31192,32151,24329,27093,16746,21285,5057,9430,235079,218259,31192,29246,46564,44784,11904,94,41
2021-08-21T23:59:59+02:00,1137,1034,12469,11826,16022,14976,19404,19794,26076,27243,32824,33862,25196,28066,17307,22018,5249,9919,10640,10155,14677,13559,18113,18322,24529,25470,31185,32145,24326,27093,16745,21285,5057,9430,234705,218136,31186,29246,46564,44784,11883,94,41
2021-08-20T23:59:59+02:00,1117,1018,12408,11757,15963,14922,19342,19755,26022,27210,32774,33835,25181,28055,17298,22013,5248,9917,10585,10117,14635,13523,18073,18296,24494,25451,31155,32128,24317,27086,16739,21282,5057,9429,234206,217850,31186,29246,46564,44784,11795,94,41
2021-08-19T23:59:59+02:00,1091,994,12340,11701,15904,14890,19292,19704,25960,27160,32731,33800,25149,28032,17286,22002,5245,9915,10491,10041,14567,13484,18017,18258,24425,25408,31088,32083,24275,27067,16730,21265,5056,9426,233913,217413,31093,29237,46564,44776,11542,94,41
2021-08-18T23:59:59+02:00,1079,978,12299,11665,15875,14859,19264,19674,25930,27129,32694,33774,25130,28020,17281,21993,5243,9914,10436,9973,14520,13458,17967,18229,24379,25370,31029,32045,24253,27050,16724,21252,5052,9420,233594,216955,31092,29230,46563,44766,11468,94,41
2021-08-17T23:59:59+02:00,1052,953,12248,11623,15846,14817,19233,19642,25902,27106,32658,33736,25113,28000,17271,21976,5242,9909,10342,9891,14467,13410,17914,18175,24329,25329,30969,32001,24225,27026,16713,21232,5050,9413,233292,216356,30966,29169,46563,44763,11421,94,41
2021-08-16T23:59:59+02:00,1040,946,12216,11596,15829,14799,19214,19623,25879,27082,32639,33714,25093,27985,17263,21961,5239,9907,10287,9823,14442,13366,17890,18138,24285,25294,30932,31970,24198,26992,16698,21218,5050,9410,233062,215913,30966,29169,46563,44757,11349,94,41
2021-08-15T23:59:59+02:00,1032,946,12191,11580,15815,14782,19200,19608,25869,27073,32618,33699,25087,27976,17259,21950,5238,9907,10242,9788,14404,13343,17867,18115,24261,25280,30911,31944,24181,26984,16693,21210,5049,9408,232903,215624,30965,29169,46562,44752,11315,94,41
2021-08-14T23:59:59+02:00,1031,946,12190,11576,15815,14781,19197,19606,25868,27073,32618,33698,25087,27976,17259,21950,5238,9907,10076,9568,14298,13252,17792,18068,24212,25248,30871,31911,24166,26971,16690,21207,5047,9407,232894,214618,30965,29168,46562,44751,11310,94,41
2021-08-13T23:59:59+02:00,986,906,12037,11449,15762,14721,19131,19550,25797,27021,32566,33662,25062,27947,17248,21940,5237,9903,10023,9514,14257,13223,17753,18042,24180,25228,30847,31890,24155,26958,16684,21198,5047,9403,232059,214279,30964,29168,46562,44748,11257,92,41
2021-08-12T23:59:59+02:00,972,884,11980,11388,15713,14681,19095,19524,25752,26998,32520,33633,25037,27931,17239,21934,5237,9900,9932,9448,14183,13181,17692,17992,24114,25193,30793,31841,24127,26933,16668,21180,5045,9403,231828,213858,30940,29162,46562,44733,11004,92,41
2021-08-11T23:59:59+02:00,958,873,11945,11355,15694,14658,19062,19506,25730,26979,32495,33604,25018,27908,17235,21926,5236,9898,9859,9386,14131,13141,17645,17948,24073,25171,30753,31793,24097,26901,16652,21167,5044,9397,231534,213289,30939,29158,46561,44705,10962,92,41
2021-08-10T23:59:59+02:00,939,863,11857,11303,15642,14627,19018,19469,25675,26944,32438,33550,25001,27893,17228,21913,5235,9895,9764,9300,14078,13106,17613,17914,24025,25132,30700,31746,24064,26867,16645,21147,5040,9392,231152,212767,30807,29123,46559,44691,10888,92,41
2021-08-09T23:59:59+02:00,937,846,11829,11268,15626,14611,18996,19456,25643,26922,32409,33519,24993,27884,17222,21905,5235,9892,9710,9240,14037,13056,17576,17873,23994,25088,30665,31706,24050,26850,16640,21134,5038,9386,230913,212315,30807,29120,46558,44684,10831,92,41
2021-08-08T23:59:59+02:00,927,839,11793,11245,15605,14597,18976,19435,25618,26902,32387,33502,24985,27868,17215,21901,5234,9892,9635,9184,13988,13028,17549,17843,23961,25053,30633,31675,24037,26831,16632,21120,5037,9383,230722,211914,30807,29119,46558,44683,10749,92,41
2021-08-07T23:59:59+02:00,907,812,11696,11167,15562,14556,18934,19401,25579,26872,32341,33470,24968,27856,17206,21883,5233,9889,9011,8588,13544,12671,17337,17658,23810,24942,30481,31598,23978,26780,16611,21093,5032,9380,230134,208699,30807,29118,46558,44683,10748,92,41
2021-08-06T23:59:59+02:00,898,809,11666,11142,15546,14543,18923,19395,25564,26856,32332,33463,24964,27852,17201,21881,5233,9888,8427,7962,13029,12275,17108,17452,23664,24830,30387,31519,23947,26733,16599,21079,5029,9373,230084,205524,30685,29105,46558,44683,10744,92,41
2021-08-05T23:59:59+02:00,895,802,11626,11111,15504,14514,18882,19363,25518,26821,32284,33416,24923,27830,17199,21870,5233,9882,8372,7898,12980,12223,17058,17410,23600,24790,30311,31464,23900,26691,16585,21061,5027,9364,229856,205100,30684,29100,46557,44674,10489,92,41
2021-08-04T23:59:59+02:00,878,786,11596,11081,15485,14482,18849,19337,25491,26792,32239,33376,24908,27817,17194,21864,5231,9874,8282,7811,12923,12175,17006,17366,23543,24746,30251,31392,23863,26652,16575,21048,5025,9358,229590,204509,30682,29099,46555,44639,10366,92,41
2021-08-03T23:59:59+02:00,862,769,11549,11041,15462,14460,18818,19317,25465,26763,32204,33341,24888,27798,17184,21859,5227,9873,8199,7723,12853,12125,16938,17313,23483,24708,30208,31342,23827,26618,16560,21037,5022,9354,229254,203847,30681,29089,46554,44631,10304,92,41
2021-08-02T23:59:59+02:00,853,766,11514,11010,15440,14428,18791,19297,25436,26738,32172,33313,24874,27778,17176,21850,5226,9871,8103,7630,12773,12065,16878,17249,23426,24636,30158,31284,23809,26595,16539,21027,5020,9349,228974,203138,30681,29088,46554,44623,10236,92,41
2021-08-01T23:59:59+02:00,845,759,11487,10981,15429,14415,18776,19286,25417,26726,32155,33298,24870,27769,17175,21847,5224,9870,8035,7563,12712,12018,16834,17202,23390,24604,30131,31259,23793,26576,16535,21021,5018,9348,228830,202681,30676,29087,46554,44604,10181,92,41
2021-07-31T23:59:59+02:00,842,758,11484,10975,15427,14412,18772,19282,25416,26725,32152,33297,24870,27768,17175,21847,5224,9870,7882,7375,11940,11347,16278,16762,23294,24525,30066,31188,23764,26540,16523,21002,5017,9346,228800,199453,30675,29087,46554,44602,10179,92,41
2021-07-30T23:59:59+02:00,841,757,11471,10966,15424,14409,18765,19276,25409,26720,32142,33292,24869,27766,17175,21844,5224,9870,7601,7132,11398,10899,15798,16333,23157,24418,29957,31075,23727,26495,16506,20980,5017,9341,228732,196370,30674,29086,46552,44589,10174,92,41
2021-07-29T23:59:59+02:00,829,748,11431,10919,15386,14388,18725,19250,25372,26684,32089,33263,24851,27746,17164,21826,5224,9867,7227,6823,10733,10379,15280,15916,22980,24272,29809,30964,23672,26443,16477,20955,5013,9338,228410,192894,30673,29076,46552,44503,10039,92,41
2021-07-28T23:59:59+02:00,810,735,11384,10865,15362,14359,18694,19222,25346,26656,32062,33237,24835,27728,17159,21814,5223,9863,7060,6666,10588,10257,15168,15781,22887,24176,29707,30866,23629,26385,16459,20926,5012,9328,228080,191644,30673,29074,46547,44394,9966,92,41
2021-07-27T23:59:59+02:00,801,726,11339,10825,15319,14319,18653,19196,25317,26630,32026,33215,24819,27703,17152,21802,5222,9855,6838,6451,10426,10142,15024,15649,22783,24067,29599,30753,23577,26321,16443,20899,5009,9316,227759,190490,30673,28746,46546,44358,9853,92,41
2021-07-26T23:59:59+02:00,791,713,11289,10776,15293,14298,18636,19168,25289,26599,31994,33189,24804,27681,17140,21790,5221,9852,6721,6375,10329,10068,14957,15569,22701,24007,29534,30679,23544,26277,16431,20882,5005,9310,227460,189705,30671,28743,46545,44316,9758,92,41
2021-07-25T23:59:59+02:00,780,703,11261,10748,15271,14273,18616,19144,25262,26574,31973,33171,24787,27670,17136,21781,5220,9850,6645,6294,10260,10005,14884,15509,22647,23953,29478,30641,23513,26256,16419,20868,5005,9306,227262,189117,30671,28739,46544,44286,9654,92,41
2021-07-24T23:59:59+02:00,756,681,11184,10665,15232,14245,18592,19123,25242,26558,31961,33158,24787,27666,17133,21779,5220,9850,6246,5940,10112,9890,14508,15226,22423,23795,29360,30557,23477,26218,16402,20851,5002,9302,226882,186755,30671,28736,46544,44284,9646,92,41
2021-07-23T23:59:59+02:00,730,659,11116,10579,15202,14211,18564,19108,25221,26537,31946,33141,24776,27661,17131,21779,5220,9847,5876,5630,9990,9783,14161,14961,22227,23619,29240,30439,23425,26150,16391,20830,4998,9295,226493,184481,30671,28736,46544,44272,9631,92,41
2021-07-22T23:59:59+02:00,689,619,10961,10416,15105,14122,18476,19059,25141,26483,31873,33077,24740,27620,17116,21761,5216,9842,5558,5332,9721,9567,13577,14484,21907,23360,29008,30211,23324,26052,16348,20792,4994,9292,225539,181157,30670,28724,46543,44253,9475,92,41
2021-07-21T23:59:59+02:00,669,594,10896,10361,15068,14094,18436,19021,25101,26453,31834,33027,24715,27586,17100,21749,5213,9837,4942,4865,9279,9312,13193,14254,21675,23205,28822,30062,23259,25976,16323,20769,4992,9289,225108,179383,30659,27456,46540,44086,9358,92,41
2021-07-20T23:59:59+02:00,651,577,10839,10306,15042,14058,18401,18994,25070,26422,31798,32993,24695,27565,17095,21734,5210,9830,4802,4751,9129,9181,13026,14119,21562,23084,28691,29937,23179,25873,16301,20728,4985,9283,224730,178038,30659,27444,46538,43937,9263,92,41
2021-07-19T23:59:59+02:00,638,564,10801,10275,15010,14034,18377,18985,25041,26396,31765,32964,24678,27542,17089,21723,5208,9827,4722,4682,9031,9103,12908,14022,21464,22976,28592,29817,23123,25816,16276,20699,4980,9277,224481,177098,30659,27435,46529,43839,9158,92,41
2021-07-18T23:59:59+02:00,623,555,10748,10224,14975,14014,18352,18967,25021,26380,31742,32945,24668,27531,17083,21714,5207,9822,4614,4580,8897,8982,12781,13882,21378,22885,28519,29738,23094,25786,16267,20686,4977,9276,224206,176087,30659,27421,46529,43785,9087,92,41
2021-07-17T23:59:59+02:00,548,484,10458,9926,14862,13911,18261,18888,24915,26306,31634,32894,24633,27497,17070,21694,5205,9821,4566,4539,8843,8910,12545,13686,20952,22541,28388,29606,23057,25733,16258,20671,4976,9273,222645,174290,30659,27421,46527,43783,9086,92,41
2021-07-16T23:59:59+02:00,519,447,10323,9804,14802,13870,18208,18836,24879,26273,31614,32869,24624,27482,17067,21687,5205,9818,4519,4497,8767,8869,12173,13407,20407,22141,28255,29512,23008,25696,16249,20666,4974,9271,221976,172177,30659,27418,46526,43776,9076,92,41
2021-07-15T23:59:59+02:00,487,410,10185,9698,14734,13822,18152,18767,24824,26225,31564,32816,24599,27445,17049,21672,5198,9814,4307,4358,8438,8660,11657,13005,19299,21294,27838,29167,22838,25526,16184,20593,4964,9255,221245,167473,30657,27404,46525,43575,8944,92,41
2021-07-14T23:59:59+02:00,466,396,10156,9672,14697,13801,18122,18732,24786,26184,31513,32763,24569,27417,17038,21655,5197,9812,4183,4206,8181,8487,11427,12860,19120,21183,27690,29040,22773,25448,16150,20555,4959,9246,220874,165901,30657,27385,46524,43398,8831,92,41
2021-07-13T23:59:59+02:00,442,382,10106,9620,14667,13772,18095,18699,24749,26163,31478,32721,24553,27386,17027,21643,5196,9809,4086,4110,8006,8329,11226,12669,18984,21043,27536,28878,22676,25363,16115,20501,4955,9235,220463,164438,30657,27364,46523,43140,8775,92,41
2021-07-12T23:59:59+02:00,430,360,10060,9569,14640,13754,18065,18670,24712,26121,31444,32677,24529,27363,17012,21638,5193,9806,3980,4009,7835,8207,11067,12532,18868,20922,27413,28758,22602,25301,16088,20475,4954,9230,220091,163268,30656,27343,46522,42948,8683,92,41
2021-07-11T23:59:59+02:00,422,342,10029,9539,14618,13734,18048,18660,24690,26112,31423,32659,24517,27353,17010,21636,5193,9804,3910,3938,7717,8110,10919,12404,18742,20820,27312,28644,22558,25253,16067,20450,4952,9227,219894,162305,30653,27338,46521,42746,8630,92,41
2021-07-10T23:59:59+02:00,396,319,9916,9434,14564,13695,17998,18637,24666,26092,31404,32643,24509,27344,17006,21632,5191,9802,3875,3913,7658,8069,10884,12375,18713,20795,27283,28622,22550,25238,16063,20445,4952,9227,219366,162001,30652,27337,46518,42698,8621,92,41
2021-07-09T23:59:59+02:00,336,271,9657,9224,14463,13615,17919,18565,24580,26039,31355,32582,24486,27313,16992,21614,5191,9796,3808,3873,7521,7978,10666,12226,18488,20656,26867,28302,22365,25044,16008,20384,4949,9220,218142,159850,30652,27333,46517,42569,8596,92,41
2021-07-08T23:59:59+02:00,257,204,9463,9079,14360,13538,17824,18490,24521,25988,31272,32523,24458,27282,16979,21596,5187,9791,3652,3749,7210,7789,10313,11997,18141,20374,26563,28044,22190,24886,15940,20308,4942,9204,217031,157472,30649,27285,46504,41996,8537,92,41
2021-07-07T23:59:59+02:00,218,176,9374,8973,14319,13506,17787,18449,24467,25950,31230,32482,24433,27252,16967,21578,5187,9783,3470,3621,6889,7565,9372,11265,17555,19946,26161,27732,21953,24579,15863,20211,4928,9190,216391,154854,30646,25532,46502,41395,8501,92,41
2021-07-06T23:59:59+02:00,196,164,9294,8916,14268,13476,17751,18407,24425,25911,31169,32435,24397,27224,16952,21561,5185,9781,3353,3549,6684,7441,9102,11101,17309,19764,25884,27475,21796,24376,15782,20107,4915,9175,215825,152916,30631,25521,46499,40891,8466,92,41
2021-07-05T23:59:59+02:00,184,149,9208,8835,14227,13432,17716,18357,24388,25881,31124,32385,24373,27201,16943,21547,5184,9779,3302,3516,6556,7363,8953,10980,17163,19624,25713,27320,21653,24208,15732,20054,4904,9165,215275,151853,30631,25512,46497,40402,8419,92,41
2021-07-04T23:59:59+02:00,169,142,9157,8785,14194,13419,17690,18339,24362,25860,31103,32359,24358,27187,16937,21539,5183,9776,3252,3472,6491,7323,8865,10908,17076,19538,25584,27209,21528,24079,15690,20002,4902,9158,215000,151190,30630,25503,46482,40005,8356,92,41
2021-07-03T23:59:59+02:00,166,139,8651,8294,14035,13299,17590,18222,24267,25802,31039,32311,24337,27165,16925,21529,5181,9773,3192,3392,6371,7203,8691,10765,16858,19353,25195,26898,21413,23941,15660,19962,4898,9152,213185,149130,30629,25503,46482,39949,8338,92,41
2021-07-02T23:59:59+02:00,159,135,8083,7829,13889,13191,17498,18145,24197,25733,30979,32249,24299,27123,16919,21509,5179,9768,3081,3285,6099,7048,8434,10525,16488,19024,24718,26472,21186,23668,15591,19880,4892,9149,211350,146054,30629,25501,46479,39625,8335,92,41
2021-07-01T23:59:59+02:00,146,125,7955,7723,13806,13132,17428,18093,24129,25681,30926,32196,24271,27098,16909,21497,5178,9767,2892,3099,5750,6764,7996,10105,15897,18547,23946,25807,20695,23195,15464,19718,4880,9124,210561,141457,30624,25488,46473,38596,8311,92,41
2021-06-30T23:59:59+02:00,129,112,7809,7604,13741,13082,17375,18040,24077,25627,30866,32150,24240,27076,16895,21479,5178,9762,2795,3023,5594,6621,7768,9883,14938,17676,23331,25256,20335,22801,15331,19557,4866,9090,209994,139916,30449,23213,46469,37469,8239,92,41
2021-06-29T23:59:59+02:00,114,99,7742,7508,13694,13042,17337,17995,24024,25566,30816,32090,24220,27050,16885,21463,5175,9758,2736,2978,5463,6523,7614,9749,14769,17504,23089,25020,20074,22475,15232,19456,4854,9070,209365,138790,30447,23201,46466,36374,8209,92,41
2021-06-28T23:59:59+02:00,109,93,7677,7437,13627,12981,17288,17944,23982,25521,30759,32046,24203,27022,16878,21453,5173,9756,2705,2945,5396,6471,7521,9678,14672,17422,22937,24806,19871,22230,15177,19387,4850,9056,208822,138186,30445,23191,46458,35580,8133,92,41
2021-06-27T23:59:59+02:00,95,88,7629,7374,13595,12944,17259,17911,23963,25486,30732,32018,24191,27014,16871,21447,5173,9754,2683,2931,5346,6446,7448,9632,14576,17358,22841,24719,19744,22087,15146,19336,4846,9047,208466,137673,30445,23179,46452,35208,8090,92,41
2021-06-26T23:59:59+02:00,91,85,7123,6827,13203,12644,17145,17807,23897,25428,30696,31983,24182,26997,16867,21436,5172,9753,2582,2821,5156,6256,7247,9441,14029,16903,22178,24085,19596,21945,15101,19283,4844,9039,206280,134033,30443,23179,46452,35188,8090,72,21
2021-06-25T23:59:59+02:00,90,82,6644,6339,12745,12271,16985,17688,23806,25363,30616,31943,24159,26970,16862,21426,5170,9750,2479,2668,4981,6063,6988,9143,13496,16369,21625,23498,19400,21735,15043,19216,4840,9027,203870,130329,30443,23179,46452,34974,8073,72,21
2021-06-24T23:59:59+02:00,80,70,6423,6126,12520,12119,16879,17606,23732,25310,30558,31895,24125,26928,16856,21416,5168,9743,2272,2432,4611,5685,6488,8655,12772,15655,20472,22494,18936,21253,14938,19085,4828,9012,202598,124383,30441,23169,46445,34021,7999,72,21
2021-06-23T23:59:59+02:00,75,68,5849,5626,12356,12008,16760,17494,23657,25263,30494,31845,24091,26905,16849,21402,5164,9739,2233,2379,4548,5564,6396,8504,12538,15366,20228,22233,18637,20923,14841,18971,4817,8995,202083,123356,29106,23020,46435,32831,7950,72,21
2021-06-22T23:59:59+02:00,70,63,5708,5496,12256,11902,16672,17421,23598,25201,30425,31766,24064,26872,16839,21381,5160,9737,2181,2342,4453,5482,6271,8356,11668,14705,19814,21824,18302,20568,14733,18832,4807,8974,201146,122429,29099,21326,46415,31640,7900,72,21
2021-06-21T23:59:59+02:00,67,60,5572,5382,12179,11809,16608,17334,23541,25127,30375,31708,24039,26844,16826,21366,5160,9733,2148,2306,4393,5385,6184,8228,10886,13999,19360,21414,18076,20338,14672,18736,4798,8957,200318,121627,29093,19540,46410,30858,7838,72,21
2021-06-20T23:59:59+02:00,65,58,5455,5259,12013,11631,16542,17210,23492,25061,30333,31652,24023,26822,16820,21351,5155,9728,2130,2277,4352,5345,6113,8177,10783,13920,19248,21288,17918,20147,14606,18652,4794,8950,199314,121093,29089,19537,46404,30261,7792,72,21
2021-06-19T23:59:59+02:00,61,54,5437,5239,11242,10965,16062,16816,23430,25016,30289,31610,24005,26802,16812,21339,5155,9728,2057,2156,4147,5111,5829,7895,10455,13584,18191,20429,17745,19955,14573,18587,4789,8938,196708,116850,29089,19537,46403,30246,7791,72,21
2021-06-18T23:59:59+02:00,58,53,5401,5211,10597,10380,15448,16251,23338,24947,30219,31547,23978,26772,16801,21324,5154,9726,1987,2066,4006,4968,5551,7625,10072,13219,17039,19218,17542,19717,14524,18522,4786,8928,193861,112434,29081,19536,46403,29994,7789,72,21
2021-06-17T23:59:59+02:00,51,44,5287,5108,9918,9875,14959,15862,23238,24859,30137,31453,23938,26726,16787,21303,5153,9723,1858,1960,3748,4721,5163,7259,9531,12732,15851,18026,17082,19227,14383,18347,4773,8904,191277,107302,29078,19527,46400,29075,7650,17,15
2021-06-16T23:59:59+02:00,49,36,5155,4976,9723,9712,14814,15732,23145,24766,30038,31377,23894,26681,16772,21291,5152,9713,1816,1918,3641,4632,5060,7138,8498,11879,15579,17729,16786,18890,14248,18176,4767,8871,190104,106405,29067,17646,46398,28125,7441,17,15
2021-06-15T23:59:59+02:00,43,30,4973,4794,9539,9557,14678,15588,23053,24675,29962,31292,23851,26608,16746,21258,5144,9698,1756,1863,3560,4535,4965,7021,8382,11736,15398,17499,16466,18579,14106,18007,4745,8812,188788,105632,29064,17642,46379,26903,7242,17,15
2021-06-14T23:59:59+02:00,41,27,4896,4730,9448,9448,14601,15498,22981,24603,29891,31231,23819,26569,16731,21240,5141,9692,1734,1840,3524,4510,4924,6988,8281,11672,15261,17365,16286,18375,14013,17909,4740,8804,188044,105403,29058,17640,46373,26076,7096,17,15
2021-06-13T23:59:59+02:00,40,26,4838,4681,9363,9374,14516,15431,22919,24552,29824,31178,23793,26541,16722,21230,5141,9690,1685,1826,3481,4485,4868,6945,8208,11634,15161,17270,16129,18191,13959,17835,4733,8797,187462,105119,29052,17638,46357,25467,6972,17,15
2021-06-12T23:59:59+02:00,38,24,4819,4666,9336,9351,14277,15254,22789,24422,29779,31133,23772,26524,16713,21222,5140,9688,1562,1703,3244,4275,4461,6644,7660,11204,13382,15580,15775,17818,13879,17733,4731,8782,186553,98411,29052,17638,46357,25403,6970,16,15
2021-06-11T23:59:59+02:00,34,23,4766,4614,9255,9299,13955,15031,22593,24274,29683,31042,23735,26479,16695,21210,5139,9685,1462,1568,3053,4059,4163,6277,7148,10659,11738,13684,15294,17239,13766,17585,4716,8768,185195,91468,29047,17637,46355,25163,6900,16,15
2021-06-10T23:59:59+02:00,28,20,4481,4388,8707,8969,12679,14007,22026,23822,29309,30736,23599,26320,16643,21142,5126,9670,1340,1480,2817,3877,3835,5994,6711,10267,10321,12352,14780,16663,13594,17377,4701,8741,179853,86922,29029,17634,46350,23857,6426,15,15
2021-06-09T23:59:59+02:00,25,16,4248,4225,8115,8678,11777,13346,21705,23610,29078,30584,23536,26257,16623,21117,5123,9666,1253,1425,2664,3805,3693,5913,6504,10173,10056,12172,14455,16312,13422,17197,4694,8720,177738,86583,27761,17529,46344,22463,5872,15,15
2021-06-08T23:59:59+02:00,21,13,4118,4122,7714,8450,11291,13055,21479,23430,28877,30430,23478,26183,16591,21076,5117,9657,1176,1399,2528,3747,3534,5843,5607,9424,9583,11808,14117,15903,13196,16956,4680,8698,175982,86223,27389,15375,46319,21192,5398,15,15
2021-06-07T23:59:59+02:00,16,11,3997,4046,7474,8344,11001,12876,21275,23316,28723,30312,23420,26129,16573,21051,5113,9649,1128,1282,2406,3683,3404,5780,5441,9348,9373,11680,13886,15645,13040,16787,4673,8680,174749,86033,27379,15370,46311,19949,4873,15,15
2021-06-06T23:59:59+02:00,14,11,3880,3988,7237,8225,10751,12713,21088,23228,28637,30220,23389,26095,16561,21033,5110,9644,1108,1265,2342,3648,3307,5726,5334,9273,9254,11578,13730,15491,12967,16693,4670,8673,173598,85837,27361,15364,46301,19297,4550,15,15
2021-06-05T23:59:59+02:00,14,11,3851,3951,7198,8184,10574,12560,20460,22717,28475,30076,23339,26050,16547,21014,5110,9640,1076,1166,2175,3194,3074,5186,5165,8940,8474,10621,13077,14648,12855,16546,4659,8663,171557,80442,27361,15364,46300,19161,4540,14,15
2021-06-04T23:59:59+02:00,14,11,3821,3924,7159,8158,10476,12468,20095,22387,28371,29979,23304,26012,16533,21005,5108,9639,1044,1099,2077,2882,2914,4708,5008,8569,7957,9963,11576,12927,12728,16349,4652,8645,170270,74052,27348,15363,46299,19137,4534,14,15
2021-06-03T23:59:59+02:00,9,7,3685,3822,6940,8019,9921,12044,18871,21456,27973,29669,23170,25870,16480,20943,5104,9625,993,1054,1989,2771,2777,4549,4804,8263,7591,9513,11196,12527,12619,16235,4649,8632,165512,72260,27338,15360,46295,18080,4450,14,15
2021-06-02T23:59:59+02:00,9,7,3677,3814,6927,8001,9910,12033,18682,21275,27902,29620,23147,25849,16474,20934,5101,9623,988,1047,1977,2742,2754,4530,4593,8079,7055,9024,11159,12486,12604,16221,4645,8626,165442,72153,26793,13867,46295,18056,4442,14,15
2021-06-01T23:59:59+02:00,8,6,3549,3739,6685,7853,9626,11838,18227,20930,27664,29423,23054,25747,16433,20881,5098,9611,951,1000,1891,2672,2673,4456,4314,7845,6455,8491,10945,12272,12506,16120,4640,8614,163746,71707,26014,12574,46281,17234,4318,14,15
2021-05-31T23:59:59+02:00,8,6,3503,3694,6594,7785,9490,11736,18101,20840,27572,29346,22987,25685,16416,20852,5093,9604,921,973,1822,2629,2594,4413,4206,7781,6334,8415,10758,12102,12405,16004,4630,8606,162898,71339,25984,12567,46268,16526,4149,14,15
2021-05-30T23:59:59+02:00,8,5,3472,3669,6530,7729,9399,11643,18012,20761,27496,29275,22941,25640,16394,20824,5087,9594,914,964,1811,2619,2581,4401,4177,7756,6281,8373,10696,12022,12371,15961,4625,8597,162191,71296,25978,12564,46251,16231,4046,14,15
2021-05-29T23:59:59+02:00,8,5,3461,3650,6495,7702,9355,11604,17974,20721,27348,29169,22886,25566,16379,20804,5084,9590,878,945,1754,2573,2509,4317,3987,7501,6006,8074,8489,9360,12178,15619,4610,8568,161527,65040,25978,12562,46237,15707,4046,14,15
2021-05-28T23:59:59+02:00,8,5,3398,3595,6364,7625,9215,11472,17816,20589,27165,29047,22825,25488,16359,20786,5083,9589,865,932,1735,2550,2473,4262,3835,7205,5812,7810,5774,6242,11903,15220,4594,8519,160171,58143,25976,12562,46232,14976,4037,14,15
2021-05-27T23:59:59+02:00,8,5,3253,3471,6078,7445,8613,11139,17340,20251,26752,28699,22657,25323,16301,20723,5076,9571,817,874,1650,2453,2355,4128,3413,6233,5391,7210,5612,6067,11822,15145,4588,8502,156700,57658,25917,12515,46226,12225,3849,14,15
2021-05-26T23:59:59+02:00,8,5,3146,3386,5858,7278,8243,10854,16876,19945,26452,28461,22507,25190,16250,20649,5063,9551,800,864,1597,2428,2302,4097,3340,6158,5292,7138,5476,5940,11756,15077,4583,8490,153999,57576,25899,12513,46204,11629,3607,14,15
2021-05-25T23:59:59+02:00,8,5,3055,3324,5716,7162,8047,10690,15875,19168,26098,28106,22348,25033,16198,20569,5056,9541,781,847,1560,2380,2231,4037,3264,6087,5206,7075,5309,5770,11648,14996,4575,8478,152440,57506,23979,12323,46187,11020,3382,12,15
2021-05-24T23:59:59+02:00,8,5,2992,3308,5629,7117,7931,10628,14961,18479,25683,27795,22254,24928,16167,20533,5049,9529,772,845,1539,2363,2189,4000,3219,6039,5129,6995,5207,5662,11566,14920,4574,8472,151718,57468,21908,12247,46178,10582,3181,12,15
2021-05-23T23:59:59+02:00,8,4,2989,3303,5620,7109,7922,10620,14956,18478,25682,27794,22254,24928,16167,20533,5049,9529,770,842,1531,2356,2176,3987,3200,6024,5108,6962,5162,5610,11550,14896,4573,8470,151687,57460,21908,12247,46176,10334,3163,12,15
2021-05-22T23:59:59+02:00,7,4,2952,3259,5541,7058,7822,10533,14757,18315,25399,27548,22154,24841,16134,20489,5046,9524,748,822,1482,2302,2124,3905,3088,5902,4791,6387,4591,4862,10902,14072,4563,8431,150149,54213,21908,12247,46176,9360,3139,12,15
2021-05-21T23:59:59+02:00,5,4,2880,3186,5415,6959,7695,10386,14498,18086,25104,27312,22039,24733,16101,20441,5041,9515,719,769,1413,2173,2022,3636,2904,5569,4310,5492,4174,4323,10156,13130,4498,8305,148205,50462,21907,12247,46170,7763,3108,11,15
2021-05-20T23:59:59+02:00,5,4,2748,3027,5133,6703,7410,10016,14036,17602,24493,26761,21766,24437,16007,20320,5027,9485,705,758,1386,2149,1984,3602,2850,5513,4228,5413,4046,4220,10079,13067,4489,8293,144048,50366,21897,12235,46145,7287,2880,11,15
2021-05-19T23:59:59+02:00,5,4,2694,2975,5035,6561,7267,9834,12893,16566,24229,26470,21669,24307,15962,20259,5018,9478,688,732,1360,2101,1951,3516,2787,5366,4134,5305,3964,4128,10025,13002,4486,8289,142666,50335,19830,12169,46073,6669,2647,11,15
2021-05-18T23:59:59+02:00,5,4,2667,2951,4986,6528,7214,9802,12538,16291,24049,26317,21577,24218,15932,20206,5010,9466,659,674,1303,1973,1877,3315,2688,5158,4004,5108,3741,3850,9942,12922,4476,8279,142380,50311,18977,11167,46028,6111,2366,11,15
2021-05-17T23:59:59+02:00,5,4,2641,2932,4941,6458,7126,9694,12385,16112,23899,26154,21523,24168,15913,20183,5005,9458,651,660,1287,1937,1856,3268,2640,5050,3925,4994,3602,3698,9873,12858,4473,8271,141405,50288,18969,11157,46011,5378,2206,11,15
2021-05-16T23:59:59+02:00,5,4,2629,2919,4918,6391,7088,9611,12326,16038,23847,26093,21499,24151,15903,20169,5002,9455,646,655,1277,1934,1839,3259,2618,5038,3896,4970,3548,3631,9834,12826,4472,8269,140969,50273,18960,11146,45989,5160,2119,11,15
2021-05-15T23:59:59+02:00,4,4,2505,2782,4729,6185,6896,9423,11807,15619,23256,25544,21392,24033,15869,20126,4999,9447,596,593,1196,1845,1704,3106,2332,4730,3445,4459,3216,3202,9670,12621,4448,8240,137572,47314,18959,11146,45984,4835,2094,11,15
2021-05-14T23:59:59+02:00,4,4,2388,2606,4533,5962,6618,9111,11269,15107,22689,24974,21246,23893,15833,20068,4995,9436,534,515,1094,1724,1543,2891,2002,4326,2843,3870,2830,2765,9585,12472,4444,8236,133747,44381,18952,11144,45960,4069,2066,11,15
2021-05-13T23:59:59+02:00,4,4,2208,2321,4212,5580,6192,8640,10708,14418,21652,24059,20964,23619,15773,19969,4988,9421,530,515,1081,1709,1528,2873,1993,4302,2826,3849,2813,2751,9578,12468,4443,8236,127844,44329,18899,11135,45935,3974,2043,11,15
2021-05-12T23:59:59+02:00,4,4,2207,2319,4204,5579,6183,8634,10606,14296,21598,24019,20959,23608,15768,19961,4987,9421,523,493,1045,1654,1479,2794,1910,4215,2767,3790,2732,2656,9527,12395,4443,8236,127796,44326,18575,10308,45935,3971,2040,11,15
2021-05-11T23:59:59+02:00,4,4,2085,2280,4120,5516,6056,8519,10297,14045,21405,23857,20882,23536,15753,19928,4983,9416,498,469,984,1594,1409,2703,1811,4075,2694,3715,2578,2428,9462,12294,4442,8236,126848,44308,18238,9470,45651,3662,1938,11,15
2021-05-10T23:59:59+02:00,4,4,2044,2202,4013,5393,5920,8340,9509,13283,21025,23537,20791,23446,15715,19874,4973,9403,486,441,948,1530,1344,2613,1722,3913,2611,3623,2553,2409,9452,12276,4438,8231,125707,44296,16397,9289,45546,3176,1815,11,15
2021-05-09T23:59:59+02:00,4,4,2012,2189,3978,5354,5867,8292,9440,13214,20955,23464,20755,23405,15700,19847,4970,9389,479,433,925,1486,1318,2564,1688,3851,2573,3580,2544,2397,9441,12259,4438,8223,125259,44236,16393,9286,45450,2937,1726,11,15
2021-05-08T23:59:59+02:00,4,4,1949,2086,3796,5179,5593,8086,9130,12929,19822,22535,20560,23212,15667,19778,4965,9377,407,404,861,1446,1241,2491,1600,3749,2353,3367,1996,1969,9347,12173,4437,8223,121104,42754,16392,9285,45447,2298,1725,4,3
2021-05-07T23:59:59+02:00,4,4,1862,1972,3615,5010,5273,7790,8718,12555,18571,21260,20376,22999,15622,19721,4956,9358,321,346,751,1371,1109,2362,1466,3607,2177,3174,1626,1628,8859,11724,4436,8221,116157,41017,16388,9280,45425,1187,1692,4,3
2021-05-06T23:59:59+02:00,4,4,1678,1863,3329,4754,4822,7383,8077,11993,17328,20019,20043,22622,15514,19556,4946,9347,304,337,730,1341,1069,2315,1417,3523,2111,3106,1591,1573,8842,11693,4430,8218,110299,40997,16380,9274,45189,917,1410,4,3
2021-05-05T23:59:59+02:00,4,3,1608,1834,3245,4667,4743,7279,7949,11842,17176,19875,19924,22503,15438,19464,4925,9250,294,326,688,1290,1008,2242,1335,3374,2005,2991,1499,1475,8425,11129,4425,8200,109531,40960,16238,8145,45018,661,938,4,3
2021-05-04T23:59:59+02:00,4,3,1581,1805,3199,4589,4684,7168,7699,11546,16614,19298,19837,22372,15362,19366,4895,9136,278,313,665,1260,987,2188,1277,3254,1892,2834,1427,1369,8354,11025,4420,8182,108823,40933,14892,7869,44914,396,525,4,3
2021-05-03T23:59:59+02:00,4,3,1573,1802,3189,4574,4646,7143,7445,11312,15920,18702,19773,22286,15335,19332,4889,9126,263,293,643,1177,938,2100,1214,3115,1794,2697,1361,1288,8328,10990,4416,8173,108731,40923,13294,7662,44874,52,151,4,3
2021-05-02T23:59:59+02:00,4,3,1572,1800,3182,4572,4641,7140,7431,11302,15901,18691,19756,22278,15335,19330,4888,9126,263,290,640,1176,933,2097,1204,3109,1786,2691,1347,1281,8327,10985,4415,8173,108703,40900,13291,7660,44848,49,106,4,3
2021-05-01T23:59:59+02:00,4,3,1440,1656,2904,4323,4174,6783,6812,10820,13964,16810,19374,21880,15244,19214,4885,9110,261,290,637,1174,932,2094,1202,3107,1784,2687,1342,1277,8325,10983,4415,8173,101161,40869,13291,7660,44842,49,103,3,3
2021-04-30T23:59:59+02:00,3,3,1320,1510,2686,4102,3844,6387,6245,10228,12178,14775,18917,21340,15140,19072,4871,9099,256,289,630,1167,917,2086,1189,3097,1773,2674,1332,1268,8321,10978,4414,8172,93553,40824,13291,7660,44842,46,31,3,3
2021-04-29T23:59:59+02:00,2,3,1203,1448,2521,3978,3603,6184,5888,9927,10838,13498,18656,21063,15097,19002,4867,9093,255,285,625,1159,905,2080,1169,3092,1743,2637,1306,1244,8315,10969,4414,8172,88869,40791,13282,7527,44703,36,14,3,3
2021-04-28T23:59:59+02:00,2,3,1147,1442,2470,3958,3552,6160,5825,9894,10741,13429,18624,21029,15090,18986,4867,9090,255,284,623,1158,902,2078,1164,3088,1735,2636,1299,1225,7869,10446,4414,8172,88598,40768,13232,6534,44463,32,13,3,2
2021-04-27T23:59:59+02:00,2,3,1102,1415,2365,3914,3487,6132,5706,9838,10624,13352,18590,20989,15077,18971,4865,9088,254,284,621,1150,901,2076,1159,3085,1731,2632,1287,1208,7451,9864,4414,8172,88086,40748,13179,5501,44240,27,12,3,2
2021-04-26T23:59:59+02:00,2,3,1060,1386,2275,3821,3360,6032,5538,9717,10319,13094,18528,20934,15068,18953,4863,9088,253,283,620,1148,895,2072,1152,3082,1713,2623,1272,1195,7442,9844,4414,8172,86747,40661,13168,5480,44111,26,12,3,2
2021-04-25T23:59:59+02:00,2,3,1057,1384,2267,3819,3353,6027,5518,9709,10285,13063,18517,20922,15067,18947,4863,9087,252,283,620,1148,895,2072,1150,3082,1713,2623,1272,1195,7442,9842,4414,8172,86724,40659,13159,5478,43993,26,11,3,2
2021-04-24T23:59:59+02:00,2,2,1014,1271,2078,3281,3082,5411,5326,9297,9450,12016,17809,20024,14954,18787,4855,9076,251,282,619,1147,895,2071,1150,3081,1707,2618,1269,1190,7440,9840,4414,8171,80595,40634,13159,5474,43968,26,10,3,2
2021-04-23T23:59:59+02:00,1,2,981,1187,1966,2933,2900,4859,5130,8868,8896,11294,16178,18159,14805,18581,4847,9053,251,282,618,1147,893,2069,1149,3081,1706,2617,1264,1185,7436,9838,4414,8170,73561,40620,13158,5463,43908,26,10,3,2
2021-04-22T23:59:59+02:00,1,2,976,1175,1946,2917,2880,4839,5072,8822,8784,11190,16105,18082,14778,18551,4845,9048,249,282,614,1146,890,2068,1141,3069,1690,2597,1240,1163,7431,9830,4414,8170,73510,40606,13100,5352,43390,25,10,3,2
2021-04-21T23:59:59+02:00,1,2,966,1167,1932,2904,2852,4813,5026,8767,8676,11067,16019,17998,14749,18517,4845,9043,244,279,604,1137,876,2038,1131,3044,1680,2571,1227,1149,7206,9512,4413,8170,73466,40598,13042,4648,42823,24,10,3,2
2021-04-20T23:59:59+02:00,1,2,939,1119,1880,2790,2779,4650,4932,8588,8501,10858,15786,17716,14690,18458,4838,9037,231,276,586,1116,850,2006,1102,3018,1645,2530,1207,1136,7197,9507,4412,8169,73427,40577,11913,4381,42211,20,10,3,1
2021-04-19T23:59:59+02:00,1,2,930,1111,1848,2770,2729,4625,4808,8527,8301,10746,15694,17618,14668,18439,4838,9031,225,268,568,1095,832,1973,1084,2975,1599,2475,1189,1117,7190,9504,4410,8168,73028,40542,11892,4102,41753,18,10,3,1
2021-04-18T23:59:59+02:00,1,2,927,1110,1843,2764,2721,4613,4790,8516,8261,10703,15644,17559,14658,18422,4837,9029,225,268,568,1094,831,1973,1083,2975,1599,2474,1189,1116,7188,9503,4409,8168,72982,40535,11888,4100,41517,18,10,3,1
2021-04-17T23:59:59+02:00,0,2,895,1095,1794,2726,2653,4534,4636,8375,7998,10474,13274,14659,14459,18068,4820,8995,223,268,568,1091,827,1966,1071,2968,1589,2454,1150,1073,6855,9089,4384,8120,66161,39579,11888,4089,41395,18,10,3,1
2021-04-16T23:59:59+02:00,0,2,889,1089,1782,2716,2611,4494,4544,8291,7818,10280,10432,11410,14187,17650,4801,8940,222,264,567,1087,822,1962,1062,2965,1581,2441,1139,1058,6849,9083,4382,8117,58881,39500,11886,4073,41156,18,10,3,1
2021-04-15T23:59:59+02:00,0,2,877,1084,1760,2702,2568,4461,4426,8230,7589,10079,10181,11192,14125,17584,4794,8926,220,263,567,1085,821,1960,1059,2962,1578,2438,1134,1053,6847,9081,4382,8117,58857,39485,11884,4055,39826,17,10,3,1
2021-04-14T23:59:59+02:00,0,2,859,1057,1701,2619,2479,4337,4236,8046,7314,9797,9807,10707,13976,17403,4788,8914,196,238,526,1034,798,1893,1023,2882,1528,2375,1108,1023,6842,9072,4382,8116,58822,39469,10936,3542,38271,15,10,3,1
2021-04-13T23:59:59+02:00,0,2,835,1035,1664,2567,2412,4254,4135,7908,7101,9577,9400,10189,13830,17236,4783,8900,160,214,491,986,758,1800,988,2772,1475,2305,1089,988,6826,9061,4381,8116,58775,39405,9986,2986,37054,9,10,3,1
2021-04-12T23:59:59+02:00,0,2,830,1033,1645,2563,2383,4241,4083,7857,6960,9405,9134,9874,13766,17176,4772,8883,149,200,463,946,735,1735,968,2700,1431,2255,1067,971,6809,9041,4378,8111,58717,39288,9955,2652,35922,9,10,3,1
2021-04-11T23:59:59+02:00,0,2,829,1032,1634,2563,2369,4238,4060,7845,6895,9343,9000,9709,13739,17128,4767,8874,149,200,463,944,734,1733,966,2700,1430,2255,1067,971,6807,9041,4378,8111,58703,39280,9953,2651,35358,8,10,3,1
2021-04-10T23:59:59+02:00,0,2,813,1028,1605,2534,2332,4209,3990,7787,6763,9226,8443,8975,13072,16276,4756,8832,146,200,461,941,728,1730,966,2693,1421,2248,1053,955,6336,8542,4362,8095,55368,38210,9952,2649,35310,8,10,3,1
2021-04-09T23:59:59+02:00,0,2,791,1000,1564,2485,2266,4129,3837,7627,6416,8893,7915,8316,12250,15250,4685,8693,144,198,459,935,721,1722,957,2683,1406,2237,1031,933,6094,8270,4342,8068,51377,37537,9945,2645,34784,8,10,3,1
2021-04-08T23:59:59+02:00,0,2,781,990,1537,2461,2200,4080,3703,7538,6163,8592,7299,7660,12088,15050,4674,8677,144,196,454,931,716,1715,949,2672,1397,2224,1019,930,6091,8268,4341,8068,51342,37514,9920,2583,32220,8,10,3,1
2021-04-07T23:59:59+02:00,0,2,774,981,1511,2443,2141,4042,3616,7468,5932,8327,6742,7026,11478,14301,4661,8649,125,189,423,884,670,1646,892,2602,1347,2155,998,914,6083,8262,4340,8068,51312,37490,8762,2091,30008,8,9,3,1
2021-04-06T23:59:59+02:00,0,2,769,979,1497,2435,2112,4019,3543,7419,5751,8155,6296,6518,11275,14084,4646,8618,102,168,375,825,625,1571,848,2502,1294,2091,973,897,6064,8247,4338,8064,51243,37461,8577,1507,28287,8,8,3,1
2021-04-05T23:59:59+02:00,0,2,764,975,1481,2427,2086,4009,3492,7393,5607,8044,6091,6301,11208,13997,4640,8608,96,166,374,823,618,1562,840,2487,1281,2072,945,866,4959,6844,4260,7958,51043,34638,8573,1497,27498,8,8,3,1
2021-04-04T23:59:59+02:00,0,2,762,969,1479,2425,2082,4007,3474,7386,5597,8037,6080,6281,11194,13979,4638,8605,96,166,372,821,615,1557,833,2480,1266,2053,922,844,3949,5682,4194,7852,51028,32189,8571,1497,27387,8,8,3,1
2021-04-03T23:59:59+02:00,0,2,710,913,1398,2354,1959,3868,3214,7126,5136,7545,5735,5824,11022,13760,4610,8577,94,166,372,820,615,1555,832,2480,1266,2053,922,844,3949,5679,4194,7851,47786,32179,8571,1497,27385,8,8,3,1
2021-04-02T23:59:59+02:00,0,2,668,879,1343,2286,1861,3754,2961,6865,4618,7065,5343,5364,10921,13594,4605,8571,93,166,372,820,615,1555,831,2480,1264,2052,919,841,3946,5676,4193,7851,44853,32163,8570,1496,27267,8,7,3,1
2021-04-01T23:59:59+02:00,0,2,665,876,1333,2281,1841,3746,2932,6851,4544,6992,5234,5254,10882,13545,4604,8566,93,166,370,816,613,1552,831,2477,1260,2048,909,840,3941,5673,4192,7850,44836,32152,8426,1464,26876,8,7,3,1
2021-03-31T23:59:59+02:00,0,2,663,874,1326,2264,1833,3736,2904,6823,4481,6946,5094,5092,10368,12936,4600,8558,93,166,369,816,613,1552,831,2477,1258,2048,908,840,3941,5672,4192,7849,44825,32146,7293,1464,26373,8,7,2,1
2021-03-30T23:59:59+02:00,0,2,654,871,1308,2244,1804,3707,2867,6788,4395,6857,4925,4898,9840,12235,4593,8543,88,163,368,812,608,1550,826,2471,1250,2045,898,830,3933,5669,4191,7848,44800,32125,6104,1410,25618,8,7,2,1
2021-03-29T23:59:59+02:00,0,2,649,863,1295,2210,1788,3676,2836,6746,4323,6771,4725,4700,9754,12141,4590,8529,88,163,368,810,603,1546,824,2465,1245,2037,890,824,3925,5661,4191,7848,44731,32111,5887,1363,24971,7,7,2,1
2021-03-28T23:59:59+02:00,0,2,646,861,1292,2207,1774,3666,2820,6734,4288,6719,4630,4590,9718,12077,4585,8522,88,163,368,809,603,1546,822,2465,1243,2037,889,824,3924,5661,4191,7848,44709,32109,5878,1358,24535,7,7,2,1
2021-03-27T23:59:59+01:00,0,2,642,856,1282,2203,1757,3649,2792,6704,4124,6576,4051,4135,9489,11831,4572,8503,88,163,366,807,601,1544,820,2462,1235,2031,885,820,3745,5370,4084,7675,42761,31324,5874,1358,24524,7,7,2,1
2021-03-26T23:59:59+01:00,0,2,637,848,1274,2192,1735,3632,2767,6682,4048,6498,3643,3768,8887,11271,4559,8489,88,163,366,806,600,1541,816,2459,1225,2027,872,807,3020,4427,3875,7327,40818,29047,5861,1358,24244,7,7,2,1
2021-03-25T23:59:59+01:00,0,2,630,842,1261,2178,1716,3608,2708,6642,3964,6420,3469,3549,8776,11160,4553,8483,88,163,366,806,600,1540,816,2458,1223,2027,872,807,3019,4426,3874,7326,40804,29039,5753,1358,23395,7,7,2,1
2021-03-24T23:59:59+01:00,0,2,624,835,1228,2152,1671,3563,2630,6573,3807,6269,3149,3184,8365,10609,4544,8470,84,161,354,793,584,1522,783,2424,1173,1995,839,769,3010,4420,3874,7323,40780,28737,4994,1357,21892,7,7,2,1
2021-03-23T23:59:59+01:00,0,2,612,827,1203,2121,1629,3515,2548,6493,3658,6115,2768,2799,8148,10390,4536,8451,79,157,342,772,549,1491,722,2361,1072,1913,756,709,2973,4385,3870,7319,40735,28106,4703,1350,20369,7,7,1,1
2021-03-22T23:59:59+01:00,0,2,589,717,1166,2068,1596,3459,2495,6423,3517,5985,2526,2561,7817,10035,4520,8415,79,156,342,772,549,1489,720,2359,1069,1913,754,705,2969,4380,3869,7316,40267,28077,4381,1350,19235,7,7,1,1
2021-03-21T23:59:59+01:00,0,2,588,714,1160,2059,1585,3449,2478,6408,3479,5951,2384,2397,7724,9923,4511,8400,79,156,342,771,549,1489,720,2359,1069,1913,754,705,2969,4379,3869,7315,40263,28074,4367,1350,18574,7,7,1,1
2021-03-20T23:59:59+01:00,0,2,587,714,1158,2052,1578,3442,2472,6401,3461,5928,2351,2359,7233,9406,4494,8383,79,156,342,771,548,1489,718,2358,1069,1911,754,705,2969,4377,3867,7313,39221,28062,4355,1350,18437,7,7,1,1
2021-03-19T23:59:59+01:00,0,2,580,706,1140,2033,1543,3418,2404,6264,3397,5821,2169,2175,6924,9085,4472,8358,79,156,341,765,544,1486,713,2350,1060,1898,745,698,2540,3773,3443,6559,38610,25791,4339,1350,17534,2,7,1,1
2021-03-18T23:59:59+01:00,0,2,565,689,1120,2002,1516,3388,2364,6196,3322,5732,2016,1978,6803,8965,4466,8347,78,156,341,764,543,1486,712,2346,1056,1897,738,695,2490,3701,3416,6518,38589,25601,4328,1328,16547,2,6,1,1
2021-03-17T23:59:59+01:00,0,1,536,660,1075,1947,1479,3303,2286,6078,3170,5576,1762,1711,6637,8812,4456,8332,77,152,329,737,527,1442,690,2288,1018,1856,721,676,2249,3405,3328,6388,38517,24619,3800,1256,15497,2,6,1,1
2021-03-16T23:59:59+01:00,0,1,492,631,1035,1892,1428,3199,2221,5924,3055,5442,1563,1486,6502,8664,4445,8309,71,137,308,681,497,1366,661,2153,988,1728,671,625,2135,3267,3302,6301,38460,23860,3183,1024,14640,2,5,1,1
2021-03-15T23:59:59+01:00,0,1,480,620,1002,1843,1394,3131,2191,5839,2968,5358,1437,1351,5917,7975,4405,8245,68,130,294,623,482,1246,623,2023,948,1615,642,604,2097,3227,3287,6238,37221,23454,2828,691,14107,2,0,1,1
2021-03-14T23:59:59+01:00,0,1,475,613,993,1831,1390,3113,2175,5821,2934,5331,1394,1301,5520,7528,4382,8227,67,125,290,600,476,1219,617,1967,938,1590,642,604,2097,3227,3286,6236,36399,23448,2823,531,13806,2,0,1,1
2021-03-13T23:59:59+01:00,0,1,457,595,956,1783,1337,3049,1919,5233,2693,4916,1288,1188,4858,6678,4333,8152,67,125,289,597,474,1217,615,1965,937,1586,640,600,1735,2742,2759,5477,34714,21292,2819,531,11902,2,0,1,1
2021-03-12T23:59:59+01:00,0,1,441,574,935,1740,1306,2966,1716,4447,2486,4467,1216,1105,4161,5880,4286,8070,67,123,288,593,474,1214,613,1956,933,1580,637,593,1407,2198,2214,4681,33037,19039,2816,531,9943,1,0,1,1
2021-03-11T23:59:59+01:00,0,1,437,567,926,1725,1291,2948,1691,4411,2449,4430,1142,1049,4117,5843,4283,8066,67,115,282,571,460,1162,604,1907,914,1544,625,581,1401,2180,2205,4630,32999,18788,2720,459,9656,1,0,1,1
2021-03-10T23:59:59+01:00,0,1,417,555,880,1666,1235,2871,1617,4314,2382,4337,1108,1026,4101,5826,4282,8064,67,115,280,567,457,1155,599,1884,914,1539,620,573,1340,2093,2160,4573,32984,18501,2149,434,9548,1,0,1,1
2021-03-09T23:59:59+01:00,0,1,396,539,835,1617,1192,2807,1575,4231,2339,4284,1087,1015,4095,5819,4281,8062,65,114,279,566,456,1144,597,1872,908,1534,617,567,1134,1782,2042,4395,32937,17664,1703,407,9534,1,0,1,1
2021-03-08T23:59:59+01:00,0,1,389,528,825,1602,1184,2790,1568,4205,2327,4271,1074,1004,4058,5771,4279,8057,64,114,275,561,452,1138,596,1868,904,1532,617,567,1065,1691,1997,4350,32809,17407,1606,383,9517,1,0,1,1
2021-03-07T23:59:59+01:00,0,1,388,524,825,1601,1182,2788,1565,4198,2317,4266,1067,996,4052,5765,4278,8056,62,111,266,539,440,1112,580,1768,869,1457,616,567,961,1561,1945,4281,32793,17044,1566,91,9509,0,0,1,1
2021-03-06T23:59:59+01:00,0,1,380,508,806,1568,1158,2729,1524,4131,2123,3768,1037,959,3879,5492,4176,7891,62,111,266,539,440,1111,580,1768,869,1457,616,567,958,1560,1942,4280,32075,17035,1566,91,8488,0,0,1,1
2021-03-05T23:59:59+01:00,0,1,366,469,774,1462,1108,2513,1449,3919,1909,3101,1006,914,3123,4527,3971,7548,62,110,265,536,437,1105,579,1763,865,1454,613,565,919,1502,1919,4239,29757,16842,1565,91,6837,0,0,1,1
2021-03-04T23:59:59+01:00,0,1,353,460,766,1442,1095,2490,1430,3890,1886,3082,992,910,3119,4523,3968,7546,61,109,262,533,433,1089,569,1741,864,1446,611,563,882,1448,1896,4202,29744,16681,1526,28,6682,0,0,1,1
2021-03-03T23:59:59+01:00,0,1,344,427,747,1391,1065,2407,1380,3735,1807,2986,959,864,3109,4517,3968,7543,60,108,259,530,432,1085,567,1732,861,1442,611,562,862,1395,1807,4056,29429,16343,1526,26,6294,0,0,1,1
2021-03-02T23:59:59+01:00,0,1,338,418,731,1367,1017,2362,1312,3651,1691,2887,871,798,3066,4478,3962,7538,60,108,258,526,431,1077,567,1726,861,1438,610,562,862,1395,1807,4055,28789,16317,1461,26,6237,0,0,1,1
2021-03-01T23:59:59+01:00,0,1,334,404,724,1320,1004,2304,1292,3568,1664,2838,852,789,3058,4468,3962,7538,60,107,257,522,426,1063,563,1713,852,1430,609,560,766,1240,1750,3975,28749,15867,1409,26,5961,0,0,1,1
2021-02-28T23:59:59+01:00,0,1,329,391,716,1281,990,2227,1280,3481,1641,2759,848,779,3056,4464,3961,7535,60,107,256,522,426,1062,563,1713,850,1430,609,559,669,1115,1703,3894,28735,15513,1406,25,5597,0,0,1,1
2021-02-27T23:59:59+01:00,0,1,320,371,702,1254,971,2191,1245,3412,1618,2706,830,763,3053,4464,3960,7535,60,107,256,522,426,1062,562,1713,848,1430,609,559,669,1114,1703,3894,28731,15509,1406,25,5258,0,0,1,1
2021-02-26T23:59:59+01:00,0,1,294,318,655,1189,907,2072,1155,3246,1513,2567,801,740,2617,3857,3532,6755,60,107,253,519,426,1060,560,1711,845,1424,605,557,662,1102,1694,3875,26434,15435,1406,25,4378,0,0,1,1
2021-02-25T23:59:59+01:00,0,1,289,305,641,1159,886,2030,1136,3180,1495,2522,798,737,2570,3785,3502,6712,58,105,249,511,426,1056,555,1701,842,1413,599,553,585,993,1647,3817,26216,15087,1406,23,4125,0,0,1,1
2021-02-24T23:59:59+01:00,0,1,270,295,590,1113,839,1962,1078,3085,1452,2464,782,718,2331,3484,3412,6574,57,100,244,504,420,1037,546,1679,839,1393,592,541,571,973,1636,3794,25221,14911,1406,15,3822,0,0,1,1
2021-02-23T23:59:59+01:00,0,1,257,274,561,1057,802,1887,1010,2935,1378,2362,730,668,2217,3344,3386,6482,57,98,242,498,420,1021,536,1647,831,1371,583,534,555,922,1624,3741,24417,14665,1401,15,3532,0,0,1,1
2021-02-22T23:59:59+01:00,0,1,253,268,548,994,782,1811,984,2841,1342,2302,705,646,2187,3308,3377,6419,57,97,236,492,418,1008,527,1629,827,1346,569,521,533,896,1618,3686,24012,14445,1401,15,3354,0,0,1,1
2021-02-21T23:59:59+01:00,0,1,250,260,539,969,769,1774,976,2793,1312,2276,705,644,2185,3308,3376,6418,57,97,235,492,418,1008,527,1629,827,1345,569,520,533,896,1618,3685,24006,14441,1401,15,3147,0,0,1,1
2021-02-20T23:59:59+01:00,0,1,169,230,469,920,700,1697,906,2704,1227,2176,690,629,1811,2790,2821,5615,57,97,235,492,418,1008,527,1628,827,1345,569,520,533,896,1617,3684,21730,14438,1401,15,2423,0,0,1,1
2021-02-19T23:59:59+01:00,0,1,84,167,358,839,574,1565,773,2555,1091,2025,674,608,1503,2275,2271,4821,57,97,235,492,418,1007,527,1628,827,1345,569,520,527,894,1615,3678,19520,14421,1401,15,1262,0,0,1,1
2021-02-18T23:59:59+01:00,0,1,81,162,346,789,553,1476,740,2415,1058,1957,658,597,1494,2256,2262,4769,54,90,229,470,404,940,512,1548,807,1271,555,506,521,876,1612,3656,19276,14036,1376,15,961,0,0,1,1
2021-02-17T23:59:59+01:00,0,1,80,154,332,766,544,1443,711,2322,1021,1857,653,587,1436,2168,2214,4719,54,87,227,461,396,902,501,1483,788,1189,542,495,519,874,1612,3656,19015,13771,1303,15,689,0,0,1,1
2021-02-16T23:59:59+01:00,0,1,75,148,317,726,516,1370,679,2214,996,1752,642,580,1191,1821,2090,4536,53,78,226,455,390,872,488,1418,762,1122,521,482,517,874,1609,3655,18093,13520,1064,2,496,0,0,1,1
2021-02-15T23:59:59+01:00,0,1,70,132,291,622,481,1228,623,2001,946,1593,633,578,1108,1714,2038,4471,53,78,224,450,386,866,487,1414,760,1115,521,482,516,869,1608,3652,17763,13481,726,0,40,0,0,1,1
2021-02-14T23:59:59+01:00,0,1,69,125,286,596,476,1199,612,1947,932,1571,633,578,1010,1590,1991,4414,53,78,224,450,386,866,487,1412,760,1115,521,482,516,869,1608,3652,17434,13479,571,0,24,0,0,1,1
2021-02-13T23:59:59+01:00,0,1,69,124,286,595,475,1195,611,1945,930,1568,632,577,1009,1581,1987,4411,53,78,224,449,384,861,486,1407,758,1114,519,480,499,831,1348,3183,17400,12674,571,0,24,0,0,1,1
2021-02-12T23:59:59+01:00,0,1,68,124,285,594,471,1191,611,1942,927,1567,629,576,970,1530,1967,4370,53,78,224,445,381,852,481,1398,752,1107,512,472,481,790,985,2472,17230,11483,571,0,21,0,0,1,1
2021-02-11T23:59:59+01:00,0,1,67,117,282,581,458,1164,605,1916,920,1555,628,575,927,1472,1945,4331,53,75,209,414,367,805,465,1324,737,1075,509,471,481,790,984,2471,17050,11231,488,0,5,0,0,1,0
2021-02-10T23:59:59+01:00,0,1,66,117,278,578,456,1159,601,1899,915,1551,628,575,918,1456,1924,4288,52,65,175,336,313,703,415,1152,657,981,474,459,476,789,984,2470,16948,10502,460,0,1,0,0,1,0
2021-02-09T23:59:59+01:00,0,1,64,115,272,574,453,1146,600,1885,908,1545,627,574,906,1420,1854,4184,43,53,124,257,236,552,333,950,556,828,439,448,472,788,981,2470,16696,9531,431,0,0,0,0,1,0
2021-02-08T23:59:59+01:00,0,1,63,115,269,565,450,1139,598,1870,901,1537,625,571,803,1267,1797,4102,38,43,86,168,173,416,269,712,497,693,431,442,469,785,980,2470,16266,8673,406,0,0,0,0,1,0
2021-02-07T23:59:59+01:00,0,1,61,112,259,542,436,1108,582,1767,866,1458,624,570,701,1141,1749,4018,37,42,82,165,170,409,264,699,492,682,429,441,469,785,980,2469,15896,8616,98,0,0,0,0,1,0
2021-02-06T23:59:59+01:00,0,1,61,112,258,542,436,1108,580,1766,863,1455,621,568,699,1132,1743,4011,34,41,81,162,167,399,260,691,481,673,421,440,433,737,740,2078,15857,7839,98,0,0,0,0,1,0
2021-02-05T23:59:59+01:00,0,1,61,112,256,538,436,1106,579,1765,861,1453,619,568,689,1125,1737,3998,32,39,77,158,162,391,252,672,464,663,415,440,427,712,336,1444,15805,6685,98,0,0,0,0,1,0
2021-02-04T23:59:59+01:00,0,1,59,110,251,532,430,1090,563,1738,857,1439,612,558,604,1008,1686,3937,31,36,73,152,156,380,238,650,447,649,410,432,422,705,334,1437,15444,6553,30,0,0,0,0,1,0
2021-02-03T23:59:59+01:00,0,1,58,105,247,525,429,1070,560,1722,855,1424,608,548,593,998,1683,3923,24,28,59,121,123,280,175,508,337,499,304,330,337,548,256,1153,15320,5083,28,0,0,0,0,1,0
2021-02-02T23:59:59+01:00,0,1,58,103,244,520,429,1052,548,1689,846,1400,595,538,581,949,1673,3872,17,21,40,78,87,186,122,343,220,360,214,220,217,344,182,759,15070,3411,28,0,0,0,0,0,0
2021-02-01T23:59:59+01:00,0,1,58,101,240,512,427,1036,540,1667,842,1377,588,532,559,920,1665,3825,7,11,20,42,48,97,65,168,95,164,100,103,90,160,76,330,14862,1576,28,0,0,0,0,0,0
2021-01-31T23:59:59+01:00,0,1,58,101,239,511,425,1032,538,1662,840,1374,588,531,559,920,1665,3824,7,11,18,38,43,83,61,142,81,148,95,101,89,159,74,328,14840,1478,28,0,0,0,0,0,0
2021-01-30T23:59:59+01:00,0,1,58,101,239,511,425,1032,538,1662,840,1374,588,531,559,920,1665,3824,7,11,18,38,43,83,61,142,81,148,95,100,89,159,74,328,14840,1477,28,0,0,0,0,0,0
2021-01-29T23:59:59+01:00,0,1,58,101,239,511,425,1032,538,1662,840,1374,588,531,559,920,1665,3824,7,11,18,38,43,83,61,142,81,148,95,100,89,159,74,328,14840,1477,28,0,0,0,0,0,0
2021-01-28T23:59:59+01:00,0,1,56,93,235,482,413,965,520,1576,816,1292,575,516,553,903,1662,3805,3,2,4,6,11,15,19,34,22,32,16,22,21,34,19,99,14441,359,22,0,0,0,0,0,0
2021-01-27T23:59:59+01:00,0,1,54,89,235,472,405,926,510,1510,796,1209,563,504,551,901,1662,3805,3,2,4,6,9,15,19,33,21,30,16,21,21,34,19,99,14173,352,20,0,0,0,0,0,0
2021-01-26T23:59:59+01:00,0,1,53,83,230,469,398,897,499,1443,771,1142,541,491,549,901,1662,3805,1,2,4,6,9,14,17,29,17,25,14,18,19,32,19,91,13917,317,18,0,0,0,0,0,0
2021-01-25T23:59:59+01:00,0,1,53,83,227,464,395,891,499,1440,770,1137,541,491,549,898,1662,3803,0,0,0,0,0,1,0,0,0,0,1,1,0,2,0,0,13888,5,16,0,0,0,0,0,0
2021-01-24T23:59:59+01:00,0,1,53,83,227,464,395,891,499,1439,770,1137,541,491,549,898,1662,3803,0,0,0,0,0,1,0,0,0,0,1,1,0,2,0,0,13887,5,16,0,0,0,0,0,0
2021-01-23T23:59:59+01:00,0,1,53,83,227,463,394,887,499,1433,769,1135,538,489,532,860,1401,3325,0,0,0,0,0,1,0,0,0,0,1,1,0,2,0,0,13073,5,16,0,0,0,0,0,0
2021-01-22T23:59:59+01:00,0,1,53,83,226,459,390,877,494,1423,764,1128,532,481,515,818,1022,2586,0,0,0,0,0,1,0,0,0,0,1,1,0,2,0,0,11836,5,16,0,0,0,0,0,0
2021-01-21T23:59:59+01:00,0,1,53,80,207,425,363,821,467,1323,737,1094,528,481,515,818,1021,2585,0,0,0,0,0,1,0,0,0,0,1,1,0,2,0,0,11503,5,16,0,0,0,0,0,0
2021-01-20T23:59:59+01:00,0,1,51,70,179,353,322,736,424,1169,667,1003,492,470,510,818,1021,2584,0,0,0,0,0,1,0,0,0,0,1,1,0,2,0,0,10854,5,16,0,0,0,0,0,0
2021-01-19T23:59:59+01:00,0,1,44,57,135,275,248,577,347,987,577,863,457,458,506,816,1021,2584,0,0,0,0,0,0,0,0,0,0,1,0,0,2,0,0,9945,3,8,0,0,0,0,0,0
2021-01-18T23:59:59+01:00,0,1,40,44,86,175,179,426,279,724,506,706,448,451,503,812,1019,2584,0,0,0,0,0,0,0,0,0,0,0,0,0,1,0,0,8983,1,0,0,0,0,0,0,0
2021-01-17T23:59:59+01:00,0,1,37,43,83,171,175,418,275,713,501,693,446,451,503,812,1019,2583,0,0,0,0,0,0,0,0,0,0,0,0,0,0,0,0,8924,0,0,0,0,0,0,0,0
2021-01-16T23:59:59+01:00,0,1,34,42,81,169,171,409,268,706,486,684,438,449,464,765,773,2186,0,0,0,0,0,0,0,0,0,0,0,0,0,0,0,0,8126,0,0,0,0,0,0,0,0
2021-01-15T23:59:59+01:00,0,1,32,40,78,164,168,403,261,689,472,676,432,448,459,741,360,1543,0,0,0,0,0,0,0,0,0,0,0,0,0,0,0,0,6967,0,0,0,0,0,0,0,0
2021-01-14T23:59:59+01:00,0,1,32,38,77,158,163,398,253,678,461,668,429,445,459,740,360,1543,0,0,0,0,0,0,0,0,0,0,0,0,0,0,0,0,6903,0,0,0,0,0,0,0,0
2021-01-13T23:59:59+01:00,0,0,24,31,61,126,128,302,193,544,352,525,326,343,374,577,281,1248,0,0,0,0,0,0,0,0,0,0,0,0,0,0,0,0,5435,0,0,0,0,0,0,0,0
2021-01-12T23:59:59+01:00,0,0,17,24,45,87,93,214,139,393,239,389,234,235,247,371,203,848,0,0,0,0,0,0,0,0,0,0,0,0,0,0,0,0,3778,0,0,0,0,0,0,0,0
2021-01-11T23:59:59+01:00,0,0,9,15,26,47,62,137,88,220,126,208,116,112,106,179,92,375,0,0,0,0,0,0,0,0,0,0,0,0,0,0,0,0,1918,0,0,0,0,0,0,0,0
2021-01-10T23:59:59+01:00,0,0,8,15,22,44,55,109,80,179,106,175,110,108,102,177,89,375,0,0,0,0,0,0,0,0,0,0,0,0,0,0,0,0,1754,0,0,0,0,0,0,0,0
2021-01-09T23:59:59+01:00,0,0,8,15,22,44,55,109,80,179,106,175,110,107,102,177,89,375,0,0,0,0,0,0,0,0,0,0,0,0,0,0,0,0,1753,0,0,0,0,0,0,0,0
2021-01-08T23:59:59+01:00,0,0,8,14,21,43,52,102,75,168,100,172,107,103,97,168,87,365,0,0,0,0,0,0,0,0,0,0,0,0,0,0,0,0,1682,0,0,0,0,0,0,0,0
2021-01-07T23:59:59+01:00,0,0,3,3,4,7,11,16,20,34,24,36,17,22,23,35,23,107,0,0,0,0,0,0,0,0,0,0,0,0,0,0,0,0,385,0,0,0,0,0,0,0,0
2021-01-06T23:59:59+01:00,0,0,3,2,4,6,9,15,20,33,21,32,17,21,23,35,23,106,0,0,0,0,0,0,0,0,0,0,0,0,0,0,0,0,370,0,0,0,0,0,0,0,0
2021-01-05T23:59:59+01:00,0,0,3,2,4,6,9,15,20,33,21,32,17,21,23,35,23,106,0,0,0,0,0,0,0,0,0,0,0,0,0,0,0,0,370,0,0,0,0,0,0,0,0
2021-01-04T23:59:59+01:00,0,0,0,0,0,0,0,1,1,0,0,0,1,1,0,2,0,0,0,0,0,0,0,0,0,0,0,0,0,0,0,0,0,0,6,0,0,0,0,0,0,0,0
2021-01-03T23:59:59+01:00,0,0,0,0,0,0,0,1,1,0,0,0,1,1,0,2,0,0,0,0,0,0,0,0,0,0,0,0,0,0,0,0,0,0,6,0,0,0,0,0,0,0,0
2021-01-02T23:59:59+01:00,0,0,0,0,0,0,0,1,1,0,0,0,1,1,0,2,0,0,0,0,0,0,0,0,0,0,0,0,0,0,0,0,0,0,6,0,0,0,0,0,0,0,0
2021-01-01T23:59:59+01:00,0,0,0,0,0,0,0,1,1,0,0,0,1,1,0,2,0,0,0,0,0,0,0,0,0,0,0,0,0,0,0,0,0,0,6,0,0,0,0,0,0,0,0
2020-12-31T23:59:59+01:00,0,0,0,0,0,0,0,1,1,0,0,0,1,1,0,2,0,0,0,0,0,0,0,0,0,0,0,0,0,0,0,0,0,0,6,0,0,0,0,0,0,0,0
2020-12-30T23:59:59+01:00,0,0,0,0,0,0,0,1,1,0,0,0,1,1,0,2,0,0,0,0,0,0,0,0,0,0,0,0,0,0,0,0,0,0,6,0,0,0,0,0,0,0,0
2020-12-29T23:59:59+01:00,0,0,0,0,0,0,0,1,1,0,0,0,1,0,0,2,0,0,0,0,0,0,0,0,0,0,0,0,0,0,0,0,0,0,5,0,0,0,0,0,0,0,0
2020-12-28T23:59:59+01:00,0,0,0,0,0,0,0,1,0,0,0,0,1,0,0,1,0,0,0,0,0,0,0,0,0,0,0,0,0,0,0,0,0,0,3,0,0,0,0,0,0,0,0
2020-12-27T23:59:59+01:00,0,0,0,0,0,0,0,0,0,0,0,0,0,0,0,0,0,0,0,0,0,0,0,0,0,0,0,0,0,0,0,0,0,0,0,0,0,0,0,0,0,0,0
