Datum,<24_1_m,<24_1_w,25-34_1_m,25-34_1_w,35-44_1_m,35-44_1_w,45-54_1_m,45-54_1_w,55-64_1_m,55-64_1_w,65-74_1_m,65-74_1_w,75-84_1_m,75-84_1_w,>84_1_m,>84_1_w,<24_2_m,<24_2_w,25-34_2_m,25-34_2_w,35-44_2_m,35-44_2_w,45-54_2_m,45-54_2_w,55-64_2_m,55-64_2_w,65-74_2_m,65-74_2_w,75-84_2_m,75-84_2_w,>84_2_m,>84_2_w,bp_1,bp_2,mo_1,mo_2,az_1,az_2,ja
2021-07-09T23:59:59+02:00,9951,9449,14241,13436,17764,18391,24445,25932,31155,32434,24298,27146,16776,21468,4990,9447,3827,3858,7419,7861,10561,12079,18310,20474,26607,28009,22116,24798,15803,20193,4789,8936,215956,157801,30564,27189,46208,42055,8595
2021-07-08T23:59:59+02:00,9686,9246,14145,13362,17673,18322,24386,25884,31074,32379,24272,27115,16763,21451,4986,9442,3671,3732,7115,7673,10210,11853,17973,20193,26302,27754,21945,24641,15736,20120,4782,8920,214886,155439,30561,27146,46195,41491,8544
2021-07-07T23:59:59+02:00,9548,9116,14095,13331,17629,18282,24336,25844,31033,32339,24248,27085,16752,21433,4986,9434,3476,3602,6790,7453,9270,11128,17395,19764,25901,27448,21713,24341,15659,20024,4768,8906,214270,152858,30558,25407,46192,40902,8471
2021-07-06T23:59:59+02:00,9451,9049,14044,13305,17593,18241,24297,25805,30972,32294,24212,27058,16737,21416,4984,9432,3364,3528,6593,7334,9002,10966,17155,19584,25628,27193,21558,24140,15578,19920,4756,8891,213719,150949,30541,25398,46189,40402,8441
2021-07-05T23:59:59+02:00,9357,8957,14006,13263,17560,18191,24261,25775,30928,32243,24188,27036,16729,21402,4983,9430,3316,3492,6465,7255,8853,10846,17015,19446,25460,27039,21415,23973,15529,19868,4745,8881,213189,149895,30541,25389,46186,39921,8393
2021-07-04T23:59:59+02:00,9291,8904,13974,13251,17537,18173,24236,25757,30908,32218,24173,27022,16723,21394,4982,9427,3262,3451,6402,7215,8766,10776,16930,19364,25332,26930,21291,23845,15488,19817,4743,8874,212930,149243,30540,25380,46170,39533,8330
2021-07-03T23:59:59+02:00,8778,8404,13816,13131,17437,18056,24143,25700,30844,32170,24152,27000,16711,21382,4980,9424,3203,3374,6284,7096,8600,10640,16719,19187,24946,26624,21176,23709,15458,19778,4739,8868,211104,147229,30540,25380,46170,39478,8314
2021-07-02T23:59:59+02:00,8205,7929,13672,13024,17345,17980,24074,25629,30784,32108,24114,26958,16705,21362,4978,9419,3091,3268,6016,6941,8343,10401,16351,18864,24476,26202,20948,23438,15388,19696,4733,8865,209269,144179,30540,25378,46166,39153,8311
2021-07-01T23:59:59+02:00,8068,7814,13590,12967,17276,17930,24005,25578,30733,32057,24086,26934,16695,21350,4977,9418,2904,3081,5671,6660,7915,9986,15767,18395,23717,25552,20465,22966,15261,19536,4721,8840,208491,139654,30536,25367,46163,38128,8288
2021-06-30T23:59:59+02:00,7908,7687,13523,12919,17223,17879,23955,25525,30676,32013,24057,26913,16682,21333,4977,9413,2808,3002,5519,6517,7691,9766,14814,17532,23114,25016,20111,22579,15131,19376,4707,8806,207949,138139,30362,23094,46158,37042,8214
2021-06-29T23:59:59+02:00,7828,7585,13480,12881,17184,17835,23903,25464,30627,31954,24036,26887,16672,21317,4974,9409,2747,2957,5393,6419,7538,9632,14648,17361,22874,24785,19853,22255,15032,19276,4695,8786,207337,137028,30360,23083,46155,35956,8184
2021-06-28T23:59:59+02:00,7759,7508,13417,12822,17138,17784,23862,25419,30571,31910,24019,26859,16665,21307,4972,9407,2718,2924,5325,6372,7445,9561,14551,17280,22724,24573,19650,22009,14977,19207,4691,8772,206806,136435,30358,23073,46147,35163,8108
2021-06-27T23:59:59+02:00,7698,7441,13387,12786,17109,17752,23843,25384,30546,31882,24007,26851,16658,21302,4972,9405,2695,2909,5275,6347,7374,9516,14455,17217,22631,24487,19523,21868,14946,19156,4687,8763,206459,135930,30358,23062,46141,34792,8065
2021-06-26T23:59:59+02:00,7207,6900,13006,12492,16999,17654,23781,25324,30511,31848,24000,26835,16654,21291,4971,9404,2597,2802,5094,6164,7178,9332,13921,16780,21992,23867,19380,21727,14902,19103,4685,8755,204313,132380,30358,23062,46141,34772,8065
2021-06-25T23:59:59+02:00,6721,6415,12555,12124,16840,17536,23691,25257,30430,31808,23978,26808,16649,21281,4969,9402,2494,2647,4922,5973,6920,9040,13395,16251,21442,23288,19183,21520,14844,19036,4681,8743,201918,128709,30358,23062,46141,34561,8047
2021-06-24T23:59:59+02:00,6490,6188,12333,11975,16734,17454,23619,25206,30372,31761,23944,26766,16645,21271,4967,9395,2286,2413,4553,5602,6427,8554,12682,15539,20299,22296,18726,21045,14740,18905,4669,8728,200658,122817,30356,23050,46134,33625,7972
2021-06-23T23:59:59+02:00,5912,5687,12171,11863,16616,17341,23546,25159,30309,31711,23910,26743,16638,21257,4963,9391,2249,2362,4490,5482,6336,8404,12451,15250,20058,22039,18428,20722,14644,18794,4658,8712,200152,121801,29019,22903,46124,32453,7922
2021-06-22T23:59:59+02:00,5767,5557,12073,11758,16530,17265,23488,25097,30243,31635,23885,26711,16629,21236,4959,9389,2196,2328,4395,5399,6213,8258,11584,14589,19648,21635,18100,20376,14538,18658,4648,8692,199227,120889,29012,21211,46109,31283,7874
2021-06-21T23:59:59+02:00,5629,5444,11999,11666,16470,17181,23434,25025,30193,31577,23861,26683,16616,21221,4959,9385,2163,2292,4338,5302,6126,8132,10803,13886,19199,21226,17875,20147,14478,18564,4639,8676,198417,120097,29008,19428,46104,30507,7814
2021-06-20T23:59:59+02:00,5512,5316,11836,11484,16406,17058,23383,24959,30151,31522,23845,26663,16610,21206,4954,9380,2145,2264,4297,5262,6056,8084,10700,13807,19088,21099,17718,19957,14412,18481,4635,8669,197412,119565,29005,19425,46098,29914,7770
2021-06-19T23:59:59+02:00,5491,5292,11076,10826,15931,16671,23323,24915,30107,31479,23827,26643,16602,21194,4954,9380,2075,2147,4092,5035,5781,7811,10380,13481,18047,20260,17552,19775,14380,18416,4630,8657,194839,115426,29005,19425,46098,29899,7769
2021-06-18T23:59:59+02:00,5454,5265,10436,10250,15323,16114,23233,24846,30038,31416,23799,26614,16591,21179,4953,9378,2006,2060,3949,4893,5504,7542,10001,13119,16903,19058,17351,19539,14332,18352,4627,8647,192024,111044,28999,19424,46098,29647,7768
2021-06-17T23:59:59+02:00,5331,5154,9819,9784,14861,15744,23134,24765,29959,31326,23761,26572,16577,21158,4953,9375,1878,1955,3694,4650,5124,7184,9471,12636,15724,17872,16893,19053,14191,18179,4614,8623,189554,105965,28997,19416,46095,28733,7627
2021-06-16T23:59:59+02:00,5195,5012,9623,9624,14716,15615,23042,24671,29862,31250,23717,26528,16562,21146,4952,9365,1838,1914,3590,4566,5022,7066,8446,11787,15452,17580,16598,18717,14056,18009,4608,8590,188385,105087,28986,17546,46092,27789,7417
2021-06-15T23:59:59+02:00,5003,4824,9444,9469,14582,15474,22950,24580,29786,31164,23674,26455,16536,21113,4944,9350,1776,1857,3513,4472,4930,6955,8330,11646,15276,17356,16282,18410,13915,17841,4585,8532,187075,104339,28984,17542,46072,26578,7217
2021-06-14T23:59:59+02:00,4926,4757,9351,9362,14504,15385,22881,24507,29716,31104,23642,26416,16522,21095,4941,9344,1755,1834,3480,4448,4889,6923,8231,11583,15138,17223,16102,18206,13826,17745,4580,8525,186337,104115,28980,17539,46066,25764,7070
2021-06-13T23:59:59+02:00,4867,4709,9265,9289,14420,15318,22820,24457,29649,31052,23616,26388,16513,21085,4941,9342,1705,1819,3439,4424,4835,6880,8160,11547,15039,17128,15946,18023,13772,17672,4573,8518,185760,103837,28974,17537,46051,25160,6946
2021-06-12T23:59:59+02:00,4846,4693,9237,9266,14185,15145,22692,24329,29607,31009,23596,26374,16504,21077,4940,9340,1581,1697,3201,4217,4433,6579,7615,11119,13276,15450,15594,17653,13692,17570,4571,8504,184871,97175,28974,17537,46051,25096,6944
2021-06-11T23:59:59+02:00,4790,4638,9158,9213,13869,14926,22496,24180,29513,30919,23559,26329,16487,21065,4939,9337,1478,1565,3018,4011,4136,6216,7112,10579,11651,13577,15119,17080,13578,17424,4556,8490,183521,90315,28972,17536,46051,24865,6874
2021-06-10T23:59:59+02:00,4503,4407,8615,8883,12606,13914,21930,23733,29142,30619,23421,26172,16434,20997,4926,9323,1355,1474,2785,3830,3808,5933,6680,10190,10244,12255,14609,16507,13408,17217,4541,8464,178222,85797,28957,17534,46046,23569,6400
2021-06-09T23:59:59+02:00,4267,4240,8024,8592,11708,13256,21611,23519,28912,30468,23358,26109,16415,20973,4923,9319,1267,1420,2633,3759,3666,5856,6474,10098,9982,12077,14290,16163,13238,17037,4534,8446,176125,85468,27686,17432,46040,22197,5843
2021-06-08T23:59:59+02:00,4134,4137,7622,8368,11222,12966,21385,23340,28714,30317,23300,26035,16383,20931,4917,9310,1189,1394,2498,3703,3508,5790,5579,9354,9514,11719,13960,15764,13014,16804,4520,8424,174380,85119,27315,15284,46015,20960,5371
2021-06-07T23:59:59+02:00,4011,4056,7390,8262,10936,12788,21185,23226,28561,30203,23243,25982,16366,20906,4913,9302,1140,1275,2377,3643,3378,5729,5416,9280,9310,11595,13740,15515,12865,16642,4514,8406,173173,84934,27305,15281,46006,19764,4846
2021-06-06T23:59:59+02:00,3891,3997,7152,8141,10687,12627,20999,23137,28475,30113,23212,25948,16354,20888,4910,9298,1120,1258,2313,3608,3282,5677,5310,9205,9194,11494,13584,15361,12794,16548,4511,8399,172024,84745,27288,15277,45996,19115,4521
2021-06-05T23:59:59+02:00,3863,3960,7115,8101,10511,12470,20378,22631,28314,29968,23162,25904,16340,20869,4910,9294,1088,1156,2150,3158,3050,5141,5139,8876,8418,10547,12936,14523,12681,16401,4500,8389,169997,79380,27288,15277,45994,18985,4511
2021-06-04T23:59:59+02:00,3835,3934,7078,8076,10414,12379,20018,22304,28210,29872,23127,25866,16326,20859,4908,9293,1056,1089,2053,2849,2890,4665,4982,8507,7906,9891,11439,12811,12557,16204,4493,8371,168724,73019,27276,15276,45994,18963,4505
2021-06-03T23:59:59+02:00,3696,3829,6859,7939,9858,11957,18796,21378,27813,29563,22993,25725,16273,20797,4904,9279,1003,1045,1965,2738,2755,4510,4781,8209,7548,9447,11062,12416,12451,16092,4490,8358,163980,71247,27266,15273,45990,17927,4423
2021-06-02T23:59:59+02:00,3689,3821,6847,7922,9848,11946,18608,21198,27742,29514,22970,25704,16267,20788,4901,9277,999,1038,1953,2708,2734,4491,4570,8027,7013,8959,11025,12375,12436,16077,4486,8352,163915,71139,26721,13783,45990,17905,4416
2021-06-01T23:59:59+02:00,3562,3745,6610,7775,9560,11754,18153,20851,27505,29319,22875,25602,16227,20736,4898,9265,962,990,1869,2638,2654,4419,4293,7794,6417,8428,10815,12163,12338,15975,4481,8340,162231,70701,25941,12492,45975,17093,4290
2021-05-31T23:59:59+02:00,3515,3700,6521,7708,9424,11656,18027,20760,27416,29244,22809,25541,16210,20708,4893,9258,933,966,1802,2598,2574,4377,4187,7730,6299,8355,10629,11995,12237,15860,4471,8332,161394,70342,25911,12487,45963,16394,4122
2021-05-30T23:59:59+02:00,3485,3676,6461,7657,9338,11567,17941,20681,27341,29175,22764,25497,16188,20681,4888,9248,929,959,1794,2590,2563,4366,4159,7706,6248,8314,10568,11918,12203,15818,4466,8323,160699,70301,25907,12484,45951,16108,4031
2021-05-29T23:59:59+02:00,3474,3657,6425,7630,9295,11530,17903,20642,27198,29071,22709,25423,16173,20661,4885,9244,892,940,1737,2544,2491,4282,3970,7453,5976,8019,8381,9272,12012,15477,4451,8294,160045,64088,25907,12482,45937,15590,4031
2021-05-28T23:59:59+02:00,3417,3608,6299,7558,9167,11408,17762,20518,27033,28951,22643,25347,16152,20644,4884,9243,879,926,1719,2524,2455,4229,3820,7157,5782,7759,5706,6186,11737,15082,4436,8245,158774,57275,25905,12482,45933,14863,4022
2021-05-27T23:59:59+02:00,3270,3478,6016,7378,8567,11076,17287,20182,26621,28604,22476,25182,16094,20581,4877,9225,829,868,1637,2429,2338,4097,3397,6196,5360,7167,5546,6013,11659,15009,4430,8228,155308,56795,25847,12436,45925,12138,3834
2021-05-26T23:59:59+02:00,3163,3395,5797,7212,8197,10790,16821,19876,26320,28368,22328,25049,16043,20507,4864,9205,812,860,1585,2404,2285,4067,3324,6122,5263,7097,5414,5886,11594,14943,4425,8216,152606,56723,25831,12434,45903,11545,3595
2021-05-25T23:59:59+02:00,3073,3332,5655,7099,8000,10628,15821,19098,25967,28016,22170,24896,15991,20427,4857,9195,793,843,1549,2360,2214,4008,3249,6055,5179,7033,5249,5718,11486,14863,4417,8205,151056,56660,23908,12249,45889,10940,3372
2021-05-24T23:59:59+02:00,3010,3314,5568,7055,7882,10566,14910,18409,25552,27704,22076,24793,15960,20391,4850,9183,785,841,1527,2343,2170,3974,3205,6008,5102,6953,5150,5611,11407,14787,4416,8199,150332,56629,21840,12173,45880,10505,3171
2021-05-23T23:59:59+02:00,3007,3310,5560,7048,7873,10558,14905,18408,25551,27703,22076,24793,15960,20391,4850,9183,784,838,1520,2336,2158,3961,3186,5993,5081,6920,5107,5559,11390,14763,4415,8197,150305,56622,21840,12173,45878,10260,3153
2021-05-22T23:59:59+02:00,2970,3268,5488,7002,7774,10471,14707,18247,25272,27462,21977,24707,15927,20348,4847,9179,762,817,1477,2284,2107,3882,3075,5873,4769,6356,4537,4819,10748,13942,4405,8158,148775,53385,21840,12173,45878,9300,3153
2021-05-21T23:59:59+02:00,2899,3193,5363,6906,7649,10325,14451,18019,24980,27226,21864,24599,15895,20299,4842,9170,731,764,1409,2157,2005,3617,2893,5542,4297,5477,4127,4283,10008,13004,4340,8032,146843,49664,21840,12173,45874,7726,3123
2021-05-20T23:59:59+02:00,2768,3030,5085,6651,7364,9959,13993,17536,24369,26678,21594,24304,15802,20180,4828,9140,716,754,1383,2132,1966,3584,2840,5489,4214,5401,4001,4181,9933,12941,4331,8021,142703,49575,21831,12162,45855,7258,2892
2021-05-19T23:59:59+02:00,2716,2978,4988,6512,7221,9777,12847,16502,24107,26391,21497,24174,15757,20119,4820,9133,697,728,1358,2084,1934,3499,2777,5343,4119,5295,3920,4091,9880,12877,4328,8017,141334,49547,19761,12098,45785,6643,2659
2021-05-18T23:59:59+02:00,2693,2955,4941,6480,7172,9747,12494,16227,23928,26239,21404,24085,15727,20066,4812,9121,668,671,1303,1955,1862,3299,2681,5135,3990,5098,3695,3814,9798,12797,4318,8007,141060,49527,18908,11100,45742,6083,2381
2021-05-17T23:59:59+02:00,2668,2935,4899,6410,7086,9639,12343,16053,23785,26080,21354,24034,15709,20043,4807,9113,660,657,1287,1919,1841,3250,2633,5027,3911,4984,3559,3663,9731,12734,4315,7998,140111,49505,18900,11090,45727,5354,2220
2021-05-16T23:59:59+02:00,2657,2921,4876,6343,7048,9556,12283,15979,23733,26020,21330,24017,15699,20029,4804,9110,655,651,1277,1916,1824,3241,2611,5015,3883,4963,3508,3597,9692,12702,4314,7996,139674,49495,18892,11079,45706,5138,2133
2021-05-15T23:59:59+02:00,2532,2782,4688,6140,6857,9374,11769,15569,23151,25472,21224,23899,15665,19986,4801,9102,604,589,1194,1829,1685,3086,2322,4707,3435,4453,3176,3170,9529,12497,4290,7967,136312,46531,18891,11079,45700,4815,2108
2021-05-14T23:59:59+02:00,2417,2607,4493,5916,6581,9061,11236,15061,22586,24908,21079,23760,15628,19928,4797,9091,541,512,1092,1709,1526,2872,1991,4305,2837,3869,2792,2733,9446,12350,4286,7963,132508,43615,18884,11077,45678,4053,2079
2021-05-13T23:59:59+02:00,2235,2320,4172,5535,6155,8587,10679,14375,21555,23999,20797,23486,15568,19829,4790,9076,537,512,1079,1693,1511,2853,1981,4279,2815,3843,2776,2715,9439,12346,4285,7963,126617,43540,18831,11069,45652,3960,2058
2021-05-12T23:59:59+02:00,2234,2317,4165,5534,6146,8581,10579,14254,21502,23960,20792,23475,15563,19821,4789,9076,529,490,1043,1638,1462,2774,1899,4193,2756,3784,2695,2620,9389,12273,4285,7963,126575,43537,18505,10243,45652,3957,2056
2021-05-11T23:59:59+02:00,2113,2278,4082,5469,6021,8467,10275,14003,21310,23798,20716,23404,15548,19788,4785,9071,504,466,982,1578,1393,2683,1799,4056,2683,3710,2541,2393,9325,12172,4284,7963,125633,43520,18168,9410,45372,3647,1955
2021-05-10T23:59:59+02:00,2072,2202,3975,5347,5886,8288,9484,13240,20931,23475,20626,23315,15509,19734,4775,9058,491,437,944,1512,1327,2594,1709,3894,2599,3614,2512,2369,9316,12154,4280,7958,124499,43488,16320,9227,45269,3166,1829
2021-05-09T23:59:59+02:00,2040,2187,3941,5307,5835,8240,9418,13171,20862,23402,20593,23274,15494,19707,4772,9044,484,428,923,1469,1303,2546,1675,3832,2561,3571,2503,2357,9306,12137,4280,7950,124056,43429,16316,9224,45175,2932,1740
2021-05-08T23:59:59+02:00,1977,2087,3757,5133,5564,8039,9112,12890,19738,22484,20398,23081,15462,19638,4767,9032,412,398,858,1429,1227,2475,1587,3731,2347,3363,1971,1936,9213,12052,4279,7950,119933,41975,16315,9223,45172,2291,1739
2021-05-07T23:59:59+02:00,1889,1975,3573,4962,5244,7743,8703,12519,18491,21214,20216,22869,15417,19580,4758,9013,321,339,749,1355,1097,2346,1453,3588,2176,3172,1604,1602,8725,11609,4278,7948,114995,40257,16313,9220,45151,1178,1707
2021-05-06T23:59:59+02:00,1705,1866,3287,4710,4794,7340,8061,11956,17251,19972,19882,22491,15310,19417,4748,9002,304,330,728,1326,1057,2300,1405,3504,2110,3104,1568,1547,8708,11578,4272,7945,109144,40238,16306,9214,44917,909,1425
2021-05-05T23:59:59+02:00,1635,1835,3209,4623,4717,7236,7930,11805,17095,19826,19762,22372,15234,19321,4726,8906,293,318,686,1274,996,2225,1323,3354,2001,2987,1475,1449,8296,11010,4266,7927,108387,40202,16163,8092,44748,652,934
2021-05-04T23:59:59+02:00,1609,1806,3167,4549,4658,7126,7679,11512,16537,19247,19676,22242,15160,19225,4698,8796,277,305,663,1247,975,2171,1265,3236,1888,2830,1403,1343,8227,10908,4262,7909,107703,40177,14817,7816,44645,394,522
2021-05-03T23:59:59+02:00,1601,1802,3159,4535,4620,7104,7426,11282,15845,18651,19612,22157,15134,19191,4692,8786,262,284,641,1166,927,2083,1202,3098,1790,2693,1337,1263,8202,10873,4258,7900,107621,40168,13222,7609,44605,53,149
2021-05-02T23:59:59+02:00,1600,1799,3154,4533,4616,7101,7413,11272,15827,18639,19596,22149,15134,19189,4691,8786,262,283,638,1165,922,2080,1192,3092,1782,2686,1323,1256,8201,10868,4257,7900,107594,40146,13220,7608,44582,50,103
2021-05-01T23:59:59+02:00,1467,1657,2874,4284,4150,6741,6796,10789,13893,16760,19215,21753,15043,19073,4688,8770,260,283,635,1163,921,2077,1190,3091,1780,2682,1318,1252,8199,10866,4257,7900,100055,40116,13220,7608,44578,50,100
2021-04-30T23:59:59+02:00,1343,1507,2659,4063,3820,6346,6231,10195,12104,14722,18757,21214,14939,18931,4674,8760,255,282,628,1156,906,2069,1178,3081,1768,2668,1307,1243,8195,10861,4256,7900,92438,40069,13220,7608,44578,47,29
2021-04-29T23:59:59+02:00,1226,1442,2495,3938,3580,6142,5874,9892,10765,13445,18499,20937,14896,18861,4670,8754,254,278,623,1149,895,2063,1158,3076,1738,2632,1281,1219,8189,10852,4256,7900,87754,40038,13211,7475,44439,38,12
2021-04-28T23:59:59+02:00,1167,1436,2445,3919,3530,6118,5812,9859,10669,13377,18469,20903,14889,18845,4670,8751,254,277,621,1148,892,2061,1155,3072,1730,2631,1275,1201,7747,10333,4256,7900,87485,40017,13161,6491,44202,34,11
2021-04-27T23:59:59+02:00,1119,1410,2343,3875,3466,6091,5693,9804,10552,13301,18436,20865,14876,18830,4669,8749,253,277,619,1141,891,2059,1151,3069,1726,2627,1264,1184,7331,9754,4256,7900,86980,39998,13108,5464,43981,30,10
2021-04-26T23:59:59+02:00,1077,1381,2254,3783,3339,5991,5526,9684,10249,13043,18374,20811,14867,18812,4667,8749,252,277,618,1140,885,2056,1144,3066,1708,2617,1249,1171,7322,9734,4256,7900,85645,39912,13098,5444,43854,29,10
2021-04-25T23:59:59+02:00,1074,1378,2246,3781,3332,5987,5506,9677,10214,13013,18364,20799,14866,18806,4667,8748,251,277,618,1140,885,2056,1141,3066,1708,2617,1249,1171,7322,9732,4256,7900,85622,39909,13089,5442,43738,29,9
2021-04-24T23:59:59+02:00,1031,1260,2060,3244,3062,5375,5311,9265,9383,11968,17658,19905,14752,18647,4659,8737,250,276,617,1139,885,2055,1141,3065,1702,2612,1246,1166,7320,9731,4256,7899,79506,39885,13089,5438,43714,29,8
2021-04-23T23:59:59+02:00,998,1177,1950,2897,2880,4825,5116,8837,8830,11247,16029,18049,14607,18441,4651,8714,250,276,616,1139,883,2053,1140,3065,1701,2611,1242,1161,7316,9729,4256,7898,72498,39872,13088,5427,43654,29,8
2021-04-22T23:59:59+02:00,993,1166,1931,2881,2860,4806,5059,8791,8719,11144,15959,17972,14581,18411,4649,8709,248,276,614,1138,880,2052,1132,3053,1686,2591,1218,1139,7311,9721,4256,7898,72452,39859,13032,5318,43139,28,8
2021-04-21T23:59:59+02:00,984,1158,1919,2868,2833,4780,5013,8736,8612,11021,15873,17888,14552,18377,4649,8704,243,273,604,1129,866,2023,1122,3028,1675,2566,1205,1126,7088,9405,4255,7898,72412,39852,12976,4619,42571,27,8
2021-04-20T23:59:59+02:00,957,1109,1867,2753,2760,4619,4920,8557,8438,10814,15642,17607,14494,18318,4642,8698,230,270,586,1108,840,1993,1094,3002,1640,2525,1186,1114,7080,9400,4254,7897,72376,39832,11847,4354,41964,25,8
2021-04-19T23:59:59+02:00,948,1100,1835,2732,2710,4594,4796,8496,8238,10704,15550,17509,14472,18299,4642,8692,224,262,568,1086,822,1961,1076,2959,1595,2470,1168,1095,7073,9397,4252,7896,71976,39798,11825,4075,41508,23,8
2021-04-18T23:59:59+02:00,945,1099,1830,2726,2702,4583,4779,8484,8198,10662,15501,17450,14462,18282,4641,8690,224,262,568,1085,821,1961,1076,2959,1595,2469,1168,1094,7071,9396,4251,7896,71931,39792,11822,4073,41273,23,8
2021-04-17T23:59:59+02:00,911,1085,1781,2688,2634,4504,4625,8344,7935,10433,13139,14552,14265,17930,4624,8654,222,262,568,1082,817,1955,1064,2952,1585,2449,1131,1053,6741,8981,4226,7848,65122,38843,11822,4062,41152,23,8
2021-04-16T23:59:59+02:00,905,1079,1769,2678,2592,4466,4533,8260,7757,10243,10322,11315,13994,17514,4605,8598,220,257,567,1077,811,1950,1054,2948,1565,2429,1120,1039,6735,8976,4223,7845,57889,38739,11820,4046,40913,23,8
2021-04-15T23:59:59+02:00,892,1074,1747,2664,2550,4434,4422,8199,7527,10045,10078,11097,13932,17449,4599,8584,218,257,567,1075,810,1948,1051,2945,1562,2426,1115,1035,6733,8974,4223,7845,57866,38725,11818,4029,39601,22,8
2021-04-14T23:59:59+02:00,873,1046,1689,2581,2461,4312,4233,8018,7254,9762,9705,10616,13784,17271,4593,8575,193,234,526,1024,787,1881,1017,2865,1513,2365,1089,1005,6729,8965,4223,7844,57834,38709,10872,3523,38059,20,8
2021-04-13T23:59:59+02:00,848,1024,1651,2529,2393,4229,4132,7882,7043,9547,9300,10099,13640,17104,4588,8563,157,210,491,975,747,1788,983,2755,1461,2295,1070,970,6713,8954,4222,7844,57790,38645,9926,2968,36848,14,8
2021-04-12T23:59:59+02:00,844,1022,1632,2526,2363,4216,4080,7831,6903,9376,9039,9790,13578,17047,4577,8547,146,196,463,936,724,1723,962,2683,1417,2245,1048,954,6697,8934,4219,7839,57733,38529,9895,2635,35735,14,8
2021-04-11T23:59:59+02:00,843,1021,1621,2526,2350,4214,4057,7819,6839,9315,8906,9631,13552,17001,4572,8540,146,196,463,934,724,1722,960,2683,1416,2245,1048,954,6695,8934,4219,7839,57721,38523,9893,2634,35185,13,8
2021-04-10T23:59:59+02:00,827,1016,1593,2497,2313,4185,3986,7763,6707,9198,8350,8896,12889,16149,4561,8498,143,196,461,931,719,1719,960,2677,1407,2238,1035,938,6226,8437,4204,7823,54391,37460,9892,2633,35137,13,8
2021-04-09T23:59:59+02:00,805,987,1553,2449,2246,4104,3833,7604,6360,8869,7829,8238,12075,15126,4491,8361,141,195,459,926,713,1712,952,2667,1392,2228,1013,917,5984,8168,4187,7796,50423,36800,9887,2629,34612,13,8
2021-04-08T23:59:59+02:00,796,977,1526,2425,2181,4055,3698,7518,6106,8570,7216,7583,11916,14926,4480,8344,141,192,454,924,708,1705,944,2657,1385,2215,1001,915,5981,8166,4186,7796,50390,36780,9863,2569,32056,13,8
2021-04-07T23:59:59+02:00,790,968,1500,2407,2123,4017,3612,7448,5878,8304,6663,6955,11314,14177,4468,8317,123,185,425,877,662,1636,888,2587,1335,2146,982,899,5973,8160,4185,7796,50363,36757,8712,2082,29859,13,7
2021-04-06T23:59:59+02:00,786,966,1486,2399,2094,3995,3539,7399,5697,8133,6216,6448,11113,13961,4453,8289,100,164,376,816,617,1561,845,2487,1283,2082,958,883,5956,8147,4183,7792,50292,36732,8529,1498,28146,13,7
2021-04-05T23:59:59+02:00,781,962,1470,2392,2071,3986,3488,7373,5554,8023,6015,6234,11047,13875,4447,8279,94,162,375,814,610,1552,837,2472,1270,2064,930,853,4867,6748,4105,7686,50097,33931,8525,1488,27368,13,7
2021-04-04T23:59:59+02:00,779,958,1468,2390,2067,3984,3471,7366,5544,8016,6004,6214,11033,13857,4445,8276,94,162,373,812,607,1547,830,2465,1256,2044,907,831,3867,5587,4039,7580,50083,31493,8524,1488,27258,13,7
2021-04-03T23:59:59+02:00,727,903,1386,2321,1944,3845,3210,7106,5084,7526,5661,5759,10862,13640,4419,8247,92,162,373,811,607,1545,829,2465,1256,2044,907,831,3867,5584,4039,7579,46853,31483,8524,1488,27256,13,7
2021-04-02T23:59:59+02:00,684,869,1331,2253,1846,3731,2954,6846,4571,7047,5271,5300,10766,13477,4414,8241,91,161,373,811,607,1545,827,2465,1254,2040,905,827,3864,5581,4038,7579,43934,31462,8523,1487,27138,13,6
2021-04-01T23:59:59+02:00,681,867,1321,2249,1827,3723,2925,6832,4497,6974,5163,5192,10727,13428,4413,8237,91,161,371,807,605,1542,827,2462,1250,2036,895,826,3860,5579,4037,7578,43921,31453,8379,1455,26750,13,6
2021-03-31T23:59:59+02:00,679,865,1314,2233,1819,3713,2898,6804,4434,6928,5024,5032,10218,12822,4409,8229,91,161,370,807,605,1542,827,2462,1248,2036,894,826,3860,5578,4037,7577,43909,31447,7252,1455,26254,13,6
2021-03-30T23:59:59+02:00,670,862,1296,2213,1789,3684,2863,6770,4349,6839,4857,4840,9693,12122,4402,8214,86,158,369,803,600,1539,822,2455,1240,2034,883,816,3852,5575,4036,7576,43886,31425,6067,1402,25504,11,6
2021-03-29T23:59:59+02:00,665,855,1283,2178,1772,3653,2832,6728,4279,6754,4658,4643,9608,12029,4399,8200,86,158,369,801,597,1535,820,2449,1236,2027,875,810,3844,5568,4036,7576,43819,31412,5852,1358,24859,11,6
2021-03-28T23:59:59+02:00,662,853,1280,2175,1757,3643,2817,6716,4245,6701,4562,4533,9571,11965,4394,8193,86,158,369,800,597,1535,818,2449,1234,2027,874,810,3843,5568,4036,7576,43797,31410,5843,1353,24421,11,6
2021-03-27T23:59:59+01:00,659,848,1271,2170,1741,3628,2788,6687,4086,6560,3998,4086,9343,11718,4381,8174,86,158,367,798,595,1533,816,2446,1226,2021,870,806,3666,5280,3935,7407,41882,30640,5839,1353,24411,11,6
2021-03-26T23:59:59+01:00,653,840,1263,2160,1721,3611,2763,6665,4011,6482,3593,3722,8747,11162,4368,8160,86,158,366,797,594,1530,812,2443,1217,2017,858,793,2950,4341,3726,7064,39955,28382,5826,1353,24134,11,6
2021-03-25T23:59:59+01:00,646,835,1251,2146,1702,3587,2704,6626,3928,6404,3418,3505,8638,11051,4363,8154,86,158,366,797,594,1530,812,2442,1216,2017,858,793,2949,4340,3725,7063,39942,28376,5720,1353,23290,11,6
2021-03-24T23:59:59+01:00,640,828,1218,2121,1657,3542,2626,6558,3772,6255,3102,3143,8232,10504,4354,8142,82,156,354,784,578,1512,779,2408,1166,1985,825,756,2940,4334,3725,7060,39919,28076,4966,1352,21803,10,6
2021-03-23T23:59:59+01:00,627,820,1193,2089,1615,3495,2546,6477,3623,6101,2723,2761,8016,10285,4347,8126,77,152,342,762,543,1481,718,2345,1064,1904,742,695,2905,4300,3721,7056,39878,27447,4676,1345,20284,9,6
2021-03-22T23:59:59+01:00,603,707,1157,2035,1582,3440,2493,6407,3483,5970,2481,2524,7686,9930,4331,8090,77,151,342,762,543,1479,717,2344,1061,1904,741,692,2901,4295,3720,7053,39410,27422,4353,1345,19150,9,6
2021-03-21T23:59:59+01:00,602,704,1152,2027,1571,3430,2476,6392,3446,5936,2340,2360,7593,9818,4323,8076,77,151,342,761,543,1479,717,2344,1061,1904,741,692,2901,4294,3720,7053,39406,27420,4339,1345,18495,9,6
2021-03-20T23:59:59+01:00,601,704,1150,2021,1565,3423,2470,6386,3429,5914,2308,2322,7103,9300,4307,8060,77,151,342,761,542,1479,715,2343,1061,1903,741,692,2901,4292,3718,7051,38369,27409,4327,1345,18361,9,6
2021-03-19T23:59:59+01:00,594,697,1136,2005,1530,3401,2401,6247,3367,5807,2125,2143,6796,8983,4288,8035,77,151,341,755,538,1476,710,2334,1050,1890,732,686,2478,3690,3304,6306,37766,25165,4311,1345,17472,2,6
2021-03-18T23:59:59+01:00,579,681,1117,1975,1503,3371,2361,6179,3294,5718,1973,1947,6678,8865,4282,8024,76,151,341,754,537,1476,709,2330,1047,1889,725,683,2428,3618,3277,6264,37746,24974,4300,1323,16495,2,6
2021-03-17T23:59:59+01:00,550,654,1072,1920,1466,3287,2284,6062,3142,5563,1718,1681,6512,8712,4272,8009,75,147,329,727,521,1432,687,2273,1009,1848,708,664,2190,3326,3197,6140,37675,24013,3777,1252,15446,2,6
2021-03-16T23:59:59+01:00,507,625,1032,1864,1415,3183,2219,5908,3026,5429,1523,1459,6378,8565,4262,7988,69,134,308,671,491,1355,658,2138,980,1720,659,614,2080,3192,3174,6056,37621,23271,3158,1021,14599,2,5
2021-03-15T23:59:59+01:00,495,614,1001,1819,1381,3115,2188,5823,2940,5346,1400,1325,5799,7879,4224,7925,66,127,293,613,476,1236,620,2008,940,1607,631,594,2043,3153,3161,5997,36390,22876,2805,687,14079,2,0
2021-03-14T23:59:59+01:00,490,608,991,1807,1378,3098,2172,5805,2906,5319,1358,1275,5407,7432,4201,7907,65,122,289,590,470,1209,614,1952,930,1582,631,594,2043,3153,3160,5995,35575,22870,2800,527,13779,2,0
2021-03-13T23:59:59+01:00,469,590,954,1760,1325,3034,1916,5218,2667,4907,1253,1162,4757,6585,4150,7831,65,122,288,587,468,1207,612,1950,929,1578,629,589,1686,2673,2639,5243,33904,20736,2796,527,11878,2,0
2021-03-12T23:59:59+01:00,453,569,934,1719,1295,2953,1712,4431,2460,4458,1183,1079,4061,5785,4103,7749,65,120,287,583,468,1204,610,1943,925,1573,626,582,1368,2137,2107,4452,32232,18522,2793,527,9919,1,0
2021-03-11T23:59:59+01:00,449,562,926,1708,1280,2936,1687,4397,2424,4422,1109,1025,4019,5749,4100,7745,65,113,281,562,454,1152,601,1894,906,1537,614,569,1362,2120,2098,4403,32200,18275,2700,455,9638,1,0
2021-03-10T23:59:59+01:00,428,551,881,1650,1226,2859,1614,4300,2358,4329,1078,1002,4003,5734,4099,7743,65,113,279,558,451,1145,596,1872,906,1532,608,561,1302,2034,2055,4347,32185,17992,2137,431,9533,1,0
2021-03-09T23:59:59+01:00,406,535,833,1600,1185,2796,1573,4217,2315,4276,1057,991,3997,5727,4098,7742,63,112,278,557,450,1134,594,1860,900,1527,606,555,1098,1725,1940,4175,32139,17169,1688,404,9521,1,0
2021-03-08T23:59:59+01:00,399,524,823,1586,1176,2780,1565,4192,2304,4263,1044,981,3962,5680,4096,7737,62,112,274,552,446,1128,593,1856,896,1525,606,555,1029,1635,1895,4132,32014,16915,1592,380,9506,1,0
2021-03-07T23:59:59+01:00,398,521,823,1585,1174,2778,1561,4186,2294,4258,1038,973,3956,5674,4095,7736,59,109,265,531,434,1102,578,1756,861,1450,605,555,926,1506,1845,4064,31998,16558,1553,88,9499,0,0
2021-03-06T23:59:59+01:00,390,505,804,1552,1151,2720,1520,4119,2101,3762,1009,936,3783,5404,3998,7575,59,109,265,531,434,1101,578,1756,861,1450,605,555,923,1505,1842,4063,31292,16549,1553,88,8484,0,0
2021-03-05T23:59:59+01:00,375,465,771,1448,1101,2503,1445,3906,1888,3092,981,891,3038,4445,3794,7236,59,108,264,528,431,1095,577,1751,857,1447,602,553,884,1447,1819,4025,28997,16359,1552,88,6830,0,0
2021-03-04T23:59:59+01:00,360,457,764,1428,1088,2480,1426,3877,1865,3073,968,887,3034,4441,3791,7234,59,107,261,525,427,1079,567,1729,856,1439,600,551,847,1393,1796,3990,28984,16201,1514,25,6675,0,0
2021-03-03T23:59:59+01:00,349,425,745,1377,1058,2397,1376,3723,1787,2976,935,843,3024,4435,3791,7231,58,107,258,523,426,1075,565,1720,853,1435,600,550,827,1340,1711,3845,28672,15870,1514,23,6286,0,0
2021-03-02T23:59:59+01:00,343,416,729,1353,1010,2352,1307,3639,1671,2880,847,777,2982,4398,3785,7226,58,107,257,519,425,1068,565,1714,853,1431,599,550,827,1340,1711,3845,28035,15846,1451,23,6229,0,0
2021-03-01T23:59:59+01:00,339,402,722,1306,998,2294,1287,3557,1645,2831,829,768,2974,4389,3785,7226,58,106,256,515,420,1054,561,1701,844,1423,598,548,731,1188,1658,3765,27996,15403,1403,23,5953,0,0
2021-02-28T23:59:59+01:00,334,389,714,1267,985,2218,1275,3470,1623,2752,825,758,2972,4385,3784,7224,58,106,256,515,420,1053,561,1701,843,1423,598,547,635,1064,1612,3685,27985,15054,1400,23,5590,0,0
2021-02-27T23:59:59+01:00,325,369,700,1242,965,2181,1240,3402,1600,2699,808,743,2969,4385,3783,7224,58,106,256,515,420,1053,560,1701,842,1423,598,547,635,1063,1612,3685,27983,15051,1400,23,5252,0,0
2021-02-26T23:59:59+01:00,300,316,652,1177,901,2063,1150,3236,1496,2560,779,721,2540,3780,3366,6458,58,106,253,513,420,1051,558,1699,839,1417,594,544,628,1051,1603,3666,25721,14977,1400,23,4374,0,0
2021-02-25T23:59:59+01:00,295,303,639,1146,880,2021,1131,3170,1478,2515,776,718,2494,3707,3336,6415,56,104,249,504,420,1047,553,1689,836,1406,588,539,551,942,1559,3610,25503,14632,1400,21,4121,0,0
2021-02-24T23:59:59+01:00,276,293,588,1099,833,1954,1073,3075,1434,2457,759,699,2256,3406,3255,6285,55,100,245,497,414,1030,545,1667,833,1387,582,528,538,922,1548,3588,24523,14464,1400,15,3819,0,0
2021-02-23T23:59:59+01:00,263,273,560,1042,796,1877,1005,2926,1362,2355,708,649,2145,3271,3232,6195,55,99,243,491,414,1014,535,1635,826,1365,574,522,523,875,1537,3544,23735,14237,1395,15,3529,0,0
2021-02-22T23:59:59+01:00,259,267,548,980,777,1801,980,2832,1326,2295,685,629,2118,3236,3224,6138,55,98,237,485,412,1001,526,1619,822,1340,560,510,506,850,1531,3494,23346,14031,1395,15,3354,0,0
2021-02-21T23:59:59+01:00,256,259,539,955,764,1764,972,2784,1296,2269,685,627,2116,3236,3223,6137,55,98,236,485,412,1001,526,1619,822,1339,560,509,506,850,1531,3493,23340,14027,1395,15,3147,0,0
2021-02-20T23:59:59+01:00,172,228,468,906,696,1687,902,2695,1211,2170,670,612,1752,2723,2676,5344,55,98,236,485,412,1001,526,1618,822,1339,560,509,506,850,1531,3493,21098,14026,1395,15,2419,0,0
2021-02-19T23:59:59+01:00,82,165,357,825,570,1554,769,2546,1077,2018,654,591,1450,2211,2142,4556,55,98,236,485,412,1000,526,1618,822,1338,560,509,498,846,1530,3487,18920,14006,1395,14,1252,0,0
2021-02-18T23:59:59+01:00,79,160,345,776,549,1465,736,2406,1044,1951,639,581,1441,2193,2133,4507,52,91,232,463,398,935,511,1538,803,1264,546,495,492,828,1529,3470,18684,13633,1370,14,951,0,0
2021-02-17T23:59:59+01:00,78,152,331,753,540,1432,707,2313,1008,1853,633,571,1383,2106,2087,4458,52,88,230,454,390,897,500,1473,784,1182,533,483,490,826,1529,3470,18426,13367,1297,14,682,0,0
2021-02-16T23:59:59+01:00,73,146,316,714,512,1359,675,2205,983,1749,623,564,1140,1762,1969,4281,51,79,229,449,384,867,487,1408,758,1115,512,470,488,826,1526,3469,17522,13116,1059,2,490,0,0
2021-02-15T23:59:59+01:00,68,130,290,611,477,1218,620,1993,933,1590,614,562,1057,1657,1918,4219,51,79,227,444,380,861,486,1404,755,1108,512,470,487,823,1525,3466,17199,13078,721,0,37,0,0
2021-02-14T23:59:59+01:00,67,123,285,586,472,1189,609,1939,919,1568,614,562,960,1534,1873,4163,51,79,227,444,380,861,486,1402,755,1108,512,470,487,823,1525,3466,16875,13076,566,0,22,0,0
2021-02-13T23:59:59+01:00,67,122,285,585,471,1185,608,1937,917,1565,613,561,959,1526,1869,4160,51,79,227,443,378,857,485,1397,753,1107,510,468,470,785,1270,3008,16842,12288,566,0,22,0,0
2021-02-12T23:59:59+01:00,66,122,284,584,467,1181,608,1934,914,1564,610,560,920,1475,1849,4120,51,79,227,439,375,848,480,1388,747,1101,503,460,452,746,924,2316,16673,11136,566,0,19,0,0
2021-02-11T23:59:59+01:00,66,116,281,573,454,1154,602,1908,907,1552,609,559,878,1417,1827,4083,51,76,212,409,361,801,464,1315,732,1070,500,459,452,746,923,2315,16498,10886,483,0,5,0,0
2021-02-10T23:59:59+01:00,65,116,277,570,452,1150,598,1892,902,1548,609,559,870,1401,1806,4039,50,66,178,332,307,698,414,1143,653,977,465,447,447,745,923,2314,16397,10159,456,0,1,0,0
2021-02-09T23:59:59+01:00,63,115,271,567,449,1137,597,1878,896,1542,608,558,858,1366,1741,3936,42,54,125,255,231,547,333,941,551,823,430,436,443,744,921,2314,16154,9190,428,0,0,0,0
2021-02-08T23:59:59+01:00,62,115,268,558,446,1130,596,1863,890,1534,607,556,757,1216,1687,3854,38,44,86,165,168,409,267,703,491,688,422,429,439,741,920,2314,15736,8324,403,0,0,0,0
2021-02-07T23:59:59+01:00,59,112,259,536,431,1099,580,1760,855,1455,606,555,655,1089,1640,3771,37,43,82,163,165,402,262,690,486,677,420,428,439,741,920,2313,15367,8268,95,0,0,0,0
2021-02-06T23:59:59+01:00,59,112,258,536,431,1099,578,1759,853,1452,603,553,652,1080,1634,3764,34,42,81,160,162,392,258,682,475,669,412,427,404,693,687,1933,15328,7511,95,0,0,0,0
2021-02-05T23:59:59+01:00,59,112,256,533,431,1097,577,1758,851,1450,602,553,642,1073,1628,3753,32,40,77,154,157,384,250,663,458,659,406,427,398,668,299,1311,15280,6383,95,0,0,0,0
2021-02-04T23:59:59+01:00,57,110,251,526,425,1081,561,1731,847,1436,595,544,559,957,1580,3695,31,37,73,149,151,373,236,642,441,645,401,421,393,661,297,1306,14928,6257,27,0,0,0,0
2021-02-03T23:59:59+01:00,56,105,247,519,424,1062,558,1716,845,1421,591,534,549,947,1577,3682,24,29,59,117,118,274,172,502,332,496,299,321,318,520,226,1045,14808,4852,25,0,0,0,0
2021-02-02T23:59:59+01:00,56,104,244,513,424,1044,546,1683,837,1397,578,525,538,902,1568,3638,17,22,40,76,82,180,120,338,217,357,210,215,202,326,162,691,14572,3255,25,0,0,0,0
2021-02-01T23:59:59+01:00,56,102,240,505,422,1028,538,1662,833,1374,570,519,521,873,1560,3594,7,11,20,40,44,92,64,168,94,160,99,98,85,152,70,306,14372,1510,25,0,0,0,0
2021-01-31T23:59:59+01:00,56,102,239,504,420,1024,536,1657,831,1371,570,518,521,873,1560,3593,7,11,18,36,39,78,60,142,81,145,95,98,84,151,68,305,14350,1418,25,0,0,0,0
2021-01-30T23:59:59+01:00,56,102,239,504,420,1024,536,1657,831,1371,570,518,521,873,1560,3593,7,11,18,36,39,78,60,142,81,145,95,97,84,151,68,305,14350,1417,25,0,0,0,0
2021-01-29T23:59:59+01:00,56,102,239,504,420,1024,536,1657,831,1371,570,518,521,873,1560,3593,7,11,18,36,39,78,60,142,81,145,95,97,84,151,68,305,14350,1417,25,0,0,0,0
2021-01-28T23:59:59+01:00,54,94,235,476,408,958,518,1571,809,1289,557,503,515,856,1558,3579,3,2,4,6,10,13,19,34,21,30,16,20,19,33,17,91,13961,338,19,0,0,0,0
2021-01-27T23:59:59+01:00,52,90,235,466,400,919,508,1505,789,1206,545,490,513,854,1558,3579,3,2,4,6,8,13,19,33,21,29,16,20,19,33,17,91,13692,334,17,0,0,0,0
2021-01-26T23:59:59+01:00,51,84,231,463,393,890,497,1437,764,1139,523,477,511,854,1558,3579,1,2,4,6,8,12,17,29,17,24,14,18,17,31,17,84,13435,301,16,0,0,0,0
2021-01-25T23:59:59+01:00,51,84,228,458,389,884,497,1434,762,1134,523,477,511,853,1558,3577,0,0,0,0,0,0,0,0,0,0,1,1,0,2,0,0,13405,4,15,0,0,0,0
2021-01-24T23:59:59+01:00,51,84,228,458,389,884,497,1433,762,1134,523,477,511,853,1558,3577,0,0,0,0,0,0,0,0,0,0,1,1,0,2,0,0,13404,4,15,0,0,0,0
2021-01-23T23:59:59+01:00,51,84,228,457,388,880,497,1427,761,1132,520,475,494,815,1305,3109,0,0,0,0,0,0,0,0,0,0,1,1,0,2,0,0,12608,4,15,0,0,0,0
2021-01-22T23:59:59+01:00,51,84,227,453,384,871,492,1417,756,1125,514,467,477,774,947,2394,0,0,0,0,0,0,0,0,0,0,1,1,0,2,0,0,11418,4,15,0,0,0,0
2021-01-21T23:59:59+01:00,51,81,209,420,357,815,465,1318,730,1091,510,467,477,774,946,2393,0,0,0,0,0,0,0,0,0,0,1,1,0,2,0,0,11089,4,15,0,0,0,0
2021-01-20T23:59:59+01:00,49,71,181,349,316,730,423,1164,660,1000,474,456,472,774,946,2392,0,0,0,0,0,0,0,0,0,0,1,1,0,2,0,0,10442,4,15,0,0,0,0
2021-01-19T23:59:59+01:00,43,58,135,272,243,571,346,982,570,860,439,444,468,772,946,2392,0,0,0,0,0,0,0,0,0,0,1,0,0,2,0,0,9534,3,7,0,0,0,0
2021-01-18T23:59:59+01:00,39,45,86,173,174,421,278,719,499,703,430,437,465,767,944,2392,0,0,0,0,0,0,0,0,0,0,0,0,0,1,0,0,8572,1,0,0,0,0,0
2021-01-17T23:59:59+01:00,37,44,83,169,170,413,274,708,494,690,428,437,465,767,944,2391,0,0,0,0,0,0,0,0,0,0,0,0,0,0,0,0,8514,0,0,0,0,0,0
2021-01-16T23:59:59+01:00,34,43,81,167,166,404,267,701,479,682,420,436,427,720,704,2006,0,0,0,0,0,0,0,0,0,0,0,0,0,0,0,0,7737,0,0,0,0,0,0
2021-01-15T23:59:59+01:00,32,41,78,160,163,398,260,684,465,674,414,435,422,696,310,1375,0,0,0,0,0,0,0,0,0,0,0,0,0,0,0,0,6607,0,0,0,0,0,0
2021-01-14T23:59:59+01:00,32,39,77,156,158,393,252,675,454,666,411,433,422,695,310,1375,0,0,0,0,0,0,0,0,0,0,0,0,0,0,0,0,6548,0,0,0,0,0,0
2021-01-13T23:59:59+01:00,24,31,61,123,123,298,192,541,346,523,314,332,348,550,239,1106,0,0,0,0,0,0,0,0,0,0,0,0,0,0,0,0,5151,0,0,0,0,0,0
2021-01-12T23:59:59+01:00,17,24,45,85,88,210,139,391,236,387,224,226,227,354,173,749,0,0,0,0,0,0,0,0,0,0,0,0,0,0,0,0,3575,0,0,0,0,0,0
2021-01-11T23:59:59+01:00,9,15,26,44,58,134,88,220,124,205,112,107,99,172,80,333,0,0,0,0,0,0,0,0,0,0,0,0,0,0,0,0,1826,0,0,0,0,0,0
2021-01-10T23:59:59+01:00,8,15,22,41,51,106,80,179,105,172,106,104,95,170,77,333,0,0,0,0,0,0,0,0,0,0,0,0,0,0,0,0,1664,0,0,0,0,0,0
2021-01-09T23:59:59+01:00,8,15,22,41,51,106,80,179,105,172,106,103,95,170,77,333,0,0,0,0,0,0,0,0,0,0,0,0,0,0,0,0,1663,0,0,0,0,0,0
2021-01-08T23:59:59+01:00,8,14,21,40,49,100,75,168,99,169,103,99,90,161,75,325,0,0,0,0,0,0,0,0,0,0,0,0,0,0,0,0,1596,0,0,0,0,0,0
2021-01-07T23:59:59+01:00,3,3,4,7,10,14,20,34,23,34,17,20,20,34,19,95,0,0,0,0,0,0,0,0,0,0,0,0,0,0,0,0,357,0,0,0,0,0,0
2021-01-06T23:59:59+01:00,3,2,4,6,8,13,20,33,21,31,17,20,20,34,19,94,0,0,0,0,0,0,0,0,0,0,0,0,0,0,0,0,345,0,0,0,0,0,0
2021-01-05T23:59:59+01:00,3,2,4,6,8,13,20,33,21,31,17,20,20,34,19,94,0,0,0,0,0,0,0,0,0,0,0,0,0,0,0,0,345,0,0,0,0,0,0
2021-01-04T23:59:59+01:00,0,0,0,0,0,0,1,0,0,0,1,1,0,2,0,0,0,0,0,0,0,0,0,0,0,0,0,0,0,0,0,0,5,0,0,0,0,0,0
2021-01-03T23:59:59+01:00,0,0,0,0,0,0,1,0,0,0,1,1,0,2,0,0,0,0,0,0,0,0,0,0,0,0,0,0,0,0,0,0,5,0,0,0,0,0,0
2021-01-02T23:59:59+01:00,0,0,0,0,0,0,1,0,0,0,1,1,0,2,0,0,0,0,0,0,0,0,0,0,0,0,0,0,0,0,0,0,5,0,0,0,0,0,0
2021-01-01T23:59:59+01:00,0,0,0,0,0,0,1,0,0,0,1,1,0,2,0,0,0,0,0,0,0,0,0,0,0,0,0,0,0,0,0,0,5,0,0,0,0,0,0
2020-12-31T23:59:59+01:00,0,0,0,0,0,0,1,0,0,0,1,1,0,2,0,0,0,0,0,0,0,0,0,0,0,0,0,0,0,0,0,0,5,0,0,0,0,0,0
2020-12-30T23:59:59+01:00,0,0,0,0,0,0,1,0,0,0,1,1,0,2,0,0,0,0,0,0,0,0,0,0,0,0,0,0,0,0,0,0,5,0,0,0,0,0,0
2020-12-29T23:59:59+01:00,0,0,0,0,0,0,1,0,0,0,1,0,0,2,0,0,0,0,0,0,0,0,0,0,0,0,0,0,0,0,0,0,4,0,0,0,0,0,0
2020-12-28T23:59:59+01:00,0,0,0,0,0,0,0,0,0,0,1,0,0,1,0,0,0,0,0,0,0,0,0,0,0,0,0,0,0,0,0,0,2,0,0,0,0,0,0
2020-12-27T23:59:59+01:00,0,0,0,0,0,0,0,0,0,0,0,0,0,0,0,0,0,0,0,0,0,0,0,0,0,0,0,0,0,0,0,0,0,0,0,0,0,0,0
