Datum,<24_1_m,<24_1_w,25-34_1_m,25-34_1_w,35-44_1_m,35-44_1_w,45-54_1_m,45-54_1_w,55-64_1_m,55-64_1_w,65-74_1_m,65-74_1_w,75-84_1_m,75-84_1_w,>84_1_m,>84_1_w,<24_2_m,<24_2_w,25-34_2_m,25-34_2_w,35-44_2_m,35-44_2_w,45-54_2_m,45-54_2_w,55-64_2_m,55-64_2_w,65-74_2_m,65-74_2_w,75-84_2_m,75-84_2_w,>84_2_m,>84_2_w,bp_1,bp_2,mo_1,mo_2,az_1,az_2,ja
2021-05-05T23:59:59+02:00,1841,2158,3273,4783,4803,7479,8530,12446,17842,20485,19221,21645,14205,18488,3967,7734,322,416,721,1327,988,2332,1376,3408,1966,2745,1430,1451,8928,11979,3580,6889,107989,40274,16019,8091,44007,608,885
2021-05-04T23:59:59+02:00,1816,2127,3234,4701,4746,7372,8184,12051,17384,19997,19137,21524,14134,18395,3942,7631,304,404,700,1295,968,2284,1304,3266,1870,2610,1368,1350,8865,11887,3576,6874,107304,40252,14680,7816,43902,368,489
2021-05-03T23:59:59+02:00,1807,2122,3226,4688,4707,7348,7804,11707,16815,19509,19081,21449,14110,18369,3937,7621,289,378,678,1214,920,2193,1237,3124,1774,2476,1305,1278,8843,11861,3573,6865,107224,40246,13092,7609,43863,32,121
2021-05-02T23:59:59+02:00,1805,2120,3222,4686,4701,7344,7793,11695,16797,19498,19065,21443,14110,18367,3936,7621,288,377,677,1213,914,2190,1228,3117,1766,2470,1291,1271,8842,11855,3572,6865,107198,40225,13090,7607,43840,29,75
2021-05-01T23:59:59+02:00,1655,1969,2924,4422,4220,6979,7161,11183,14860,17609,18751,21109,14033,18265,3933,7608,286,377,675,1211,913,2187,1226,3115,1763,2465,1287,1268,8840,11854,3572,6865,99682,40195,13089,7607,43837,29,73
2021-04-30T23:59:59+02:00,1509,1804,2722,4180,3873,6586,6563,10560,13037,15501,18401,20707,13949,18134,3920,7601,280,376,671,1206,903,2178,1216,3107,1755,2454,1277,1258,8836,11851,3571,6865,92103,40150,13089,7607,43837,29,18
2021-04-29T23:59:59+02:00,1379,1723,2546,4052,3633,6378,6181,10241,11675,14188,18210,20499,13921,18081,3917,7595,278,372,666,1201,894,2173,1192,3101,1725,2417,1254,1233,8832,11846,3571,6865,87433,40119,13081,7476,43703,23,2
2021-04-28T23:59:59+02:00,1310,1719,2504,4036,3588,6360,6112,10205,11592,14123,18181,20469,13915,18068,3917,7592,278,371,664,1200,892,2171,1189,3097,1719,2414,1248,1213,8391,11331,3571,6865,87191,40101,13031,6491,43467,20,2
2021-04-27T23:59:59+02:00,1257,1690,2399,3991,3527,6334,5989,10144,11492,14060,18151,20437,13905,18055,3915,7591,278,370,662,1194,891,2169,1186,3094,1715,2407,1234,1195,7981,10756,3571,6865,86690,40085,12978,5464,43267,17,2
2021-04-26T23:59:59+02:00,1206,1654,2309,3895,3403,6238,5813,10017,11184,13786,18115,20418,13897,18037,3913,7591,277,369,660,1194,887,2166,1179,3091,1697,2400,1220,1180,7976,10738,3571,6865,85363,40007,12968,5445,43143,16,2
2021-04-25T23:59:59+02:00,1203,1651,2301,3894,3397,6233,5795,10009,11150,13756,18108,20409,13896,18031,3913,7591,277,369,660,1194,886,2166,1179,3091,1697,2399,1220,1180,7976,10736,3571,6865,85343,40006,12961,5442,43031,16,2
2021-04-24T23:59:59+02:00,1152,1501,2105,3346,3125,5605,5614,9630,10097,12474,17624,19782,13804,17893,3907,7583,276,368,659,1193,886,2165,1179,3090,1691,2393,1216,1177,7975,10735,3571,6864,79273,39983,12961,5438,43007,16,1
2021-04-23T23:59:59+02:00,1115,1396,1983,2978,2942,5030,5401,9237,9268,11414,16289,18296,13679,17710,3902,7565,276,368,657,1193,885,2163,1178,3090,1690,2392,1211,1171,7972,10733,3571,6863,72297,39969,12960,5427,42947,16,1
2021-04-22T23:59:59+02:00,1109,1388,1966,2962,2922,5013,5335,9187,9157,11307,16229,18230,13658,17685,3900,7561,276,367,655,1193,882,2162,1171,3077,1669,2371,1189,1150,7970,10728,3571,6863,72257,39959,12909,5319,42442,15,1
2021-04-21T23:59:59+02:00,1100,1380,1950,2945,2899,4991,5284,9122,9038,11181,16148,18155,13642,17658,3900,7558,270,363,644,1183,869,2131,1159,3049,1660,2353,1177,1136,7748,10413,3570,6863,72215,39953,12852,4620,41883,14,1
2021-04-20T23:59:59+02:00,1067,1317,1904,2828,2825,4834,5180,8942,8765,10871,16024,17989,13593,17608,3893,7553,257,359,624,1159,842,2103,1133,3019,1625,2318,1160,1122,7740,10410,3570,6863,72146,39935,11727,4356,41319,12,1
2021-04-19T23:59:59+02:00,1056,1306,1867,2808,2783,4803,5036,8884,8575,10742,15940,17912,13576,17591,3893,7548,248,348,603,1138,826,2068,1111,2974,1583,2265,1143,1106,7735,10406,3568,6863,71749,39901,11705,4073,40865,10,1
2021-04-18T23:59:59+02:00,1054,1305,1863,2802,2774,4792,5020,8867,8528,10698,15896,17856,13570,17580,3892,7546,248,348,603,1138,825,2068,1111,2974,1583,2264,1143,1105,7733,10405,3567,6863,71706,39896,11703,4071,40633,10,1
2021-04-17T23:59:59+02:00,1019,1292,1814,2755,2699,4717,4869,8714,8125,10293,13681,15108,13406,17300,3879,7515,246,348,603,1134,821,2062,1100,2966,1571,2243,1104,1060,7397,9987,3551,6825,64970,38947,11703,4060,40512,10,1
2021-04-16T23:59:59+02:00,1011,1285,1803,2745,2657,4676,4767,8627,7946,10088,10912,11872,13224,17014,3865,7472,245,343,602,1131,816,2058,1091,2961,1562,2232,1093,1049,7391,9982,3550,6822,57983,38873,11701,4044,40279,10,1
2021-04-15T23:59:59+02:00,999,1279,1776,2729,2610,4641,4655,8559,7703,9860,10683,11688,13181,16960,3859,7460,243,343,602,1129,815,2057,1088,2958,1559,2229,1088,1046,7389,9980,3550,6822,57963,38860,11699,4027,38979,10,1
2021-04-14T23:59:59+02:00,976,1252,1721,2648,2518,4523,4473,8381,7422,9562,10335,11253,13068,16818,3855,7450,213,316,562,1077,793,1989,1050,2876,1516,2171,1064,1019,7385,9972,3550,6822,57931,38845,10865,3520,37458,9,1
2021-04-13T23:59:59+02:00,949,1227,1684,2591,2444,4439,4368,8237,7206,9337,9938,10760,12944,16660,3850,7439,173,290,528,1025,753,1888,1014,2773,1468,2104,1045,985,7372,9964,3550,6822,57855,38783,9924,2967,36293,3,1
2021-04-12T23:59:59+02:00,946,1224,1668,2588,2413,4423,4315,8184,7049,9152,9691,10473,12903,16613,3839,7426,158,271,501,986,729,1818,990,2703,1426,2061,1025,967,7356,9948,3547,6817,57800,38668,9894,2631,35212,3,1
2021-04-11T23:59:59+02:00,944,1223,1659,2588,2401,4421,4293,8169,6980,9082,9568,10324,12877,16571,3835,7422,158,270,501,985,728,1817,989,2703,1425,2061,1025,967,7354,9948,3547,6817,57790,38662,9892,2630,34674,2,1
2021-04-10T23:59:59+02:00,925,1213,1631,2562,2363,4392,4221,8105,6840,8960,8630,9123,12610,16204,3826,7384,155,268,500,983,722,1815,989,2697,1416,2053,1011,953,6885,9448,3535,6803,54471,37600,9891,2630,34626,2,1
2021-04-09T23:59:59+02:00,902,1182,1591,2514,2290,4311,4041,7925,6503,8630,7885,8160,12040,15511,3768,7272,152,267,498,977,717,1806,981,2689,1399,2041,993,934,6637,9172,3522,6782,50525,36938,9888,2626,34111,2,1
2021-04-08T23:59:59+02:00,891,1171,1560,2492,2226,4260,3900,7827,6210,8288,7300,7525,11910,15364,3759,7254,152,264,492,974,713,1798,973,2678,1391,2031,981,932,6634,9170,3522,6782,50496,36918,9864,2566,31576,2,1
2021-04-07T23:59:59+02:00,884,1160,1533,2473,2170,4220,3808,7751,5954,7992,6743,6916,11356,14652,3748,7230,133,252,457,923,668,1732,916,2604,1345,1969,964,918,6628,9165,3521,6782,50471,36895,8716,2079,29402,2,1
2021-04-06T23:59:59+02:00,880,1158,1514,2466,2141,4197,3732,7694,5743,7803,6301,6418,11195,14463,3737,7204,110,231,404,858,627,1649,867,2509,1294,1910,941,901,6613,9153,3519,6778,50405,36868,8533,1493,27707,2,1
2021-04-05T23:59:59+02:00,872,1154,1499,2459,2118,4187,3677,7668,5585,7677,6111,6211,11140,14390,3733,7197,104,228,403,857,620,1640,860,2492,1277,1892,914,862,5474,7705,3489,6731,50211,34062,8529,1483,26937,2,1
2021-04-04T23:59:59+02:00,871,1150,1497,2457,2112,4185,3661,7661,5573,7668,6099,6189,11129,14376,3732,7194,104,228,401,855,615,1635,855,2485,1262,1871,891,829,4429,6507,3465,6677,50198,31623,8528,1483,26827,2,1
2021-04-03T23:59:59+02:00,809,1093,1416,2381,1992,4043,3373,7370,5132,7196,5758,5748,10987,14185,3710,7172,102,228,401,854,615,1633,854,2485,1262,1871,891,829,4429,6503,3465,6677,47010,31613,8528,1483,26826,2,1
2021-04-02T23:59:59+02:00,765,1052,1356,2316,1885,3917,3084,7094,4634,6701,5375,5305,10917,14065,3708,7166,102,228,401,854,615,1633,853,2485,1260,1870,890,826,4427,6501,3465,6677,44102,31603,8527,1482,26711,2,0
2021-04-01T23:59:59+02:00,761,1050,1346,2313,1866,3909,3052,7078,4557,6622,5270,5199,10889,14023,3707,7164,101,228,399,850,614,1630,852,2482,1257,1866,880,825,4423,6498,3464,6677,44091,31594,8385,1450,26330,2,0
2021-03-31T23:59:59+02:00,759,1046,1338,2300,1854,3897,3025,7048,4492,6567,5127,5038,10390,13430,3704,7159,101,228,398,850,614,1630,852,2482,1255,1866,879,825,4422,6497,3464,6676,44082,31587,7259,1450,25833,2,0
2021-03-30T23:59:59+02:00,750,1041,1319,2281,1822,3866,2985,7012,4407,6473,4963,4842,9893,12757,3697,7147,97,224,398,846,609,1627,846,2477,1248,1863,870,817,4415,6493,3463,6676,44062,31571,6075,1397,25118,1,0
2021-03-29T23:59:59+02:00,745,1033,1307,2244,1801,3835,2956,6971,4335,6377,4763,4655,9828,12682,3695,7136,97,224,398,843,605,1624,845,2470,1244,1857,861,809,4408,6489,3463,6676,43996,31559,5860,1353,24507,1,0
2021-03-28T23:59:59+02:00,742,1031,1303,2241,1787,3825,2938,6956,4296,6316,4667,4543,9797,12627,3689,7129,97,224,398,842,605,1624,843,2470,1242,1857,860,809,4407,6489,3463,6676,43974,31557,5851,1348,24062,1,0
2021-03-27T23:59:59+01:00,738,1028,1298,2236,1772,3814,2914,6930,4063,6133,4142,4109,9586,12402,3681,7114,97,224,395,841,604,1622,840,2467,1236,1851,856,805,4180,6108,3410,6597,42061,30784,5847,1348,24052,1,0
2021-03-26T23:59:59+01:00,733,1020,1291,2228,1753,3796,2888,6906,3984,6037,3619,3673,9119,11945,3672,7101,97,224,394,840,603,1619,836,2464,1226,1845,845,790,3381,5061,3282,6363,40154,28521,5834,1348,23777,1,0
2021-03-25T23:59:59+01:00,726,1014,1278,2215,1731,3768,2827,6866,3893,5950,3437,3455,9035,11853,3667,7099,97,224,394,840,603,1619,835,2463,1226,1845,845,790,3379,5060,3282,6362,40142,28515,5727,1348,22945,1,0
2021-03-24T23:59:59+01:00,716,1005,1246,2190,1685,3718,2747,6790,3728,5788,3102,3098,8675,11343,3658,7088,93,222,382,825,584,1599,802,2431,1171,1814,818,753,3371,5055,3282,6360,40120,28214,4974,1347,21483,1,0
2021-03-23T23:59:59+01:00,703,995,1217,2155,1639,3670,2662,6703,3567,5616,2722,2706,8492,11167,3651,7072,88,218,369,799,546,1567,736,2367,1067,1732,735,696,3345,5023,3279,6358,40080,27583,4684,1341,19973,1,0
2021-03-22T23:59:59+01:00,674,874,1178,2108,1610,3614,2605,6626,3421,5477,2470,2469,8196,10828,3638,7042,88,217,369,799,546,1565,735,2366,1064,1731,733,693,3342,5018,3278,6356,39613,27558,4357,1341,18860,1,0
2021-03-21T23:59:59+01:00,673,869,1173,2101,1599,3606,2588,6610,3376,5435,2322,2303,8126,10740,3631,7029,88,217,369,798,546,1565,735,2366,1064,1731,733,693,3342,5017,3278,6356,39609,27556,4343,1341,18229,1,0
2021-03-20T23:59:59+01:00,672,869,1171,2093,1594,3601,2582,6603,3355,5412,2292,2264,7635,10225,3618,7014,88,217,369,798,545,1565,734,2365,1064,1730,733,693,3342,5016,3276,6354,38571,27547,4332,1341,18097,1,0
2021-03-19T23:59:59+01:00,664,862,1158,2078,1562,3580,2514,6450,3292,5323,2109,2085,7340,9917,3604,6993,88,217,369,792,541,1563,729,2356,1054,1720,724,686,2808,4265,2965,5754,37965,25289,4316,1341,17250,1,0
2021-03-18T23:59:59+01:00,649,845,1141,2048,1531,3547,2476,6376,3217,5233,1938,1882,7243,9817,3602,6983,87,217,369,791,541,1563,728,2352,1050,1719,716,683,2748,4184,2950,5721,37945,25099,4305,1319,16278,1,0
2021-03-17T23:59:59+01:00,615,814,1098,1990,1494,3460,2389,6253,3062,5071,1673,1618,7111,9689,3593,6970,85,211,357,765,525,1513,706,2298,1011,1681,698,661,2488,3873,2891,5621,37875,24134,3782,1249,15243,1,0
2021-03-16T23:59:59+01:00,569,782,1057,1934,1445,3343,2315,6107,2947,4926,1465,1395,7007,9562,3584,6953,79,192,334,707,497,1430,673,2156,982,1573,645,611,2379,3733,2873,5546,37823,23391,3164,1018,14404,1,0
2021-03-15T23:59:59+01:00,553,765,1029,1890,1408,3269,2280,6023,2859,4843,1339,1260,6423,8872,3562,6909,76,180,321,647,481,1312,637,2029,939,1460,618,592,2341,3691,2862,5490,36589,22990,2807,685,13888,1,0
2021-03-14T23:59:59+01:00,549,760,1020,1877,1405,3253,2263,6005,2823,4814,1296,1205,6022,8430,3551,6898,75,175,317,624,475,1284,631,1968,929,1441,618,592,2341,3690,2861,5489,35775,22984,2802,525,13594,1,0
2021-03-13T23:59:59+01:00,527,738,981,1831,1349,3187,1998,5366,2596,4457,1193,1095,5344,7547,3534,6869,75,175,316,621,473,1283,629,1966,929,1437,615,587,1885,3062,2436,4889,34099,20852,2799,525,11714,1,0
2021-03-12T23:59:59+01:00,510,713,962,1787,1312,3088,1781,4511,2403,4092,1124,1022,4625,6709,3520,6833,75,173,315,617,473,1279,625,1960,926,1431,612,582,1483,2393,1983,4229,32425,18630,2796,525,9771,1,0
2021-03-11T23:59:59+01:00,506,706,952,1775,1298,3067,1755,4478,2366,4055,1050,969,4587,6676,3518,6831,75,165,308,596,460,1225,615,1911,904,1397,603,569,1478,2375,1974,4180,32392,18381,2703,453,9494,1,0
2021-03-10T23:59:59+01:00,484,691,903,1711,1243,2995,1679,4376,2305,3970,1018,947,4574,6664,3517,6829,74,165,306,591,458,1219,611,1889,904,1392,595,559,1411,2278,1939,4136,32378,18097,2137,429,9391,1,0
2021-03-09T23:59:59+01:00,463,673,852,1661,1205,2923,1632,4297,2263,3923,1004,939,4568,6657,3516,6828,72,163,305,589,457,1210,609,1877,898,1386,593,551,1178,1933,1851,3999,32336,17268,1689,402,9379,1,0
2021-03-08T23:59:59+01:00,456,662,842,1645,1195,2908,1626,4271,2251,3911,993,928,4534,6613,3514,6824,71,161,302,587,453,1204,606,1873,895,1384,593,551,1096,1833,1820,3966,32215,17015,1593,379,9365,1,0
2021-03-07T23:59:59+01:00,455,659,842,1644,1192,2906,1623,4264,2241,3905,987,920,4528,6609,3513,6823,68,157,292,566,441,1170,588,1769,864,1322,592,551,984,1686,1779,3914,32199,16656,1554,87,9358,0,0
2021-03-06T23:59:59+01:00,446,639,823,1611,1168,2852,1578,4182,2049,3422,963,892,4303,6248,3466,6751,68,157,292,566,441,1169,588,1769,864,1322,592,551,981,1685,1776,3913,31483,16647,1554,87,8356,0,0
2021-03-05T23:59:59+01:00,430,591,790,1506,1113,2628,1493,3956,1840,2767,945,866,3477,5178,3342,6522,68,156,291,563,437,1163,587,1764,862,1318,587,549,939,1621,1758,3883,29180,16459,1553,87,6711,0,0
2021-03-04T23:59:59+01:00,415,582,781,1487,1101,2604,1471,3926,1820,2749,932,863,3471,5174,3341,6521,68,155,288,559,433,1145,578,1744,861,1310,585,548,893,1558,1744,3857,29167,16302,1513,24,6558,0,0
2021-03-03T23:59:59+01:00,404,544,762,1428,1069,2519,1422,3775,1738,2661,905,820,3462,5170,3341,6519,67,155,285,555,432,1142,576,1735,858,1307,585,547,861,1498,1668,3719,28855,15968,1513,22,6171,0,0
2021-03-02T23:59:59+01:00,398,534,746,1398,1019,2474,1347,3689,1621,2566,816,758,3429,5133,3337,6517,66,155,285,550,431,1136,576,1727,858,1305,584,547,861,1498,1668,3719,28217,15944,1450,22,6115,0,0
2021-03-01T23:59:59+01:00,391,519,742,1347,1004,2411,1327,3614,1596,2517,799,749,3421,5127,3337,6517,66,153,284,546,422,1122,576,1712,847,1299,584,545,748,1320,1628,3664,28178,15494,1401,22,5839,0,0
2021-02-28T23:59:59+01:00,386,505,733,1302,992,2333,1311,3532,1577,2438,795,743,3420,5123,3336,6516,66,153,284,546,422,1121,576,1712,846,1299,584,544,641,1171,1593,3608,28168,15144,1398,22,5476,0,0
2021-02-27T23:59:59+01:00,375,481,719,1281,973,2293,1279,3468,1552,2399,781,734,3419,5123,3336,6516,66,153,284,546,422,1121,575,1712,845,1299,584,544,641,1170,1593,3608,28166,15141,1398,22,5165,0,0
2021-02-26T23:59:59+01:00,345,421,672,1219,907,2177,1189,3313,1459,2282,760,719,2877,4366,3023,5898,66,153,281,544,422,1119,573,1709,842,1294,579,541,634,1156,1586,3592,25888,15069,1398,22,4341,0,0
2021-02-25T23:59:59+01:00,342,406,658,1191,887,2133,1169,3240,1443,2247,758,717,2818,4284,3007,5864,64,149,277,537,422,1115,568,1696,839,1286,571,535,553,1037,1547,3549,25671,14725,1398,20,4095,0,0
2021-02-24T23:59:59+01:00,317,389,612,1145,834,2060,1111,3147,1404,2195,739,694,2559,3963,2946,5758,63,145,273,527,416,1100,561,1674,836,1269,564,524,539,1015,1537,3530,24685,14559,1398,14,3790,0,0
2021-02-23T23:59:59+01:00,299,364,584,1088,798,1972,1030,2990,1342,2114,686,643,2447,3821,2929,5678,63,143,271,520,416,1081,551,1644,828,1250,553,516,527,964,1527,3486,23892,14326,1393,14,3500,0,0
2021-02-22T23:59:59+01:00,294,351,570,1027,781,1895,1003,2897,1306,2055,665,623,2419,3784,2922,5623,62,142,266,514,414,1067,542,1621,822,1232,538,502,509,938,1522,3435,23497,14112,1393,14,3325,0,0
2021-02-21T23:59:59+01:00,291,340,563,1005,768,1852,995,2851,1276,2034,665,621,2417,3784,2921,5622,62,142,265,514,414,1067,542,1621,822,1230,538,502,509,938,1522,3434,23491,14108,1393,14,3121,0,0
2021-02-20T23:59:59+01:00,194,306,500,951,703,1782,920,2745,1193,1954,655,608,1953,3119,2473,4984,62,142,265,514,414,1067,542,1620,822,1230,538,502,509,938,1522,3434,21251,14107,1393,14,2396,0,0
2021-02-19T23:59:59+01:00,94,233,385,871,580,1643,785,2603,1066,1808,646,594,1563,2471,2017,4330,62,142,265,514,414,1066,542,1620,822,1230,538,502,501,934,1518,3429,19059,14085,1393,14,1237,0,0
2021-02-18T23:59:59+01:00,90,222,374,827,557,1549,755,2463,1029,1746,635,583,1555,2452,2008,4281,59,133,259,485,399,1004,529,1540,800,1161,527,488,496,916,1516,3411,18822,13709,1367,14,937,0,0
2021-02-17T23:59:59+01:00,89,215,361,797,546,1518,724,2343,1004,1682,627,571,1490,2353,1970,4244,59,129,256,474,391,959,517,1476,783,1086,515,477,494,915,1516,3411,18562,13444,1294,14,678,0,0
2021-02-16T23:59:59+01:00,83,207,343,751,521,1444,691,2231,981,1592,617,562,1217,1971,1879,4103,57,120,256,467,383,926,504,1411,757,1021,495,467,493,915,1513,3410,17651,13193,1055,2,487,0,0
2021-02-15T23:59:59+01:00,77,182,317,644,483,1301,637,2018,933,1449,607,561,1120,1852,1845,4055,56,120,255,461,379,921,502,1406,756,1015,495,467,492,911,1512,3407,17330,13155,717,0,34,0,0
2021-02-14T23:59:59+01:00,76,176,314,619,477,1270,627,1961,919,1432,607,561,1015,1715,1807,4011,56,120,255,461,379,921,502,1404,756,1015,495,467,492,911,1512,3407,17003,13153,564,0,20,0,0
2021-02-13T23:59:59+01:00,76,175,314,618,475,1266,626,1959,919,1428,606,560,1015,1711,1804,4008,56,119,255,461,377,917,501,1399,754,1013,493,466,474,867,1261,2949,16976,12362,564,0,20,0,0
2021-02-12T23:59:59+01:00,76,175,313,617,471,1262,626,1956,916,1427,601,559,974,1651,1788,3976,56,119,255,456,374,910,497,1390,748,1008,486,459,452,820,913,2257,16805,11200,564,0,19,0,0
2021-02-11T23:59:59+01:00,76,169,309,604,460,1235,620,1932,909,1415,600,559,923,1584,1775,3948,56,113,239,426,361,855,481,1319,731,986,486,458,452,820,911,2256,16631,10950,481,0,6,0,0
2021-02-10T23:59:59+01:00,74,169,306,601,457,1231,617,1916,905,1411,600,559,912,1566,1757,3906,55,99,200,346,308,743,429,1160,651,898,458,453,450,820,911,2255,16531,10236,454,0,2,0,0
2021-02-09T23:59:59+01:00,71,167,301,594,454,1222,616,1901,899,1406,599,558,891,1526,1698,3808,47,82,140,265,234,580,347,955,552,768,427,444,446,819,908,2255,16284,9269,426,0,1,0,0
2021-02-08T23:59:59+01:00,70,165,298,588,451,1215,615,1883,892,1401,599,556,774,1349,1658,3752,42,66,98,174,172,425,284,726,495,652,421,439,443,817,908,2255,15863,8417,402,0,1,0,0
2021-02-07T23:59:59+01:00,67,161,288,566,434,1176,598,1774,859,1335,599,555,661,1196,1622,3694,41,65,95,170,167,419,280,713,490,641,419,439,442,815,908,2254,15491,8358,94,0,0,0,0
2021-02-06T23:59:59+01:00,67,161,287,566,434,1175,596,1774,857,1332,595,553,659,1186,1616,3688,38,62,94,168,164,409,274,704,478,634,413,439,402,761,676,1876,15452,7592,94,0,0,0,0
2021-02-05T23:59:59+01:00,67,161,285,563,434,1173,595,1773,855,1330,593,553,650,1178,1610,3677,36,58,90,164,158,399,268,685,461,626,407,439,390,727,289,1258,15403,6455,94,0,0,0,0
2021-02-04T23:59:59+01:00,65,158,280,557,428,1154,579,1747,852,1316,584,544,561,1051,1568,3631,35,54,84,159,150,386,259,668,444,612,400,433,387,720,287,1252,15048,6330,27,0,0,0,0
2021-02-03T23:59:59+01:00,64,152,276,548,427,1138,577,1732,850,1302,578,532,552,1042,1565,3619,26,39,70,125,113,282,189,523,337,477,299,331,308,563,223,1002,14929,4907,25,0,0,0,0
2021-02-02T23:59:59+01:00,64,150,273,541,427,1118,564,1697,842,1283,564,521,543,992,1556,3578,18,27,45,80,83,190,134,354,215,348,211,211,197,358,159,662,14688,3292,25,0,0,0,0
2021-02-01T23:59:59+01:00,63,148,270,533,425,1101,556,1670,836,1268,553,512,528,963,1549,3536,7,14,22,43,45,97,66,173,97,155,102,97,79,158,68,303,14486,1526,25,0,0,0,0
2021-01-31T23:59:59+01:00,63,147,269,533,421,1097,556,1665,834,1264,553,512,528,963,1549,3535,7,13,20,40,40,81,62,148,82,139,98,97,78,157,66,302,14464,1430,25,0,0,0,0
2021-01-30T23:59:59+01:00,63,147,269,533,421,1097,556,1665,834,1264,553,512,528,963,1549,3535,7,13,20,40,40,81,62,148,82,139,98,96,78,157,66,302,14464,1429,25,0,0,0,0
2021-01-29T23:59:59+01:00,63,147,269,533,421,1097,556,1665,834,1264,553,512,528,963,1549,3535,7,13,20,40,40,81,62,148,82,139,98,96,78,157,66,302,14464,1429,25,0,0,0,0
2021-01-28T23:59:59+01:00,61,138,263,498,408,1034,540,1576,810,1190,542,497,522,946,1547,3520,2,2,5,7,10,15,20,35,21,27,16,19,19,35,17,92,14073,342,19,0,0,0,0
2021-01-27T23:59:59+01:00,59,133,262,486,400,987,529,1511,793,1115,530,485,520,945,1547,3520,2,2,5,7,8,15,20,34,21,27,16,19,19,35,17,92,13805,339,17,0,0,0,0
2021-01-26T23:59:59+01:00,58,127,258,481,391,955,518,1444,768,1049,509,475,519,945,1547,3520,1,2,5,7,8,13,18,31,17,22,15,16,17,33,17,85,13548,307,16,0,0,0,0
2021-01-25T23:59:59+01:00,57,127,256,476,387,949,518,1441,767,1044,509,475,519,943,1547,3518,0,0,0,0,0,0,0,0,0,0,2,1,0,1,0,0,13518,4,15,0,0,0,0
2021-01-24T23:59:59+01:00,57,127,256,476,387,949,518,1440,767,1044,509,475,519,943,1547,3518,0,0,0,0,0,0,0,0,0,0,2,1,0,1,0,0,13517,4,15,0,0,0,0
2021-01-23T23:59:59+01:00,57,126,256,476,386,945,518,1433,766,1042,506,474,500,899,1297,3052,0,0,0,0,0,0,0,0,0,0,2,1,0,1,0,0,12718,4,15,0,0,0,0
2021-01-22T23:59:59+01:00,57,126,255,471,381,937,514,1423,761,1035,500,467,478,850,937,2337,0,0,0,0,0,0,0,0,0,0,2,1,0,1,0,0,11514,4,15,0,0,0,0
2021-01-21T23:59:59+01:00,57,120,236,438,355,870,485,1330,735,1010,498,467,478,850,936,2336,0,0,0,0,0,0,0,0,0,0,1,1,0,1,0,0,11186,3,15,0,0,0,0
2021-01-20T23:59:59+01:00,55,105,204,365,314,774,442,1184,660,924,469,461,476,850,935,2335,0,0,0,0,0,0,0,0,0,0,1,1,0,1,0,0,10538,3,15,0,0,0,0
2021-01-19T23:59:59+01:00,49,88,151,282,243,607,365,998,573,805,439,452,472,849,935,2335,0,0,0,0,0,0,0,0,0,0,1,0,0,1,0,0,9636,2,7,0,0,0,0
2021-01-18T23:59:59+01:00,43,67,99,181,175,439,299,740,504,669,433,447,469,845,933,2335,0,0,0,0,0,0,0,0,0,0,0,0,0,0,0,0,8678,0,0,0,0,0,0
2021-01-17T23:59:59+01:00,41,66,97,176,170,432,296,731,499,656,431,447,469,845,933,2334,0,0,0,0,0,0,0,0,0,0,0,0,0,0,0,0,8623,0,0,0,0,0,0
2021-01-16T23:59:59+01:00,38,63,95,175,165,423,289,723,482,649,425,447,427,792,694,1951,0,0,0,0,0,0,0,0,0,0,0,0,0,0,0,0,7838,0,0,0,0,0,0
2021-01-15T23:59:59+01:00,36,59,92,170,162,415,282,706,468,642,419,447,416,758,299,1324,0,0,0,0,0,0,0,0,0,0,0,0,0,0,0,0,6695,0,0,0,0,0,0
2021-01-14T23:59:59+01:00,36,55,88,168,158,409,276,698,457,634,416,445,416,757,299,1324,0,0,0,0,0,0,0,0,0,0,0,0,0,0,0,0,6636,0,0,0,0,0,0
2021-01-13T23:59:59+01:00,26,40,72,134,120,308,208,559,353,504,317,343,338,595,235,1065,0,0,0,0,0,0,0,0,0,0,0,0,0,0,0,0,5217,0,0,0,0,0,0
2021-01-12T23:59:59+01:00,18,30,51,90,89,222,152,405,236,377,225,222,222,392,170,720,0,0,0,0,0,0,0,0,0,0,0,0,0,0,0,0,3621,0,0,0,0,0,0
2021-01-11T23:59:59+01:00,9,19,29,50,60,139,92,226,125,197,115,106,93,178,78,330,0,0,0,0,0,0,0,0,0,0,0,0,0,0,0,0,1846,0,0,0,0,0,0
2021-01-10T23:59:59+01:00,8,18,24,45,54,110,82,185,105,165,110,104,90,176,75,330,0,0,0,0,0,0,0,0,0,0,0,0,0,0,0,0,1681,0,0,0,0,0,0
2021-01-09T23:59:59+01:00,8,18,24,45,54,110,82,185,105,165,110,103,90,176,75,330,0,0,0,0,0,0,0,0,0,0,0,0,0,0,0,0,1680,0,0,0,0,0,0
2021-01-08T23:59:59+01:00,8,17,23,44,51,102,78,175,99,162,106,100,86,166,73,322,0,0,0,0,0,0,0,0,0,0,0,0,0,0,0,0,1612,0,0,0,0,0,0
2021-01-07T23:59:59+01:00,2,3,5,8,9,15,23,36,21,32,16,19,20,36,19,96,0,0,0,0,0,0,0,0,0,0,0,0,0,0,0,0,360,0,0,0,0,0,0
2021-01-06T23:59:59+01:00,2,2,5,7,7,14,22,35,20,29,16,19,20,36,19,95,0,0,0,0,0,0,0,0,0,0,0,0,0,0,0,0,348,0,0,0,0,0,0
2021-01-05T23:59:59+01:00,2,2,5,7,7,14,22,35,20,29,16,19,20,36,19,95,0,0,0,0,0,0,0,0,0,0,0,0,0,0,0,0,348,0,0,0,0,0,0
2021-01-04T23:59:59+01:00,0,0,0,0,0,0,1,0,0,0,1,1,0,1,0,0,0,0,0,0,0,0,0,0,0,0,0,0,0,0,0,0,4,0,0,0,0,0,0
2021-01-03T23:59:59+01:00,0,0,0,0,0,0,1,0,0,0,1,1,0,1,0,0,0,0,0,0,0,0,0,0,0,0,0,0,0,0,0,0,4,0,0,0,0,0,0
2021-01-02T23:59:59+01:00,0,0,0,0,0,0,1,0,0,0,1,1,0,1,0,0,0,0,0,0,0,0,0,0,0,0,0,0,0,0,0,0,4,0,0,0,0,0,0
2021-01-01T23:59:59+01:00,0,0,0,0,0,0,1,0,0,0,1,1,0,1,0,0,0,0,0,0,0,0,0,0,0,0,0,0,0,0,0,0,4,0,0,0,0,0,0
2020-12-31T23:59:59+01:00,0,0,0,0,0,0,1,0,0,0,1,1,0,1,0,0,0,0,0,0,0,0,0,0,0,0,0,0,0,0,0,0,4,0,0,0,0,0,0
2020-12-30T23:59:59+01:00,0,0,0,0,0,0,1,0,0,0,1,1,0,1,0,0,0,0,0,0,0,0,0,0,0,0,0,0,0,0,0,0,4,0,0,0,0,0,0
2020-12-29T23:59:59+01:00,0,0,0,0,0,0,1,0,0,0,1,0,0,1,0,0,0,0,0,0,0,0,0,0,0,0,0,0,0,0,0,0,3,0,0,0,0,0,0
2020-12-28T23:59:59+01:00,0,0,0,0,0,0,0,0,0,0,1,0,0,0,0,0,0,0,0,0,0,0,0,0,0,0,0,0,0,0,0,0,1,0,0,0,0,0,0
2020-12-27T23:59:59+01:00,0,0,0,0,0,0,0,0,0,0,0,0,0,0,0,0,0,0,0,0,0,0,0,0,0,0,0,0,0,0,0,0,0,0,0,0,0,0,0
