Datum,<15_m,<15_w,15-24_1_m,15-24_1_w,25-34_1_m,25-34_1_w,35-44_1_m,35-44_1_w,45-54_1_m,45-54_1_w,55-64_1_m,55-64_1_w,65-74_1_m,65-74_1_w,75-84_1_m,75-84_1_w,>84_1_m,>84_1_w,<24_2_m,<24_2_w,25-34_2_m,25-34_2_w,35-44_2_m,35-44_2_w,45-54_2_m,45-54_2_w,55-64_2_m,55-64_2_w,65-74_2_m,65-74_2_w,75-84_2_m,75-84_2_w,>84_2_m,>84_2_w,bp_1,bp_2,mo_1,mo_2,az_1,az_2,ja,unb_1,unb_2
2021-09-16T23:59:59+02:00,1659,1435,13776,13059,16786,15695,20125,20442,26839,27968,33475,34499,25498,28367,17285,22145,5113,9686,12140,11493,15532,14362,18954,18956,25365,26172,31976,32848,24700,27448,16817,21414,4954,9256,240862,225574,31766,29639,46532,44795,14575,128,52
2021-09-15T23:59:59+02:00,1643,1427,13719,13009,16732,15635,20082,20393,26786,27920,33423,34443,25471,28335,17270,22117,5106,9663,12078,11434,15477,14314,18904,18908,25307,26125,31920,32792,24669,27416,16802,21395,4950,9245,240454,225149,31745,29624,46527,44793,14331,128,52
2021-09-14T23:59:59+02:00,1627,1416,13657,12945,16665,15584,20023,20347,26737,27863,33376,34396,25451,28318,17258,22105,5102,9658,12016,11372,15412,14258,18851,18864,25260,26073,31863,32739,24637,27391,16787,21374,4950,9230,240067,224736,31692,29535,46527,44793,14125,128,52
2021-09-13T23:59:59+02:00,1605,1400,13619,12908,16639,15559,20004,20322,26715,27838,33357,34372,25441,28311,17253,22094,5102,9655,11974,11337,15380,14237,18827,18834,25237,26044,31837,32717,24628,27381,16774,21365,4947,9229,239787,224427,31691,29533,46522,44791,14077,128,52
2021-09-12T23:59:59+02:00,1595,1397,13597,12886,16616,15542,19995,20312,26706,27821,33352,34360,25437,28306,17252,22090,5102,9652,11941,11318,15351,14219,18805,18813,25222,26031,31823,32703,24620,27372,16771,21361,4946,9226,239636,224207,31691,29533,46520,44790,14054,128,52
2021-09-11T23:59:59+02:00,1584,1396,13581,12874,16601,15533,19986,20309,26694,27815,33348,34356,25433,28305,17251,22089,5100,9652,11874,11267,15335,14210,18799,18802,25210,26020,31815,32690,24618,27370,16770,21360,4946,9226,239570,223884,31671,29531,46520,44790,14028,128,52
2021-09-10T23:59:59+02:00,1546,1350,13439,12746,16530,15458,19881,20224,26610,27750,33286,34301,25393,28274,17235,22066,5094,9647,11756,11162,15250,14128,18692,18718,25115,25963,31742,32632,24576,27339,16753,21340,4941,9221,238981,223334,31657,29520,46520,44790,13553,128,52
2021-09-09T23:59:59+02:00,1525,1329,13367,12679,16476,15408,19829,20189,26557,27684,33244,34260,25365,28255,17230,22053,5089,9638,11696,11090,15200,14078,18639,18690,25058,25923,31696,32596,24554,27324,16740,21330,4937,9209,238609,222967,31582,29481,46520,44790,13347,128,52
2021-09-08T23:59:59+02:00,1510,1312,13336,12653,16460,15384,19810,20176,26541,27672,33231,34249,25353,28247,17224,22047,5086,9635,11651,11048,15173,14060,18627,18673,25040,25898,31676,32586,24541,27309,16738,21324,4937,9207,238385,222691,31582,29481,46516,44789,13324,128,52
2021-09-07T23:59:59+02:00,1481,1295,13278,12607,16422,15352,19788,20148,26504,27651,33197,34219,25329,28229,17218,22031,5081,9629,11593,10984,15123,14007,18591,18642,24994,25854,31624,32559,24513,27285,16730,21307,4932,9204,238156,222388,31499,29367,46516,44789,13169,128,52
2021-09-06T23:59:59+02:00,1466,1287,13249,12573,16399,15328,19769,20128,26488,27636,33186,34210,25326,28216,17215,22027,5078,9629,11572,10952,15102,13975,18569,18626,24978,25834,31602,32544,24502,27272,16729,21300,4929,9204,237939,222159,31499,29356,46516,44788,13137,128,52
2021-09-05T23:59:59+02:00,1456,1280,13234,12554,16384,15311,19760,20121,26482,27629,33176,34197,25323,28214,17213,22023,5078,9629,11551,10936,15077,13958,18559,18617,24972,25828,31593,32525,24499,27262,16726,21295,4927,9203,237818,222014,31499,29356,46516,44787,13112,128,52
2021-09-04T23:59:59+02:00,1456,1280,13233,12553,16384,15311,19758,20121,26481,27629,33176,34197,25323,28214,17213,22022,5078,9629,11551,10934,15075,13958,18554,18617,24971,25826,31593,32523,24498,27262,16726,21295,4927,9203,237816,222003,31499,29355,46516,44787,13108,128,52
2021-09-03T23:59:59+02:00,1429,1264,13137,12452,16329,15262,19724,20082,26441,27603,33140,34180,25305,28204,17209,22011,5076,9628,11414,10809,15013,13889,18486,18571,24899,25779,31533,32487,24466,27234,16713,21279,4924,9199,237334,221212,31498,29349,46516,44787,13009,128,52
2021-09-02T23:59:59+02:00,1414,1258,13073,12410,16287,15231,19690,20058,26407,27570,33115,34160,25292,28191,17204,22007,5076,9624,11339,10768,14967,13857,18450,18553,24866,25758,31495,32458,24447,27213,16707,21274,4924,9197,237111,220949,31436,29308,46513,44778,12888,128,52
2021-09-01T23:59:59+02:00,1391,1242,13036,12370,16267,15210,19671,20044,26388,27552,33093,34135,25282,28181,17198,21998,5073,9620,11298,10733,14945,13828,18430,18533,24845,25735,31470,32428,24433,27198,16700,21268,4922,9195,236817,220619,31431,29306,46512,44777,12872,128,52
2021-08-31T23:59:59+02:00,1360,1220,12982,12310,16224,15173,19637,20002,26343,27503,33054,34101,25266,28160,17192,21986,5069,9617,11225,10663,14897,13768,18376,18502,24795,25682,31412,32385,24402,27183,16692,21255,4919,9188,236518,220192,31368,29275,46512,44760,12682,128,52
2021-08-30T23:59:59+02:00,1336,1206,12945,12273,16199,15152,19616,19984,26319,27486,33032,34085,25255,28150,17192,21982,5067,9615,11148,10629,14870,13748,18354,18478,24766,25666,31385,32358,24390,27168,16686,21248,4916,9185,236274,219897,31368,29275,46512,44749,12620,128,52
2021-08-29T23:59:59+02:00,1332,1200,12932,12256,16187,15143,19606,19974,26315,27478,33025,34071,25250,28143,17190,21981,5067,9615,11131,10592,14858,13731,18339,18464,24753,25657,31377,32346,24379,27157,16684,21242,4916,9185,236169,219720,31368,29275,46512,44745,12596,128,52
2021-08-28T23:59:59+02:00,1325,1188,12900,12234,16173,15132,19594,19960,26308,27469,33016,34065,25248,28138,17189,21978,5067,9614,11056,10520,14824,13698,18293,18437,24717,25624,31334,32315,24362,27144,16675,21226,4916,9182,236011,219196,31367,29275,46512,44745,12588,128,52
2021-08-27T23:59:59+02:00,1306,1173,12836,12178,16126,15085,19536,19913,26253,27420,32974,34035,25230,28126,17185,21964,5067,9611,11019,10487,14786,13673,18277,18422,24682,25600,31306,32294,24349,27133,16672,21222,4916,9181,235588,219043,31367,29274,46512,44744,12431,128,52
2021-08-26T23:59:59+02:00,1287,1157,12765,12121,16080,15042,19493,19873,26198,27363,32924,33988,25200,28097,17178,21955,5064,9608,10950,10438,14740,13631,18232,18393,24638,25562,31262,32255,24327,27117,16665,21213,4916,9177,235220,218734,31307,29260,46512,44737,12233,128,52
2021-08-25T23:59:59+02:00,1269,1141,12741,12078,16060,15017,19472,19858,26171,27347,32889,33960,25182,28078,17171,21948,5063,9605,10901,10395,14709,13602,18198,18362,24617,25543,31229,32217,24314,27100,16658,21203,4914,9174,234911,218362,31307,29259,46505,44733,12204,128,52
2021-08-24T23:59:59+02:00,1242,1123,12680,12007,16007,14975,19427,19818,26125,27302,32844,33927,25162,28054,17159,21937,5062,9600,10821,10321,14666,13560,18152,18326,24566,25494,31187,32180,24290,27073,16643,21188,4913,9173,234604,217945,31183,29220,46505,44733,12035,128,52
2021-08-23T23:59:59+02:00,1229,1110,12642,11968,15981,14956,19406,19782,26104,27268,32815,33905,25148,28041,17155,21928,5062,9597,10767,10270,14637,13521,18114,18292,24539,25465,31151,32148,24277,27054,16636,21185,4911,9172,234302,217546,31182,29220,46505,44731,11984,128,52
2021-08-22T23:59:59+02:00,1221,1103,12627,11946,15965,14940,19399,19763,26092,27257,32804,33890,25137,28035,17153,21925,5059,9597,10737,10241,14616,13505,18093,18281,24526,25448,31136,32135,24268,27044,16634,21180,4910,9171,234137,217329,31182,29219,46505,44730,11965,128,52
2021-08-21T23:59:59+02:00,1134,1031,12552,11889,15953,14928,19390,19752,26082,27246,32794,33874,25132,28030,17150,21922,5059,9597,10713,10211,14600,13501,18086,18270,24517,25442,31128,32129,24265,27043,16633,21180,4910,9171,233767,217209,31176,29218,46505,44730,11943,128,52
2021-08-20T23:59:59+02:00,1114,1015,12491,11820,15895,14878,19329,19714,26028,27213,32744,33847,25117,28019,17141,21917,5058,9595,10659,10173,14560,13466,18045,18243,24482,25423,31099,32112,24256,27036,16627,21177,4910,9170,233273,216925,31176,29217,46505,44730,11857,128,52
2021-08-19T23:59:59+02:00,1088,991,12424,11763,15837,14846,19279,19667,25967,27163,32702,33811,25085,27995,17129,21906,5055,9593,10566,10097,14491,13425,17990,18207,24414,25380,31033,32067,24214,27018,16618,21159,4909,9167,232981,216490,31085,29207,46505,44722,11606,128,52
2021-08-18T23:59:59+02:00,1076,974,12383,11728,15809,14816,19251,19637,25937,27132,32667,33786,25067,27983,17124,21897,5053,9592,10512,10031,14444,13400,17941,18178,24368,25342,30974,32028,24192,27001,16612,21146,4905,9161,232668,216034,31085,29202,46504,44712,11531,128,52
2021-08-17T23:59:59+02:00,1049,949,12331,11686,15780,14774,19218,19607,25909,27110,32631,33748,25048,27964,17114,21880,5052,9587,10419,9949,14393,13353,17887,18122,24315,25302,30913,31983,24165,26977,16600,21125,4903,9153,232368,215432,30958,29140,46504,44709,11483,128,52
2021-08-16T23:59:59+02:00,1037,942,12299,11661,15763,14756,19201,19589,25886,27086,32612,33726,25028,27949,17106,21865,5049,9585,10362,9883,14369,13310,17863,18086,24271,25267,30875,31952,24138,26943,16585,21111,4903,9150,232141,214990,30958,29139,46504,44703,11413,128,52
2021-08-15T23:59:59+02:00,1029,942,12274,11646,15750,14739,19186,19574,25876,27077,32591,33712,25022,27940,17102,21854,5048,9585,10317,9848,14335,13287,17843,18065,24249,25254,30854,31925,24119,26935,16580,21103,4902,9148,231983,214710,30957,29139,46503,44698,11380,128,52
2021-08-14T23:59:59+02:00,1028,942,12273,11642,15750,14737,19183,19572,25876,27077,32591,33711,25022,27940,17102,21854,5048,9585,10149,9628,14228,13197,17768,18018,24202,25223,30814,31892,24104,26922,16577,21100,4900,9147,231974,213705,30957,29138,46503,44697,11375,128,52
2021-08-13T23:59:59+02:00,984,902,12121,11514,15696,14683,19119,19515,25805,27025,32538,33675,24997,27911,17091,21844,5047,9581,10097,9575,14187,13169,17729,17993,24170,25203,30790,31871,24094,26909,16571,21090,4900,9143,231146,213370,30956,29138,46503,44694,11322,125,52
2021-08-12T23:59:59+02:00,969,881,12064,11453,15650,14644,19082,19488,25761,27004,32492,33646,24972,27895,17083,21839,5046,9578,10004,9506,14113,13127,17668,17945,24104,25168,30737,31823,24066,26884,16555,21072,4898,9143,230921,212949,30933,29132,46503,44679,11068,125,52
2021-08-11T23:59:59+02:00,955,870,12031,11419,15630,14621,19051,19469,25740,26985,32467,33618,24954,27873,17079,21831,5045,9576,9930,9444,14059,13088,17620,17900,24062,25147,30696,31773,24036,26852,16539,21059,4897,9138,230633,212375,30932,29128,46502,44651,11025,125,52
2021-08-10T23:59:59+02:00,936,860,11943,11368,15577,14591,19007,19432,25684,26951,32410,33564,24937,27858,17072,21818,5044,9573,9835,9363,14010,13052,17588,17866,24016,25108,30643,31726,24003,26819,16532,21040,4893,9133,230250,211864,30801,29093,46500,44637,10952,125,52
2021-08-09T23:59:59+02:00,934,843,11915,11332,15561,14575,18985,19419,25652,26927,32381,33532,24929,27849,17066,21810,5044,9570,9781,9302,13975,13002,17550,17824,23985,25063,30608,31685,23988,26802,16527,21027,4891,9127,230009,211414,30801,29090,46499,44630,10893,125,52
2021-08-08T23:59:59+02:00,924,836,11878,11307,15539,14561,18965,19398,25627,26907,32359,33515,24921,27834,17059,21806,5043,9570,9705,9247,13930,12974,17523,17794,23952,25028,30576,31653,23975,26783,16519,21013,4890,9124,229816,211017,30801,29089,46499,44629,10810,125,52
2021-08-07T23:59:59+02:00,904,809,11782,11229,15496,14520,18924,19364,25588,26877,32313,33483,24904,27822,17050,21788,5042,9567,9084,8644,13491,12622,17310,17610,23799,24916,30426,31577,23916,26732,16498,20986,4885,9121,229231,207809,30801,29089,46499,44629,10808,125,52
2021-08-06T23:59:59+02:00,894,806,11752,11202,15479,14507,18914,19358,25573,26861,32304,33476,24900,27818,17045,21786,5042,9566,8503,8014,12976,12227,17082,17405,23657,24805,30331,31498,23885,26685,16486,20972,4881,9115,229180,204642,30679,29076,46499,44629,10802,125,52
2021-08-05T23:59:59+02:00,891,799,11711,11171,15440,14479,18873,19327,25527,26825,32258,33429,24860,27796,17042,21775,5042,9560,8444,7949,12932,12176,17032,17363,23593,24765,30255,31443,23838,26644,16472,20954,4879,9106,228955,204217,30678,29071,46499,44620,10550,125,52
2021-08-04T23:59:59+02:00,874,783,11681,11141,15420,14447,18842,19302,25500,26796,32212,33390,24845,27783,17037,21769,5040,9552,8355,7860,12873,12129,16980,17320,23537,24721,30195,31372,23801,26605,16462,20941,4877,9100,228690,203627,30676,29070,46498,44585,10427,125,52
2021-08-03T23:59:59+02:00,858,764,11634,11102,15398,14425,18812,19282,25474,26768,32176,33355,24825,27764,17028,21764,5036,9551,8272,7771,12806,12080,16913,17266,23477,24684,30155,31323,23765,26571,16447,20930,4874,9096,228354,202971,30674,29060,46498,44577,10367,125,52
2021-08-02T23:59:59+02:00,849,761,11599,11071,15377,14392,18785,19261,25444,26743,32144,33328,24811,27745,17020,21755,5035,9549,8176,7678,12726,12020,16855,17202,23420,24612,30105,31266,23747,26548,16426,20920,4872,9091,228076,202266,30673,29059,46498,44569,10298,125,52
2021-08-01T23:59:59+02:00,842,754,11574,11041,15366,14379,18770,19250,25426,26731,32127,33313,24807,27737,17019,21752,5033,9548,8105,7611,12665,11973,16814,17156,23384,24581,30078,31241,23732,26529,16422,20914,4870,9090,227935,201811,30669,29058,46498,44551,10243,125,52
2021-07-31T23:59:59+02:00,839,753,11571,11035,15364,14376,18767,19246,25425,26730,32124,33312,24807,27736,17019,21752,5033,9548,7952,7422,11900,11300,16261,16718,23289,24502,30014,31170,23703,26493,16410,20895,4869,9088,227906,198594,30668,29058,46498,44550,10241,125,52
2021-07-30T23:59:59+02:00,838,752,11557,11026,15361,14373,18761,19241,25418,26725,32114,33307,24806,27734,17019,21749,5033,9548,7667,7182,11354,10854,15783,16291,23152,24395,29905,31057,23666,26448,16394,20873,4869,9083,227838,195512,30667,29057,46496,44537,10237,125,52
2021-07-29T23:59:59+02:00,826,743,11517,10979,15323,14352,18721,19215,25379,26690,32061,33278,24788,27714,17008,21732,5033,9545,7291,6870,10688,10338,15268,15878,22976,24249,29756,30946,23612,26396,16365,20848,4865,9080,227517,192041,30666,29049,46496,44451,10101,125,52
2021-07-28T23:59:59+02:00,807,731,11469,10926,15299,14322,18689,19188,25353,26662,32035,33253,24774,27696,17003,21720,5032,9541,7125,6713,10542,10218,15156,15743,22882,24153,29656,30849,23569,26340,16347,20819,4864,9070,227191,190796,30665,29047,46491,44342,10029,125,52
2021-07-27T23:59:59+02:00,798,722,11424,10888,15259,14282,18649,19162,25324,26636,31998,33231,24758,27671,16997,21709,5031,9533,6904,6500,10384,10101,15012,15607,22778,24045,29548,30736,23518,26276,16331,20792,4862,9058,226877,189645,30665,28719,46490,44307,9916,125,52
2021-07-26T23:59:59+02:00,788,709,11374,10842,15233,14261,18633,19133,25296,26606,31966,33205,24743,27649,16985,21697,5030,9530,6786,6423,10289,10024,14946,15528,22696,23984,29483,30662,23485,26233,16319,20775,4858,9052,226584,188858,30663,28716,46487,44265,9822,125,52
2021-07-25T23:59:59+02:00,777,699,11346,10814,15212,14235,18613,19109,25269,26581,31945,33187,24726,27638,16981,21688,5029,9528,6710,6341,10221,9960,14873,15468,22641,23929,29427,30624,23453,26211,16307,20761,4858,9048,226387,188266,30662,28712,46486,44235,9718,125,52
2021-07-24T23:59:59+02:00,753,677,11266,10730,15172,14208,18590,19087,25249,26566,31932,33174,24726,27634,16978,21686,5029,9528,6310,5981,10078,9846,14498,15187,22416,23772,29310,30540,23417,26173,16290,20744,4855,9044,226004,185905,30661,28711,46486,44233,9710,125,52
2021-07-23T23:59:59+02:00,727,655,11199,10647,15144,14175,18560,19072,25227,26546,31916,33157,24715,27629,16976,21686,5029,9525,5939,5670,9958,9740,14151,14923,22220,23599,29190,30423,23365,26105,16279,20723,4851,9037,225619,183635,30660,28711,46486,44222,9696,125,52
2021-07-22T23:59:59+02:00,686,615,11044,10483,15046,14087,18473,19024,25146,26492,31843,33092,24679,27588,16961,21668,5025,9520,5619,5369,9690,9526,13569,14446,21901,23338,28957,30196,23264,26008,16235,20685,4847,9034,224666,180310,30658,28700,46485,44203,9539,125,52
2021-07-21T23:59:59+02:00,666,590,10979,10429,15011,14060,18433,18986,25106,26463,31804,33042,24654,27554,16944,21656,5022,9515,5001,4902,9250,9275,13192,14216,21667,23183,28770,30047,23199,25932,16210,20662,4845,9031,224235,178545,30650,27431,46482,44035,9423,125,52
2021-07-20T23:59:59+02:00,648,573,10921,10375,14985,14024,18397,18959,25075,26430,31768,33008,24634,27533,16939,21642,5019,9508,4856,4790,9097,9143,13028,14082,21554,23061,28640,29923,23120,25829,16188,20622,4838,9025,223857,177201,30650,27419,46480,43886,9327,125,52
2021-07-19T23:59:59+02:00,635,561,10884,10344,14956,14004,18374,18951,25047,26405,31734,32979,24617,27510,16933,21631,5017,9505,4776,4720,9000,9066,12912,13985,21456,22955,28540,29803,23064,25772,16163,20592,4833,9019,223618,176260,30650,27411,46471,43789,9224,125,52
2021-07-18T23:59:59+02:00,620,552,10830,10292,14920,13983,18349,18933,25027,26388,31711,32960,24607,27499,16927,21622,5016,9500,4668,4617,8865,8945,12785,13845,21370,22864,28467,29724,23036,25743,16154,20579,4830,9018,223338,175248,30650,27397,46471,43736,9153,125,52
2021-07-17T23:59:59+02:00,545,481,10543,9995,14809,13883,18258,18855,24921,26313,31604,32909,24572,27465,16914,21602,5014,9499,4619,4573,8811,8873,12550,13649,20947,22523,28337,29592,22998,25690,16145,20564,4829,9015,221786,173454,30650,27397,46470,43734,9152,125,52
2021-07-16T23:59:59+02:00,516,444,10410,9873,14750,13842,18204,18804,24886,26280,31584,32885,24563,27450,16911,21595,5014,9496,4571,4531,8735,8833,12174,13370,20402,22125,28204,29496,22949,25653,16136,20559,4827,9013,221124,171337,30649,27395,46469,43727,9141,125,52
2021-07-15T23:59:59+02:00,485,406,10271,9768,14684,13793,18147,18737,24832,26232,31534,32832,24538,27413,16893,21579,5007,9492,4358,4390,8410,8626,11656,12969,19297,21282,27788,29151,22780,25484,16071,20486,4817,8997,220394,166641,30648,27381,46468,43530,9009,125,52
2021-07-14T23:59:59+02:00,464,393,10242,9743,14649,13773,18117,18702,24795,26191,31482,32779,24508,27385,16882,21562,5005,9490,4234,4239,8155,8453,11427,12824,19119,21171,27640,29023,22715,25406,16037,20448,4814,8988,220027,165071,30648,27363,46466,43356,8897,125,52
2021-07-13T23:59:59+02:00,440,378,10192,9690,14620,13745,18091,18669,24760,26170,31448,32738,24492,27355,16871,21551,5004,9488,4137,4144,7980,8294,11227,12633,18985,21032,27486,28861,22618,25321,16002,20395,4810,8977,219623,163612,30648,27342,46465,43098,8842,125,52
2021-07-12T23:59:59+02:00,427,357,10146,9640,14594,13726,18060,18639,24724,26128,31414,32693,24467,27332,16856,21546,5001,9485,4030,4045,7811,8173,11067,12498,18870,20910,27363,28740,22543,25259,15975,20369,4809,8972,219249,162446,30647,27320,46465,42907,8749,125,52
2021-07-11T23:59:59+02:00,419,339,10116,9610,14575,13706,18043,18629,24704,26120,31393,32675,24454,27322,16854,21544,5001,9483,3961,3972,7692,8073,10920,12370,18746,20810,27262,28626,22500,25211,15954,20344,4807,8969,219054,161479,30646,27315,46464,42708,8698,125,52
2021-07-10T23:59:59+02:00,393,316,10006,9504,14520,13667,17995,18606,24680,26100,31374,32659,24446,27313,16850,21540,4999,9481,3928,3947,7631,8031,10885,12341,18717,20786,27233,28604,22493,25196,15950,20339,4807,8969,218529,161177,30645,27314,46461,42660,8689,125,52
2021-07-09T23:59:59+02:00,333,269,9744,9295,14415,13585,17919,18536,24594,26047,31325,32598,24423,27282,16837,21522,4999,9475,3860,3907,7498,7940,10667,12195,18492,20648,26818,28282,22309,25002,15895,20278,4804,8962,217304,159033,30645,27310,46460,42531,8664,125,52
2021-07-08T23:59:59+02:00,254,202,9550,9152,14314,13509,17824,18464,24534,25996,31242,32540,24395,27251,16824,21504,4995,9470,3704,3781,7188,7751,10312,11965,18146,20366,26513,28024,22135,24843,15827,20203,4797,8946,216202,156650,30642,27264,46447,41959,8604,125,52
2021-07-07T23:59:59+02:00,215,174,9448,9047,14262,13475,17780,18421,24481,25956,31199,32499,24370,27222,16812,21486,4995,9462,3508,3651,6859,7526,9360,11232,17559,19935,26111,27713,21898,24538,15750,20107,4783,8932,215565,154031,30639,25512,46445,41359,8530,125,52
2021-07-06T23:59:59+02:00,193,162,9370,8988,14212,13446,17744,18379,24439,25917,31138,32451,24333,27194,16797,21469,4993,9460,3393,3576,6659,7404,9089,11069,17314,19754,25834,27455,21741,24335,15669,20003,4770,8917,214999,152098,30622,25502,46442,40854,8497,125,52
2021-07-05T23:59:59+02:00,181,147,9283,8907,14172,13403,17710,18329,24403,25887,31093,32400,24309,27172,16788,21455,4992,9458,3341,3541,6530,7325,8939,10948,17172,19614,25663,27300,21598,24167,15619,19950,4759,8907,214453,151033,30622,25493,46440,40366,8449,125,52
2021-07-04T23:59:59+02:00,166,140,9229,8857,14141,13390,17684,18311,24378,25867,31072,32374,24294,27158,16782,21447,4991,9455,3289,3497,6467,7285,8851,10876,17085,19529,25534,27189,21473,24038,15577,19897,4757,8900,214180,150372,30621,25484,46425,39968,8385,125,52
2021-07-03T23:59:59+02:00,163,137,8717,8358,13983,13270,17583,18193,24283,25809,31007,32325,24273,27136,16770,21435,4989,9452,3229,3417,6347,7166,8679,10734,16868,19345,25146,26879,21358,23901,15547,19857,4753,8894,212343,148319,30621,25484,46425,39912,8369,125,52
2021-07-02T23:59:59+02:00,156,133,8148,7886,13839,13161,17492,18116,24213,25739,30947,32263,24235,27094,16764,21415,4987,9447,3118,3308,6077,7009,8422,10492,16498,19015,24672,26455,21130,23628,15477,19775,4747,8891,210501,145242,30621,25482,46422,39587,8366,125,52
2021-07-01T23:59:59+02:00,143,123,8019,7778,13756,13102,17421,18064,24144,25688,30894,32210,24207,27069,16754,21403,4986,9446,2929,3118,5729,6725,7985,10075,15907,18541,23906,25797,20643,23153,15350,19614,4735,8866,209707,140667,30616,25470,46417,38555,8342,125,52
2021-06-30T23:59:59+02:00,126,110,7873,7661,13687,13053,17368,18011,24093,25635,30835,32164,24175,27047,16740,21385,4986,9441,2833,3039,5575,6581,7759,9853,14948,17670,23290,25246,20285,22758,15217,19453,4721,8832,209143,139129,30442,23194,46413,37430,8267,125,52
2021-06-29T23:59:59+02:00,111,97,7805,7568,13644,13014,17329,17966,24040,25574,30785,32104,24154,27021,16730,21369,4983,9437,2774,2995,5446,6483,7605,9719,14780,17498,23049,25012,20026,22433,15118,19352,4709,8812,208519,138010,30440,23182,46410,36339,8237,125,52
2021-06-28T23:59:59+02:00,106,91,7741,7497,13580,12955,17283,17915,23998,25529,30729,32060,24137,26993,16723,21359,4981,9435,2745,2963,5378,6435,7512,9648,14683,17417,22898,24797,19822,22187,15063,19283,4705,8798,207986,137412,30438,23172,46402,35544,8161,125,52
2021-06-27T23:59:59+02:00,92,86,7692,7433,13550,12919,17254,17882,23979,25494,30702,32032,24125,26985,16716,21353,4981,9433,2722,2948,5327,6410,7441,9603,14587,17353,22803,24710,19694,22045,15032,19232,4701,8789,207631,136901,30438,23161,46396,35170,8118,125,52
2021-06-26T23:59:59+02:00,88,83,7188,6876,13156,12619,17141,17779,23914,25435,30666,31997,24117,26968,16712,21342,4980,9432,2621,2839,5140,6222,7241,9413,14041,16897,22143,24076,19546,21902,14987,19179,4699,8781,205443,133275,30438,23161,46396,35150,8118,98,28
2021-06-25T23:59:59+02:00,87,80,6703,6392,12702,12246,16982,17661,23823,25369,30586,31956,24094,26941,16707,21332,4978,9430,2517,2683,4965,6030,6982,9114,13509,16365,21590,23491,19348,21692,14929,19112,4695,8769,203037,129571,30438,23161,46396,34936,8100,98,28
2021-06-24T23:59:59+02:00,77,68,6479,6175,12477,12095,16876,17577,23751,25316,30528,31908,24060,26899,16701,21322,4976,9423,2308,2444,4594,5652,6481,8623,12786,15650,20438,22487,18883,21210,14824,18981,4683,8754,201760,123617,30436,23149,46389,33984,8025,98,28
2021-06-23T23:59:59+02:00,72,66,5904,5675,12315,11983,16757,17463,23677,25269,30464,31858,24026,26876,16694,21308,4972,9419,2271,2392,4531,5530,6389,8472,12553,15361,20194,22228,18584,20879,14727,18867,4672,8737,201249,122595,29097,23000,46379,32794,7975,98,28
2021-06-22T23:59:59+02:00,68,61,5762,5544,12215,11877,16670,17388,23619,25207,30396,31780,23999,26844,16684,21287,4968,9417,2218,2357,4436,5448,6265,8325,11682,14699,19780,21820,18250,20524,14619,18728,4662,8717,200312,121671,29090,21303,46360,31606,7926,98,28
2021-06-21T23:59:59+02:00,65,58,5626,5430,12141,11784,16609,17302,23564,25133,30346,31722,23974,26816,16671,21272,4968,9413,2185,2321,4378,5351,6178,8197,10899,13994,19328,21410,18024,20297,14559,18633,4653,8700,199490,120874,29086,19516,46355,30828,7865,98,28
2021-06-20T23:59:59+02:00,63,56,5507,5304,11978,11600,16544,17177,23513,25068,30304,31666,23958,26795,16665,21257,4963,9408,2167,2291,4337,5311,6108,8147,10794,13915,19216,21282,17867,20106,14493,18550,4649,8693,198478,120337,29082,19513,46349,30233,7819,98,28
2021-06-19T23:59:59+02:00,59,52,5489,5284,11211,10935,16064,16784,23452,25024,30260,31623,23939,26775,16657,21245,4963,9408,2095,2170,4129,5079,5822,7865,10466,13579,18162,20429,17699,19920,14460,18485,4644,8681,195878,116111,29082,19513,46348,30219,7818,98,28
2021-06-18T23:59:59+02:00,56,51,5454,5257,10567,10352,15449,16220,23361,24954,30191,31560,23912,26745,16646,21230,4962,9406,2026,2082,3985,4934,5544,7595,10084,13215,17010,19220,17496,19682,14411,18421,4641,8671,193034,111697,29076,19512,46348,29967,7817,98,28
2021-06-17T23:59:59+02:00,49,42,5334,5154,9887,9843,14960,15828,23262,24866,30110,31466,23872,26699,16631,21209,4961,9403,1895,1975,3728,4688,5156,7231,9545,12726,15824,18027,17035,19192,14269,18247,4628,8647,190453,106570,29074,19504,46345,29048,7674,30,21
2021-06-16T23:59:59+02:00,47,34,5200,5017,9690,9682,14813,15698,23169,24772,30011,31390,23828,26654,16616,21197,4960,9393,1854,1933,3624,4603,5054,7113,8513,11874,15551,17731,16739,18856,14134,18076,4622,8614,189272,105687,29063,17623,46342,28100,7464,30,21
2021-06-15T23:59:59+02:00,41,27,5012,4830,9508,9527,14678,15556,23077,24681,29934,31304,23785,26581,16589,21164,4952,9378,1791,1875,3546,4508,4960,6999,8397,11732,15373,17502,16419,18545,13992,17907,4599,8556,187949,104925,29060,17619,46323,26878,7262,30,21
2021-06-14T23:59:59+02:00,39,24,4935,4766,9414,9418,14600,15466,23005,24607,29862,31243,23753,26542,16574,21146,4949,9372,1768,1852,3509,4484,4919,6966,8297,11669,15235,17368,16239,18341,13901,17810,4594,8549,187201,104699,29054,17616,46317,26056,7113,30,21
2021-06-13T23:59:59+02:00,38,23,4877,4718,9328,9343,14517,15399,22943,24556,29795,31190,23727,26514,16565,21136,4949,9370,1718,1837,3467,4460,4863,6923,8226,11632,15136,17273,16083,18157,13847,17736,4587,8542,186620,104417,29048,17614,46301,25450,6989,30,21
2021-06-12T23:59:59+02:00,36,22,4858,4703,9300,9320,14279,15222,22813,24427,29750,31145,23707,26497,16556,21128,4948,9368,1593,1714,3229,4249,4458,6620,7678,11200,13358,15584,15730,17784,13767,17634,4585,8527,185714,97706,29048,17614,46301,25386,6987,29,21
2021-06-11T23:59:59+02:00,32,21,4804,4649,9219,9267,13959,14999,22616,24279,29654,31054,23670,26452,16538,21116,4947,9365,1489,1579,3045,4037,4160,6256,7165,10655,11718,13693,15251,17206,13653,17487,4570,8513,184351,90776,29044,17612,46300,25155,6917,29,21
2021-06-10T23:59:59+02:00,26,18,4518,4420,8674,8936,12683,13977,22048,23828,29279,30748,23533,26294,16484,21048,4934,9350,1366,1486,2808,3856,3831,5972,6727,10262,10304,12362,14738,16630,13482,17279,4555,8486,179007,86228,29028,17609,46293,23849,6441,29,21
2021-06-09T23:59:59+02:00,23,14,4283,4255,8081,8643,11780,13315,21727,23613,29049,30594,23470,26231,16465,21024,4931,9346,1278,1432,2652,3785,3688,5892,6520,10169,10041,12182,14414,16279,13312,17098,4548,8465,176895,85894,27750,17506,46287,22455,5883,29,21
2021-06-08T23:59:59+02:00,19,11,4152,4155,7679,8417,11294,13025,21501,23434,28850,30441,23411,26157,16432,20982,4925,9337,1200,1405,2516,3727,3528,5824,5623,9418,9567,11818,14078,15870,13087,16859,4534,8443,175144,85538,27378,15347,46262,21186,5409,29,21
2021-06-07T23:59:59+02:00,15,9,4031,4076,7441,8311,11005,12847,21298,23320,28696,30323,23352,26104,16414,20957,4921,9329,1151,1285,2395,3667,3398,5761,5456,9342,9356,11691,13848,15612,12931,16690,4527,8425,173915,85347,27368,15342,46253,19945,4884,29,21
2021-06-06T23:59:59+02:00,13,9,3913,4017,7203,8189,10755,12686,21111,23231,28610,30232,23322,26070,16402,20939,4918,9325,1130,1268,2330,3631,3302,5709,5349,9267,9238,11589,13691,15458,12859,16596,4524,8418,172764,85153,27351,15338,46243,19293,4558,29,21
2021-06-05T23:59:59+02:00,13,9,3884,3980,7163,8149,10578,12531,20483,22722,28448,30086,23272,26025,16388,20920,4918,9321,1097,1167,2164,3178,3070,5169,5179,8934,8457,10636,13039,14618,12746,16449,4513,8408,170721,79761,27351,15338,46242,19159,4548,28,21
2021-06-04T23:59:59+02:00,13,9,3854,3953,7127,8124,10481,12439,20121,22394,28344,29989,23237,25986,16374,20910,4916,9320,1065,1100,2066,2868,2910,4692,5022,8564,7943,9978,11540,12901,12621,16252,4506,8390,169442,73384,27338,15337,46241,19137,4542,28,21
2021-06-03T23:59:59+02:00,8,6,3719,3850,6906,7986,9925,12016,18894,21464,27943,29679,23104,25844,16321,20848,4912,9306,1012,1056,1977,2756,2773,4535,4817,8259,7580,9527,11162,12500,12512,16138,4503,8377,164681,71597,27328,15334,46237,18078,4457,28,21
2021-06-02T23:59:59+02:00,8,6,3712,3842,6894,7969,9914,12005,18705,21283,27872,29630,23081,25822,16315,20839,4909,9304,1008,1049,1965,2726,2752,4516,4606,8075,7044,9039,11125,12459,12497,16123,4499,8371,164613,71489,26783,13841,46236,18056,4450,28,21
2021-06-01T23:59:59+02:00,7,5,3585,3766,6657,7821,9626,11812,18250,20936,27635,29435,22987,25720,16274,20786,4906,9292,971,1001,1880,2656,2672,4444,4327,7841,6446,8506,10911,12246,12399,16022,4494,8359,162924,71048,26003,12547,46222,17239,4323,28,21
2021-05-31T23:59:59+02:00,7,5,3538,3721,6568,7753,9490,11712,18124,20845,27544,29358,22920,25659,16257,20758,4901,9285,941,977,1813,2616,2592,4401,4220,7777,6326,8431,10723,12077,12298,15905,4484,8351,162082,70684,25972,12542,46209,16534,4154,28,21
2021-05-30T23:59:59+02:00,7,4,3507,3697,6504,7698,9400,11621,18036,20765,27467,29287,22875,25614,16235,20731,4895,9275,935,970,1802,2606,2579,4389,4191,7752,6273,8389,10661,11997,12264,15862,4479,8342,161381,70640,25967,12539,46192,16244,4050,28,21
2021-05-29T23:59:59+02:00,7,4,3496,3678,6468,7671,9356,11584,17998,20725,27322,29181,22821,25540,16220,20711,4892,9271,899,951,1745,2560,2506,4304,4001,7497,6000,8090,8461,9336,12071,15520,4464,8313,160722,64391,25967,12537,46178,15721,4050,28,21
2021-05-28T23:59:59+02:00,7,4,3433,3623,6337,7594,9216,11453,17841,20594,27139,29058,22756,25463,16199,20693,4891,9270,886,937,1726,2540,2470,4250,3849,7200,5806,7827,5758,6221,11794,15123,4448,8264,159364,57509,25965,12537,46173,14993,4041,28,21
2021-05-27T23:59:59+02:00,7,4,3286,3493,6052,7414,8614,11120,17365,20256,26725,28710,22589,25297,16141,20630,4884,9252,836,879,1644,2445,2353,4116,3426,6226,5382,7227,5597,6047,11715,15050,4442,8247,155889,57028,25906,12490,46163,12242,3853,28,21
2021-05-26T23:59:59+02:00,7,4,3179,3410,5833,7248,8242,10834,16899,19950,26424,28474,22440,25164,16090,20556,4871,9232,819,871,1592,2420,2300,4086,3353,6152,5285,7155,5461,5920,11650,14984,4437,8235,153185,56954,25890,12488,46141,11646,3613,28,21
2021-05-25T23:59:59+02:00,7,4,3088,3347,5691,7134,8045,10672,15897,19172,26070,28120,22281,25006,16038,20476,4864,9222,800,853,1556,2376,2229,4027,3278,6082,5200,7091,5294,5750,11542,14904,4429,8224,151629,56887,23964,12300,46125,11039,3390,26,21
2021-05-24T23:59:59+02:00,7,4,3025,3329,5603,7090,7927,10610,14979,18483,25655,27808,22186,24902,16007,20440,4857,9210,791,851,1534,2359,2185,3991,3231,6033,5123,7011,5193,5642,11462,14828,4428,8218,150904,56849,21892,12224,46115,10603,3185,26,21
2021-05-23T23:59:59+02:00,7,4,3022,3325,5594,7083,7918,10602,14974,18482,25654,27807,22186,24902,16007,20440,4857,9210,789,848,1526,2352,2173,3978,3212,6018,5102,6978,5148,5590,11445,14804,4427,8216,150876,56841,21892,12224,46113,10355,3167,26,21
2021-05-22T23:59:59+02:00,6,4,2985,3283,5521,7037,7817,10515,14775,18321,25374,27564,22086,24816,15974,20397,4854,9206,767,829,1482,2300,2122,3899,3099,5896,4787,6409,4578,4847,10799,13982,4417,8177,149337,53594,21892,12224,46113,9386,3167,26,21
2021-05-21T23:59:59+02:00,4,4,2913,3208,5394,6940,7690,10369,14516,18091,25080,27329,21973,24708,15941,20349,4849,9197,736,775,1414,2172,2020,3632,2915,5563,4305,5509,4164,4308,10056,13040,4352,8051,147395,49848,21891,12224,46107,7784,3137,25,21
2021-05-20T23:59:59+02:00,4,4,2781,3045,5115,6685,7404,10001,14054,17608,24468,26779,21702,24410,15847,20229,4835,9167,722,764,1387,2147,1981,3599,2860,5507,4222,5431,4036,4205,9979,12977,4343,8039,143244,49755,21882,12212,46082,7307,2905,25,21
2021-05-19T23:59:59+02:00,4,4,2729,2993,5018,6545,7261,9819,12907,16572,24205,26491,21605,24280,15802,20168,4827,9160,703,738,1362,2099,1949,3514,2797,5360,4127,5323,3954,4114,9926,12912,4340,8035,141871,49726,19811,12147,46011,6688,2672,25,21
2021-05-18T23:59:59+02:00,4,4,2705,2970,4971,6513,7210,9788,12553,16296,24025,26338,21512,24191,15772,20115,4819,9148,674,680,1307,1970,1876,3312,2699,5152,3998,5123,3729,3837,9844,12832,4330,8025,141595,49705,18956,11148,45967,6124,2391,25,21
2021-05-17T23:59:59+02:00,4,4,2679,2949,4928,6443,7122,9680,12400,16118,23876,26177,21458,24140,15753,20092,4814,9140,666,666,1291,1934,1855,3263,2651,5043,3919,5009,3589,3685,9776,12769,4327,8016,140624,49682,18948,11138,45950,5389,2230,25,21
2021-05-16T23:59:59+02:00,4,4,2667,2935,4905,6376,7084,9597,12340,16044,23824,26114,21434,24123,15743,20078,4811,9137,661,660,1281,1931,1838,3254,2629,5031,3890,4986,3535,3618,9737,12737,4326,8014,140185,49669,18940,11127,45928,5170,2142,25,21
2021-05-15T23:59:59+02:00,4,4,2542,2798,4718,6170,6893,9410,11822,15626,23235,25564,21327,24005,15709,20035,4808,9129,611,597,1198,1844,1701,3100,2341,4723,3442,4474,3203,3190,9574,12532,4302,7985,136795,46709,18939,11127,45923,4844,2117,25,21
2021-05-14T23:59:59+02:00,4,4,2426,2621,4523,5945,6615,9097,11285,15113,22668,24996,21180,23864,15673,19977,4804,9118,548,519,1095,1724,1540,2884,2009,4320,2842,3884,2818,2752,9490,12385,4298,7981,132969,43778,18932,11125,45899,4078,2088,25,21
2021-05-13T23:59:59+02:00,4,4,2244,2334,4201,5562,6188,8623,10725,14424,21636,24082,20897,23590,15613,19878,4797,9103,544,519,1082,1708,1525,2866,1999,4295,2821,3859,2802,2735,9483,12381,4297,7981,127062,43709,18878,11117,45873,3984,2067,25,21
2021-05-12T23:59:59+02:00,4,4,2243,2331,4193,5561,6179,8617,10623,14303,21582,24043,20892,23579,15608,19870,4796,9103,536,497,1046,1653,1476,2787,1916,4208,2762,3800,2721,2640,9432,12308,4297,7981,127017,43706,18552,10289,45873,3981,2064,25,21
2021-05-11T23:59:59+02:00,4,4,2122,2292,4109,5496,6054,8502,10317,14052,21390,23881,20816,23507,15593,19837,4792,9098,511,473,985,1593,1407,2696,1816,4070,2689,3725,2568,2412,9368,12207,4296,7980,126073,43687,18215,9455,45590,3671,1963,25,21
2021-05-10T23:59:59+02:00,4,4,2080,2215,4002,5371,5918,8323,9526,13288,21010,23558,20725,23417,15554,19783,4782,9085,499,445,949,1529,1342,2607,1726,3908,2605,3630,2540,2389,9358,12189,4292,7975,124931,43665,16365,9275,45487,3186,1837,25,21
2021-05-09T23:59:59+02:00,4,4,2048,2200,3968,5331,5865,8275,9459,13219,20940,23485,20692,23376,15540,19756,4779,9071,492,436,928,1486,1316,2558,1692,3846,2567,3587,2531,2377,9348,12172,4292,7967,124488,43606,16361,9272,45391,2950,1747,25,21
2021-05-08T23:59:59+02:00,4,4,1985,2096,3784,5156,5590,8068,9148,12933,19804,22555,20496,23182,15507,19687,4774,9059,419,406,863,1446,1240,2485,1604,3744,2348,3374,1985,1946,9254,12087,4291,7967,120330,42130,16360,9271,45388,2308,1746,8,5
2021-05-07T23:59:59+02:00,4,4,1897,1984,3599,4985,5268,7772,8738,12562,18553,21281,20313,22969,15461,19629,4765,9040,326,347,754,1371,1107,2354,1470,3601,2173,3181,1617,1610,8765,11639,4290,7965,115382,40399,16358,9265,45364,1190,1712,8,5
2021-05-06T23:59:59+02:00,4,4,1713,1875,3312,4733,4817,7367,8096,11998,17311,20037,19979,22591,15354,19465,4755,9029,309,338,732,1342,1067,2308,1421,3517,2106,3113,1581,1555,8748,11608,4284,7962,109522,40379,16351,9259,45129,919,1430,8,5
2021-05-05T23:59:59+02:00,4,3,1643,1845,3230,4646,4740,7262,7964,11847,17155,19891,19859,22472,15278,19369,4733,8933,298,326,690,1290,1006,2233,1337,3367,1997,2996,1488,1455,8331,11040,4278,7944,108762,40341,16208,8131,44958,662,938,8,5
2021-05-04T23:59:59+02:00,4,3,1616,1816,3188,4572,4681,7152,7712,11553,16596,19311,19772,22342,15203,19272,4705,8823,282,313,667,1261,985,2179,1278,3247,1884,2839,1416,1349,8260,10937,4274,7926,108075,40316,14860,7855,44855,399,523,8,5
2021-05-03T23:59:59+02:00,4,3,1608,1812,3180,4558,4643,7130,7459,11321,15903,18716,19708,22257,15177,19238,4699,8813,267,292,645,1179,936,2091,1215,3108,1786,2702,1350,1269,8235,10902,4270,7917,107994,40306,13262,7648,44815,56,150,8,5
2021-05-02T23:59:59+02:00,4,3,1607,1810,3175,4556,4638,7127,7446,11311,15884,18704,19692,22249,15177,19236,4698,8813,267,289,642,1178,931,2088,1205,3102,1778,2695,1336,1262,8234,10897,4269,7917,107968,40283,13259,7646,44791,53,104,8,5
2021-05-01T23:59:59+02:00,4,3,1473,1668,2895,4306,4170,6767,6828,10828,13944,16823,19311,21851,15086,19120,4695,8797,265,289,639,1176,930,2085,1203,3100,1776,2691,1331,1258,8232,10895,4269,7917,100416,40252,13259,7646,44786,53,101,7,5
2021-04-30T23:59:59+02:00,3,3,1350,1518,2679,4083,3840,6371,6260,10232,12153,14783,18853,21311,14982,18978,4681,8787,260,288,632,1169,915,2077,1191,3090,1765,2678,1321,1249,8228,10890,4268,7916,92786,40207,13259,7646,44786,50,30,6,5
2021-04-29T23:59:59+02:00,2,3,1234,1453,2511,3957,3599,6167,5903,9929,10811,13506,18594,21033,14939,18908,4677,8781,259,284,627,1162,903,2071,1171,3085,1735,2642,1295,1225,8222,10881,4268,7916,88093,40175,13250,7513,44645,41,13,6,5
2021-04-28T23:59:59+02:00,2,3,1175,1447,2461,3938,3548,6143,5841,9896,10714,13438,18564,20999,14932,18892,4677,8778,259,283,625,1161,900,2069,1166,3081,1727,2641,1289,1207,7780,10360,4268,7916,87823,40154,13200,6526,44407,37,12,6,4
2021-04-27T23:59:59+02:00,2,3,1127,1420,2359,3894,3483,6116,5722,9841,10597,13362,18531,20960,14919,18877,4676,8776,258,283,623,1154,899,2067,1161,3078,1723,2637,1277,1190,7363,9778,4268,7916,87314,40134,13147,5495,44187,32,11,6,4
2021-04-26T23:59:59+02:00,2,3,1085,1391,2269,3802,3356,6016,5555,9721,10294,13103,18469,20906,14910,18859,4674,8776,257,282,622,1152,893,2064,1154,3075,1705,2627,1262,1177,7354,9758,4268,7916,85977,40047,13137,5474,44060,31,11,6,4
2021-04-25T23:59:59+02:00,2,3,1082,1389,2261,3800,3349,6012,5535,9714,10259,13073,18459,20894,14909,18853,4674,8775,256,282,622,1152,893,2064,1152,3075,1705,2627,1262,1177,7354,9756,4268,7916,85955,40045,13128,5472,43944,31,10,6,4
2021-04-24T23:59:59+02:00,2,2,1039,1272,2073,3262,3079,5395,5341,9301,9427,12027,17753,19998,14795,18694,4666,8764,254,281,621,1150,893,2063,1152,3074,1699,2622,1259,1172,7352,9754,4268,7915,79828,40018,13128,5468,43919,31,9,6,4
2021-04-23T23:59:59+02:00,1,2,1007,1188,1960,2915,2896,4844,5146,8872,8873,11305,16123,18140,14649,18488,4658,8741,254,281,620,1150,891,2061,1151,3074,1698,2621,1254,1167,7348,9752,4268,7914,72807,40004,13127,5457,43859,31,9,6,4
2021-04-22T23:59:59+02:00,1,2,1002,1177,1940,2899,2876,4825,5089,8826,8761,11202,16052,18063,14623,18458,4656,8736,252,281,616,1149,888,2060,1143,3062,1683,2601,1230,1146,7343,9744,4268,7914,72759,39991,13071,5347,43343,30,9,6,4
2021-04-21T23:59:59+02:00,1,2,993,1169,1928,2886,2849,4799,5043,8770,8654,11079,15966,17979,14594,18424,4656,8731,247,278,606,1140,874,2030,1133,3037,1672,2576,1217,1133,7119,9426,4267,7914,72719,39984,13015,4644,42774,29,9,6,4
2021-04-20T23:59:59+02:00,1,2,966,1120,1876,2771,2776,4638,4950,8591,8480,10870,15735,17697,14535,18365,4649,8725,234,275,588,1119,848,2000,1104,3011,1637,2534,1197,1120,7111,9421,4266,7913,72682,39963,11886,4379,42164,25,9,6,3
2021-04-19T23:59:59+02:00,1,2,957,1111,1844,2751,2726,4613,4826,8530,8280,10759,15643,17599,14513,18346,4649,8719,227,267,570,1096,830,1968,1086,2968,1591,2479,1179,1101,7103,9418,4264,7912,72282,39928,11865,4098,41707,22,9,6,3
2021-04-18T23:59:59+02:00,1,2,954,1110,1839,2745,2718,4601,4808,8518,8240,10717,15594,17541,14503,18329,4648,8717,227,267,570,1095,829,1968,1085,2968,1591,2478,1179,1100,7101,9417,4263,7912,72236,39921,11862,4096,41472,22,9,6,3
2021-04-17T23:59:59+02:00,0,2,921,1096,1790,2707,2650,4521,4654,8377,7978,10488,13225,14638,14306,17976,4631,8681,225,267,570,1092,825,1962,1073,2961,1581,2458,1142,1058,6769,9002,4238,7864,65414,38969,11862,4085,41350,22,9,6,3
2021-04-16T23:59:59+02:00,0,2,915,1090,1778,2696,2608,4482,4562,8293,7797,10295,10387,11384,14033,17559,4612,8625,223,262,569,1089,820,1958,1063,2958,1573,2445,1131,1044,6763,8997,4235,7861,58133,38890,11860,4069,41110,22,9,6,2
2021-04-15T23:59:59+02:00,0,2,901,1085,1756,2682,2565,4449,4446,8232,7566,10094,10137,11164,13971,17493,4606,8611,221,261,569,1087,819,1956,1060,2955,1570,2442,1126,1040,6761,8995,4235,7861,58109,38876,11858,4051,39778,21,9,6,2
2021-04-14T23:59:59+02:00,0,2,882,1058,1698,2599,2476,4326,4255,8049,7292,9811,9762,10681,13822,17314,4600,8602,196,236,528,1036,796,1889,1025,2875,1520,2381,1100,1011,6757,8986,4235,7860,58076,38860,10910,3542,38228,19,9,6,2
2021-04-13T23:59:59+02:00,0,2,857,1036,1660,2547,2408,4243,4154,7911,7082,9593,9356,10161,13678,17147,4595,8590,160,212,493,987,756,1796,991,2765,1468,2311,1081,976,6741,8975,4234,7860,58031,38796,9963,2987,37011,13,9,6,2
2021-04-12T23:59:59+02:00,0,2,853,1034,1641,2544,2378,4230,4101,7860,6941,9421,9091,9847,13614,17088,4584,8574,149,198,465,947,733,1731,969,2693,1424,2261,1059,958,6725,8955,4231,7855,57973,38679,9933,2651,35882,13,9,6,2
2021-04-11T23:59:59+02:00,0,2,852,1033,1630,2544,2365,4228,4078,7848,6876,9359,8957,9682,13587,17040,4579,8565,149,198,465,945,733,1730,967,2693,1423,2261,1059,958,6723,8955,4231,7855,57961,38673,9931,2650,35318,12,9,6,2
2021-04-10T23:59:59+02:00,0,2,836,1028,1602,2515,2328,4199,4007,7790,6744,9242,8401,8947,12923,16187,4568,8523,146,198,463,942,727,1727,967,2686,1414,2254,1046,942,6253,8456,4216,7839,54627,37606,9930,2648,35270,12,9,6,2
2021-04-09T23:59:59+02:00,0,2,814,999,1562,2467,2261,4119,3854,7631,6397,8910,7878,8289,12107,15160,4498,8386,144,197,461,937,721,1720,959,2676,1399,2243,1024,921,6011,8186,4199,7812,50653,36944,9922,2644,34744,12,9,6,2
2021-04-08T23:59:59+02:00,0,2,805,989,1535,2443,2195,4069,3719,7544,6143,8610,7262,7632,11947,14960,4487,8369,144,194,456,934,716,1713,951,2666,1392,2230,1012,919,6008,8184,4198,7812,50620,36924,9898,2583,32178,12,9,6,2
2021-04-07T23:59:59+02:00,0,2,799,980,1509,2425,2137,4031,3632,7474,5911,8343,6709,6999,11340,14211,4475,8342,125,187,425,887,670,1644,895,2596,1342,2161,991,903,6000,8178,4197,7812,50593,36900,8740,2092,29972,12,8,6,2
2021-04-06T23:59:59+02:00,0,2,794,978,1495,2417,2108,4009,3559,7425,5730,8170,6263,6489,11139,13995,4460,8314,101,166,376,825,625,1569,851,2496,1290,2097,966,887,5982,8165,4195,7808,50523,36873,8556,1506,28255,12,7,6,2
2021-04-05T23:59:59+02:00,0,2,789,974,1479,2409,2084,4000,3508,7399,5587,8060,6060,6274,11072,13909,4454,8304,95,164,375,823,618,1560,843,2481,1277,2078,938,856,4889,6764,4116,7702,50325,34063,8552,1496,27474,12,7,6,2
2021-04-04T23:59:59+02:00,0,2,787,968,1477,2407,2080,3998,3491,7392,5577,8053,6049,6254,11058,13891,4452,8301,95,164,373,821,615,1555,836,2474,1262,2058,915,834,3887,5602,4050,7596,50310,31621,8550,1496,27364,12,7,6,2
2021-04-03T23:59:59+02:00,0,2,735,913,1395,2337,1957,3859,3229,7132,5116,7559,5706,5799,10886,13674,4426,8272,93,164,373,820,615,1553,835,2474,1262,2058,915,834,3887,5599,4050,7595,47072,31611,8550,1496,27362,12,7,6,2
2021-04-02T23:59:59+02:00,0,2,692,878,1340,2269,1859,3745,2973,6870,4601,7080,5316,5339,10789,13510,4421,8266,92,164,373,820,615,1553,833,2474,1260,2056,913,830,3884,5596,4049,7595,44145,31593,8549,1495,27244,12,6,6,2
2021-04-01T23:59:59+02:00,0,2,689,876,1329,2263,1839,3737,2944,6856,4527,7007,5207,5230,10750,13461,4420,8262,92,164,371,816,613,1550,833,2471,1256,2052,903,829,3880,5594,4048,7594,44128,31584,8405,1463,26854,12,6,6,2
2021-03-31T23:59:59+02:00,0,2,687,874,1322,2247,1831,3727,2916,6828,4464,6961,5068,5069,10241,12854,4416,8254,92,164,370,816,613,1550,833,2471,1254,2052,902,829,3880,5593,4048,7593,44116,31578,7278,1463,26356,12,6,5,2
2021-03-30T23:59:59+02:00,0,2,678,871,1304,2227,1801,3698,2878,6793,4378,6871,4901,4875,9716,12155,4409,8239,87,161,369,812,608,1547,828,2465,1246,2050,891,819,3872,5590,4047,7592,44089,31557,6093,1410,25603,10,6,5,2
2021-03-29T23:59:59+02:00,0,2,673,863,1291,2192,1784,3667,2847,6751,4306,6786,4702,4676,9630,12061,4406,8225,87,161,369,810,603,1543,826,2459,1242,2042,883,813,3864,5583,4047,7592,44019,31544,5876,1364,24956,9,6,5,2
2021-03-28T23:59:59+02:00,0,2,670,861,1288,2189,1769,3657,2832,6739,4272,6733,4606,4566,9593,11996,4401,8218,87,161,369,809,603,1543,824,2459,1240,2042,882,813,3863,5583,4047,7592,43997,31542,5867,1359,24517,9,6,5,2
2021-03-27T23:59:59+01:00,0,2,666,856,1279,2184,1753,3641,2804,6709,4109,6590,4028,4110,9364,11749,4388,8199,87,161,367,807,601,1541,822,2456,1232,2036,878,809,3685,5293,3946,7423,42050,30769,5863,1359,24507,9,6,5,2
2021-03-26T23:59:59+01:00,0,2,660,847,1271,2174,1731,3624,2778,6687,4033,6512,3623,3745,8767,11191,4375,8185,87,161,366,806,600,1538,818,2453,1223,2032,865,796,2968,4353,3737,7080,40116,28508,5850,1359,24229,9,6,4,2
2021-03-25T23:59:59+01:00,0,2,653,842,1258,2160,1712,3600,2719,6647,3950,6433,3448,3527,8657,11080,4370,8179,87,161,366,806,600,1538,818,2452,1222,2032,865,796,2967,4352,3736,7079,40103,28502,5743,1359,23381,9,6,4,2
2021-03-24T23:59:59+01:00,0,2,647,835,1225,2134,1667,3555,2641,6578,3793,6283,3130,3165,8250,10530,4361,8167,83,159,354,793,583,1520,785,2418,1172,1999,832,759,2958,4346,3736,7076,40081,28200,4986,1358,21886,8,6,4,2
2021-03-23T23:59:59+01:00,0,2,634,827,1200,2102,1625,3508,2559,6497,3644,6126,2748,2780,8033,10311,4354,8150,78,155,342,771,548,1489,724,2355,1070,1918,749,699,2922,4312,3732,7072,40037,27570,4696,1351,20358,8,6,3,2
2021-03-22T23:59:59+01:00,0,2,610,714,1164,2047,1592,3453,2506,6427,3504,5994,2506,2542,7703,9956,4338,8114,78,154,342,771,548,1487,722,2353,1067,1918,747,695,2918,4307,3731,7069,39569,27541,4371,1351,19223,8,6,3,2
2021-03-21T23:59:59+01:00,0,2,609,711,1158,2039,1581,3443,2489,6412,3466,5960,2364,2378,7610,9843,4330,8100,78,154,342,770,548,1487,722,2353,1067,1918,747,695,2918,4306,3731,7069,39565,27539,4357,1351,18564,8,6,3,2
2021-03-20T23:59:59+01:00,0,2,608,711,1156,2033,1574,3436,2483,6405,3449,5938,2332,2340,7120,9324,4314,8084,78,154,342,770,547,1487,720,2352,1067,1917,747,695,2918,4304,3729,7067,38525,27528,4345,1351,18430,8,6,3,2
2021-03-19T23:59:59+01:00,0,2,601,704,1142,2017,1539,3412,2413,6265,3386,5830,2150,2157,6811,9005,4295,8059,78,154,341,764,543,1484,715,2344,1056,1904,738,688,2495,3702,3315,6321,37920,25282,4329,1351,17530,2,6,3,2
2021-03-18T23:59:59+01:00,0,2,586,688,1121,1986,1512,3382,2373,6197,3313,5741,1998,1961,6692,8886,4289,8048,77,154,341,762,542,1484,714,2340,1053,1903,731,684,2445,3630,3288,6279,37900,25090,4318,1328,16548,2,6,3,2
2021-03-17T23:59:59+01:00,0,1,556,659,1076,1930,1475,3298,2296,6080,3161,5586,1741,1695,6526,8733,4279,8033,76,150,329,735,526,1440,692,2282,1015,1862,714,665,2205,3335,3207,6155,37828,24123,3792,1256,15496,2,6,3,2
2021-03-16T23:59:59+01:00,0,1,512,630,1036,1874,1423,3194,2230,5926,3045,5452,1544,1473,6392,8586,4269,8012,70,136,308,679,496,1363,663,2147,986,1731,665,615,2094,3201,3184,6071,37773,23376,3173,1025,14645,2,5,3,2
2021-03-15T23:59:59+01:00,0,1,500,619,1005,1828,1389,3126,2198,5841,2957,5368,1419,1338,5813,7899,4230,7948,67,129,293,621,481,1243,625,2017,946,1618,637,595,2057,3162,3171,6012,36539,22980,2817,691,14120,2,0,3,2
2021-03-14T23:59:59+01:00,0,1,495,613,995,1816,1386,3109,2182,5823,2923,5341,1376,1288,5421,7452,4207,7930,66,124,289,598,475,1216,619,1961,936,1593,637,595,2057,3162,3170,6010,35724,22974,2812,531,13819,2,0,3,2
2021-03-13T23:59:59+01:00,0,1,474,595,958,1769,1333,3045,1926,5234,2683,4927,1271,1175,4772,6604,4158,7855,66,124,288,595,473,1214,617,1959,935,1589,635,590,1696,2682,2646,5256,34055,20831,2808,531,11914,2,0,3,2
2021-03-12T23:59:59+01:00,0,1,458,573,938,1728,1303,2964,1722,4443,2476,4475,1201,1092,4076,5803,4111,7773,66,122,287,591,473,1211,615,1951,930,1583,632,583,1375,2142,2112,4462,32380,18602,2805,531,9949,1,0,3,2
2021-03-11T23:59:59+01:00,0,1,454,566,930,1716,1288,2947,1697,4408,2440,4439,1127,1037,4034,5767,4108,7769,66,114,281,569,459,1159,606,1902,911,1547,620,570,1369,2125,2103,4413,32347,18353,2710,459,9668,1,0,3,2
2021-03-10T23:59:59+01:00,0,1,433,555,883,1658,1234,2870,1624,4311,2374,4346,1093,1014,4018,5752,4107,7767,66,114,279,565,456,1152,601,1879,911,1542,614,562,1308,2039,2060,4357,32332,18069,2143,434,9562,1,0,3,2
2021-03-09T23:59:59+01:00,0,1,411,539,835,1608,1193,2807,1582,4228,2331,4293,1072,1003,4012,5745,4106,7765,64,113,278,564,455,1141,599,1867,905,1537,612,556,1103,1730,1945,4185,32285,17245,1693,407,9550,1,0,3,2
2021-03-08T23:59:59+01:00,0,1,404,528,825,1594,1184,2791,1574,4203,2320,4280,1059,992,3975,5698,4104,7760,63,113,274,559,451,1135,598,1863,901,1535,612,556,1034,1639,1900,4142,32157,16990,1597,383,9535,1,0,3,2
2021-03-07T23:59:59+01:00,0,1,403,525,825,1593,1182,2789,1570,4197,2310,4275,1053,984,3969,5692,4103,7759,60,110,265,537,439,1109,583,1763,866,1460,611,556,930,1510,1849,4074,32141,16631,1558,90,9528,0,0,3,2
2021-03-06T23:59:59+01:00,0,1,395,509,806,1560,1159,2731,1528,4130,2117,3778,1024,947,3796,5421,4006,7598,60,110,265,537,439,1108,583,1763,866,1460,611,556,927,1509,1846,4073,31434,16622,1558,90,8511,0,0,3,2
2021-03-05T23:59:59+01:00,0,1,380,468,773,1456,1109,2514,1453,3917,1903,3107,993,902,3050,4460,3802,7259,60,109,264,534,436,1102,582,1758,862,1457,608,554,888,1450,1823,4035,29135,16431,1557,90,6852,0,0,3,2
2021-03-04T23:59:59+01:00,0,1,365,460,766,1436,1096,2491,1434,3888,1880,3088,980,898,3046,4456,3798,7257,60,108,261,531,432,1086,572,1736,861,1449,606,552,851,1396,1800,3999,29121,16272,1519,27,6697,0,0,3,2
2021-03-03T23:59:59+01:00,0,1,354,428,747,1385,1065,2408,1383,3734,1801,2990,947,854,3036,4450,3798,7254,59,107,258,529,431,1082,570,1727,858,1445,606,551,831,1343,1715,3853,28805,15939,1519,25,6308,0,0,3,2
2021-03-02T23:59:59+01:00,0,1,348,419,731,1361,1017,2363,1314,3650,1684,2893,859,788,2994,4413,3792,7248,59,107,257,525,430,1074,570,1721,858,1441,605,551,831,1343,1715,3853,28165,15914,1456,25,6251,0,0,3,2
2021-03-01T23:59:59+01:00,0,1,344,405,724,1314,1004,2305,1294,3567,1658,2844,841,779,2986,4403,3792,7248,59,106,256,521,425,1060,566,1708,849,1433,604,549,735,1191,1661,3773,28125,15470,1407,25,5974,0,0,3,2
2021-02-28T23:59:59+01:00,0,1,339,392,716,1275,991,2227,1282,3480,1635,2765,837,769,2984,4399,3791,7246,59,106,256,521,425,1059,566,1708,846,1433,604,548,638,1066,1615,3693,28114,15119,1404,23,5608,0,0,3,2
2021-02-27T23:59:59+01:00,0,1,330,372,702,1250,971,2190,1247,3411,1612,2712,820,754,2981,4399,3790,7246,59,106,256,521,425,1059,565,1708,844,1433,604,548,638,1065,1615,3693,28112,15115,1404,23,5269,0,0,3,2
2021-02-26T23:59:59+01:00,0,1,304,319,654,1185,906,2070,1157,3245,1508,2573,791,731,2552,3794,3373,6480,59,106,253,519,425,1057,563,1706,841,1427,600,546,631,1053,1606,3674,25849,15042,1404,23,4387,0,0,3,2
2021-02-25T23:59:59+01:00,0,1,299,306,641,1153,885,2028,1138,3179,1489,2528,788,728,2506,3721,3343,6436,57,104,249,511,425,1053,558,1696,838,1416,594,541,553,943,1562,3617,25628,14695,1404,21,4134,0,0,3,2
2021-02-24T23:59:59+01:00,0,1,280,296,590,1107,838,1961,1080,3084,1445,2470,771,709,2266,3419,3261,6306,56,100,245,504,419,1035,549,1674,835,1396,587,530,540,923,1551,3595,24645,14523,1404,15,3832,0,0,3,2
2021-02-23T23:59:59+01:00,0,1,267,275,562,1050,801,1884,1012,2934,1373,2365,720,659,2155,3284,3238,6216,56,98,243,498,419,1019,539,1642,827,1374,578,524,525,876,1540,3551,23853,14294,1399,15,3541,0,0,3,1
2021-02-22T23:59:59+01:00,0,1,263,269,550,988,781,1808,986,2839,1337,2305,696,638,2128,3249,3230,6159,56,97,237,492,417,1006,530,1625,823,1349,563,512,507,851,1534,3501,23460,14085,1399,15,3365,0,0,3,1
2021-02-21T23:59:59+01:00,0,1,260,261,541,963,768,1771,978,2791,1307,2279,696,636,2126,3249,3229,6158,56,97,236,492,417,1006,530,1625,823,1348,563,511,507,851,1534,3500,23454,14081,1399,15,3158,0,0,3,1
2021-02-20T23:59:59+01:00,0,1,176,230,469,914,700,1693,908,2702,1222,2180,681,620,1758,2735,2680,5364,56,97,236,492,417,1006,530,1624,823,1348,563,511,507,851,1534,3500,21203,14080,1399,15,2428,0,0,3,1
2021-02-19T23:59:59+01:00,0,1,83,167,358,833,574,1559,775,2553,1086,2027,665,599,1456,2223,2145,4573,56,97,236,492,417,1005,530,1624,823,1347,563,511,501,849,1533,3494,19020,14064,1399,14,1255,0,0,3,1
2021-02-18T23:59:59+01:00,0,1,80,162,346,783,553,1470,742,2413,1053,1960,650,589,1447,2205,2136,4524,53,90,231,470,403,940,515,1544,804,1273,549,497,495,831,1532,3476,18783,13689,1374,14,954,0,0,3,1
2021-02-17T23:59:59+01:00,0,1,79,154,332,760,544,1437,713,2320,1016,1861,644,579,1389,2118,2090,4475,53,87,229,461,395,901,504,1479,785,1191,536,484,493,829,1532,3476,18525,13421,1301,14,683,0,0,3,1
2021-02-16T23:59:59+01:00,0,1,74,148,317,721,516,1364,681,2212,991,1756,634,572,1145,1774,1972,4298,52,78,228,453,389,871,491,1414,759,1123,515,471,491,829,1529,3475,17619,13166,1063,2,491,0,0,3,1
2021-02-15T23:59:59+01:00,0,1,69,132,291,618,481,1223,626,1999,941,1597,625,570,1062,1668,1921,4236,52,78,226,448,385,865,490,1410,756,1116,515,471,490,826,1528,3472,17294,13128,725,0,38,0,0,3,1
2021-02-14T23:59:59+01:00,0,1,68,125,286,593,476,1194,615,1945,927,1575,625,570,965,1545,1876,4180,52,78,226,448,385,865,490,1408,756,1116,515,471,490,826,1528,3472,16970,13126,570,0,23,0,0,3,1
2021-02-13T23:59:59+01:00,0,1,68,124,286,592,475,1190,614,1943,925,1572,624,569,964,1536,1872,4177,52,78,226,447,383,860,489,1403,754,1115,513,469,473,788,1273,3014,16936,12337,570,0,23,0,0,3,1
2021-02-12T23:59:59+01:00,0,1,67,124,285,591,471,1186,614,1939,922,1571,621,568,925,1485,1852,4137,52,78,226,443,380,851,484,1395,748,1108,506,461,455,749,926,2322,16766,11184,570,0,20,0,0,3,1
2021-02-11T23:59:59+01:00,0,1,67,117,281,580,458,1159,608,1913,915,1559,620,567,883,1427,1830,4097,52,75,211,413,366,804,468,1322,733,1076,503,460,455,749,925,2321,16587,10934,487,0,5,0,0,3,0
2021-02-10T23:59:59+01:00,0,1,66,117,277,577,456,1154,604,1897,910,1555,620,567,874,1411,1809,4053,51,65,177,336,312,701,418,1150,654,982,468,448,450,748,925,2320,16485,10206,459,0,1,0,0,3,0
2021-02-09T23:59:59+01:00,0,1,64,115,271,574,453,1141,603,1883,903,1549,619,566,862,1376,1744,3950,43,53,124,258,236,550,337,948,552,828,433,437,446,747,923,2320,16241,9236,430,0,0,0,0,3,0
2021-02-08T23:59:59+01:00,0,1,63,115,268,565,450,1134,602,1868,897,1541,617,564,761,1226,1690,3868,38,43,86,168,173,412,270,710,492,693,425,430,442,744,922,2320,15822,8369,405,0,0,0,0,3,0
2021-02-07T23:59:59+01:00,0,1,60,112,259,542,435,1103,586,1765,862,1462,616,563,658,1099,1643,3785,37,42,82,166,170,405,265,697,487,682,423,429,442,744,922,2319,15452,8313,96,0,0,0,0,3,0
2021-02-06T23:59:59+01:00,0,1,60,112,258,542,435,1103,584,1764,859,1459,613,561,656,1090,1637,3778,34,41,81,163,167,395,261,689,476,674,415,428,406,696,688,1937,15413,7552,96,0,0,0,0,3,0
2021-02-05T23:59:59+01:00,0,1,60,112,256,539,435,1101,583,1763,857,1457,611,561,646,1083,1631,3767,32,39,77,157,162,387,253,670,459,664,409,428,400,671,300,1315,15364,6424,96,0,0,0,0,3,0
2021-02-04T23:59:59+01:00,0,1,58,110,251,532,429,1085,567,1736,853,1443,604,550,561,963,1583,3708,31,36,73,152,156,376,238,649,442,650,403,422,395,664,298,1310,15003,6296,28,0,0,0,0,3,0
2021-02-03T23:59:59+01:00,0,1,57,105,247,525,428,1065,564,1720,851,1428,600,540,550,953,1580,3694,24,28,59,120,123,277,174,507,333,500,301,322,320,522,227,1049,14879,4887,26,0,0,0,0,3,0
2021-02-02T23:59:59+01:00,0,1,57,103,244,519,428,1047,552,1687,841,1404,587,531,539,908,1571,3650,17,21,40,79,87,183,122,342,218,361,212,216,204,328,163,695,14642,3289,26,0,0,0,0,1,0
2021-02-01T23:59:59+01:00,0,1,57,101,240,511,426,1031,544,1666,837,1381,579,525,522,879,1563,3606,7,11,20,42,48,95,65,168,94,164,100,99,85,153,71,308,14442,1530,26,0,0,0,0,1,0
2021-01-31T23:59:59+01:00,0,1,57,101,239,510,424,1027,542,1661,834,1378,579,524,522,879,1563,3605,7,11,18,38,43,81,61,142,81,148,96,99,84,152,69,307,14420,1437,25,0,0,0,0,1,0
2021-01-30T23:59:59+01:00,0,1,57,101,239,510,424,1027,542,1661,834,1378,579,524,522,879,1563,3605,7,11,18,38,43,81,61,142,81,148,96,98,84,152,69,307,14420,1436,25,0,0,0,0,1,0
2021-01-29T23:59:59+01:00,0,1,57,101,239,510,424,1027,542,1661,834,1378,579,524,522,879,1563,3605,7,11,18,38,43,81,61,142,81,148,96,98,84,152,69,307,14420,1436,25,0,0,0,0,1,0
2021-01-28T23:59:59+01:00,0,1,55,93,235,482,412,961,524,1575,812,1295,566,509,516,862,1561,3591,3,2,4,6,11,13,19,34,21,31,16,20,19,34,17,91,14030,341,19,0,0,0,0,1,0
2021-01-27T23:59:59+01:00,0,1,53,89,235,472,404,922,514,1509,792,1212,554,495,514,860,1561,3591,3,2,4,6,9,13,19,33,21,30,16,20,19,34,17,91,13760,337,17,0,0,0,0,1,0
2021-01-26T23:59:59+01:00,0,1,52,83,231,466,397,893,503,1441,767,1144,531,482,512,860,1561,3591,1,2,4,6,9,12,17,29,17,25,14,18,17,32,17,84,13498,304,16,0,0,0,0,1,0
2021-01-25T23:59:59+01:00,0,1,52,83,228,461,394,887,503,1438,765,1139,531,482,512,859,1561,3589,0,0,0,0,0,0,0,0,0,0,1,1,0,2,0,0,13469,4,15,0,0,0,0,1,0
2021-01-24T23:59:59+01:00,0,1,52,83,228,461,394,887,503,1437,765,1139,531,482,512,859,1561,3589,0,0,0,0,0,0,0,0,0,0,1,1,0,2,0,0,13468,4,15,0,0,0,0,1,0
2021-01-23T23:59:59+01:00,0,1,52,83,228,460,393,883,503,1431,764,1137,528,480,495,821,1308,3121,0,0,0,0,0,0,0,0,0,0,1,1,0,2,0,0,12672,4,15,0,0,0,0,1,0
2021-01-22T23:59:59+01:00,0,1,52,83,227,456,389,873,498,1421,759,1129,522,472,478,780,948,2404,0,0,0,0,0,0,0,0,0,0,1,1,0,2,0,0,11477,4,15,0,0,0,0,0,0
2021-01-21T23:59:59+01:00,0,1,52,80,209,423,362,817,471,1322,733,1095,518,472,478,780,947,2403,0,0,0,0,0,0,0,0,0,0,1,1,0,2,0,0,11148,4,15,0,0,0,0,0,0
2021-01-20T23:59:59+01:00,0,1,50,70,181,352,321,731,429,1168,663,1004,482,461,473,780,947,2402,0,0,0,0,0,0,0,0,0,0,1,1,0,2,0,0,10500,4,15,0,0,0,0,0,0
2021-01-19T23:59:59+01:00,0,1,44,57,135,275,248,572,352,986,571,862,447,449,469,778,947,2402,0,0,0,0,0,0,0,0,0,0,1,0,0,2,0,0,9588,3,7,0,0,0,0,0,0
2021-01-18T23:59:59+01:00,0,1,40,44,86,175,179,422,282,723,500,705,438,442,466,773,945,2402,0,0,0,0,0,0,0,0,0,0,0,0,0,1,0,0,8623,1,0,0,0,0,0,0,0
2021-01-17T23:59:59+01:00,0,1,37,43,83,171,175,414,278,712,495,692,436,442,466,773,945,2401,0,0,0,0,0,0,0,0,0,0,0,0,0,0,0,0,8564,0,0,0,0,0,0,0,0
2021-01-16T23:59:59+01:00,0,1,34,42,81,169,171,405,270,705,480,684,428,441,427,726,704,2016,0,0,0,0,0,0,0,0,0,0,0,0,0,0,0,0,7784,0,0,0,0,0,0,0,0
2021-01-15T23:59:59+01:00,0,1,32,40,78,162,168,399,263,688,466,676,422,440,422,702,310,1385,0,0,0,0,0,0,0,0,0,0,0,0,0,0,0,0,6654,0,0,0,0,0,0,0,0
2021-01-14T23:59:59+01:00,0,1,32,38,77,158,163,394,255,678,455,668,418,438,422,701,310,1385,0,0,0,0,0,0,0,0,0,0,0,0,0,0,0,0,6593,0,0,0,0,0,0,0,0
2021-01-13T23:59:59+01:00,0,0,24,31,61,125,128,299,195,543,346,525,319,334,348,552,239,1107,0,0,0,0,0,0,0,0,0,0,0,0,0,0,0,0,5176,0,0,0,0,0,0,0,0
2021-01-12T23:59:59+01:00,0,0,17,24,45,87,93,211,141,392,236,389,228,228,227,355,173,750,0,0,0,0,0,0,0,0,0,0,0,0,0,0,0,0,3596,0,0,0,0,0,0,0,0
2021-01-11T23:59:59+01:00,0,0,9,15,26,46,62,135,88,220,124,207,114,107,99,172,80,333,0,0,0,0,0,0,0,0,0,0,0,0,0,0,0,0,1837,0,0,0,0,0,0,0,0
2021-01-10T23:59:59+01:00,0,0,8,15,22,43,55,107,80,179,105,174,108,104,95,170,77,333,0,0,0,0,0,0,0,0,0,0,0,0,0,0,0,0,1675,0,0,0,0,0,0,0,0
2021-01-09T23:59:59+01:00,0,0,8,15,22,43,55,107,80,179,105,174,108,103,95,170,77,333,0,0,0,0,0,0,0,0,0,0,0,0,0,0,0,0,1674,0,0,0,0,0,0,0,0
2021-01-08T23:59:59+01:00,0,0,8,14,21,42,52,100,75,168,99,171,105,99,90,161,75,325,0,0,0,0,0,0,0,0,0,0,0,0,0,0,0,0,1605,0,0,0,0,0,0,0,0
2021-01-07T23:59:59+01:00,0,0,3,3,4,7,11,14,20,34,23,35,18,20,20,34,19,95,0,0,0,0,0,0,0,0,0,0,0,0,0,0,0,0,360,0,0,0,0,0,0,0,0
2021-01-06T23:59:59+01:00,0,0,3,2,4,6,9,13,20,33,21,32,18,20,20,34,19,94,0,0,0,0,0,0,0,0,0,0,0,0,0,0,0,0,348,0,0,0,0,0,0,0,0
2021-01-05T23:59:59+01:00,0,0,3,2,4,6,9,13,20,33,21,32,18,20,20,34,19,94,0,0,0,0,0,0,0,0,0,0,0,0,0,0,0,0,348,0,0,0,0,0,0,0,0
2021-01-04T23:59:59+01:00,0,0,0,0,0,0,0,0,1,0,0,0,1,1,0,2,0,0,0,0,0,0,0,0,0,0,0,0,0,0,0,0,0,0,5,0,0,0,0,0,0,0,0
2021-01-03T23:59:59+01:00,0,0,0,0,0,0,0,0,1,0,0,0,1,1,0,2,0,0,0,0,0,0,0,0,0,0,0,0,0,0,0,0,0,0,5,0,0,0,0,0,0,0,0
2021-01-02T23:59:59+01:00,0,0,0,0,0,0,0,0,1,0,0,0,1,1,0,2,0,0,0,0,0,0,0,0,0,0,0,0,0,0,0,0,0,0,5,0,0,0,0,0,0,0,0
2021-01-01T23:59:59+01:00,0,0,0,0,0,0,0,0,1,0,0,0,1,1,0,2,0,0,0,0,0,0,0,0,0,0,0,0,0,0,0,0,0,0,5,0,0,0,0,0,0,0,0
2020-12-31T23:59:59+01:00,0,0,0,0,0,0,0,0,1,0,0,0,1,1,0,2,0,0,0,0,0,0,0,0,0,0,0,0,0,0,0,0,0,0,5,0,0,0,0,0,0,0,0
2020-12-30T23:59:59+01:00,0,0,0,0,0,0,0,0,1,0,0,0,1,1,0,2,0,0,0,0,0,0,0,0,0,0,0,0,0,0,0,0,0,0,5,0,0,0,0,0,0,0,0
2020-12-29T23:59:59+01:00,0,0,0,0,0,0,0,0,1,0,0,0,1,0,0,2,0,0,0,0,0,0,0,0,0,0,0,0,0,0,0,0,0,0,4,0,0,0,0,0,0,0,0
2020-12-28T23:59:59+01:00,0,0,0,0,0,0,0,0,0,0,0,0,1,0,0,1,0,0,0,0,0,0,0,0,0,0,0,0,0,0,0,0,0,0,2,0,0,0,0,0,0,0,0
2020-12-27T23:59:59+01:00,0,0,0,0,0,0,0,0,0,0,0,0,0,0,0,0,0,0,0,0,0,0,0,0,0,0,0,0,0,0,0,0,0,0,0,0,0,0,0,0,0,0,0
