Datum,<24_1_m,<24_1_w,25-34_1_m,25-34_1_w,35-44_1_m,35-44_1_w,45-54_1_m,45-54_1_w,55-64_1_m,55-64_1_w,65-74_1_m,65-74_1_w,75-84_1_m,75-84_1_w,>84_1_m,>84_1_w,<24_2_m,<24_2_w,25-34_2_m,25-34_2_w,35-44_2_m,35-44_2_w,45-54_2_m,45-54_2_w,55-64_2_m,55-64_2_w,65-74_2_m,65-74_2_w,75-84_2_m,75-84_2_w,>84_2_m,>84_2_w,bp_1,bp_2,mo_1,mo_2,az_1,az_2,ja
2021-05-02T23:59:59+02:00,1811,2119,3236,4696,4744,7402,7803,11769,16773,19520,19059,21441,14150,18398,3957,7678,286,383,691,1218,928,2213,1230,3153,1760,2478,1287,1260,8852,11869,3587,6915,107428,40414,13101,7599,43968,38,59
2021-05-01T23:59:59+02:00,1663,1970,2940,4430,4264,7038,7169,11257,14839,17630,18742,21108,14073,18297,3954,7665,284,383,689,1216,927,2210,1228,3151,1757,2474,1284,1257,8850,11868,3587,6915,99917,40386,13100,7599,43965,38,57
2021-04-30T23:59:59+02:00,1517,1802,2740,4187,3917,6645,6568,10634,13019,15519,18392,20704,13989,18166,3941,7658,279,383,685,1214,918,2199,1220,3141,1750,2463,1277,1250,8846,11865,3586,6915,92331,40360,13100,7599,43965,30,2
2021-04-29T23:59:59+02:00,1385,1723,2567,4060,3677,6438,6192,10318,11659,14205,18204,20499,13961,18114,3938,7652,277,379,680,1209,910,2195,1198,3137,1722,2428,1256,1227,8842,11862,3586,6915,87667,40328,13093,7469,43830,24,2
2021-04-28T23:59:59+02:00,1316,1719,2525,4045,3631,6421,6124,10281,11576,14138,18175,20468,13955,18102,3938,7649,277,378,678,1208,909,2194,1195,3133,1716,2425,1250,1207,8401,11348,3586,6915,87424,40312,13043,6485,43594,21,2
2021-04-27T23:59:59+02:00,1262,1689,2421,4000,3571,6395,6002,10218,11475,14075,18144,20438,13945,18091,3936,7648,277,377,676,1204,909,2192,1192,3130,1712,2418,1237,1189,7989,10774,3586,6915,86922,40298,12990,5459,43396,18,2
2021-04-26T23:59:59+02:00,1211,1655,2331,3905,3450,6298,5825,10092,11165,13804,18109,20419,13937,18073,3934,7648,277,376,674,1204,906,2189,1186,3128,1695,2411,1223,1175,7985,10756,3586,6915,85598,40222,12984,5445,43272,17,2
2021-04-25T23:59:59+02:00,1208,1654,2323,3904,3445,6293,5810,10084,11131,13775,18102,20410,13936,18067,3934,7648,277,376,674,1204,904,2189,1186,3128,1695,2410,1223,1175,7985,10755,3586,6915,85580,40221,12977,5443,43165,16,2
2021-04-24T23:59:59+02:00,1156,1503,2127,3360,3172,5667,5631,9704,10079,12493,17618,19782,13844,17930,3928,7640,276,375,673,1203,904,2188,1186,3127,1689,2404,1220,1172,7984,10755,3586,6914,79517,40198,12977,5441,43139,16,1
2021-04-23T23:59:59+02:00,1116,1401,2005,2990,2989,5092,5418,9311,9248,11436,16287,18292,13719,17745,3923,7621,276,374,671,1203,903,2186,1186,3127,1688,2403,1215,1165,7981,10753,3586,6913,72538,40182,12976,5431,43078,16,1
2021-04-22T23:59:59+02:00,1111,1397,1989,2974,2967,5074,5353,9261,9137,11332,16227,18225,13697,17719,3921,7617,276,374,669,1203,899,2185,1179,3114,1667,2382,1193,1145,7978,10748,3586,6913,72497,40171,12925,5324,42578,15,1
2021-04-21T23:59:59+02:00,1105,1391,1974,2959,2944,5052,5304,9199,9019,11207,16147,18152,13681,17692,3921,7614,270,370,658,1193,885,2154,1167,3086,1658,2364,1182,1131,7753,10435,3585,6913,72460,40167,12872,4622,42028,14,1
2021-04-20T23:59:59+02:00,1073,1327,1929,2842,2870,4895,5201,9016,8750,10894,16023,17986,13632,17641,3914,7609,257,366,638,1169,858,2126,1141,3056,1623,2329,1166,1117,7745,10432,3585,6913,72393,40150,11742,4358,41466,12,1
2021-04-19T23:59:59+02:00,1063,1315,1893,2823,2828,4865,5058,8960,8563,10765,15936,17910,13615,17624,3914,7604,248,354,617,1149,842,2091,1119,3010,1581,2276,1149,1101,7740,10428,3583,6913,71998,40115,11720,4075,41017,10,1
2021-04-18T23:59:59+02:00,1062,1314,1890,2819,2820,4854,5044,8945,8517,10721,15892,17856,13610,17613,3913,7602,248,354,617,1149,841,2091,1119,3010,1581,2275,1149,1100,7739,10427,3583,6913,71959,40111,11718,4074,40794,10,1
2021-04-17T23:59:59+02:00,1026,1300,1840,2772,2745,4779,4893,8792,8114,10315,13682,15107,13447,17334,3900,7571,246,354,617,1145,837,2085,1108,3003,1569,2254,1111,1055,7401,10007,3567,6875,65223,39160,11718,4063,40675,10,1
2021-04-16T23:59:59+02:00,1017,1293,1829,2762,2701,4737,4790,8705,7936,10109,10911,11871,13264,17048,3886,7527,245,349,616,1144,832,2082,1099,2999,1561,2243,1099,1045,7395,10003,3566,6872,58231,39090,11716,4049,40438,10,1
2021-04-15T23:59:59+02:00,1005,1287,1801,2746,2654,4702,4680,8636,7692,9878,10682,11687,13220,16994,3880,7515,243,349,616,1142,829,2081,1098,2996,1558,2240,1094,1042,7393,10002,3566,6872,58205,39079,11714,4031,39139,10,1
2021-04-14T23:59:59+02:00,983,1260,1746,2663,2563,4583,4498,8458,7411,9581,10335,11251,13108,16850,3876,7505,213,321,576,1091,807,2013,1060,2913,1514,2184,1070,1016,7390,9993,3566,6872,58172,39066,10880,3523,37618,9,1
2021-04-13T23:59:59+02:00,956,1236,1707,2607,2491,4499,4393,8313,7197,9355,9938,10756,12984,16690,3871,7494,173,295,542,1040,767,1912,1024,2809,1466,2118,1051,984,7378,9985,3566,6872,58098,39004,9936,2974,36452,3,1
2021-04-12T23:59:59+02:00,953,1233,1691,2604,2460,4483,4341,8260,7040,9171,9690,10471,12943,16641,3860,7481,158,275,514,1000,744,1843,1000,2739,1425,2077,1031,966,7362,9970,3563,6867,58044,38889,9906,2641,35371,3,1
2021-04-11T23:59:59+02:00,950,1233,1682,2604,2450,4481,4319,8245,6972,9100,9568,10322,12916,16599,3856,7477,158,274,514,999,743,1842,999,2739,1424,2077,1031,966,7360,9970,3563,6867,58035,38883,9904,2640,34834,2,1
2021-04-10T23:59:59+02:00,931,1221,1655,2579,2412,4452,4246,8181,6833,8979,8631,9119,12648,16230,3847,7439,155,272,513,997,738,1840,999,2733,1415,2069,1017,952,6889,9469,3551,6853,54709,37819,9903,2640,34790,2,1
2021-04-09T23:59:59+02:00,908,1188,1617,2532,2341,4371,4065,7999,6495,8648,7887,8157,12073,15536,3789,7326,152,271,511,991,732,1832,991,2725,1400,2057,999,933,6641,9196,3539,6832,50751,37163,9902,2636,34278,2,1
2021-04-08T23:59:59+02:00,897,1177,1585,2512,2277,4322,3922,7902,6201,8306,7304,7519,11941,15389,3780,7309,152,269,505,987,727,1824,984,2714,1393,2047,987,932,6639,9194,3539,6832,50722,37146,9877,2576,31743,2,1
2021-04-07T23:59:59+02:00,890,1167,1559,2492,2222,4283,3830,7826,5946,8012,6748,6910,11383,14677,3768,7285,133,258,469,937,682,1758,927,2641,1346,1985,970,918,6633,9189,3538,6832,50699,37126,8727,2087,29571,2,1
2021-04-06T23:59:59+02:00,886,1165,1540,2485,2193,4260,3755,7768,5736,7825,6309,6415,11220,14488,3757,7259,109,237,416,872,641,1675,879,2546,1295,1926,947,901,6620,9177,3536,6828,50633,37101,8546,1501,27881,2,1
2021-04-05T23:59:59+02:00,878,1162,1525,2478,2170,4250,3700,7740,5579,7698,6120,6209,11163,14416,3753,7251,103,234,415,871,634,1666,872,2529,1279,1908,921,862,5484,7727,3506,6780,50440,34297,8542,1491,27109,2,1
2021-04-04T23:59:59+02:00,877,1158,1523,2475,2164,4248,3684,7733,5567,7689,6108,6187,11152,14404,3752,7248,103,234,413,869,629,1661,867,2522,1264,1887,898,829,4437,6523,3482,6726,50428,31850,8541,1491,26999,2,1
2021-04-03T23:59:59+02:00,816,1101,1442,2397,2044,4108,3397,7441,5124,7216,5766,5749,11010,14213,3730,7226,101,234,413,868,629,1659,866,2522,1264,1887,898,829,4437,6519,3482,6726,47240,31840,8541,1491,26998,2,1
2021-04-02T23:59:59+02:00,772,1059,1381,2331,1936,3983,3110,7165,4624,6719,5384,5308,10938,14093,3728,7220,101,234,413,868,629,1659,865,2522,1262,1886,897,826,4435,6517,3482,6726,44330,31830,8540,1490,26881,2,0
2021-04-01T23:59:59+02:00,768,1057,1373,2327,1916,3975,3078,7150,4548,6641,5279,5202,10910,14051,3727,7218,99,233,411,864,628,1656,864,2518,1259,1882,888,825,4431,6515,3481,6726,44317,31820,8398,1458,26505,2,0
2021-03-31T23:59:59+02:00,766,1053,1365,2314,1904,3963,3051,7120,4484,6586,5136,5041,10411,13459,3724,7213,99,233,410,864,628,1656,864,2518,1257,1882,887,825,4431,6514,3481,6725,44309,31814,7272,1458,26009,2,0
2021-03-30T23:59:59+02:00,757,1048,1346,2296,1871,3932,3012,7084,4399,6492,4974,4845,9910,12787,3717,7201,95,228,410,860,623,1653,859,2513,1250,1878,878,817,4424,6510,3479,6724,44288,31796,6085,1404,25298,1,0
2021-03-29T23:59:59+02:00,752,1038,1333,2259,1850,3901,2983,7043,4327,6398,4774,4657,9846,12710,3715,7190,95,228,410,857,619,1650,858,2506,1247,1873,869,809,4419,6506,3479,6724,44221,31787,5870,1361,24685,1,0
2021-03-28T23:59:59+02:00,749,1037,1329,2256,1836,3891,2965,7027,4288,6336,4678,4545,9817,12657,3709,7183,95,228,410,856,619,1650,856,2506,1245,1873,868,809,4418,6506,3479,6724,44201,31785,5862,1356,24240,1,0
2021-03-27T23:59:59+01:00,745,1034,1324,2251,1821,3880,2939,6998,4056,6153,4155,4110,9606,12433,3701,7168,95,228,407,855,618,1648,853,2502,1239,1866,864,805,4188,6123,3426,6643,42289,31003,5860,1356,24225,1,0
2021-03-26T23:59:59+01:00,740,1026,1317,2244,1802,3863,2913,6975,3978,6057,3633,3671,9139,11971,3691,7155,95,228,406,854,617,1645,850,2499,1229,1861,853,791,3390,5076,3298,6406,40381,28741,5847,1356,23947,1,0
2021-03-25T23:59:59+01:00,732,1020,1305,2230,1778,3835,2851,6935,3887,5970,3451,3453,9055,11880,3686,7153,95,228,406,854,617,1645,848,2498,1229,1861,852,791,3388,5075,3298,6405,40371,28733,5740,1356,23110,1,0
2021-03-24T23:59:59+01:00,722,1011,1274,2205,1732,3784,2772,6860,3721,5809,3114,3094,8692,11367,3677,7143,91,226,394,839,598,1625,815,2466,1173,1830,825,753,3380,5070,3298,6403,40349,28431,4983,1354,21645,1,0
2021-03-23T23:59:59+01:00,709,1001,1245,2171,1685,3736,2688,6772,3561,5639,2733,2702,8509,11189,3668,7126,86,222,381,813,560,1594,748,2402,1069,1749,740,696,3355,5039,3295,6401,40309,27802,4693,1347,20132,1,0
2021-03-22T23:59:59+01:00,680,881,1206,2125,1657,3680,2631,6694,3414,5500,2482,2464,8210,10848,3655,7096,86,221,381,813,560,1592,747,2401,1066,1748,738,693,3353,5034,3293,6400,39842,27778,4364,1347,19017,1,0
2021-03-21T23:59:59+01:00,679,877,1201,2119,1645,3672,2614,6678,3370,5458,2334,2299,8140,10759,3649,7083,86,221,381,812,560,1592,747,2401,1066,1748,738,693,3353,5033,3293,6400,39838,27776,4351,1347,18388,1,0
2021-03-20T23:59:59+01:00,678,877,1199,2112,1640,3668,2609,6671,3349,5435,2303,2260,7646,10243,3636,7068,86,221,381,812,559,1592,746,2400,1066,1747,738,693,3353,5032,3291,6398,38796,27767,4340,1347,18258,1,0
2021-03-19T23:59:59+01:00,670,870,1186,2097,1609,3647,2541,6519,3286,5346,2119,2081,7350,9940,3623,7047,86,221,381,806,555,1590,741,2392,1056,1737,729,686,2819,4283,2981,5794,38196,25509,4326,1347,17409,1,0
2021-03-18T23:59:59+01:00,655,850,1168,2070,1575,3613,2503,6443,3214,5256,1947,1879,7251,9840,3621,7036,85,221,380,805,554,1590,740,2388,1052,1736,721,683,2759,4202,2966,5761,38174,25319,4314,1323,16433,1,0
2021-03-17T23:59:59+01:00,621,819,1126,2013,1538,3526,2416,6318,3059,5094,1682,1617,7118,9712,3612,7023,83,215,368,779,538,1540,718,2335,1013,1698,703,661,2498,3896,2907,5656,38107,24354,3790,1253,15397,1,0
2021-03-16T23:59:59+01:00,575,787,1084,1957,1490,3409,2341,6171,2944,4951,1474,1394,7013,9584,3603,7005,77,196,345,721,510,1457,685,2194,984,1590,647,612,2389,3754,2889,5580,38054,23607,3172,1022,14556,1,0
2021-03-15T23:59:59+01:00,559,769,1056,1912,1453,3333,2306,6087,2857,4869,1348,1259,6431,8894,3581,6960,74,184,332,661,493,1338,649,2067,940,1476,620,594,2351,3712,2878,5521,36821,23204,2814,685,14039,1,0
2021-03-14T23:59:59+01:00,555,764,1048,1900,1450,3317,2289,6069,2821,4840,1305,1204,6031,8451,3570,6949,73,179,328,638,487,1310,643,2005,930,1457,620,594,2351,3711,2877,5520,36008,23197,2809,525,13746,1,0
2021-03-13T23:59:59+01:00,532,742,1008,1855,1392,3248,2021,5429,2595,4480,1200,1094,5351,7565,3553,6920,73,179,327,635,485,1309,641,2003,929,1453,616,589,1892,3077,2447,4916,34328,21045,2806,525,11851,1,0
2021-03-12T23:59:59+01:00,517,718,988,1811,1353,3146,1803,4573,2405,4114,1130,1021,4629,6722,3539,6884,73,177,326,631,485,1305,637,1997,926,1447,613,584,1489,2408,1993,4254,32650,18819,2803,525,9900,1,0
2021-03-11T23:59:59+01:00,512,710,977,1798,1337,3124,1778,4538,2369,4076,1057,970,4593,6691,3537,6882,73,169,319,609,472,1251,626,1948,905,1413,603,571,1484,2389,1984,4205,32618,18568,2711,452,9620,1,0
2021-03-10T23:59:59+01:00,490,696,928,1735,1280,3052,1702,4436,2307,3991,1026,948,4580,6678,3536,6880,72,169,317,604,470,1245,622,1926,905,1407,595,561,1417,2291,1949,4160,32608,18281,2143,428,9514,1,0
2021-03-09T23:59:59+01:00,469,676,876,1684,1242,2979,1656,4354,2266,3944,1012,940,4574,6671,3535,6879,70,167,316,602,469,1236,620,1914,899,1401,593,553,1182,1947,1858,4022,32566,17447,1695,401,9496,1,0
2021-03-08T23:59:59+01:00,461,665,864,1668,1232,2964,1649,4328,2255,3932,1001,929,4542,6627,3533,6875,69,165,313,600,465,1230,617,1910,895,1399,593,553,1100,1847,1827,3988,32448,17192,1598,378,9479,1,0
2021-03-07T23:59:59+01:00,460,662,864,1667,1229,2961,1646,4320,2245,3926,995,922,4537,6623,3532,6874,66,161,303,578,453,1196,599,1805,864,1337,592,553,986,1701,1785,3936,32433,16830,1560,85,9470,0,0
2021-03-06T23:59:59+01:00,452,641,845,1634,1205,2907,1601,4237,2052,3441,971,894,4310,6260,3485,6800,66,161,303,578,453,1195,599,1805,864,1337,592,553,984,1700,1782,3935,31710,16822,1560,85,8465,0,0
2021-03-05T23:59:59+01:00,435,593,812,1529,1150,2683,1517,4012,1842,2785,951,869,3485,5189,3361,6569,66,160,302,574,449,1189,598,1800,862,1333,586,551,941,1636,1764,3906,29405,16632,1559,85,6818,0,0
2021-03-04T23:59:59+01:00,420,584,803,1510,1135,2656,1493,3981,1822,2766,938,866,3479,5186,3359,6567,66,159,299,570,445,1170,589,1779,861,1325,584,550,895,1573,1750,3879,29390,16472,1519,22,6656,0,0
2021-03-03T23:59:59+01:00,409,545,783,1451,1103,2570,1443,3830,1742,2679,911,822,3470,5182,3359,6565,66,159,296,565,444,1167,587,1770,858,1322,584,549,862,1513,1675,3742,29077,16139,1519,20,6268,0,0
2021-03-02T23:59:59+01:00,403,535,764,1420,1053,2524,1368,3744,1625,2586,821,760,3438,5146,3355,6563,65,159,296,560,443,1160,587,1761,858,1320,583,549,862,1513,1675,3742,28443,16113,1455,20,6207,0,0
2021-03-01T23:59:59+01:00,396,520,760,1369,1036,2458,1346,3667,1600,2537,804,751,3431,5140,3354,6563,65,157,294,556,434,1144,587,1744,847,1314,583,547,750,1335,1635,3687,28403,15659,1407,20,5922,0,0
2021-02-28T23:59:59+01:00,391,506,751,1324,1024,2380,1330,3585,1581,2458,800,745,3430,5136,3353,6563,65,157,294,556,434,1143,587,1744,846,1314,583,546,643,1187,1600,3631,28394,15310,1404,20,5559,0,0
2021-02-27T23:59:59+01:00,380,482,737,1300,1005,2340,1298,3522,1556,2419,786,736,3429,5136,3353,6563,65,157,294,556,434,1143,586,1744,846,1314,583,546,643,1186,1600,3631,28393,15308,1404,20,5245,0,0
2021-02-26T23:59:59+01:00,350,424,689,1237,931,2219,1206,3362,1460,2299,764,721,2886,4381,3041,5939,65,157,291,554,434,1140,584,1740,843,1309,578,543,636,1172,1593,3615,26111,15234,1404,20,4394,0,0
2021-02-25T23:59:59+01:00,347,410,676,1207,911,2173,1186,3289,1444,2264,762,719,2827,4299,3025,5905,63,154,287,548,434,1136,579,1727,840,1300,570,538,556,1053,1553,3572,25893,14892,1404,18,4147,0,0
2021-02-24T23:59:59+01:00,322,394,629,1161,856,2099,1127,3196,1405,2212,743,696,2565,3980,2964,5794,62,149,283,539,428,1121,572,1706,837,1283,563,527,540,1029,1543,3553,24900,14721,1403,14,3840,0,0
2021-02-23T23:59:59+01:00,303,368,601,1104,821,2010,1046,3039,1343,2131,686,646,2453,3836,2947,5713,62,147,281,532,428,1101,562,1676,829,1264,552,519,528,977,1533,3509,24103,14486,1397,14,3547,0,0
2021-02-22T23:59:59+01:00,298,355,586,1043,804,1934,1019,2946,1307,2072,665,627,2425,3799,2940,5655,61,146,275,526,425,1087,552,1651,823,1246,537,505,510,951,1528,3458,23707,14267,1397,14,3371,0,0
2021-02-21T23:59:59+01:00,295,344,580,1021,791,1891,1011,2899,1277,2051,665,625,2423,3799,2939,5654,61,146,275,525,425,1087,552,1651,823,1245,537,505,510,951,1528,3457,23700,14264,1397,14,3168,0,0
2021-02-20T23:59:59+01:00,199,310,518,966,726,1820,936,2792,1194,1971,655,612,1958,3131,2486,5013,61,146,275,525,425,1087,552,1650,823,1245,537,505,510,950,1528,3457,21448,14262,1397,14,2442,0,0
2021-02-19T23:59:59+01:00,97,237,399,884,600,1675,798,2644,1068,1824,645,597,1568,2483,2029,4355,61,146,275,525,425,1086,552,1650,823,1245,537,505,502,946,1524,3451,19250,14239,1397,14,1256,0,0
2021-02-18T23:59:59+01:00,92,227,387,840,574,1580,768,2505,1032,1762,634,586,1560,2463,2020,4306,59,137,269,496,409,1023,539,1569,801,1175,526,491,497,928,1522,3433,19013,13860,1369,14,954,0,0
2021-02-17T23:59:59+01:00,91,220,374,811,562,1551,737,2385,1007,1697,626,574,1495,2363,1982,4268,59,132,266,485,401,978,527,1504,784,1099,514,479,495,927,1522,3433,18750,13591,1296,14,697,0,0
2021-02-16T23:59:59+01:00,84,213,356,765,536,1478,704,2273,984,1607,616,565,1219,1982,1887,4126,56,122,266,478,394,943,514,1437,758,1032,494,470,494,927,1519,3432,17832,13334,1057,2,506,0,0
2021-02-15T23:59:59+01:00,78,188,330,658,497,1334,650,2060,935,1464,606,564,1122,1863,1853,4077,55,122,265,472,390,937,511,1432,757,1026,494,470,493,923,1518,3429,17509,13294,718,0,52,0,0
2021-02-14T23:59:59+01:00,77,182,326,633,491,1302,640,2003,921,1447,606,564,1015,1727,1814,4033,55,122,265,472,389,937,511,1431,757,1026,494,470,493,923,1518,3429,17180,13292,564,0,37,0,0
2021-02-13T23:59:59+01:00,77,181,326,632,489,1298,639,2001,921,1443,605,563,1015,1723,1811,4030,55,121,265,472,387,933,511,1426,755,1024,492,469,475,879,1268,2972,17153,12504,564,0,37,0,0
2021-02-12T23:59:59+01:00,77,181,325,629,484,1290,638,1995,918,1441,600,562,973,1663,1795,3999,55,121,265,467,384,926,507,1416,749,1019,485,462,453,832,916,2273,16980,11330,564,0,26,0,0
2021-02-11T23:59:59+01:00,76,172,320,615,470,1262,631,1971,910,1430,599,562,923,1596,1782,3970,55,115,249,436,371,871,490,1343,732,997,485,461,453,832,915,2273,16805,11078,479,0,5,0,0
2021-02-10T23:59:59+01:00,75,172,317,613,468,1258,628,1955,906,1426,599,562,911,1578,1765,3929,53,101,211,354,318,757,435,1181,652,910,457,456,451,832,915,2272,16707,10355,453,0,2,0,0
2021-02-09T23:59:59+01:00,72,170,312,605,465,1249,627,1940,900,1421,598,561,890,1538,1706,3830,46,84,148,271,244,591,352,973,554,778,427,447,447,831,912,2272,16458,9377,425,0,1,0,0
2021-02-08T23:59:59+01:00,71,168,308,599,462,1240,626,1920,893,1416,598,559,774,1361,1666,3774,41,67,107,181,179,434,288,740,497,661,421,442,444,829,912,2272,16033,8515,401,0,1,0,0
2021-02-07T23:59:59+01:00,67,164,298,576,446,1200,609,1811,860,1350,598,558,661,1209,1630,3716,40,66,103,176,174,427,283,726,493,647,420,442,443,827,912,2271,15661,8450,92,0,0,0,0
2021-02-06T23:59:59+01:00,67,164,297,576,446,1199,607,1811,859,1347,594,556,660,1199,1624,3711,38,64,102,174,171,416,278,717,481,640,414,442,405,773,677,1891,15625,7683,92,0,0,0,0
2021-02-05T23:59:59+01:00,67,164,295,573,446,1196,606,1809,857,1345,592,556,651,1191,1618,3700,36,61,98,170,165,406,272,699,464,632,408,442,393,738,289,1274,15574,6547,92,0,0,0,0
2021-02-04T23:59:59+01:00,65,162,290,568,440,1177,590,1783,854,1330,583,548,563,1063,1575,3654,35,56,87,163,154,394,262,681,449,617,402,437,390,730,287,1268,15220,6412,25,0,0,0,0
2021-02-03T23:59:59+01:00,64,155,286,559,439,1161,588,1767,852,1316,577,536,554,1054,1572,3642,26,40,73,127,116,288,192,533,340,480,300,333,310,570,223,1017,15099,4968,23,0,0,0,0
2021-02-02T23:59:59+01:00,64,153,283,552,439,1139,575,1731,844,1297,563,525,545,1004,1563,3601,18,28,47,82,86,193,136,361,217,348,211,210,197,364,160,669,14855,3327,23,0,0,0,0
2021-02-01T23:59:59+01:00,63,152,280,544,436,1122,566,1702,838,1282,552,516,530,975,1556,3559,7,14,24,45,48,97,67,176,97,154,102,95,79,162,69,306,14650,1542,23,0,0,0,0
2021-01-31T23:59:59+01:00,63,151,279,543,432,1118,566,1697,836,1279,552,516,530,975,1556,3558,7,13,21,40,41,80,62,150,82,138,98,95,78,161,67,305,14628,1438,23,0,0,0,0
2021-01-30T23:59:59+01:00,63,151,279,543,432,1118,566,1697,836,1279,552,516,530,975,1556,3558,7,13,20,40,41,80,62,149,82,138,98,94,78,161,67,305,14628,1435,23,0,0,0,0
2021-01-29T23:59:59+01:00,63,151,279,543,432,1118,566,1697,836,1279,552,516,530,975,1556,3558,7,13,20,40,40,80,62,149,82,138,98,94,78,161,67,305,14628,1434,23,0,0,0,0
2021-01-28T23:59:59+01:00,61,142,273,509,419,1054,550,1608,812,1204,541,501,524,958,1554,3543,2,2,5,7,10,15,20,34,21,27,16,18,19,35,17,94,14235,342,18,0,0,0,0
2021-01-27T23:59:59+01:00,60,137,271,497,411,1006,539,1543,795,1128,529,488,522,957,1554,3543,2,2,5,7,8,15,20,34,21,27,16,18,19,35,17,94,13963,340,17,0,0,0,0
2021-01-26T23:59:59+01:00,57,129,269,492,402,971,528,1475,770,1061,508,479,521,957,1554,3543,1,2,5,7,8,13,18,31,17,22,15,15,17,33,17,87,13700,308,16,0,0,0,0
2021-01-25T23:59:59+01:00,56,129,267,488,398,965,528,1469,769,1056,508,479,521,955,1554,3541,0,0,0,0,0,0,0,0,0,0,2,0,0,1,0,0,13668,3,15,0,0,0,0
2021-01-24T23:59:59+01:00,56,129,267,488,398,965,528,1468,769,1056,508,479,521,955,1554,3541,0,0,0,0,0,0,0,0,0,0,2,0,0,1,0,0,13667,3,15,0,0,0,0
2021-01-23T23:59:59+01:00,56,128,267,488,397,961,528,1461,768,1054,505,478,502,911,1305,3077,0,0,0,0,0,0,0,0,0,0,2,0,0,1,0,0,12871,3,15,0,0,0,0
2021-01-22T23:59:59+01:00,56,128,267,483,392,953,524,1451,763,1047,499,471,480,862,941,2354,0,0,0,0,0,0,0,0,0,0,2,0,0,1,0,0,11656,3,15,0,0,0,0
2021-01-21T23:59:59+01:00,56,122,246,449,366,886,494,1356,737,1022,497,471,480,862,941,2354,0,0,0,0,0,0,0,0,0,0,1,0,0,1,0,0,11324,2,15,0,0,0,0
2021-01-20T23:59:59+01:00,53,107,215,374,324,788,448,1207,663,936,469,465,478,862,940,2353,0,0,0,0,0,0,0,0,0,0,1,0,0,1,0,0,10667,2,15,0,0,0,0
2021-01-19T23:59:59+01:00,48,90,160,287,254,619,369,1017,577,814,439,456,474,861,940,2353,0,0,0,0,0,0,0,0,0,0,1,0,0,1,0,0,9751,2,7,0,0,0,0
2021-01-18T23:59:59+01:00,42,68,108,187,182,448,302,755,507,678,433,451,471,857,938,2353,0,0,0,0,0,0,0,0,0,0,0,0,0,0,0,0,8780,0,0,0,0,0,0
2021-01-17T23:59:59+01:00,40,67,105,182,177,440,299,745,503,665,432,451,471,857,938,2352,0,0,0,0,0,0,0,0,0,0,0,0,0,0,0,0,8724,0,0,0,0,0,0
2021-01-16T23:59:59+01:00,38,65,103,181,172,430,294,736,486,658,426,451,430,804,696,1967,0,0,0,0,0,0,0,0,0,0,0,0,0,0,0,0,7937,0,0,0,0,0,0
2021-01-15T23:59:59+01:00,36,62,100,176,169,422,287,720,472,651,420,451,419,769,300,1340,0,0,0,0,0,0,0,0,0,0,0,0,0,0,0,0,6794,0,0,0,0,0,0
2021-01-14T23:59:59+01:00,36,57,92,172,160,417,280,711,463,640,418,450,419,767,300,1340,0,0,0,0,0,0,0,0,0,0,0,0,0,0,0,0,6722,0,0,0,0,0,0
2021-01-13T23:59:59+01:00,27,41,75,137,122,314,212,570,359,508,318,346,340,602,236,1080,0,0,0,0,0,0,0,0,0,0,0,0,0,0,0,0,5287,0,0,0,0,0,0
2021-01-12T23:59:59+01:00,19,31,53,92,92,224,154,411,241,378,226,222,222,398,171,728,0,0,0,0,0,0,0,0,0,0,0,0,0,0,0,0,3662,0,0,0,0,0,0
2021-01-11T23:59:59+01:00,9,19,31,51,63,140,94,230,127,196,116,105,93,182,79,333,0,0,0,0,0,0,0,0,0,0,0,0,0,0,0,0,1868,0,0,0,0,0,0
2021-01-10T23:59:59+01:00,8,18,26,46,55,110,82,188,107,164,111,103,90,180,76,333,0,0,0,0,0,0,0,0,0,0,0,0,0,0,0,0,1697,0,0,0,0,0,0
2021-01-09T23:59:59+01:00,8,18,26,46,55,110,82,187,107,164,111,102,90,180,76,333,0,0,0,0,0,0,0,0,0,0,0,0,0,0,0,0,1695,0,0,0,0,0,0
2021-01-08T23:59:59+01:00,8,17,25,45,51,102,78,177,100,161,107,99,86,170,74,325,0,0,0,0,0,0,0,0,0,0,0,0,0,0,0,0,1625,0,0,0,0,0,0
2021-01-07T23:59:59+01:00,2,3,5,8,9,14,23,36,21,32,16,18,20,36,19,98,0,0,0,0,0,0,0,0,0,0,0,0,0,0,0,0,360,0,0,0,0,0,0
2021-01-06T23:59:59+01:00,2,2,5,7,7,14,22,35,20,29,16,18,20,36,19,97,0,0,0,0,0,0,0,0,0,0,0,0,0,0,0,0,349,0,0,0,0,0,0
2021-01-05T23:59:59+01:00,2,2,5,7,7,14,22,35,20,29,16,18,20,36,19,97,0,0,0,0,0,0,0,0,0,0,0,0,0,0,0,0,349,0,0,0,0,0,0
2021-01-04T23:59:59+01:00,0,0,0,0,0,0,1,0,0,0,1,0,0,1,0,0,0,0,0,0,0,0,0,0,0,0,0,0,0,0,0,0,3,0,0,0,0,0,0
2021-01-03T23:59:59+01:00,0,0,0,0,0,0,1,0,0,0,1,0,0,1,0,0,0,0,0,0,0,0,0,0,0,0,0,0,0,0,0,0,3,0,0,0,0,0,0
2021-01-02T23:59:59+01:00,0,0,0,0,0,0,1,0,0,0,1,0,0,1,0,0,0,0,0,0,0,0,0,0,0,0,0,0,0,0,0,0,3,0,0,0,0,0,0
2021-01-01T23:59:59+01:00,0,0,0,0,0,0,1,0,0,0,1,0,0,1,0,0,0,0,0,0,0,0,0,0,0,0,0,0,0,0,0,0,3,0,0,0,0,0,0
2020-12-31T23:59:59+01:00,0,0,0,0,0,0,1,0,0,0,1,0,0,1,0,0,0,0,0,0,0,0,0,0,0,0,0,0,0,0,0,0,3,0,0,0,0,0,0
2020-12-30T23:59:59+01:00,0,0,0,0,0,0,1,0,0,0,1,0,0,1,0,0,0,0,0,0,0,0,0,0,0,0,0,0,0,0,0,0,3,0,0,0,0,0,0
2020-12-29T23:59:59+01:00,0,0,0,0,0,0,1,0,0,0,1,0,0,1,0,0,0,0,0,0,0,0,0,0,0,0,0,0,0,0,0,0,3,0,0,0,0,0,0
2020-12-28T23:59:59+01:00,0,0,0,0,0,0,0,0,0,0,1,0,0,0,0,0,0,0,0,0,0,0,0,0,0,0,0,0,0,0,0,0,1,0,0,0,0,0,0
2020-12-27T23:59:59+01:00,0,0,0,0,0,0,0,0,0,0,0,0,0,0,0,0,0,0,0,0,0,0,0,0,0,0,0,0,0,0,0,0,0,0,0,0,0,0,0
