Datum,<15_m,<15_w,15-24_1_m,15-24_1_w,25-34_1_m,25-34_1_w,35-44_1_m,35-44_1_w,45-54_1_m,45-54_1_w,55-64_1_m,55-64_1_w,65-74_1_m,65-74_1_w,75-84_1_m,75-84_1_w,>84_1_m,>84_1_w,<24_2_m,<24_2_w,25-34_2_m,25-34_2_w,35-44_2_m,35-44_2_w,45-54_2_m,45-54_2_w,55-64_2_m,55-64_2_w,65-74_2_m,65-74_2_w,75-84_2_m,75-84_2_w,>84_2_m,>84_2_w,bp_1,bp_2,mo_1,mo_2,az_1,az_2,ja,unb_1,unb_2
2021-07-23T23:59:59+02:00,711,643,11126,10569,15066,14088,18459,18980,25114,26475,31817,33030,24633,27538,16933,21643,5018,9499,5868,5595,9877,9658,14051,14820,22070,23462,29035,30225,23226,25954,16220,20656,4836,9011,224560,182480,30596,28606,46294,43856,9634,258,126
2021-07-22T23:59:59+02:00,672,605,10977,10411,14970,14003,18375,18934,25035,26420,31746,32966,24598,27497,16918,21625,5014,9494,5557,5314,9612,9452,13472,14352,21756,23203,28807,29999,23128,25858,16177,20619,4832,9008,223635,179220,30594,28599,46293,43838,9480,258,126
2021-07-21T23:59:59+02:00,652,581,10913,10357,14939,13976,18338,18899,25000,26391,31708,32920,24574,27466,16903,21614,5012,9489,4942,4850,9176,9203,13098,14125,21528,23050,28622,29852,23063,25783,16152,20596,4831,9006,223224,177476,30587,27335,46292,43671,9371,258,126
2021-07-20T23:59:59+02:00,634,564,10856,10303,14913,13942,18303,18872,24970,26360,31673,32888,24554,27445,16898,21600,5009,9482,4799,4739,9023,9071,12937,13993,21415,22929,28494,29729,22984,25680,16130,20557,4824,9000,222855,176141,30587,27323,46289,43524,9277,258,126
2021-07-19T23:59:59+02:00,621,552,10819,10272,14884,13922,18284,18865,24945,26335,31640,32860,24537,27422,16892,21589,5007,9479,4720,4669,8927,8997,12825,13898,21320,22823,28395,29609,22928,25623,16105,20528,4819,8994,222620,175209,30587,27315,46280,43428,9180,258,126
2021-07-18T23:59:59+02:00,607,543,10766,10221,14849,13903,18259,18848,24925,26318,31617,32842,24528,27412,16886,21580,5007,9475,4613,4566,8793,8877,12699,13761,21234,22732,28324,29532,22901,25594,16096,20515,4816,8993,222349,174206,30587,27301,46280,43375,9112,258,126
2021-07-17T23:59:59+02:00,535,473,10483,9926,14739,13805,18171,18771,24820,26244,31512,32793,24496,27378,16874,21560,5005,9474,4569,4525,8741,8806,12466,13571,20817,22397,28196,29402,22864,25542,16087,20500,4815,8990,220823,172449,30587,27301,46280,43373,9111,258,126
2021-07-16T23:59:59+02:00,506,437,10351,9808,14681,13765,18117,18720,24789,26211,31492,32771,24487,27363,16871,21553,5005,9471,4521,4483,8666,8766,12092,13294,20276,22004,28064,29310,22815,25505,16078,20495,4813,8988,220174,170351,30586,27299,46280,43366,9100,258,126
2021-07-15T23:59:59+02:00,476,400,10216,9704,14615,13716,18061,18652,24739,26164,31441,32721,24462,27327,16853,21537,4998,9467,4318,4348,8347,8569,11580,12895,19175,21162,27651,28970,22646,25336,16013,20422,4803,8972,219458,165705,30585,27286,46279,43170,8969,258,126
2021-07-14T23:59:59+02:00,455,387,10188,9679,14581,13696,18032,18616,24703,26123,31391,32668,24433,27299,16842,21520,4997,9465,4196,4200,8094,8402,11351,12751,18997,21052,27507,28845,22581,25258,15979,20384,4800,8964,219095,164156,30585,27268,46279,42998,8858,258,126
2021-07-13T23:59:59+02:00,431,373,10139,9627,14552,13670,18010,18583,24668,26102,31357,32629,24417,27269,16831,21509,4996,9463,4102,4106,7919,8244,11151,12561,18865,20917,27354,28684,22484,25174,15944,20331,4796,8953,218702,162711,30585,27247,46278,42741,8803,258,126
2021-07-12T23:59:59+02:00,418,352,10096,9578,14527,13652,17979,18553,24634,26062,31323,32586,24392,27247,16816,21504,4993,9460,3995,4007,7751,8122,10994,12426,18752,20797,27233,28565,22410,25113,15917,20305,4795,8948,218340,161554,30584,27226,46278,42551,8712,258,126
2021-07-11T23:59:59+02:00,410,334,10067,9550,14510,13632,17962,18543,24614,26054,31302,32568,24380,27237,16814,21502,4993,9458,3926,3934,7632,8024,10848,12298,18629,20697,27132,28453,22368,25065,15896,20280,4793,8945,218150,160594,30584,27221,46277,42352,8661,258,126
2021-07-10T23:59:59+02:00,384,311,9959,9445,14456,13593,17916,18520,24590,26034,31284,32552,24372,27228,16810,21498,4991,9456,3902,3909,7588,7985,10819,12269,18604,20673,27105,28431,22361,25050,15892,20275,4793,8945,217629,160294,30583,27220,46277,42343,8652,258,126
2021-07-09T23:59:59+02:00,325,264,9697,9237,14352,13513,17840,18450,24504,25981,31235,32491,24349,27198,16797,21480,4991,9450,3835,3869,7456,7895,10602,12124,18380,20535,26691,28112,22177,24859,15837,20215,4790,8938,216410,158162,30583,27217,46276,42215,8627,258,126
2021-07-08T23:59:59+02:00,248,197,9507,9097,14252,13437,17746,18380,24444,25931,31153,32435,24322,27167,16784,21462,4987,9445,3680,3745,7148,7706,10249,11896,18037,20253,26386,27855,22005,24701,15769,20142,4783,8922,215326,155793,30580,27172,46263,41646,8567,258,126
2021-07-07T23:59:59+02:00,210,168,9406,8995,14201,13406,17702,18339,24394,25891,31112,32395,24298,27137,16773,21444,4987,9437,3485,3617,6820,7484,9304,11170,17457,19824,25985,27549,21772,24400,15692,20046,4769,8908,214707,153197,30577,25431,46260,41056,8493,258,126
2021-07-06T23:59:59+02:00,188,155,9329,8938,14150,13378,17666,18297,24355,25852,31051,32350,24262,27109,16758,21427,4985,9435,3371,3542,6622,7362,9035,11007,17215,19644,25711,27294,21617,24198,15611,19942,4757,8893,214150,151280,30560,25421,46257,40555,8460,258,126
2021-07-05T23:59:59+02:00,176,141,9243,8857,14112,13336,17633,18247,24319,25822,31006,32299,24238,27087,16750,21413,4984,9433,3320,3507,6494,7283,8886,10886,17074,19506,25541,27139,21474,24031,15562,19890,4746,8883,213612,150222,30560,25412,46254,40070,8412,258,126
2021-07-04T23:59:59+02:00,161,134,9189,8807,14080,13324,17610,18229,24294,25803,30986,32274,24223,27073,16744,21405,4983,9430,3268,3465,6431,7243,8799,10815,16989,19423,25413,27030,21350,23903,15521,19839,4744,8876,213345,149568,30559,25403,46238,39680,8349,258,126
2021-07-03T23:59:59+02:00,158,131,8679,8310,13922,13204,17510,18112,24201,25746,30922,32225,24202,27051,16732,21393,4981,9427,3209,3386,6313,7124,8632,10678,16776,19244,25025,26723,21235,23767,15491,19800,4740,8870,211518,147542,30559,25403,46238,39625,8333,258,126
2021-07-02T23:59:59+02:00,151,127,8112,7839,13778,13097,17418,18036,24132,25675,30862,32163,24164,27009,16726,21373,4979,9422,3098,3279,6043,6969,8375,10438,16407,18920,24555,26300,21007,23495,15421,19718,4734,8867,209682,144485,30559,25401,46234,39300,8330,258,125
2021-07-01T23:59:59+02:00,140,117,7986,7733,13696,13040,17349,17985,24063,25624,30811,32112,24136,26985,16716,21361,4978,9421,2911,3091,5698,6685,7942,10023,15821,18450,23796,25650,20523,23023,15294,19558,4722,8842,208902,139951,30555,25390,46231,38270,8307,258,124
2021-06-30T23:59:59+02:00,123,104,7839,7619,13629,12992,17296,17933,24013,25571,30753,32068,24107,26963,16702,21344,4978,9416,2815,3012,5546,6542,7718,9802,14865,17583,23186,25103,20166,22632,15162,19398,4708,8808,208352,138429,30381,23118,46227,37155,8232,258,124
2021-06-29T23:59:59+02:00,108,91,7772,7529,13586,12954,17257,17889,23961,25510,30704,32009,24086,26937,16692,21328,4975,9412,2756,2968,5418,6444,7564,9668,14698,17412,22945,24871,19908,22307,15063,19298,4696,8788,207737,137315,30379,23106,46224,36066,8202,258,124
2021-06-28T23:59:59+02:00,103,85,7708,7458,13522,12895,17211,17838,23920,25465,30648,31965,24069,26909,16685,21318,4973,9410,2727,2936,5350,6397,7471,9597,14601,17331,22795,24658,19704,22061,15008,19229,4692,8774,207205,136721,30377,23096,46216,35271,8126,258,124
2021-06-27T23:59:59+02:00,89,80,7660,7396,13492,12859,17182,17806,23901,25430,30622,31937,24057,26901,16678,21313,4973,9408,2704,2922,5299,6372,7400,9552,14505,17268,22701,24571,19577,21920,14977,19178,4688,8765,206856,136215,30377,23085,46210,34897,8083,258,124
2021-06-26T23:59:59+02:00,85,77,7158,6844,13100,12561,17070,17706,23838,25370,30586,31902,24049,26884,16674,21302,4972,9407,2603,2813,5113,6184,7201,9363,13961,16814,22045,23940,19430,21779,14932,19125,4686,8757,204706,132637,30377,23085,46210,34877,8083,209,69
2021-06-25T23:59:59+02:00,84,75,6673,6361,12649,12192,16911,17588,23748,25303,30505,31862,24027,26857,16669,21292,4970,9405,2500,2658,4941,5993,6943,9070,13435,16285,21494,23359,19233,21572,14874,19058,4682,8745,202310,128962,30377,23085,46210,34666,8065,209,69
2021-06-24T23:59:59+02:00,74,63,6451,6146,12426,12042,16805,17505,23676,25251,30447,31815,23993,26815,16665,21282,4968,9398,2292,2419,4570,5616,6444,8579,12716,15571,20344,22358,18770,21094,14770,18927,4670,8730,201045,123025,30375,23073,46203,33718,7990,209,69
2021-06-23T23:59:59+02:00,69,61,5878,5647,12264,11930,16686,17392,23603,25204,30384,31765,23959,26792,16658,21268,4964,9394,2255,2368,4507,5496,6353,8429,12484,15282,20101,22101,18471,20766,14673,18813,4659,8713,200538,122010,29037,22925,46194,32532,7940,209,69
2021-06-22T23:59:59+02:00,66,57,5736,5519,12166,11825,16600,17316,23545,25142,30317,31687,23933,26760,16648,21247,4960,9392,2202,2333,4412,5413,6230,8282,11617,14621,19690,21696,18139,20414,14565,18675,4649,8693,199607,121094,29030,21233,46179,31348,7891,209,69
2021-06-21T23:59:59+02:00,63,54,5600,5408,12092,11733,16540,17232,23491,25069,30267,31629,23909,26732,16635,21232,4960,9388,2169,2297,4354,5316,6143,8156,10836,13918,19241,21287,17913,20184,14505,18581,4640,8677,198794,120302,29026,19450,46174,30569,7831,209,69
2021-06-20T23:59:59+02:00,61,52,5483,5282,11929,11550,16475,17109,23440,25003,30225,31574,23893,26712,16629,21217,4955,9383,2151,2269,4313,5276,6073,8108,10733,13838,19129,21160,17756,19994,14439,18498,4636,8670,197785,119769,29023,19447,46168,29975,7787,209,69
2021-06-19T23:59:59+02:00,57,48,5465,5262,11167,10892,16000,16722,23380,24959,30181,31531,23875,26692,16621,21205,4955,9383,2081,2152,4108,5047,5796,7831,10409,13508,18082,20309,17589,19810,14406,18433,4631,8658,195209,115591,29023,19447,46168,29961,7786,209,69
2021-06-18T23:59:59+02:00,54,47,5431,5236,10527,10315,15392,16164,23290,24890,30112,31468,23847,26662,16610,21190,4954,9381,2012,2065,3965,4905,5518,7562,10030,13145,16937,19105,17388,19573,14358,18369,4628,8648,192391,111203,29017,19446,46168,29709,7785,209,69
2021-06-17T23:59:59+02:00,47,38,5313,5133,9848,9812,14904,15778,23191,24804,30031,31374,23807,26616,16596,21169,4953,9378,1883,1958,3709,4661,5132,7200,9488,12657,15753,17914,16929,19084,14217,18195,4615,8624,189905,106092,29015,19438,46165,28793,7643,64,57
2021-06-16T23:59:59+02:00,45,30,5179,4998,9651,9652,14759,15649,23099,24710,29934,31298,23763,26572,16581,21157,4952,9368,1843,1917,3605,4577,5030,7082,8461,11807,15480,17621,16634,18748,14082,18025,4609,8591,188734,105213,29004,17565,46162,27848,7433,64,57
2021-06-15T23:59:59+02:00,40,26,4992,4812,9472,9497,14625,15507,23007,24620,29858,31212,23720,26499,16555,21124,4944,9353,1781,1859,3528,4483,4937,6970,8345,11665,15303,17395,16317,18440,13941,17856,4586,8533,187423,104459,29002,17561,46142,26634,7232,64,57
2021-06-14T23:59:59+02:00,38,23,4916,4748,9379,9390,14547,15418,22938,24546,29788,31152,23688,26460,16540,21106,4941,9347,1758,1836,3491,4459,4896,6938,8246,11602,15165,17261,16137,18236,13851,17759,4581,8526,186682,104234,28998,17558,46136,25812,7085,64,57
2021-06-13T23:59:59+02:00,37,22,4858,4700,9293,9315,14463,15351,22877,24496,29721,31100,23662,26432,16531,21096,4941,9345,1708,1821,3449,4435,4842,6895,8175,11566,15066,17166,15981,18052,13797,17686,4574,8519,186102,103956,28992,17556,46121,25206,6961,64,57
2021-06-12T23:59:59+02:00,35,21,4839,4685,9265,9292,14228,15178,22749,24368,29678,31056,23642,26417,16522,21088,4940,9343,1583,1699,3211,4225,4438,6592,7629,11136,13292,15478,15629,17681,13717,17584,4572,8505,185211,97261,28992,17556,46121,25142,6959,63,57
2021-06-11T23:59:59+02:00,31,20,4785,4631,9184,9239,13911,14958,22553,24220,29582,30966,23605,26372,16504,21076,4939,9340,1480,1566,3027,4017,4139,6228,7122,10592,11662,13604,15154,17107,13603,17437,4557,8491,183854,90379,28989,17555,46121,24911,6889,63,56
2021-06-10T23:59:59+02:00,25,17,4501,4403,8639,8908,12641,13943,21986,23772,29211,30665,23468,26215,16451,21008,4926,9325,1357,1475,2793,3836,3811,5945,6690,10203,10252,12277,14642,16534,13433,17230,4542,8465,178537,85852,28974,17553,46115,23613,6415,63,56
2021-06-09T23:59:59+02:00,22,13,4266,4240,8046,8617,11743,13285,21667,23558,28981,30514,23405,26152,16432,20984,4923,9321,1269,1421,2640,3765,3669,5867,6485,10111,9990,12098,14323,16189,13263,17050,4535,8447,176438,85522,27703,17451,46109,22240,5857,62,56
2021-06-08T23:59:59+02:00,18,10,4136,4140,7644,8391,11257,12995,21441,23379,28782,30361,23346,26078,16400,20942,4917,9312,1191,1395,2505,3708,3511,5800,5590,9367,9522,11739,13993,15788,13039,16816,4521,8425,174687,85173,27332,15303,46085,20999,5383,62,56
2021-06-07T23:59:59+02:00,14,8,4017,4061,7413,8285,10969,12817,21239,23265,28629,30245,23288,26025,16383,20917,4913,9304,1142,1276,2384,3648,3381,5738,5427,9293,9317,11615,13773,15538,12887,16654,4515,8407,173474,84987,27322,15300,46076,19798,4858,62,56
2021-06-06T23:59:59+02:00,12,8,3899,4002,7175,8163,10720,12656,21053,23176,28543,30155,23257,25991,16371,20899,4910,9300,1122,1259,2320,3612,3285,5686,5321,9218,9201,11514,13616,15384,12816,16560,4512,8400,172324,84798,27305,15296,46066,19147,4533,62,56
2021-06-05T23:59:59+02:00,12,8,3871,3965,7137,8123,10543,12499,20429,22669,28382,30010,23207,25946,16357,20880,4910,9296,1090,1158,2156,3160,3053,5150,5151,8888,8422,10567,12968,14546,12703,16413,4501,8390,170291,79428,27305,15296,46064,19016,4523,61,56
2021-06-04T23:59:59+02:00,12,8,3842,3939,7101,8098,10446,12407,20068,22342,28278,29914,23172,25908,16343,20870,4908,9295,1058,1091,2058,2851,2893,4673,4994,8519,7909,9909,11471,12833,12579,16216,4494,8372,169017,73061,27292,15295,46064,18994,4517,61,56
2021-06-03T23:59:59+02:00,7,5,3708,3837,6882,7961,9890,11985,18842,21413,27880,29604,23038,25766,16290,20808,4904,9281,1005,1046,1970,2740,2757,4518,4791,8219,7549,9461,11094,12438,12473,16103,4491,8359,164264,71278,27282,15292,46060,17957,4434,61,56
2021-06-02T23:59:59+02:00,7,5,3701,3829,6870,7944,9880,11974,18654,21233,27809,29555,23015,25745,16284,20799,4901,9279,1001,1039,1958,2710,2736,4499,4580,8036,7014,8973,11057,12397,12458,16088,4487,8353,164199,71170,26737,13801,46060,17935,4427,61,56
2021-06-01T23:59:59+02:00,7,5,3574,3753,6633,7797,9592,11781,18199,20886,27572,29360,22921,25643,16243,20747,4898,9267,964,991,1874,2640,2656,4427,4302,7803,6418,8442,10845,12185,12360,15986,4482,8341,162513,70732,25957,12509,46046,17121,4301,61,56
2021-05-31T23:59:59+02:00,7,5,3527,3708,6544,7730,9456,11682,18073,20795,27482,29284,22854,25582,16226,20719,4893,9260,935,967,1807,2600,2576,4385,4196,7739,6300,8367,10659,12017,12259,15871,4472,8333,161674,70373,25927,12504,46033,16421,4132,61,56
2021-05-30T23:59:59+02:00,7,4,3496,3684,6480,7676,9368,11592,17986,20716,27405,29214,22809,25537,16204,20692,4888,9250,931,960,1798,2592,2565,4373,4168,7715,6249,8326,10598,11940,12225,15829,4467,8324,160976,70332,25922,12501,46020,16134,4040,50,56
2021-05-29T23:59:59+02:00,7,4,3485,3665,6444,7649,9324,11555,17948,20677,27260,29109,22754,25463,16189,20672,4885,9246,895,941,1741,2546,2492,4288,3979,7461,5977,8031,8410,9290,12034,15488,4452,8295,160318,64113,25922,12499,46006,15614,4040,50,56
2021-05-28T23:59:59+02:00,7,4,3422,3610,6313,7572,9184,11424,17791,20546,27079,28988,22688,25388,16168,20655,4884,9245,882,927,1722,2526,2456,4235,3828,7164,5783,7770,5725,6191,11757,15092,4437,8246,158965,57293,25920,12499,46002,14887,4031,50,33
2021-05-27T23:59:59+02:00,7,4,3275,3480,6030,7392,8583,11092,17315,20209,26666,28641,22521,25223,16110,20592,4877,9227,832,869,1640,2431,2339,4101,3405,6201,5360,7178,5565,6018,11679,15019,4431,8229,155494,56811,25862,12453,45995,12159,3843,50,33
2021-05-26T23:59:59+02:00,7,4,3168,3397,5811,7226,8211,10806,16850,19903,26365,28405,22373,25090,16059,20518,4864,9207,815,861,1588,2406,2286,4071,3332,6127,5263,7108,5433,5891,11614,14953,4426,8217,152791,56739,25846,12451,45973,11566,3604,50,33
2021-05-25T23:59:59+02:00,7,4,3077,3334,5669,7113,8014,10644,15849,19124,26012,28051,22215,24937,16007,20438,4857,9197,795,843,1552,2362,2215,4012,3257,6060,5179,7044,5267,5723,11506,14873,4418,8206,151239,56675,23922,12264,45959,10961,3381,48,33
2021-05-24T23:59:59+02:00,7,4,3014,3316,5582,7069,7896,10583,14936,18435,25597,27739,22121,24834,15976,20402,4850,9185,787,841,1530,2345,2171,3977,3212,6013,5102,6964,5168,5616,11427,14797,4417,8200,150515,56643,21854,12188,45950,10526,3179,48,33
2021-05-23T23:59:59+02:00,7,4,3011,3312,5574,7062,7887,10575,14931,18434,25596,27738,22121,24834,15976,20402,4850,9185,785,838,1523,2338,2159,3964,3193,5998,5081,6931,5124,5564,11410,14773,4416,8198,150488,56635,21854,12188,45948,10280,3161,48,33
2021-05-22T23:59:59+02:00,6,4,2975,3270,5501,7016,7787,10488,14733,18273,25317,27496,22022,24748,15943,20359,4847,9181,763,817,1480,2286,2108,3885,3080,5878,4769,6365,4554,4823,10766,13952,4406,8159,148955,53393,21854,12188,45948,9318,3161,48,33
2021-05-21T23:59:59+02:00,4,4,2903,3195,5375,6920,7661,10342,14476,18043,25024,27261,21908,24640,15910,20310,4842,9172,732,764,1412,2158,2006,3620,2898,5545,4295,5477,4144,4287,10025,13013,4341,8033,147021,49666,21853,12188,45943,7734,3131,42,33
2021-05-20T23:59:59+02:00,4,4,2772,3032,5097,6665,7375,9976,14017,17560,24413,26713,21638,24345,15817,20191,4828,9142,718,754,1385,2133,1967,3587,2845,5492,4212,5401,4018,4185,9950,12950,4332,8022,142879,49577,21844,12177,45924,7265,2900,42,33
2021-05-19T23:59:59+02:00,4,4,2720,2980,5000,6526,7232,9794,12871,16526,24150,26426,21541,24215,15772,20130,4820,9135,699,728,1360,2085,1935,3502,2782,5346,4117,5295,3937,4095,9897,12886,4329,8018,141509,49549,19774,12113,45854,6650,2667,42,33
2021-05-18T23:59:59+02:00,4,4,2697,2957,4953,6494,7183,9764,12517,16251,23970,26274,21448,24126,15742,20077,4812,9123,670,671,1305,1956,1863,3301,2685,5138,3988,5098,3712,3818,9815,12806,4319,8008,141234,49529,18921,11115,45811,6089,2388,42,33
2021-05-17T23:59:59+02:00,4,4,2671,2936,4910,6424,7095,9656,12365,16073,23821,26114,21394,24075,15724,20054,4807,9115,662,657,1289,1920,1842,3252,2637,5030,3909,4984,3576,3667,9748,12743,4316,7999,140264,49507,18913,11105,45796,5360,2227,42,33
2021-05-16T23:59:59+02:00,4,4,2659,2922,4887,6357,7057,9573,12305,15999,23769,26054,21370,24058,15714,20040,4804,9112,657,651,1279,1917,1825,3243,2615,5018,3880,4962,3525,3601,9709,12711,4315,7997,139827,49496,18905,11094,45774,5143,2140,42,33
2021-05-15T23:59:59+02:00,4,4,2533,2782,4699,6152,6866,9387,11788,15583,23182,25504,21264,23940,15680,19997,4801,9104,607,589,1196,1830,1687,3089,2327,4711,3432,4452,3193,3174,9546,12506,4291,7968,136441,46538,18904,11094,45768,4819,2115,42,33
2021-05-14T23:59:59+02:00,4,4,2417,2606,4504,5927,6589,9074,11252,15074,22615,24937,21119,23801,15644,19939,4797,9093,544,512,1094,1710,1528,2875,1996,4309,2834,3867,2809,2737,9462,12359,4287,7964,132625,43620,18897,11092,45746,4057,2086,42,33
2021-05-13T23:59:59+02:00,4,4,2234,2319,4182,5544,6162,8600,10694,14388,21583,24025,20836,23527,15584,19840,4790,9078,540,512,1081,1694,1513,2856,1986,4283,2812,3841,2793,2719,9455,12355,4286,7964,126723,43545,18844,11084,45720,3964,2065,42,33
2021-05-12T23:59:59+02:00,4,4,2233,2316,4175,5543,6153,8594,10593,14267,21530,23986,20831,23516,15579,19832,4789,9078,532,490,1045,1639,1464,2777,1903,4197,2753,3782,2712,2624,9404,12282,4286,7964,126681,43542,18518,10257,45720,3961,2062,42,33
2021-05-11T23:59:59+02:00,4,4,2112,2277,4091,5478,6028,8480,10288,14017,21338,23824,20755,23445,15564,19799,4785,9073,507,466,984,1579,1395,2686,1803,4059,2680,3708,2558,2397,9340,12181,4285,7964,125739,43524,18181,9424,45439,3651,1961,42,33
2021-05-10T23:59:59+02:00,4,4,2071,2201,3984,5356,5893,8301,9497,13254,20959,23501,20665,23356,15525,19745,4775,9060,494,437,946,1514,1329,2596,1713,3897,2596,3613,2529,2373,9331,12163,4281,7959,124605,43493,16333,9241,45336,3170,1835,42,33
2021-05-09T23:59:59+02:00,4,4,2039,2186,3950,5316,5841,8253,9431,13185,20889,23428,20632,23315,15510,19718,4772,9046,487,428,925,1471,1303,2548,1679,3835,2558,3570,2520,2361,9321,12146,4281,7951,124162,43434,16329,9238,45241,2935,1745,42,33
2021-05-08T23:59:59+02:00,4,4,1976,2085,3766,5141,5568,8047,9120,12900,19756,22499,20436,23120,15477,19649,4767,9034,414,398,860,1431,1227,2476,1591,3733,2340,3358,1976,1934,9227,12061,4280,7951,120033,41979,16328,9237,45238,2294,1744,6,4
2021-05-07T23:59:59+02:00,4,4,1888,1973,3582,4970,5248,7751,8711,12529,18508,21228,20254,22908,15432,19591,4758,9015,323,339,751,1357,1097,2347,1457,3589,2168,3166,1609,1600,8739,11616,4279,7949,115095,40258,16326,9234,45217,1181,1710,6,4
2021-05-06T23:59:59+02:00,4,4,1704,1864,3296,4718,4798,7347,8069,11965,17268,19985,19920,22530,15325,19428,4748,9004,306,330,730,1328,1057,2301,1409,3505,2101,3098,1573,1545,8722,11585,4273,7946,109241,40239,16319,9228,44983,911,1428,6,4
2021-05-05T23:59:59+02:00,4,3,1634,1834,3216,4631,4721,7243,7938,11814,17112,19839,19800,22411,15249,19332,4726,8908,295,318,688,1276,996,2226,1327,3355,1992,2981,1480,1447,8308,11017,4267,7928,108483,40203,16176,8104,44813,654,937,6,4
2021-05-04T23:59:59+02:00,4,3,1608,1805,3174,4557,4662,7133,7686,11520,16554,19260,19714,22281,15175,19235,4698,8798,279,305,665,1248,975,2172,1268,3236,1879,2824,1408,1341,8239,10914,4263,7910,107798,40178,14830,7828,44710,394,523,6,4
2021-05-03T23:59:59+02:00,4,3,1600,1801,3166,4543,4624,7111,7433,11289,15862,18664,19650,22196,15149,19201,4692,8788,264,284,643,1166,927,2084,1205,3098,1781,2687,1342,1261,8214,10879,4259,7901,107716,40169,13234,7621,44670,52,150,6,4
2021-05-02T23:59:59+02:00,4,3,1599,1798,3161,4541,4620,7108,7420,11279,15843,18652,19634,22188,15149,19199,4691,8788,264,282,640,1165,922,2081,1195,3092,1773,2680,1328,1254,8213,10874,4258,7901,107689,40147,13232,7619,44646,49,104,6,4
2021-05-01T23:59:59+02:00,4,3,1466,1656,2881,4291,4153,6748,6803,10796,13910,16772,19253,21792,15058,19083,4688,8772,262,282,637,1163,921,2078,1193,3091,1771,2676,1323,1250,8211,10872,4258,7901,100149,40117,13232,7619,44642,49,101,5,4
2021-04-30T23:59:59+02:00,3,3,1343,1506,2666,4068,3823,6352,6236,10201,12119,14734,18795,21253,14954,18941,4674,8762,257,281,630,1156,906,2070,1181,3081,1759,2662,1312,1241,8207,10867,4257,7901,92525,40070,13232,7619,44642,46,30,4,4
2021-04-29T23:59:59+02:00,2,3,1227,1441,2501,3942,3583,6148,5879,9898,10779,13457,18536,20976,14911,18871,4670,8756,256,277,625,1149,894,2064,1161,3076,1729,2626,1286,1217,8201,10858,4257,7901,87838,40038,13223,7486,44502,37,13,4,4
2021-04-28T23:59:59+02:00,2,3,1168,1435,2451,3923,3533,6124,5817,9865,10682,13389,18506,20942,14904,18855,4670,8753,256,276,623,1148,891,2062,1157,3072,1721,2625,1280,1199,7759,10338,4257,7901,87569,40017,13173,6501,44264,33,12,4,3
2021-04-27T23:59:59+02:00,2,3,1120,1409,2350,3879,3469,6097,5698,9810,10565,13313,18473,20904,14891,18840,4669,8751,255,276,621,1141,890,2060,1153,3069,1717,2621,1269,1182,7342,9758,4257,7901,87064,39998,13120,5472,44044,29,11,4,3
2021-04-26T23:59:59+02:00,2,3,1078,1380,2260,3787,3342,5997,5531,9690,10262,13054,18411,20850,14883,18822,4667,8751,254,275,620,1140,884,2057,1146,3066,1699,2611,1254,1169,7333,9738,4257,7901,85728,39912,13110,5451,43917,28,11,4,3
2021-04-25T23:59:59+02:00,2,3,1075,1377,2252,3785,3335,5993,5511,9683,10227,13024,18401,20838,14882,18816,4667,8750,253,275,620,1140,884,2057,1143,3066,1699,2611,1254,1169,7333,9736,4257,7901,85705,39909,13101,5449,43801,28,10,4,3
2021-04-24T23:59:59+02:00,2,2,1032,1260,2066,3248,3065,5381,5317,9271,9396,11979,17695,19944,14768,18657,4659,8739,252,274,619,1139,884,2056,1143,3065,1693,2606,1251,1164,7331,9735,4257,7900,79590,39885,13101,5445,43777,28,9,4,3
2021-04-23T23:59:59+02:00,1,2,1000,1177,1953,2901,2883,4830,5122,8842,8843,11258,16066,18088,14623,18451,4651,8716,252,274,618,1139,882,2054,1142,3065,1692,2605,1246,1159,7327,9733,4257,7899,72577,39871,13100,5434,43717,28,9,4,3
2021-04-22T23:59:59+02:00,1,2,995,1166,1934,2885,2863,4811,5065,8796,8732,11155,15996,18011,14597,18421,4649,8711,250,274,614,1138,879,2053,1134,3053,1677,2585,1222,1137,7322,9725,4257,7899,72531,39857,13044,5324,43202,27,9,4,3
2021-04-21T23:59:59+02:00,1,2,986,1158,1922,2872,2836,4785,5019,8741,8625,11032,15910,17927,14568,18387,4649,8706,245,271,604,1129,865,2024,1124,3028,1666,2560,1209,1124,7099,9408,4256,7899,72491,39850,12988,4624,42634,26,9,4,3
2021-04-20T23:59:59+02:00,1,2,959,1109,1870,2757,2763,4624,4926,8562,8451,10825,15679,17646,14510,18328,4642,8700,232,268,586,1108,839,1994,1096,3002,1631,2519,1190,1111,7091,9403,4255,7898,72455,39829,11859,4359,42027,24,9,4,3
2021-04-19T23:59:59+02:00,1,2,950,1100,1838,2736,2713,4599,4802,8501,8251,10714,15587,17548,14488,18309,4642,8694,226,260,568,1086,821,1962,1078,2959,1586,2464,1172,1092,7084,9400,4253,7897,72055,39795,11837,4080,41570,22,9,4,3
2021-04-18T23:59:59+02:00,1,2,947,1099,1833,2730,2705,4587,4784,8489,8211,10672,15538,17490,14478,18292,4641,8692,226,260,568,1085,820,1962,1078,2959,1586,2463,1172,1091,7082,9399,4252,7897,72009,39789,11834,4078,41335,22,9,4,3
2021-04-17T23:59:59+02:00,0,2,914,1085,1784,2692,2637,4508,4630,8349,7949,10444,13176,14590,14281,17940,4624,8656,224,260,568,1082,816,1956,1066,2952,1576,2443,1135,1050,6751,8983,4227,7849,65200,38838,11834,4067,41214,22,9,4,3
2021-04-16T23:59:59+02:00,0,2,908,1079,1772,2681,2595,4470,4538,8265,7769,10253,10351,11339,14007,17524,4605,8600,222,255,567,1079,811,1952,1056,2949,1568,2431,1124,1037,6745,8978,4224,7846,57938,38761,11832,4051,40975,22,9,4,2
2021-04-15T23:59:59+02:00,0,2,895,1074,1750,2667,2553,4437,4426,8204,7538,10052,10102,11120,13945,17458,4599,8586,220,255,567,1077,810,1950,1053,2946,1565,2428,1119,1033,6743,8976,4224,7846,57915,38747,11830,4034,39650,21,9,4,2
2021-04-14T23:59:59+02:00,0,2,876,1046,1692,2584,2464,4314,4237,8022,7265,9769,9729,10639,13796,17280,4593,8577,195,232,526,1026,787,1883,1018,2866,1515,2367,1093,1003,6739,8967,4224,7845,57883,38731,10883,3527,38106,19,9,4,1
2021-04-13T23:59:59+02:00,0,2,851,1024,1654,2532,2396,4231,4136,7886,7055,9554,9324,10122,13652,17113,4588,8565,159,208,491,977,747,1790,984,2756,1463,2297,1074,968,6723,8956,4223,7845,57840,38667,9937,2972,36895,13,9,4,1
2021-04-12T23:59:59+02:00,0,2,847,1022,1635,2529,2366,4218,4083,7835,6915,9383,9059,9807,13588,17054,4577,8549,148,194,463,938,724,1725,963,2684,1419,2247,1052,952,6707,8936,4220,7840,57782,38551,9906,2639,35768,13,9,4,1
2021-04-11T23:59:59+02:00,0,2,846,1021,1624,2529,2353,4216,4060,7823,6850,9322,8925,9642,13561,17006,4572,8540,148,194,463,936,724,1724,961,2684,1418,2247,1052,952,6705,8936,4220,7840,57770,38545,9904,2638,35205,12,9,4,1
2021-04-10T23:59:59+02:00,0,2,830,1016,1596,2500,2316,4187,3989,7767,6718,9205,8369,8907,12898,16154,4561,8498,145,194,461,933,719,1721,961,2678,1409,2240,1039,937,6236,8439,4205,7824,54440,37483,9903,2637,35157,12,9,4,1
2021-04-09T23:59:59+02:00,0,2,808,987,1556,2452,2249,4107,3836,7608,6371,8874,7848,8249,12084,15131,4491,8361,143,193,459,928,713,1714,953,2668,1394,2230,1017,916,5994,8170,4188,7797,50471,36823,9898,2633,34632,12,9,4,1
2021-04-08T23:59:59+02:00,0,2,799,977,1529,2428,2183,4058,3701,7521,6117,8575,7235,7594,11925,14931,4480,8344,143,190,454,926,708,1707,945,2658,1387,2217,1005,914,5991,8168,4187,7797,50438,36803,9874,2573,32074,12,9,4,1
2021-04-07T23:59:59+02:00,0,2,793,968,1503,2410,2125,4020,3615,7451,5886,8309,6682,6965,11321,14182,4468,8317,124,183,425,879,662,1638,889,2588,1337,2148,984,898,5983,8162,4186,7797,50411,36779,8721,2084,29873,12,8,4,1
2021-04-06T23:59:59+02:00,0,2,788,966,1489,2402,2096,3998,3542,7402,5705,8138,6235,6458,11120,13966,4453,8289,100,162,376,818,617,1563,846,2488,1285,2084,960,882,5966,8149,4184,7793,50340,36754,8538,1500,28160,12,7,4,1
2021-04-05T23:59:59+02:00,0,2,783,962,1473,2395,2073,3989,3491,7376,5562,8028,6034,6243,11053,13880,4447,8279,94,160,375,816,610,1554,838,2473,1272,2066,932,852,4875,6750,4106,7687,50144,33951,8534,1490,27381,12,7,4,1
2021-04-04T23:59:59+02:00,0,2,781,957,1471,2393,2069,3987,3474,7369,5552,8021,6023,6223,11039,13862,4445,8276,94,160,373,814,607,1549,831,2466,1257,2046,909,830,3875,5589,4040,7581,50130,31512,8532,1490,27271,12,7,4,1
2021-04-03T23:59:59+02:00,0,2,729,902,1389,2324,1946,3848,3213,7109,5092,7530,5680,5768,10868,13645,4419,8247,92,160,373,813,607,1547,830,2466,1257,2046,909,830,3875,5586,4040,7580,46899,31502,8532,1490,27269,12,7,4,1
2021-04-02T23:59:59+02:00,0,2,686,868,1334,2256,1848,3734,2957,6849,4579,7051,5290,5309,10771,13482,4414,8241,91,160,373,813,607,1547,828,2466,1255,2042,907,826,3872,5583,4039,7580,43979,31482,8531,1489,27151,12,6,4,1
2021-04-01T23:59:59+02:00,0,2,683,866,1323,2252,1828,3726,2928,6835,4505,6978,5182,5201,10732,13433,4413,8237,91,160,371,809,605,1544,828,2463,1251,2038,897,825,3868,5581,4038,7579,43964,31473,8387,1457,26763,12,6,4,1
2021-03-31T23:59:59+02:00,0,2,681,864,1316,2236,1820,3716,2900,6807,4442,6932,5043,5041,10223,12827,4409,8229,91,160,370,809,605,1544,828,2463,1249,2038,896,825,3868,5580,4038,7578,43952,31467,7260,1457,26267,12,6,3,1
2021-03-30T23:59:59+02:00,0,2,672,861,1298,2216,1790,3687,2865,6772,4357,6843,4876,4848,9698,12127,4402,8214,86,157,369,805,600,1541,823,2457,1241,2036,885,815,3860,5577,4037,7577,43927,31446,6075,1404,25517,10,6,3,1
2021-03-29T23:59:59+02:00,0,2,667,853,1285,2181,1773,3656,2834,6730,4287,6758,4677,4651,9613,12033,4399,8200,86,157,369,803,597,1537,821,2451,1237,2029,877,809,3852,5570,4037,7577,43860,31433,5858,1360,24872,10,6,3,1
2021-03-28T23:59:59+02:00,0,2,664,851,1282,2178,1758,3646,2819,6718,4253,6705,4581,4541,9576,11969,4394,8193,86,157,369,802,597,1537,819,2451,1235,2029,876,809,3851,5570,4037,7577,43838,31431,5849,1355,24434,10,6,3,1
2021-03-27T23:59:59+01:00,0,2,660,846,1273,2173,1742,3630,2791,6688,4090,6562,4005,4088,9347,11722,4381,8174,86,157,367,800,595,1535,817,2448,1227,2023,872,805,3674,5281,3936,7408,41896,30660,5845,1355,24424,10,6,3,1
2021-03-26T23:59:59+01:00,0,2,654,838,1265,2163,1722,3613,2765,6666,4015,6484,3600,3724,8751,11166,4368,8160,86,157,366,799,594,1532,813,2445,1218,2019,860,792,2957,4342,3727,7065,39969,28401,5832,1355,24147,10,6,2,1
2021-03-25T23:59:59+01:00,0,2,647,833,1252,2149,1703,3589,2706,6627,3932,6406,3425,3507,8642,11055,4363,8154,86,157,366,799,594,1532,813,2444,1217,2019,860,792,2956,4341,3726,7064,39956,28395,5725,1355,23303,10,6,2,1
2021-03-24T23:59:59+01:00,0,2,641,826,1219,2123,1658,3544,2628,6559,3776,6257,3107,3145,8236,10507,4354,8142,82,155,354,786,578,1514,780,2410,1167,1987,827,755,2947,4335,3726,7061,39933,28095,4970,1354,21813,9,6,2,1
2021-03-23T23:59:59+01:00,0,2,628,818,1194,2091,1616,3497,2548,6478,3627,6103,2728,2762,8020,10288,4347,8126,77,151,342,764,543,1483,719,2347,1065,1906,744,695,2911,4301,3722,7057,39892,27465,4680,1347,20293,9,6,2,1
2021-03-22T23:59:59+01:00,0,2,604,705,1158,2037,1583,3442,2495,6408,3487,5972,2486,2524,7690,9933,4331,8090,77,150,342,764,543,1481,718,2346,1062,1906,743,692,2907,4296,3721,7054,39424,27440,4357,1347,19158,9,6,2,1
2021-03-21T23:59:59+01:00,0,2,603,702,1153,2029,1572,3432,2478,6393,3450,5938,2345,2360,7597,9821,4323,8076,77,150,342,763,543,1481,718,2346,1062,1906,743,692,2907,4295,3721,7054,39420,27438,4343,1347,18503,9,6,2,1
2021-03-20T23:59:59+01:00,0,2,602,702,1151,2023,1566,3425,2472,6387,3433,5916,2313,2322,7107,9303,4307,8060,77,150,342,763,542,1481,716,2345,1062,1905,743,692,2907,4293,3719,7052,38383,27427,4331,1347,18369,9,6,2,1
2021-03-19T23:59:59+01:00,0,2,595,695,1137,2007,1531,3402,2402,6248,3371,5809,2130,2143,6800,8986,4288,8035,77,150,341,757,538,1478,711,2336,1051,1892,734,686,2484,3691,3305,6307,37780,25183,4315,1347,17478,2,6,2,1
2021-03-18T23:59:59+01:00,0,2,580,679,1117,1977,1504,3372,2362,6180,3298,5720,1978,1947,6682,8868,4282,8024,76,150,341,756,537,1478,710,2332,1048,1891,727,683,2434,3619,3278,6265,37760,24992,4304,1325,16500,2,6,2,1
2021-03-17T23:59:59+01:00,0,1,551,653,1072,1922,1467,3288,2284,6063,3146,5565,1723,1681,6516,8715,4272,8009,75,146,329,729,521,1434,688,2275,1010,1850,710,664,2196,3327,3198,6141,37689,24031,3781,1254,15451,2,6,1,1
2021-03-16T23:59:59+01:00,0,1,507,624,1032,1866,1416,3184,2219,5909,3030,5431,1527,1459,6382,8568,4262,7988,69,133,308,673,491,1357,659,2140,981,1722,661,614,2085,3193,3175,6057,37634,23288,3162,1023,14603,2,5,1,1
2021-03-15T23:59:59+01:00,0,1,495,613,1001,1821,1382,3116,2188,5824,2943,5348,1404,1325,5803,7882,4224,7925,66,126,293,615,476,1237,621,2010,941,1609,633,594,2048,3154,3162,5998,36403,22892,2809,689,14082,2,0,1,1
2021-03-14T23:59:59+01:00,0,1,490,607,991,1809,1379,3099,2172,5806,2909,5321,1362,1275,5411,7435,4201,7907,65,121,289,592,470,1210,615,1954,931,1584,633,594,2048,3154,3161,5996,35588,22886,2804,529,13782,2,0,1,1
2021-03-13T23:59:59+01:00,0,1,469,589,954,1762,1326,3035,1916,5218,2669,4909,1257,1162,4761,6588,4151,7831,65,121,288,589,468,1208,613,1952,930,1580,631,589,1689,2674,2639,5244,33917,20749,2800,529,11880,2,0,1,1
2021-03-12T23:59:59+01:00,0,1,453,568,934,1721,1296,2954,1712,4431,2462,4460,1187,1079,4065,5788,4104,7749,65,119,287,585,468,1205,611,1944,925,1575,628,582,1370,2138,2107,4453,32245,18532,2797,529,9921,1,0,1,1
2021-03-11T23:59:59+01:00,0,1,449,561,926,1710,1281,2937,1687,4397,2426,4424,1113,1025,4023,5752,4101,7745,65,112,281,563,454,1153,602,1895,906,1539,616,569,1364,2121,2098,4404,32213,18284,2704,457,9640,1,0,1,1
2021-03-10T23:59:59+01:00,0,1,428,550,881,1652,1227,2860,1614,4300,2360,4331,1080,1002,4007,5737,4100,7743,65,112,279,559,451,1146,597,1873,906,1534,610,561,1303,2035,2055,4348,32198,18001,2139,432,9535,1,0,1,1
2021-03-09T23:59:59+01:00,0,1,406,534,833,1602,1186,2797,1573,4217,2317,4278,1059,991,4001,5730,4099,7742,63,111,278,558,450,1135,595,1861,900,1529,608,555,1099,1726,1940,4176,32152,17178,1690,405,9523,1,0,1,1
2021-03-08T23:59:59+01:00,0,1,399,523,823,1588,1177,2781,1565,4192,2306,4265,1046,981,3965,5683,4097,7737,62,111,274,553,446,1129,594,1857,896,1527,608,555,1030,1636,1895,4133,32026,16924,1594,381,9508,1,0,1,1
2021-03-07T23:59:59+01:00,0,1,398,520,823,1587,1175,2779,1561,4186,2296,4260,1040,973,3959,5677,4096,7736,59,108,265,531,434,1103,579,1757,861,1452,607,555,927,1507,1845,4065,32010,16567,1555,88,9501,0,0,1,1
2021-03-06T23:59:59+01:00,0,1,390,504,804,1554,1152,2721,1520,4119,2103,3764,1011,936,3786,5406,3999,7575,59,108,265,531,434,1102,579,1757,861,1452,607,555,924,1506,1842,4064,31303,16558,1555,88,8486,0,0,1,1
2021-03-05T23:59:59+01:00,0,1,375,464,771,1450,1102,2504,1445,3906,1890,3094,983,891,3041,4447,3795,7236,59,107,264,528,431,1096,578,1752,857,1449,604,553,885,1448,1819,4026,29008,16368,1554,88,6832,0,0,1,1
2021-03-04T23:59:59+01:00,0,1,360,456,764,1430,1089,2481,1426,3877,1867,3075,970,887,3037,4443,3792,7234,59,106,261,525,427,1080,568,1730,856,1441,602,551,848,1394,1796,3991,28995,16210,1516,25,6677,0,0,1,1
2021-03-03T23:59:59+01:00,0,1,349,424,745,1379,1059,2398,1376,3723,1789,2978,937,843,3027,4437,3792,7231,58,106,258,523,426,1076,566,1721,853,1437,602,550,828,1341,1711,3846,28683,15879,1516,23,6288,0,0,1,1
2021-03-02T23:59:59+01:00,0,1,343,415,729,1355,1011,2353,1307,3639,1673,2882,849,777,2985,4400,3786,7226,58,106,257,519,425,1069,566,1715,853,1433,601,550,828,1341,1711,3846,28046,15855,1453,23,6231,0,0,1,1
2021-03-01T23:59:59+01:00,0,1,339,401,722,1308,999,2295,1287,3557,1647,2833,831,768,2977,4391,3786,7226,58,105,256,515,420,1055,562,1702,844,1425,600,548,732,1189,1658,3766,28007,15412,1405,23,5955,0,0,1,1
2021-02-28T23:59:59+01:00,0,1,334,388,714,1269,986,2219,1275,3470,1625,2754,827,758,2975,4387,3785,7224,58,105,256,515,420,1054,562,1702,843,1425,600,547,636,1065,1612,3686,27996,15063,1402,23,5592,0,0,1,1
2021-02-27T23:59:59+01:00,0,1,325,368,700,1244,966,2182,1240,3402,1602,2701,810,743,2972,4387,3784,7224,58,105,256,515,420,1054,561,1702,842,1425,600,547,636,1064,1612,3686,27994,15060,1402,23,5254,0,0,1,1
2021-02-26T23:59:59+01:00,0,1,300,315,652,1179,902,2064,1150,3236,1498,2562,781,721,2543,3782,3367,6458,58,105,253,513,420,1052,559,1700,839,1419,596,544,629,1052,1603,3667,25732,14986,1402,23,4376,0,0,1,1
2021-02-25T23:59:59+01:00,0,1,295,302,639,1148,881,2022,1131,3170,1480,2517,778,718,2497,3709,3337,6415,56,103,249,504,420,1048,554,1690,836,1408,590,539,552,942,1559,3611,25514,14640,1402,21,4123,0,0,1,1
2021-02-24T23:59:59+01:00,0,1,276,292,588,1101,834,1955,1073,3075,1436,2459,761,699,2259,3408,3256,6285,55,99,245,497,414,1031,546,1668,833,1389,583,528,539,922,1548,3589,24534,14471,1402,15,3821,0,0,1,1
2021-02-23T23:59:59+01:00,0,1,263,272,560,1044,797,1878,1005,2926,1364,2357,710,649,2148,3273,3233,6195,55,98,243,491,414,1015,536,1636,826,1367,575,522,524,875,1537,3545,23746,14244,1397,15,3531,0,0,1,1
2021-02-22T23:59:59+01:00,0,1,259,266,548,982,777,1802,980,2832,1328,2297,687,629,2121,3238,3225,6138,55,97,237,485,412,1002,527,1620,822,1342,561,510,507,850,1531,3495,23357,14038,1397,15,3355,0,0,1,1
2021-02-21T23:59:59+01:00,0,1,256,258,539,957,764,1765,972,2784,1298,2271,687,627,2119,3238,3224,6137,55,97,236,485,412,1002,527,1620,822,1341,561,509,507,850,1531,3494,23351,14034,1397,15,3148,0,0,1,1
2021-02-20T23:59:59+01:00,0,1,172,227,468,908,696,1688,902,2695,1213,2172,672,612,1753,2724,2676,5344,55,97,236,485,412,1002,527,1619,822,1341,561,509,507,850,1531,3494,21105,14033,1397,15,2420,0,0,1,1
2021-02-19T23:59:59+01:00,0,1,82,164,357,827,570,1555,769,2546,1078,2020,656,591,1451,2212,2142,4556,55,97,236,485,412,1001,527,1619,822,1340,561,509,499,846,1530,3488,18926,14013,1397,14,1253,0,0,1,1
2021-02-18T23:59:59+01:00,0,1,79,159,345,777,549,1466,736,2406,1045,1953,641,581,1442,2194,2133,4507,52,90,232,463,398,936,512,1539,803,1266,547,495,493,828,1529,3471,18689,13640,1372,14,952,0,0,1,1
2021-02-17T23:59:59+01:00,0,1,78,151,331,754,540,1433,707,2313,1009,1854,635,571,1384,2107,2087,4458,52,87,230,454,390,898,501,1474,784,1184,534,483,491,826,1529,3471,18431,13374,1299,14,682,0,0,1,1
2021-02-16T23:59:59+01:00,0,1,73,145,316,715,512,1360,675,2205,984,1750,625,564,1141,1763,1969,4281,51,78,229,449,384,868,488,1409,758,1117,513,470,489,826,1526,3470,17527,13123,1061,2,490,0,0,1,1
2021-02-15T23:59:59+01:00,0,1,68,129,290,612,477,1219,620,1993,934,1591,616,562,1058,1658,1918,4219,51,78,227,444,380,862,487,1405,755,1110,513,470,488,823,1525,3467,17204,13085,723,0,37,0,0,1,1
2021-02-14T23:59:59+01:00,0,1,67,122,285,587,472,1190,609,1939,920,1569,616,562,961,1535,1873,4163,51,78,227,444,380,862,487,1403,755,1110,513,470,488,823,1525,3467,16880,13083,568,0,22,0,0,1,1
2021-02-13T23:59:59+01:00,0,1,67,121,285,586,471,1186,608,1937,918,1566,615,561,960,1527,1869,4160,51,78,227,443,378,858,486,1398,753,1109,511,468,471,785,1270,3009,16847,12295,568,0,22,0,0,1,1
2021-02-12T23:59:59+01:00,0,1,66,121,284,585,467,1182,608,1934,915,1565,612,560,921,1476,1849,4120,51,78,227,439,375,849,481,1389,747,1103,504,460,453,746,924,2317,16678,11143,568,0,19,0,0,1,1
2021-02-11T23:59:59+01:00,0,1,66,115,281,574,454,1155,602,1908,908,1553,611,559,879,1418,1827,4083,51,75,212,409,361,802,465,1316,732,1071,501,459,453,746,923,2316,16503,10893,485,0,5,0,0,1,0
2021-02-10T23:59:59+01:00,0,1,65,115,277,571,452,1151,598,1892,903,1549,611,559,870,1402,1806,4039,50,65,178,332,307,699,415,1144,653,978,466,447,448,745,923,2315,16402,10166,457,0,1,0,0,1,0
2021-02-09T23:59:59+01:00,0,1,63,114,271,568,449,1138,597,1878,897,1543,610,558,858,1367,1741,3936,42,53,125,255,231,548,334,942,551,824,431,436,444,744,921,2315,16159,9197,429,0,0,0,0,1,0
2021-02-08T23:59:59+01:00,0,1,62,114,268,559,446,1131,596,1863,891,1535,609,556,757,1217,1687,3854,38,43,86,165,168,410,268,704,491,689,423,429,440,741,920,2315,15741,8331,404,0,0,0,0,1,0
2021-02-07T23:59:59+01:00,0,1,59,111,259,536,431,1100,580,1760,856,1456,608,555,655,1090,1640,3771,37,42,82,163,165,403,263,691,486,678,421,428,440,741,920,2314,15372,8275,95,0,0,0,0,1,0
2021-02-06T23:59:59+01:00,0,1,59,111,258,536,431,1100,578,1759,854,1453,605,553,653,1081,1634,3764,34,41,81,160,162,393,259,683,475,670,413,427,404,693,687,1934,15334,7517,95,0,0,0,0,1,0
2021-02-05T23:59:59+01:00,0,1,59,111,256,533,431,1098,577,1758,852,1451,603,553,643,1074,1628,3753,32,39,77,154,157,385,251,664,458,660,407,427,398,668,299,1312,15285,6389,95,0,0,0,0,1,0
2021-02-04T23:59:59+01:00,0,1,57,109,251,526,425,1082,561,1731,848,1437,596,544,560,957,1580,3695,31,36,73,149,151,374,237,643,441,646,402,421,393,661,297,1307,14932,6263,27,0,0,0,0,1,0
2021-02-03T23:59:59+01:00,0,1,56,104,247,519,424,1062,558,1716,846,1422,592,534,550,947,1577,3682,24,28,59,117,118,275,173,503,332,497,300,321,318,520,226,1046,14811,4858,25,0,0,0,0,1,0
2021-02-02T23:59:59+01:00,0,1,56,103,244,513,424,1044,546,1683,838,1398,579,525,539,902,1568,3638,17,21,40,76,82,181,121,339,217,358,211,215,202,326,162,692,14575,3261,25,0,0,0,0,1,0
2021-02-01T23:59:59+01:00,0,1,56,101,240,505,422,1028,538,1662,833,1375,571,519,522,873,1560,3594,7,11,20,40,44,93,64,168,94,161,99,98,85,152,70,307,14374,1513,25,0,0,0,0,1,0
2021-01-31T23:59:59+01:00,0,1,56,101,239,504,420,1024,536,1657,831,1372,571,518,522,873,1560,3593,7,11,18,36,39,79,60,142,81,146,95,98,84,151,68,306,14352,1421,25,0,0,0,0,1,0
2021-01-30T23:59:59+01:00,0,1,56,101,239,504,420,1024,536,1657,831,1372,571,518,522,873,1560,3593,7,11,18,36,39,79,60,142,81,146,95,97,84,151,68,306,14352,1420,25,0,0,0,0,1,0
2021-01-29T23:59:59+01:00,0,1,56,101,239,504,420,1024,536,1657,831,1372,571,518,522,873,1560,3593,7,11,18,36,39,79,60,142,81,146,95,97,84,151,68,306,14352,1420,25,0,0,0,0,1,0
2021-01-28T23:59:59+01:00,0,1,54,93,235,476,408,958,518,1571,809,1290,558,503,516,856,1558,3579,3,2,4,6,10,13,19,34,21,31,16,20,19,33,17,91,13963,339,19,0,0,0,0,1,0
2021-01-27T23:59:59+01:00,0,1,52,89,235,466,400,919,508,1505,789,1207,546,490,514,854,1558,3579,3,2,4,6,8,13,19,33,21,30,16,20,19,33,17,91,13694,335,17,0,0,0,0,1,0
2021-01-26T23:59:59+01:00,0,1,51,83,231,463,393,890,497,1437,764,1140,524,477,512,854,1558,3579,1,2,4,6,8,12,17,29,17,25,14,18,17,31,17,84,13437,302,16,0,0,0,0,1,0
2021-01-25T23:59:59+01:00,0,1,51,83,228,458,389,884,497,1434,762,1135,524,477,512,853,1558,3577,0,0,0,0,0,0,0,0,0,0,1,1,0,2,0,0,13407,4,15,0,0,0,0,1,0
2021-01-24T23:59:59+01:00,0,1,51,83,228,458,389,884,497,1433,762,1135,524,477,512,853,1558,3577,0,0,0,0,0,0,0,0,0,0,1,1,0,2,0,0,13406,4,15,0,0,0,0,1,0
2021-01-23T23:59:59+01:00,0,1,51,83,228,457,388,880,497,1427,761,1133,521,475,495,815,1305,3109,0,0,0,0,0,0,0,0,0,0,1,1,0,2,0,0,12610,4,15,0,0,0,0,1,0
2021-01-22T23:59:59+01:00,0,1,51,83,227,453,384,871,492,1417,756,1125,515,467,478,774,947,2394,0,0,0,0,0,0,0,0,0,0,1,1,0,2,0,0,11420,4,15,0,0,0,0,0,0
2021-01-21T23:59:59+01:00,0,1,51,80,209,420,357,815,465,1318,730,1091,511,467,478,774,946,2393,0,0,0,0,0,0,0,0,0,0,1,1,0,2,0,0,11091,4,15,0,0,0,0,0,0
2021-01-20T23:59:59+01:00,0,1,49,70,181,349,316,730,423,1164,660,1000,475,456,473,774,946,2392,0,0,0,0,0,0,0,0,0,0,1,1,0,2,0,0,10444,4,15,0,0,0,0,0,0
2021-01-19T23:59:59+01:00,0,1,43,57,135,272,243,571,346,982,570,860,440,444,469,772,946,2392,0,0,0,0,0,0,0,0,0,0,1,0,0,2,0,0,9536,3,7,0,0,0,0,0,0
2021-01-18T23:59:59+01:00,0,1,39,44,86,173,174,421,278,719,499,703,431,437,466,767,944,2392,0,0,0,0,0,0,0,0,0,0,0,0,0,1,0,0,8574,1,0,0,0,0,0,0,0
2021-01-17T23:59:59+01:00,0,1,37,43,83,169,170,413,274,708,494,690,429,437,466,767,944,2391,0,0,0,0,0,0,0,0,0,0,0,0,0,0,0,0,8516,0,0,0,0,0,0,0,0
2021-01-16T23:59:59+01:00,0,1,34,42,81,167,166,404,267,701,479,682,421,436,427,720,704,2006,0,0,0,0,0,0,0,0,0,0,0,0,0,0,0,0,7738,0,0,0,0,0,0,0,0
2021-01-15T23:59:59+01:00,0,1,32,40,78,160,163,398,260,684,465,674,415,435,422,696,310,1375,0,0,0,0,0,0,0,0,0,0,0,0,0,0,0,0,6608,0,0,0,0,0,0,0,0
2021-01-14T23:59:59+01:00,0,1,32,38,77,156,158,393,252,675,454,666,412,433,422,695,310,1375,0,0,0,0,0,0,0,0,0,0,0,0,0,0,0,0,6549,0,0,0,0,0,0,0,0
2021-01-13T23:59:59+01:00,0,0,24,31,61,123,123,298,192,541,346,523,315,332,348,550,239,1106,0,0,0,0,0,0,0,0,0,0,0,0,0,0,0,0,5152,0,0,0,0,0,0,0,0
2021-01-12T23:59:59+01:00,0,0,17,24,45,85,88,210,139,391,236,387,225,226,227,354,173,749,0,0,0,0,0,0,0,0,0,0,0,0,0,0,0,0,3576,0,0,0,0,0,0,0,0
2021-01-11T23:59:59+01:00,0,0,9,15,26,44,58,134,88,220,124,205,112,107,99,172,80,333,0,0,0,0,0,0,0,0,0,0,0,0,0,0,0,0,1826,0,0,0,0,0,0,0,0
2021-01-10T23:59:59+01:00,0,0,8,15,22,41,51,106,80,179,105,172,106,104,95,170,77,333,0,0,0,0,0,0,0,0,0,0,0,0,0,0,0,0,1664,0,0,0,0,0,0,0,0
2021-01-09T23:59:59+01:00,0,0,8,15,22,41,51,106,80,179,105,172,106,103,95,170,77,333,0,0,0,0,0,0,0,0,0,0,0,0,0,0,0,0,1663,0,0,0,0,0,0,0,0
2021-01-08T23:59:59+01:00,0,0,8,14,21,40,49,100,75,168,99,169,103,99,90,161,75,325,0,0,0,0,0,0,0,0,0,0,0,0,0,0,0,0,1596,0,0,0,0,0,0,0,0
2021-01-07T23:59:59+01:00,0,0,3,3,4,7,10,14,20,34,23,34,17,20,20,34,19,95,0,0,0,0,0,0,0,0,0,0,0,0,0,0,0,0,357,0,0,0,0,0,0,0,0
2021-01-06T23:59:59+01:00,0,0,3,2,4,6,8,13,20,33,21,31,17,20,20,34,19,94,0,0,0,0,0,0,0,0,0,0,0,0,0,0,0,0,345,0,0,0,0,0,0,0,0
2021-01-05T23:59:59+01:00,0,0,3,2,4,6,8,13,20,33,21,31,17,20,20,34,19,94,0,0,0,0,0,0,0,0,0,0,0,0,0,0,0,0,345,0,0,0,0,0,0,0,0
2021-01-04T23:59:59+01:00,0,0,0,0,0,0,0,0,1,0,0,0,1,1,0,2,0,0,0,0,0,0,0,0,0,0,0,0,0,0,0,0,0,0,5,0,0,0,0,0,0,0,0
2021-01-03T23:59:59+01:00,0,0,0,0,0,0,0,0,1,0,0,0,1,1,0,2,0,0,0,0,0,0,0,0,0,0,0,0,0,0,0,0,0,0,5,0,0,0,0,0,0,0,0
2021-01-02T23:59:59+01:00,0,0,0,0,0,0,0,0,1,0,0,0,1,1,0,2,0,0,0,0,0,0,0,0,0,0,0,0,0,0,0,0,0,0,5,0,0,0,0,0,0,0,0
2021-01-01T23:59:59+01:00,0,0,0,0,0,0,0,0,1,0,0,0,1,1,0,2,0,0,0,0,0,0,0,0,0,0,0,0,0,0,0,0,0,0,5,0,0,0,0,0,0,0,0
2020-12-31T23:59:59+01:00,0,0,0,0,0,0,0,0,1,0,0,0,1,1,0,2,0,0,0,0,0,0,0,0,0,0,0,0,0,0,0,0,0,0,5,0,0,0,0,0,0,0,0
2020-12-30T23:59:59+01:00,0,0,0,0,0,0,0,0,1,0,0,0,1,1,0,2,0,0,0,0,0,0,0,0,0,0,0,0,0,0,0,0,0,0,5,0,0,0,0,0,0,0,0
2020-12-29T23:59:59+01:00,0,0,0,0,0,0,0,0,1,0,0,0,1,0,0,2,0,0,0,0,0,0,0,0,0,0,0,0,0,0,0,0,0,0,4,0,0,0,0,0,0,0,0
2020-12-28T23:59:59+01:00,0,0,0,0,0,0,0,0,0,0,0,0,1,0,0,1,0,0,0,0,0,0,0,0,0,0,0,0,0,0,0,0,0,0,2,0,0,0,0,0,0,0,0
2020-12-27T23:59:59+01:00,0,0,0,0,0,0,0,0,0,0,0,0,0,0,0,0,0,0,0,0,0,0,0,0,0,0,0,0,0,0,0,0,0,0,0,0,0,0,0,0,0,0,0
