Datum,<15_m,<15_w,15-24_1_m,15-24_1_w,25-34_1_m,25-34_1_w,35-44_1_m,35-44_1_w,45-54_1_m,45-54_1_w,55-64_1_m,55-64_1_w,65-74_1_m,65-74_1_w,75-84_1_m,75-84_1_w,>84_1_m,>84_1_w,<24_2_m,<24_2_w,25-34_2_m,25-34_2_w,35-44_2_m,35-44_2_w,45-54_2_m,45-54_2_w,55-64_2_m,55-64_2_w,65-74_2_m,65-74_2_w,75-84_2_m,75-84_2_w,>84_2_m,>84_2_w,bp_1,bp_2,mo_1,mo_2,az_1,az_2,ja,unb_1,unb_2
2021-09-15T23:59:59+02:00,1643,1427,13718,13007,16730,15635,20081,20394,26784,27920,33421,34442,25468,28334,17271,22119,5109,9665,12076,11431,15474,14311,18902,18906,25305,26124,31916,32786,24668,27414,16804,21395,4953,9246,240447,225127,31745,29623,46527,44791,14329,129,54
2021-09-14T23:59:59+02:00,1627,1416,13656,12943,16663,15584,20022,20347,26735,27865,33374,34396,25448,28318,17259,22107,5105,9660,12014,11370,15409,14255,18849,18861,25258,26072,31860,32734,24637,27389,16789,21374,4953,9231,240064,224718,31692,29534,46527,44791,14122,129,54
2021-09-13T23:59:59+02:00,1605,1400,13618,12906,16637,15559,20003,20323,26713,27840,33355,34372,25438,28311,17254,22096,5105,9657,11972,11335,15377,14235,18825,18831,25235,26043,31834,32712,24628,27379,16776,21365,4950,9230,239785,224410,31691,29532,46522,44789,14074,129,54
2021-09-12T23:59:59+02:00,1595,1397,13596,12884,16614,15542,19994,20313,26704,27823,33350,34360,25434,28306,17253,22092,5105,9654,11939,11316,15348,14217,18803,18810,25220,26030,31820,32698,24620,27370,16773,21361,4949,9227,239634,224190,31691,29532,46520,44788,14051,129,54
2021-09-11T23:59:59+02:00,1584,1396,13580,12872,16599,15533,19985,20310,26692,27817,33346,34356,25430,28305,17252,22091,5103,9654,11872,11265,15332,14208,18797,18799,25208,26019,31812,32685,24618,27368,16772,21360,4949,9227,239568,223867,31671,29530,46520,44788,14025,129,54
2021-09-10T23:59:59+02:00,1546,1350,13438,12744,16529,15459,19880,20225,26608,27752,33284,34301,25391,28274,17236,22068,5097,9649,11754,11160,15248,14127,18690,18715,25113,25962,31739,32627,24576,27337,16755,21340,4944,9222,238980,223317,31657,29519,46520,44788,13552,129,54
2021-09-09T23:59:59+02:00,1525,1329,13366,12677,16475,15409,19828,20190,26555,27686,33242,34260,25363,28255,17231,22055,5092,9640,11694,11088,15198,14077,18637,18687,25056,25922,31693,32591,24554,27322,16741,21330,4938,9208,238608,222945,31582,29480,46520,44788,13346,129,54
2021-09-08T23:59:59+02:00,1510,1312,13335,12651,16459,15385,19809,20177,26539,27674,33229,34249,25351,28247,17225,22049,5089,9637,11649,11046,15171,14059,18625,18670,25038,25897,31673,32581,24541,27307,16739,21324,4937,9205,238384,222667,31582,29480,46516,44787,13323,129,54
2021-09-07T23:59:59+02:00,1481,1295,13277,12605,16421,15353,19787,20148,26502,27653,33195,34219,25327,28229,17219,22033,5084,9631,11591,10982,15121,14006,18589,18640,24992,25853,31621,32554,24514,27283,16731,21308,4932,9202,238154,222367,31499,29366,46516,44787,13168,129,54
2021-09-06T23:59:59+02:00,1466,1287,13248,12571,16398,15329,19768,20128,26486,27638,33184,34210,25324,28216,17216,22029,5081,9631,11570,10950,15101,13974,18568,18624,24976,25833,31600,32539,24503,27270,16730,21301,4929,9202,237937,222141,31499,29355,46516,44786,13136,129,54
2021-09-05T23:59:59+02:00,1456,1280,13233,12552,16383,15312,19759,20121,26480,27631,33174,34197,25321,28214,17214,22025,5081,9631,11549,10934,15076,13957,18558,18615,24970,25827,31591,32520,24500,27260,16727,21296,4927,9201,237816,221996,31499,29355,46516,44785,13111,129,54
2021-09-04T23:59:59+02:00,1456,1280,13232,12551,16383,15312,19757,20121,26479,27631,33174,34197,25321,28214,17214,22024,5081,9631,11549,10932,15074,13957,18553,18615,24969,25825,31591,32518,24499,27260,16727,21296,4927,9201,237814,221985,31499,29354,46516,44785,13107,129,54
2021-09-03T23:59:59+02:00,1429,1264,13136,12450,16328,15263,19723,20082,26439,27605,33138,34180,25303,28204,17210,22013,5079,9630,11412,10807,15012,13888,18485,18569,24897,25778,31531,32482,24467,27232,16714,21280,4924,9197,237332,221194,31498,29348,46516,44785,13008,129,54
2021-09-02T23:59:59+02:00,1414,1258,13072,12408,16286,15232,19689,20058,26405,27572,33113,34160,25290,28191,17205,22009,5079,9626,11337,10766,14966,13856,18449,18551,24864,25757,31493,32453,24448,27211,16708,21275,4924,9195,237109,220931,31436,29307,46513,44776,12887,129,54
2021-09-01T23:59:59+02:00,1391,1242,13035,12368,16266,15211,19670,20044,26386,27554,33091,34135,25280,28180,17199,22000,5076,9622,11296,10732,14944,13827,18429,18531,24844,25734,31468,32423,24434,27197,16701,21269,4922,9193,236814,220604,31431,29305,46512,44775,12871,129,54
2021-08-31T23:59:59+02:00,1360,1220,12981,12308,16223,15174,19636,20002,26341,27505,33053,34101,25264,28159,17193,21988,5072,9619,11223,10662,14896,13767,18375,18500,24795,25681,31410,32380,24403,27182,16693,21256,4919,9186,236516,220177,31368,29274,46512,44759,12681,129,54
2021-08-30T23:59:59+02:00,1336,1206,12944,12271,16198,15153,19615,19984,26317,27488,33031,34085,25253,28149,17193,21984,5070,9617,11146,10628,14869,13747,18353,18476,24766,25665,31383,32353,24391,27167,16687,21249,4916,9183,236272,219882,31368,29274,46512,44748,12619,129,54
2021-08-29T23:59:59+02:00,1332,1200,12931,12254,16186,15144,19605,19974,26313,27480,33024,34071,25248,28142,17191,21983,5070,9617,11129,10591,14857,13730,18338,18462,24753,25656,31375,32341,24380,27156,16685,21243,4916,9183,236167,219705,31368,29274,46512,44744,12595,129,54
2021-08-28T23:59:59+02:00,1325,1188,12899,12232,16172,15133,19593,19960,26306,27471,33015,34065,25246,28137,17190,21980,5070,9616,11054,10519,14823,13697,18292,18435,24717,25623,31332,32310,24363,27143,16676,21227,4916,9180,236009,219181,31367,29274,46512,44744,12587,129,54
2021-08-27T23:59:59+02:00,1306,1173,12835,12176,16125,15086,19535,19913,26251,27422,32973,34035,25228,28125,17186,21966,5070,9613,11017,10486,14785,13672,18276,18420,24682,25599,31304,32289,24350,27132,16673,21223,4916,9179,235586,219028,31367,29273,46512,44743,12430,129,54
2021-08-26T23:59:59+02:00,1287,1157,12764,12119,16079,15043,19492,19873,26196,27365,32923,33988,25198,28096,17179,21957,5067,9610,10948,10437,14739,13630,18231,18391,24638,25561,31260,32250,24328,27116,16666,21214,4916,9175,235218,218719,31307,29259,46512,44736,12232,129,54
2021-08-25T23:59:59+02:00,1269,1141,12740,12076,16059,15018,19471,19858,26169,27349,32888,33960,25180,28077,17172,21950,5066,9607,10899,10394,14708,13601,18197,18360,24617,25542,31227,32212,24315,27099,16658,21204,4914,9172,234909,218346,31307,29258,46505,44732,12203,129,54
2021-08-24T23:59:59+02:00,1242,1123,12679,12005,16006,14976,19426,19818,26123,27303,32843,33927,25160,28053,17160,21939,5065,9602,10819,10320,14665,13559,18151,18324,24566,25493,31185,32175,24291,27072,16643,21189,4913,9171,234602,217929,31183,29219,46505,44732,12034,129,54
2021-08-23T23:59:59+02:00,1229,1110,12641,11966,15980,14957,19405,19782,26102,27269,32814,33905,25146,28040,17156,21930,5065,9599,10765,10269,14636,13520,18113,18290,24539,25464,31149,32143,24278,27053,16636,21186,4911,9170,234300,217530,31182,29219,46505,44730,11983,129,54
2021-08-22T23:59:59+02:00,1221,1103,12626,11944,15964,14941,19398,19763,26090,27258,32803,33890,25135,28034,17154,21927,5062,9599,10735,10240,14615,13504,18092,18279,24526,25447,31134,32130,24268,27043,16634,21181,4910,9169,234135,217312,31182,29218,46505,44729,11964,129,54
2021-08-21T23:59:59+02:00,1134,1031,12551,11887,15952,14929,19389,19752,26080,27247,32793,33874,25130,28029,17151,21924,5062,9599,10711,10210,14599,13500,18085,18268,24517,25441,31126,32124,24265,27042,16633,21181,4910,9169,233765,217192,31176,29217,46505,44729,11942,129,54
2021-08-20T23:59:59+02:00,1114,1015,12490,11818,15894,14879,19328,19714,26026,27214,32743,33847,25115,28018,17142,21919,5061,9597,10657,10172,14559,13465,18044,18241,24482,25422,31097,32107,24256,27035,16627,21178,4910,9168,233271,216908,31176,29216,46505,44729,11856,129,54
2021-08-19T23:59:59+02:00,1088,991,12423,11761,15836,14847,19278,19667,25965,27164,32701,33811,25083,27994,17130,21908,5058,9595,10564,10096,14490,13424,17989,18205,24414,25379,31031,32062,24214,27017,16618,21160,4909,9165,232979,216473,31085,29206,46505,44721,11605,129,54
2021-08-18T23:59:59+02:00,1076,974,12382,11726,15808,14817,19250,19637,25935,27133,32666,33786,25065,27982,17125,21899,5056,9594,10510,10030,14443,13399,17940,18176,24368,25341,30972,32023,24192,27000,16612,21147,4905,9159,232666,216017,31085,29201,46504,44711,11530,129,54
2021-08-17T23:59:59+02:00,1049,949,12330,11684,15779,14775,19217,19607,25907,27111,32630,33748,25046,27963,17115,21882,5055,9589,10417,9948,14392,13352,17886,18120,24315,25301,30911,31978,24165,26976,16600,21125,4903,9151,232366,215414,30958,29139,46504,44708,11482,129,54
2021-08-16T23:59:59+02:00,1037,942,12298,11659,15762,14757,19200,19589,25884,27087,32611,33726,25026,27948,17107,21867,5052,9587,10360,9882,14368,13309,17862,18084,24271,25266,30873,31947,24138,26942,16585,21111,4903,9148,232139,214972,30958,29138,46504,44702,11412,129,54
2021-08-15T23:59:59+02:00,1029,942,12273,11644,15749,14740,19185,19574,25874,27078,32590,33712,25020,27939,17103,21856,5051,9587,10315,9847,14334,13286,17842,18063,24249,25253,30852,31920,24119,26934,16580,21103,4902,9146,231981,214692,30957,29138,46503,44697,11379,129,54
2021-08-14T23:59:59+02:00,1028,942,12272,11640,15749,14738,19182,19572,25874,27078,32590,33711,25020,27939,17103,21856,5051,9587,10147,9627,14228,13196,17767,18016,24202,25222,30812,31887,24104,26921,16577,21100,4900,9145,231972,213688,30957,29137,46503,44696,11374,129,54
2021-08-13T23:59:59+02:00,984,902,12120,11512,15695,14684,19118,19515,25803,27026,32537,33675,24995,27910,17092,21846,5050,9583,10095,9574,14187,13168,17728,17991,24170,25202,30788,31866,24094,26908,16571,21090,4900,9141,231144,213353,30956,29137,46503,44693,11321,126,54
2021-08-12T23:59:59+02:00,969,881,12063,11451,15649,14645,19081,19488,25759,27005,32491,33646,24970,27894,17084,21841,5049,9580,10002,9505,14113,13126,17667,17943,24104,25167,30735,31818,24066,26883,16555,21072,4898,9141,230919,212932,30933,29131,46503,44678,11067,126,54
2021-08-11T23:59:59+02:00,955,870,12030,11417,15629,14622,19051,19469,25738,26986,32467,33618,24952,27872,17080,21834,5048,9578,9928,9443,14059,13087,17619,17898,24062,25146,30694,31768,24036,26851,16539,21059,4897,9136,230634,212358,30932,29127,46502,44650,11024,126,54
2021-08-10T23:59:59+02:00,936,860,11942,11366,15576,14592,19007,19432,25682,26952,32410,33564,24935,27857,17073,21821,5047,9575,9833,9362,14010,13051,17587,17864,24016,25107,30641,31721,24003,26818,16532,21039,4893,9131,230251,211846,30801,29092,46500,44636,10951,126,54
2021-08-09T23:59:59+02:00,934,843,11914,11330,15560,14576,18985,19419,25650,26928,32381,33532,24928,27848,17067,21813,5047,9572,9779,9301,13975,13001,17549,17822,23985,25062,30606,31680,23988,26801,16527,21026,4891,9125,230011,211396,30801,29089,46499,44629,10892,126,54
2021-08-08T23:59:59+02:00,924,836,11877,11306,15538,14561,18965,19398,25625,26908,32359,33515,24920,27833,17060,21809,5046,9572,9703,9246,13930,12973,17522,17792,23952,25027,30574,31648,23975,26782,16519,21012,4890,9122,229819,210999,30801,29088,46499,44628,10809,126,54
2021-08-07T23:59:59+02:00,904,809,11781,11228,15495,14520,18924,19364,25586,26878,32313,33483,24903,27821,17051,21791,5045,9569,9083,8643,13491,12621,17309,17608,23799,24915,30424,31572,23916,26731,16498,20985,4885,9119,229234,207792,30801,29088,46499,44628,10807,126,54
2021-08-06T23:59:59+02:00,894,806,11751,11201,15478,14507,18914,19358,25571,26862,32304,33476,24899,27817,17046,21789,5045,9568,8502,8013,12976,12226,17081,17403,23657,24804,30329,31493,23885,26684,16486,20971,4881,9113,229183,204625,30679,29075,46499,44628,10801,126,54
2021-08-05T23:59:59+02:00,891,799,11710,11170,15439,14479,18873,19327,25525,26826,32258,33429,24859,27795,17043,21778,5045,9562,8443,7948,12932,12176,17031,17361,23593,24764,30253,31438,23838,26643,16472,20953,4879,9104,228958,204201,30678,29070,46499,44619,10549,126,54
2021-08-04T23:59:59+02:00,874,783,11680,11140,15419,14447,18842,19302,25498,26797,32212,33390,24844,27782,17038,21772,5043,9554,8354,7859,12873,12129,16979,17318,23537,24720,30193,31367,23801,26604,16462,20940,4877,9098,228693,203611,30676,29069,46498,44584,10426,126,54
2021-08-03T23:59:59+02:00,858,764,11633,11101,15397,14425,18812,19282,25472,26769,32176,33355,24824,27763,17029,21767,5039,9553,8271,7770,12806,12080,16912,17264,23477,24683,30153,31318,23765,26570,16447,20929,4874,9094,228357,202955,30674,29059,46498,44576,10366,126,54
2021-08-02T23:59:59+02:00,849,761,11598,11070,15376,14392,18785,19261,25442,26744,32144,33328,24810,27744,17021,21758,5038,9551,8175,7677,12726,12020,16854,17200,23420,24611,30103,31261,23747,26547,16426,20919,4872,9089,228079,202250,30673,29058,46498,44568,10297,126,54
2021-08-01T23:59:59+02:00,842,754,11573,11040,15365,14379,18770,19250,25424,26732,32127,33313,24806,27736,17020,21755,5036,9550,8104,7610,12665,11972,16813,17154,23384,24580,30076,31236,23732,26528,16422,20913,4870,9088,227938,201794,30669,29057,46498,44550,10242,126,54
2021-07-31T23:59:59+02:00,839,753,11570,11034,15363,14376,18767,19246,25423,26731,32124,33312,24806,27735,17020,21755,5036,9550,7951,7421,11900,11299,16260,16716,23289,24501,30012,31165,23703,26492,16410,20894,4869,9086,227909,198577,30668,29057,46498,44549,10240,126,54
2021-07-30T23:59:59+02:00,838,752,11556,11025,15360,14373,18761,19241,25416,26726,32114,33307,24805,27733,17020,21752,5036,9550,7666,7181,11354,10853,15782,16289,23152,24394,29903,31052,23666,26447,16394,20872,4869,9081,227841,195495,30667,29056,46496,44536,10236,126,54
2021-07-29T23:59:59+02:00,826,743,11516,10978,15322,14352,18721,19215,25377,26691,32061,33278,24787,27713,17009,21735,5036,9547,7290,6869,10688,10337,15267,15876,22976,24248,29754,30941,23612,26395,16365,20847,4865,9078,227520,192024,30666,29048,46496,44450,10100,126,54
2021-07-28T23:59:59+02:00,807,731,11468,10925,15298,14322,18689,19188,25351,26663,32035,33253,24773,27695,17004,21723,5035,9543,7124,6712,10542,10217,15155,15741,22882,24152,29654,30844,23569,26339,16347,20818,4864,9068,227194,190779,30665,29046,46491,44341,10028,126,54
2021-07-27T23:59:59+02:00,798,722,11423,10887,15258,14282,18649,19162,25322,26637,31998,33231,24757,27670,16998,21712,5034,9535,6903,6499,10384,10100,15011,15605,22778,24044,29546,30731,23518,26275,16331,20791,4862,9056,226880,189628,30665,28718,46490,44306,9915,126,54
2021-07-26T23:59:59+02:00,788,709,11373,10841,15232,14261,18633,19133,25294,26607,31966,33205,24742,27648,16986,21700,5033,9532,6785,6422,10289,10023,14945,15526,22696,23983,29481,30657,23485,26232,16319,20774,4858,9050,226587,188841,30663,28715,46487,44264,9821,126,54
2021-07-25T23:59:59+02:00,777,699,11345,10813,15211,14235,18613,19109,25267,26582,31945,33187,24725,27637,16982,21691,5032,9530,6709,6340,10221,9959,14872,15466,22641,23928,29425,30619,23453,26210,16307,20760,4858,9046,226390,188249,30662,28711,46486,44234,9717,126,54
2021-07-24T23:59:59+02:00,753,677,11265,10729,15172,14208,18590,19087,25247,26567,31932,33174,24725,27633,16979,21689,5032,9530,6309,5980,10078,9845,14497,15185,22416,23771,29308,30535,23417,26172,16290,20743,4855,9042,226008,185888,30661,28710,46486,44232,9709,126,54
2021-07-23T23:59:59+02:00,727,655,11198,10646,15144,14175,18560,19072,25225,26547,31916,33157,24714,27628,16977,21689,5032,9527,5938,5669,9958,9739,14150,14921,22220,23598,29188,30418,23365,26104,16279,20722,4851,9035,225623,183618,30660,28710,46486,44221,9695,126,54
2021-07-22T23:59:59+02:00,686,615,11043,10482,15046,14087,18473,19024,25144,26493,31843,33092,24678,27587,16962,21671,5028,9522,5618,5368,9690,9525,13568,14444,21900,23337,28955,30191,23264,26007,16235,20684,4847,9032,224670,180292,30658,28699,46485,44202,9538,126,54
2021-07-21T23:59:59+02:00,666,590,10978,10428,15011,14060,18433,18986,25104,26464,31804,33042,24653,27553,16945,21659,5025,9517,5000,4901,9250,9274,13191,14214,21666,23182,28768,30042,23199,25931,16210,20661,4845,9029,224239,178527,30650,27430,46482,44034,9422,126,54
2021-07-20T23:59:59+02:00,648,573,10920,10374,14985,14024,18397,18959,25073,26431,31768,33008,24633,27532,16940,21645,5022,9510,4855,4789,9097,9142,13027,14080,21553,23060,28638,29918,23120,25828,16188,20621,4838,9023,223861,177183,30650,27418,46480,43885,9326,126,54
2021-07-19T23:59:59+02:00,635,561,10883,10343,14956,14004,18374,18951,25045,26406,31734,32979,24616,27509,16934,21634,5020,9507,4775,4719,9000,9065,12911,13983,21455,22954,28538,29798,23064,25771,16163,20591,4833,9017,223622,176242,30650,27410,46471,43788,9223,126,54
2021-07-18T23:59:59+02:00,620,552,10829,10291,14920,13983,18349,18933,25025,26389,31711,32960,24606,27498,16928,21625,5019,9502,4667,4616,8865,8944,12784,13843,21369,22863,28465,29719,23036,25742,16154,20578,4830,9016,223342,175230,30650,27396,46471,43735,9152,126,54
2021-07-17T23:59:59+02:00,545,481,10542,9994,14809,13883,18258,18855,24919,26314,31604,32909,24571,27464,16915,21605,5017,9501,4618,4572,8811,8872,12549,13647,20946,22522,28335,29587,22998,25689,16145,20563,4829,9013,221790,173436,30650,27396,46470,43733,9151,126,54
2021-07-16T23:59:59+02:00,516,444,10409,9872,14750,13842,18204,18804,24884,26281,31584,32885,24562,27449,16912,21598,5017,9498,4570,4530,8735,8832,12173,13368,20401,22124,28202,29491,22949,25652,16136,20558,4827,9011,221128,171319,30649,27394,46469,43726,9140,126,54
2021-07-15T23:59:59+02:00,485,406,10270,9767,14684,13793,18147,18737,24830,26233,31534,32832,24537,27412,16894,21582,5010,9494,4358,4390,8410,8625,11655,12967,19296,21281,27786,29146,22780,25483,16071,20485,4817,8995,220398,166625,30648,27380,46468,43529,9008,126,54
2021-07-14T23:59:59+02:00,464,393,10241,9742,14649,13773,18117,18702,24794,26192,31482,32779,24507,27384,16883,21565,5008,9492,4234,4239,8155,8452,11426,12822,19118,21170,27638,29018,22715,25405,16037,20447,4814,8986,220032,165055,30648,27362,46466,43355,8896,126,54
2021-07-13T23:59:59+02:00,440,378,10191,9689,14620,13745,18091,18669,24759,26171,31448,32738,24491,27354,16872,21554,5007,9490,4137,4144,7980,8293,11226,12631,18984,21031,27484,28856,22618,25320,16002,20394,4810,8975,219628,163596,30648,27341,46465,43097,8841,126,54
2021-07-12T23:59:59+02:00,427,357,10145,9639,14594,13726,18060,18639,24723,26129,31414,32693,24466,27331,16857,21549,5004,9487,4030,4045,7811,8172,11066,12496,18869,20909,27361,28735,22543,25258,15975,20368,4809,8970,219254,162430,30647,27319,46465,42906,8748,126,54
2021-07-11T23:59:59+02:00,419,339,10115,9609,14575,13706,18043,18629,24703,26121,31393,32675,24453,27321,16855,21547,5004,9485,3961,3972,7692,8072,10919,12368,18745,20809,27260,28621,22500,25210,15954,20343,4807,8967,219059,161463,30646,27314,46464,42707,8697,126,54
2021-07-10T23:59:59+02:00,393,316,10005,9503,14520,13667,17995,18606,24679,26101,31374,32659,24445,27312,16851,21543,5002,9483,3928,3947,7631,8030,10884,12339,18716,20785,27231,28599,22493,25195,15950,20338,4807,8967,218534,161161,30645,27313,46461,42659,8688,126,54
2021-07-09T23:59:59+02:00,333,269,9743,9294,14415,13585,17919,18536,24593,26048,31325,32598,24422,27281,16838,21525,5002,9477,3860,3907,7498,7939,10666,12193,18491,20647,26816,28277,22309,25001,15895,20277,4804,8960,217309,159017,30645,27309,46460,42530,8663,126,54
2021-07-08T23:59:59+02:00,254,202,9549,9151,14314,13509,17824,18464,24533,25997,31242,32540,24394,27250,16825,21507,4998,9472,3704,3781,7188,7750,10311,11963,18145,20365,26511,28020,22135,24842,15827,20203,4797,8944,216207,156636,30642,27263,46447,41958,8603,126,54
2021-07-07T23:59:59+02:00,215,174,9447,9046,14262,13475,17780,18421,24480,25957,31199,32499,24369,27221,16813,21489,4998,9464,3508,3651,6859,7525,9359,11230,17558,19934,26109,27710,21898,24537,15750,20107,4783,8930,215570,154017,30639,25511,46445,41359,8529,126,54
2021-07-06T23:59:59+02:00,193,162,9369,8987,14212,13447,17744,18379,24438,25918,31138,32451,24332,27193,16798,21472,4996,9462,3393,3576,6659,7403,9088,11067,17313,19753,25832,27452,21741,24334,15669,20003,4770,8915,215005,152084,30622,25501,46442,40854,8496,126,54
2021-07-05T23:59:59+02:00,181,147,9282,8906,14172,13404,17710,18329,24402,25888,31093,32400,24308,27171,16790,21458,4995,9460,3341,3541,6530,7324,8938,10946,17171,19613,25661,27297,21598,24166,15619,19950,4759,8905,214460,151019,30622,25492,46440,40366,8448,126,54
2021-07-04T23:59:59+02:00,166,140,9228,8856,14141,13391,17684,18311,24377,25868,31072,32374,24293,27157,16784,21450,4994,9457,3289,3497,6467,7284,8850,10874,17084,19528,25532,27186,21473,24037,15577,19897,4757,8898,214187,150358,30621,25483,46425,39968,8384,126,54
2021-07-03T23:59:59+02:00,163,137,8716,8357,13983,13271,17583,18193,24282,25810,31007,32325,24272,27135,16772,21438,4992,9454,3229,3417,6347,7165,8678,10732,16867,19344,25144,26876,21358,23900,15547,19857,4753,8892,212350,148305,30621,25483,46425,39912,8368,126,54
2021-07-02T23:59:59+02:00,156,133,8147,7885,13839,13162,17492,18116,24212,25740,30947,32263,24234,27093,16766,21418,4990,9449,3118,3308,6077,7008,8421,10490,16497,19014,24670,26452,21130,23627,15477,19775,4747,8889,210508,145228,30621,25481,46422,39587,8365,126,54
2021-07-01T23:59:59+02:00,143,123,8018,7777,13756,13103,17421,18064,24143,25689,30894,32210,24206,27068,16756,21406,4989,9448,2929,3118,5729,6724,7984,10073,15907,18541,23904,25794,20643,23152,15350,19614,4735,8864,209714,140654,30616,25469,46417,38556,8341,126,54
2021-06-30T23:59:59+02:00,126,110,7872,7660,13687,13054,17368,18011,24092,25636,30835,32164,24174,27046,16742,21388,4989,9443,2833,3039,5575,6580,7758,9851,14948,17670,23288,25243,20285,22757,15217,19453,4721,8830,209150,139116,30442,23193,46413,37431,8266,126,54
2021-06-29T23:59:59+02:00,111,97,7804,7567,13644,13015,17329,17966,24039,25575,30785,32104,24153,27020,16732,21372,4986,9439,2774,2995,5446,6482,7604,9717,14780,17498,23047,25009,20026,22432,15118,19352,4709,8810,208526,137997,30440,23181,46410,36340,8236,126,54
2021-06-28T23:59:59+02:00,106,91,7740,7496,13580,12956,17283,17915,23997,25530,30729,32060,24136,26992,16725,21362,4984,9437,2745,2963,5378,6434,7511,9646,14683,17417,22896,24794,19822,22186,15063,19283,4705,8796,207993,137399,30438,23171,46402,35545,8160,126,54
2021-06-27T23:59:59+02:00,92,86,7691,7432,13550,12920,17254,17882,23978,25495,30702,32032,24124,26984,16718,21356,4984,9435,2722,2948,5327,6409,7440,9601,14587,17353,22801,24707,19694,22044,15032,19232,4701,8787,207638,136888,30438,23160,46396,35171,8117,126,54
2021-06-26T23:59:59+02:00,88,83,7187,6875,13156,12620,17141,17779,23913,25436,30666,31997,24116,26967,16714,21345,4983,9434,2621,2839,5140,6221,7240,9411,14041,16897,22141,24073,19546,21901,14987,19179,4699,8779,205450,133264,30438,23160,46396,35151,8117,99,28
2021-06-25T23:59:59+02:00,87,80,6702,6391,12702,12247,16982,17661,23822,25370,30586,31956,24093,26940,16709,21335,4981,9432,2517,2683,4965,6029,6981,9112,13509,16365,21588,23488,19348,21691,14929,19112,4695,8767,203044,129560,30438,23160,46396,34937,8099,99,28
2021-06-24T23:59:59+02:00,77,68,6478,6174,12477,12096,16876,17577,23750,25317,30528,31908,24059,26898,16703,21325,4979,9425,2308,2444,4594,5651,6480,8621,12786,15650,20436,22484,18883,21209,14824,18981,4683,8752,201767,123606,30436,23148,46389,33985,8024,99,28
2021-06-23T23:59:59+02:00,72,66,5903,5674,12315,11984,16757,17463,23676,25270,30464,31858,24025,26875,16696,21311,4975,9421,2271,2392,4531,5529,6388,8470,12553,15361,20192,22225,18584,20878,14727,18867,4672,8735,201256,122584,29097,22999,46379,32795,7974,99,28
2021-06-22T23:59:59+02:00,68,61,5761,5543,12215,11878,16670,17387,23618,25208,30396,31780,23998,26843,16686,21290,4971,9419,2218,2357,4436,5447,6264,8324,11682,14699,19778,21817,18250,20523,14619,18728,4662,8715,200318,121661,29090,21302,46360,31607,7925,99,28
2021-06-21T23:59:59+02:00,65,58,5625,5429,12141,11785,16609,17301,23563,25134,30346,31722,23973,26815,16673,21275,4971,9415,2185,2321,4378,5350,6177,8196,10899,13994,19326,21407,18024,20296,14559,18633,4653,8698,199496,120864,29086,19515,46355,30829,7864,99,28
2021-06-20T23:59:59+02:00,63,56,5506,5303,11978,11601,16544,17176,23512,25069,30304,31666,23957,26794,16667,21260,4966,9410,2167,2291,4337,5310,6107,8146,10794,13915,19214,21279,17867,20105,14493,18550,4649,8691,198484,120327,29082,19512,46349,30234,7818,99,28
2021-06-19T23:59:59+02:00,59,52,5488,5283,11211,10936,16064,16783,23451,25025,30260,31623,23938,26774,16659,21248,4966,9410,2095,2170,4129,5078,5822,7864,10466,13579,18160,20426,17699,19919,14460,18485,4644,8679,195884,116102,29082,19512,46348,30220,7817,99,28
2021-06-18T23:59:59+02:00,56,51,5453,5256,10567,10353,15449,16219,23360,24955,30191,31560,23911,26744,16648,21233,4965,9408,2026,2082,3985,4934,5544,7594,10084,13215,17008,19217,17496,19682,14411,18421,4641,8669,193040,111690,29076,19511,46348,29968,7816,99,28
2021-06-17T23:59:59+02:00,49,42,5333,5153,9887,9844,14960,15827,23261,24867,30110,31466,23871,26698,16633,21212,4964,9405,1895,1975,3728,4688,5156,7230,9545,12726,15822,18024,17035,19192,14269,18247,4628,8645,190459,106563,29074,19503,46345,29049,7673,31,21
2021-06-16T23:59:59+02:00,47,34,5199,5016,9690,9683,14813,15697,23168,24773,30011,31390,23827,26653,16618,21200,4963,9395,1854,1933,3624,4603,5054,7112,8513,11874,15549,17728,16739,18856,14134,18076,4622,8612,189278,105680,29063,17622,46342,28101,7463,31,21
2021-06-15T23:59:59+02:00,41,27,5011,4829,9508,9528,14678,15555,23076,24682,29934,31304,23784,26580,16591,21167,4955,9380,1791,1875,3546,4508,4960,6998,8397,11732,15371,17499,16419,18545,13992,17907,4599,8554,187955,104918,29060,17618,46323,26879,7261,31,21
2021-06-14T23:59:59+02:00,39,24,4934,4765,9414,9419,14600,15466,23004,24608,29862,31243,23752,26541,16576,21149,4952,9374,1768,1852,3509,4484,4919,6966,8297,11669,15233,17365,16239,18341,13901,17810,4594,8547,187207,104692,29054,17615,46317,26057,7113,31,21
2021-06-13T23:59:59+02:00,38,23,4876,4717,9328,9344,14517,15399,22942,24557,29795,31190,23726,26513,16567,21139,4952,9372,1718,1837,3467,4460,4863,6923,8226,11632,15134,17270,16083,18157,13847,17736,4587,8540,186626,104410,29048,17613,46301,25451,6989,31,21
2021-06-12T23:59:59+02:00,36,22,4857,4702,9300,9321,14279,15222,22812,24428,29750,31145,23706,26496,16558,21131,4951,9370,1593,1714,3229,4249,4458,6620,7678,11200,13356,15581,15730,17784,13767,17634,4585,8525,185720,97699,29048,17613,46301,25387,6987,30,21
2021-06-11T23:59:59+02:00,32,21,4803,4648,9219,9268,13959,14999,22615,24280,29654,31053,23669,26451,16540,21119,4950,9367,1489,1579,3045,4037,4160,6256,7165,10655,11717,13691,15251,17206,13653,17487,4570,8511,184356,90771,29044,17611,46300,25156,6917,30,21
2021-06-10T23:59:59+02:00,26,18,4518,4420,8674,8937,12683,13977,22047,23829,29279,30747,23532,26293,16486,21051,4937,9352,1366,1486,2808,3856,3831,5972,6727,10262,10303,12360,14738,16630,13482,17279,4555,8484,179014,86223,29028,17608,46293,23850,6441,30,21
2021-06-09T23:59:59+02:00,23,14,4283,4255,8081,8644,11780,13315,21726,23614,29049,30593,23469,26230,16467,21027,4934,9348,1278,1432,2652,3785,3688,5892,6520,10169,10040,12180,14414,16279,13312,17098,4548,8463,176902,85889,27750,17505,46287,22456,5883,30,21
2021-06-08T23:59:59+02:00,19,11,4152,4155,7679,8418,11294,13025,21500,23435,28850,30440,23410,26156,16434,20985,4928,9339,1200,1405,2516,3727,3528,5824,5623,9418,9566,11816,14078,15870,13087,16859,4534,8441,175151,85533,27378,15346,46262,21187,5409,30,21
2021-06-07T23:59:59+02:00,15,9,4031,4076,7441,8312,11005,12847,21297,23321,28696,30322,23351,26103,16416,20960,4924,9331,1151,1285,2395,3667,3398,5761,5456,9342,9355,11689,13848,15612,12931,16690,4527,8423,173922,85342,27368,15341,46253,19946,4884,30,21
2021-06-06T23:59:59+02:00,13,9,3913,4017,7203,8190,10755,12686,21110,23232,28610,30231,23321,26069,16404,20942,4921,9327,1130,1268,2330,3631,3302,5709,5349,9267,9237,11587,13691,15458,12859,16596,4524,8416,172771,85148,27351,15337,46243,19294,4558,30,21
2021-06-05T23:59:59+02:00,13,9,3884,3980,7163,8150,10578,12531,20482,22723,28448,30085,23271,26024,16390,20923,4921,9323,1097,1167,2164,3178,3070,5169,5179,8934,8456,10634,13039,14618,12746,16449,4513,8406,170728,79756,27351,15337,46242,19160,4548,29,21
2021-06-04T23:59:59+02:00,13,9,3854,3953,7127,8125,10481,12439,20120,22395,28344,29988,23236,25985,16376,20913,4919,9322,1065,1100,2066,2868,2910,4692,5022,8564,7942,9976,11540,12901,12621,16252,4506,8388,169449,73379,27338,15336,46241,19138,4542,29,21
2021-06-03T23:59:59+02:00,8,6,3719,3850,6906,7987,9925,12016,18893,21464,27943,29678,23103,25843,16323,20851,4915,9308,1012,1056,1977,2756,2773,4535,4817,8260,7579,9525,11162,12500,12512,16138,4503,8375,164687,71593,27328,15333,46237,18079,4457,29,21
2021-06-02T23:59:59+02:00,8,6,3712,3842,6894,7970,9914,12005,18704,21283,27872,29629,23080,25821,16317,20842,4912,9306,1008,1049,1965,2726,2752,4516,4606,8076,7043,9037,11125,12459,12497,16123,4499,8369,164619,71485,26783,13840,46236,18057,4450,29,21
2021-06-01T23:59:59+02:00,7,5,3585,3766,6657,7822,9626,11812,18249,20936,27635,29434,22986,25719,16276,20789,4909,9294,971,1001,1880,2656,2672,4444,4327,7842,6445,8504,10911,12246,12399,16021,4494,8357,162930,71044,26003,12546,46222,17239,4323,29,21
2021-05-31T23:59:59+02:00,7,5,3538,3721,6568,7754,9490,11712,18123,20845,27544,29357,22919,25658,16259,20761,4904,9287,941,977,1813,2616,2592,4401,4220,7778,6325,8429,10723,12077,12298,15904,4484,8349,162088,70680,25972,12541,46209,16534,4154,29,21
2021-05-30T23:59:59+02:00,7,4,3507,3697,6504,7699,9400,11621,18035,20765,27467,29286,22874,25613,16237,20734,4898,9277,935,970,1802,2606,2579,4389,4191,7753,6272,8387,10661,11997,12264,15861,4479,8340,161387,70636,25967,12538,46192,16244,4050,29,21
2021-05-29T23:59:59+02:00,7,4,3496,3678,6468,7672,9356,11584,17997,20725,27322,29180,22820,25539,16222,20714,4895,9273,899,951,1745,2560,2506,4304,4001,7498,5999,8088,8461,9336,12071,15519,4464,8311,160728,64387,25967,12536,46178,15721,4050,29,21
2021-05-28T23:59:59+02:00,7,4,3433,3623,6337,7595,9216,11453,17840,20594,27139,29057,22755,25462,16201,20696,4894,9272,886,937,1726,2540,2470,4250,3849,7201,5805,7825,5758,6221,11794,15122,4448,8262,159370,57505,25965,12536,46173,14993,4041,29,21
2021-05-27T23:59:59+02:00,7,4,3286,3493,6052,7415,8614,11120,17364,20256,26725,28709,22588,25296,16143,20633,4887,9254,836,879,1644,2445,2353,4116,3426,6227,5381,7225,5597,6047,11715,15049,4442,8245,155895,57024,25906,12489,46163,12242,3853,29,21
2021-05-26T23:59:59+02:00,7,4,3179,3410,5833,7249,8242,10834,16898,19950,26424,28473,22439,25163,16092,20559,4874,9234,819,871,1592,2420,2300,4086,3353,6153,5284,7153,5461,5920,11650,14983,4437,8233,153191,56950,25890,12487,46141,11646,3613,29,21
2021-05-25T23:59:59+02:00,7,4,3088,3347,5691,7135,8045,10672,15896,19172,26070,28119,22280,25005,16040,20479,4867,9224,800,853,1556,2376,2229,4027,3278,6083,5199,7089,5294,5750,11542,14903,4429,8222,151635,56883,23964,12299,46125,11039,3390,27,21
2021-05-24T23:59:59+02:00,7,4,3025,3329,5603,7091,7927,10610,14978,18483,25655,27807,22185,24901,16009,20443,4860,9212,791,851,1534,2359,2185,3991,3231,6034,5122,7009,5193,5642,11462,14827,4428,8216,150910,56845,21892,12223,46115,10603,3185,27,21
2021-05-23T23:59:59+02:00,7,4,3022,3325,5594,7084,7918,10602,14973,18482,25654,27806,22185,24901,16009,20443,4860,9212,789,848,1526,2352,2173,3978,3212,6019,5101,6976,5148,5590,11445,14803,4427,8214,150882,56837,21892,12223,46113,10355,3167,27,21
2021-05-22T23:59:59+02:00,6,4,2985,3283,5521,7038,7817,10515,14774,18321,25374,27563,22085,24815,15976,20400,4857,9208,767,829,1482,2300,2122,3899,3099,5897,4786,6407,4578,4847,10799,13981,4417,8175,149343,53590,21892,12223,46113,9386,3167,27,21
2021-05-21T23:59:59+02:00,4,4,2913,3208,5394,6941,7690,10369,14515,18091,25080,27328,21972,24707,15943,20352,4852,9199,736,775,1414,2172,2020,3632,2915,5564,4304,5507,4164,4308,10056,13039,4352,8049,147401,49844,21891,12223,46107,7784,3137,26,21
2021-05-20T23:59:59+02:00,4,4,2781,3045,5115,6686,7404,10001,14053,17608,24468,26778,21701,24409,15849,20232,4838,9169,722,764,1387,2147,1981,3599,2860,5508,4221,5429,4036,4205,9979,12976,4343,8037,143250,49751,21882,12211,46082,7307,2905,26,21
2021-05-19T23:59:59+02:00,4,4,2729,2993,5018,6546,7261,9819,12906,16572,24205,26490,21604,24279,15804,20171,4830,9162,703,738,1362,2099,1949,3514,2797,5361,4126,5321,3954,4114,9926,12911,4340,8033,141877,49722,19811,12146,46011,6688,2672,26,21
2021-05-18T23:59:59+02:00,4,4,2705,2970,4971,6514,7210,9788,12552,16296,24025,26337,21511,24190,15774,20118,4822,9150,674,680,1307,1970,1876,3312,2699,5153,3997,5121,3729,3837,9844,12831,4330,8023,141601,49701,18956,11147,45967,6124,2391,26,21
2021-05-17T23:59:59+02:00,4,4,2679,2949,4928,6444,7122,9680,12399,16118,23876,26176,21457,24139,15755,20095,4817,9142,666,666,1291,1934,1855,3263,2651,5044,3918,5007,3589,3685,9776,12768,4327,8014,140630,49678,18948,11137,45950,5389,2230,26,21
2021-05-16T23:59:59+02:00,4,4,2667,2935,4905,6377,7084,9597,12339,16044,23824,26113,21433,24122,15745,20081,4814,9139,661,660,1281,1931,1838,3254,2629,5032,3889,4984,3535,3618,9737,12736,4326,8012,140191,49665,18940,11126,45928,5170,2142,26,21
2021-05-15T23:59:59+02:00,4,4,2542,2798,4718,6171,6893,9410,11821,15626,23235,25563,21326,24004,15711,20038,4811,9131,611,597,1198,1844,1701,3100,2341,4724,3441,4472,3203,3190,9574,12531,4302,7983,136801,46705,18939,11126,45923,4844,2117,26,21
2021-05-14T23:59:59+02:00,4,4,2426,2621,4523,5946,6615,9097,11284,15113,22668,24995,21179,23863,15675,19980,4807,9120,548,519,1095,1724,1540,2884,2009,4321,2841,3882,2818,2752,9490,12384,4298,7979,132975,43774,18932,11124,45899,4078,2088,26,21
2021-05-13T23:59:59+02:00,4,4,2244,2334,4201,5563,6188,8623,10724,14424,21636,24081,20896,23589,15615,19881,4800,9105,544,519,1082,1708,1525,2866,1999,4295,2820,3857,2802,2735,9483,12380,4297,7979,127068,43704,18878,11116,45873,3984,2067,26,21
2021-05-12T23:59:59+02:00,4,4,2243,2331,4193,5562,6179,8617,10622,14303,21582,24042,20891,23578,15610,19873,4799,9105,536,497,1046,1653,1476,2787,1916,4208,2761,3798,2721,2640,9432,12307,4297,7979,127023,43701,18552,10288,45873,3981,2064,26,21
2021-05-11T23:59:59+02:00,4,4,2122,2292,4109,5497,6054,8502,10316,14052,21390,23880,20815,23506,15595,19840,4795,9100,511,473,985,1593,1407,2696,1816,4070,2688,3724,2568,2412,9368,12206,4296,7978,126079,43683,18215,9454,45590,3671,1963,26,21
2021-05-10T23:59:59+02:00,4,4,2080,2215,4002,5372,5918,8323,9525,13288,21010,23557,20724,23416,15556,19786,4785,9087,499,445,949,1529,1342,2607,1726,3908,2604,3629,2540,2389,9358,12188,4292,7973,124937,43661,16365,9274,45487,3186,1837,26,21
2021-05-09T23:59:59+02:00,4,4,2048,2200,3968,5332,5865,8275,9458,13219,20940,23484,20691,23375,15542,19759,4782,9073,492,436,928,1486,1316,2558,1692,3846,2566,3586,2531,2377,9348,12171,4292,7965,124494,43602,16361,9271,45391,2950,1747,26,21
2021-05-08T23:59:59+02:00,4,4,1985,2096,3784,5157,5590,8068,9147,12933,19804,22554,20495,23181,15509,19690,4777,9061,419,406,863,1446,1240,2485,1604,3744,2347,3373,1985,1946,9254,12086,4291,7965,120337,42126,16360,9270,45388,2308,1746,8,5
2021-05-07T23:59:59+02:00,4,4,1897,1984,3599,4986,5268,7772,8737,12562,18553,21280,20312,22969,15463,19632,4768,9042,326,347,754,1371,1107,2354,1470,3601,2173,3180,1617,1610,8765,11638,4290,7963,115390,40396,16358,9264,45364,1190,1712,8,5
2021-05-06T23:59:59+02:00,4,4,1713,1875,3312,4734,4817,7367,8095,11998,17311,20036,19978,22591,15356,19468,4758,9031,309,338,732,1342,1067,2308,1421,3517,2106,3112,1581,1555,8748,11607,4284,7960,109530,40376,16351,9258,45129,919,1430,8,5
2021-05-05T23:59:59+02:00,4,3,1643,1845,3230,4647,4740,7262,7963,11847,17155,19890,19858,22472,15280,19372,4736,8935,298,326,690,1290,1006,2233,1337,3367,1997,2995,1488,1455,8331,11039,4278,7942,108770,40338,16208,8130,44958,662,938,8,5
2021-05-04T23:59:59+02:00,4,3,1616,1816,3188,4573,4681,7152,7711,11553,16596,19310,19771,22342,15205,19275,4708,8825,282,313,667,1261,985,2179,1278,3247,1884,2838,1416,1349,8260,10936,4274,7924,108083,40313,14860,7854,44855,399,523,8,5
2021-05-03T23:59:59+02:00,4,3,1608,1812,3180,4559,4643,7130,7458,11321,15903,18715,19707,22257,15179,19241,4702,8815,267,292,645,1179,936,2091,1215,3108,1786,2700,1350,1269,8235,10901,4270,7915,108002,40303,13262,7646,44815,56,150,8,5
2021-05-02T23:59:59+02:00,4,3,1607,1810,3175,4557,4638,7127,7445,11311,15884,18703,19691,22249,15179,19239,4701,8815,267,289,642,1178,931,2088,1205,3102,1778,2693,1336,1262,8234,10896,4269,7915,107976,40280,13259,7644,44791,53,104,8,5
2021-05-01T23:59:59+02:00,4,3,1473,1668,2895,4307,4170,6767,6826,10828,13944,16822,19310,21851,15088,19123,4698,8799,265,289,639,1176,930,2085,1203,3100,1776,2689,1331,1258,8232,10894,4269,7915,100423,40249,13259,7644,44786,53,101,7,5
2021-04-30T23:59:59+02:00,3,3,1350,1518,2679,4084,3840,6371,6258,10232,12153,14782,18852,21311,14984,18981,4684,8789,260,288,632,1169,915,2077,1191,3090,1765,2676,1321,1249,8228,10889,4268,7914,92793,40204,13259,7644,44786,50,30,6,5
2021-04-29T23:59:59+02:00,2,3,1234,1453,2511,3958,3599,6167,5901,9929,10811,13505,18593,21033,14941,18911,4680,8783,259,284,627,1162,903,2071,1171,3085,1735,2640,1295,1225,8222,10880,4268,7914,88100,40172,13250,7511,44645,41,13,6,5
2021-04-28T23:59:59+02:00,2,3,1175,1447,2461,3939,3548,6143,5839,9896,10714,13437,18563,20999,14934,18895,4680,8780,259,283,625,1161,900,2069,1166,3081,1727,2639,1289,1207,7780,10360,4268,7914,87830,40151,13200,6525,44407,37,12,6,4
2021-04-27T23:59:59+02:00,2,3,1127,1420,2359,3895,3483,6116,5720,9841,10597,13361,18530,20960,14921,18880,4679,8778,258,283,623,1154,899,2067,1161,3078,1723,2635,1277,1190,7363,9778,4268,7914,87321,40131,13147,5494,44187,32,11,6,4
2021-04-26T23:59:59+02:00,2,3,1085,1391,2269,3803,3356,6016,5553,9721,10294,13102,18468,20906,14912,18862,4677,8778,257,282,622,1152,893,2064,1154,3075,1705,2625,1262,1177,7354,9758,4268,7914,85984,40044,13137,5473,44060,31,11,6,4
2021-04-25T23:59:59+02:00,2,3,1082,1389,2261,3801,3349,6012,5533,9714,10259,13072,18458,20894,14911,18856,4677,8777,256,282,622,1152,893,2064,1152,3075,1705,2625,1262,1177,7354,9756,4268,7914,85962,40042,13128,5471,43944,31,10,6,4
2021-04-24T23:59:59+02:00,2,2,1039,1272,2073,3263,3079,5395,5339,9301,9427,12026,17752,19998,14797,18697,4669,8766,254,281,621,1150,893,2063,1152,3074,1699,2620,1259,1172,7352,9754,4268,7913,79835,40015,13128,5467,43919,31,9,6,4
2021-04-23T23:59:59+02:00,1,2,1007,1188,1960,2916,2896,4844,5144,8872,8873,11304,16122,18140,14651,18491,4661,8743,254,281,620,1150,891,2061,1151,3074,1698,2619,1254,1167,7348,9752,4268,7912,72814,40001,13127,5456,43859,31,9,6,4
2021-04-22T23:59:59+02:00,1,2,1002,1177,1940,2900,2876,4825,5087,8826,8761,11201,16051,18063,14625,18461,4659,8738,252,281,616,1149,888,2060,1143,3062,1683,2599,1230,1146,7343,9744,4268,7912,72766,39988,13071,5346,43343,30,9,6,4
2021-04-21T23:59:59+02:00,1,2,993,1169,1928,2887,2849,4799,5041,8770,8654,11078,15965,17979,14596,18427,4659,8733,247,278,606,1140,874,2030,1133,3037,1672,2574,1217,1133,7119,9426,4267,7912,72726,39981,13015,4643,42774,29,9,6,4
2021-04-20T23:59:59+02:00,1,2,966,1120,1876,2772,2776,4638,4948,8591,8480,10870,15734,17697,14537,18368,4652,8727,234,275,588,1119,848,2000,1104,3011,1637,2532,1197,1120,7111,9421,4266,7911,72690,39960,11886,4378,42164,25,9,6,3
2021-04-19T23:59:59+02:00,1,2,957,1111,1844,2752,2726,4613,4824,8530,8280,10759,15642,17599,14515,18349,4652,8721,227,267,570,1096,830,1968,1086,2968,1591,2477,1179,1101,7103,9418,4264,7910,72290,39925,11865,4097,41707,22,9,6,3
2021-04-18T23:59:59+02:00,1,2,954,1110,1839,2746,2718,4601,4806,8518,8240,10717,15593,17541,14505,18332,4651,8719,227,267,570,1095,829,1968,1085,2968,1591,2476,1179,1100,7101,9417,4263,7910,72244,39918,11862,4095,41472,22,9,6,3
2021-04-17T23:59:59+02:00,0,2,921,1096,1790,2708,2650,4521,4652,8377,7978,10488,13224,14638,14308,17979,4634,8683,225,267,570,1092,825,1962,1073,2961,1581,2456,1142,1058,6769,9002,4238,7862,65422,38966,11862,4084,41350,22,9,6,3
2021-04-16T23:59:59+02:00,0,2,915,1090,1778,2697,2608,4482,4560,8293,7797,10295,10386,11384,14035,17562,4615,8627,223,262,569,1089,820,1958,1063,2958,1573,2443,1131,1044,6763,8997,4235,7859,58141,38887,11860,4068,41110,22,9,6,2
2021-04-15T23:59:59+02:00,0,2,901,1085,1756,2683,2565,4449,4446,8232,7566,10094,10136,11164,13973,17495,4609,8613,221,261,569,1087,819,1956,1060,2955,1570,2440,1126,1040,6761,8995,4235,7859,58117,38873,11858,4050,39779,21,9,6,2
2021-04-14T23:59:59+02:00,0,2,882,1058,1698,2600,2476,4326,4255,8049,7292,9811,9761,10681,13824,17316,4603,8604,196,236,528,1036,796,1889,1025,2875,1520,2379,1100,1011,6757,8986,4235,7858,58084,38857,10910,3541,38229,19,9,6,2
2021-04-13T23:59:59+02:00,0,2,857,1036,1660,2548,2408,4243,4154,7911,7082,9593,9356,10161,13680,17149,4598,8592,160,212,493,987,756,1796,991,2765,1468,2309,1081,976,6741,8975,4234,7858,58039,38793,9963,2986,37013,13,9,6,2
2021-04-12T23:59:59+02:00,0,2,853,1034,1641,2545,2378,4230,4101,7860,6941,9421,9091,9847,13616,17090,4587,8576,149,198,465,947,733,1731,969,2693,1424,2259,1059,958,6725,8955,4231,7853,57981,38676,9933,2650,35884,13,9,6,2
2021-04-11T23:59:59+02:00,0,2,852,1033,1630,2545,2365,4228,4078,7848,6876,9359,8957,9682,13589,17042,4582,8567,149,198,465,945,733,1730,967,2693,1423,2259,1059,958,6723,8955,4231,7853,57969,38670,9931,2649,35320,12,9,6,2
2021-04-10T23:59:59+02:00,0,2,836,1028,1602,2516,2328,4199,4007,7790,6744,9242,8401,8947,12925,16189,4571,8525,146,198,463,942,727,1727,967,2686,1414,2252,1046,942,6253,8456,4216,7837,54635,37603,9930,2647,35272,12,9,6,2
2021-04-09T23:59:59+02:00,0,2,814,999,1562,2468,2261,4119,3854,7631,6397,8910,7878,8289,12109,15162,4501,8388,144,197,461,937,721,1720,959,2676,1399,2241,1024,921,6011,8186,4199,7810,50661,36941,9922,2643,34746,12,9,6,2
2021-04-08T23:59:59+02:00,0,2,805,989,1535,2444,2195,4069,3719,7544,6143,8610,7263,7632,11949,14962,4490,8371,144,194,456,934,716,1713,951,2666,1392,2228,1012,919,6008,8184,4198,7810,50628,36921,9898,2582,32181,12,9,6,2
2021-04-07T23:59:59+02:00,0,2,799,980,1509,2426,2137,4031,3632,7474,5911,8343,6710,6999,11342,14213,4478,8344,125,187,425,887,670,1644,895,2596,1342,2159,991,903,6000,8178,4197,7810,50601,36897,8740,2091,29975,12,8,6,2
2021-04-06T23:59:59+02:00,0,2,794,978,1495,2418,2108,4009,3559,7425,5730,8170,6264,6489,11141,13997,4463,8316,101,166,376,825,625,1569,851,2496,1290,2095,966,887,5982,8165,4195,7806,50531,36870,8556,1505,28258,12,7,6,2
2021-04-05T23:59:59+02:00,0,2,789,974,1479,2410,2084,4000,3508,7399,5587,8060,6061,6274,11074,13911,4457,8306,95,164,375,823,618,1560,843,2481,1277,2076,938,856,4889,6764,4116,7700,50333,34060,8552,1495,27477,12,7,6,2
2021-04-04T23:59:59+02:00,0,2,787,968,1477,2408,2080,3998,3491,7392,5577,8053,6050,6254,11060,13893,4455,8303,95,164,373,821,615,1555,836,2474,1262,2056,915,834,3887,5602,4050,7594,50318,31618,8550,1495,27367,12,7,6,2
2021-04-03T23:59:59+02:00,0,2,735,913,1395,2338,1957,3859,3229,7132,5116,7559,5707,5799,10888,13676,4429,8274,93,164,373,820,615,1553,835,2474,1262,2056,915,834,3887,5599,4050,7593,47080,31608,8550,1495,27365,12,7,6,2
2021-04-02T23:59:59+02:00,0,2,692,878,1340,2270,1859,3745,2973,6870,4601,7080,5317,5339,10791,13512,4424,8268,92,164,373,820,615,1553,833,2474,1260,2054,913,830,3884,5596,4049,7593,44153,31590,8549,1494,27247,12,6,6,2
2021-04-01T23:59:59+02:00,0,2,689,876,1329,2264,1839,3737,2944,6856,4527,7007,5208,5230,10752,13463,4423,8264,92,164,371,816,613,1550,833,2471,1256,2050,903,829,3880,5594,4048,7592,44136,31581,8405,1462,26857,12,6,6,2
2021-03-31T23:59:59+02:00,0,2,687,874,1322,2248,1831,3727,2916,6828,4464,6961,5069,5069,10243,12856,4419,8256,92,164,370,816,613,1550,833,2471,1254,2050,902,829,3880,5593,4048,7591,44124,31575,7278,1462,26359,12,6,5,2
2021-03-30T23:59:59+02:00,0,2,678,871,1304,2228,1801,3698,2878,6793,4378,6871,4902,4875,9718,12157,4412,8241,87,161,369,812,608,1547,828,2465,1246,2048,891,819,3872,5590,4047,7590,44097,31554,6093,1409,25606,10,6,5,2
2021-03-29T23:59:59+02:00,0,2,673,863,1291,2193,1784,3667,2847,6751,4306,6785,4703,4676,9632,12063,4409,8227,87,161,369,810,603,1543,826,2459,1242,2041,883,813,3864,5583,4047,7590,44027,31541,5875,1364,24959,9,6,5,2
2021-03-28T23:59:59+02:00,0,2,670,861,1288,2190,1769,3657,2832,6739,4272,6732,4607,4566,9595,11998,4404,8220,87,161,369,809,603,1543,824,2459,1240,2041,882,813,3863,5583,4047,7590,44005,31539,5866,1359,24520,9,6,5,2
2021-03-27T23:59:59+01:00,0,2,666,856,1279,2185,1753,3641,2804,6709,4109,6589,4029,4110,9366,11751,4391,8201,87,161,367,807,601,1541,822,2456,1232,2035,878,809,3685,5293,3946,7421,42058,30766,5862,1359,24510,9,6,5,2
2021-03-26T23:59:59+01:00,0,2,660,847,1271,2175,1731,3624,2778,6687,4033,6511,3624,3745,8769,11193,4378,8187,87,161,366,806,600,1538,818,2453,1223,2031,865,796,2968,4353,3737,7078,40124,28505,5849,1359,24232,9,6,4,2
2021-03-25T23:59:59+01:00,0,2,653,842,1258,2161,1712,3600,2719,6647,3950,6432,3449,3527,8659,11082,4373,8181,87,161,366,806,600,1538,818,2452,1222,2031,865,796,2967,4352,3736,7077,40111,28499,5742,1359,23384,9,6,4,2
2021-03-24T23:59:59+01:00,0,2,647,835,1225,2135,1667,3555,2641,6578,3793,6282,3131,3165,8252,10532,4364,8169,83,159,354,793,583,1520,785,2418,1172,1998,832,759,2958,4346,3736,7074,40089,28197,4985,1358,21889,8,6,4,2
2021-03-23T23:59:59+01:00,0,2,634,827,1200,2103,1625,3508,2559,6497,3644,6125,2749,2780,8035,10313,4357,8152,78,155,342,771,548,1489,724,2355,1070,1917,749,699,2922,4312,3732,7070,40045,27567,4695,1351,20361,8,6,3,2
2021-03-22T23:59:59+01:00,0,2,610,714,1164,2048,1592,3453,2506,6427,3504,5994,2507,2542,7705,9958,4341,8116,78,154,342,771,548,1487,722,2353,1067,1917,747,695,2918,4307,3731,7067,39577,27538,4371,1351,19226,8,6,3,2
2021-03-21T23:59:59+01:00,0,2,609,711,1158,2040,1581,3443,2489,6412,3466,5960,2365,2378,7612,9845,4333,8102,78,154,342,770,548,1487,722,2353,1067,1917,747,695,2918,4306,3731,7067,39573,27536,4357,1351,18567,8,6,3,2
2021-03-20T23:59:59+01:00,0,2,608,711,1156,2034,1574,3436,2483,6405,3449,5938,2333,2340,7122,9326,4317,8086,78,154,342,770,547,1487,720,2352,1067,1916,747,695,2918,4304,3729,7065,38533,27525,4345,1351,18433,8,6,3,2
2021-03-19T23:59:59+01:00,0,2,601,704,1142,2018,1539,3412,2413,6265,3386,5830,2151,2157,6813,9006,4298,8061,78,154,341,764,543,1484,715,2344,1056,1903,738,688,2495,3702,3315,6319,37927,25279,4329,1351,17533,2,6,3,2
2021-03-18T23:59:59+01:00,0,2,586,688,1121,1987,1512,3382,2373,6197,3313,5741,1999,1961,6694,8887,4292,8050,77,154,341,762,542,1484,714,2340,1053,1902,731,684,2445,3630,3288,6277,37907,25087,4318,1328,16551,2,6,3,2
2021-03-17T23:59:59+01:00,0,1,556,659,1076,1931,1475,3298,2296,6080,3161,5586,1742,1695,6528,8734,4282,8035,76,150,329,735,526,1440,692,2282,1015,1861,714,665,2205,3335,3207,6153,37835,24120,3792,1256,15499,2,6,3,2
2021-03-16T23:59:59+01:00,0,1,512,630,1036,1875,1423,3194,2230,5926,3045,5452,1545,1473,6394,8587,4272,8014,70,136,308,679,496,1363,663,2147,986,1730,665,615,2094,3201,3184,6069,37780,23373,3173,1025,14648,2,5,3,2
2021-03-15T23:59:59+01:00,0,1,500,619,1005,1829,1389,3126,2198,5841,2957,5368,1420,1338,5815,7900,4233,7950,67,129,293,621,481,1243,625,2017,946,1617,637,595,2057,3162,3171,6010,36546,22977,2817,691,14123,2,0,3,2
2021-03-14T23:59:59+01:00,0,1,495,613,995,1817,1386,3109,2182,5823,2923,5341,1376,1288,5422,7453,4210,7932,66,124,289,598,475,1216,619,1961,936,1592,637,595,2057,3162,3170,6008,35731,22971,2812,531,13820,2,0,3,2
2021-03-13T23:59:59+01:00,0,1,474,595,958,1770,1333,3045,1926,5234,2683,4927,1271,1175,4773,6605,4161,7857,66,124,288,595,473,1214,617,1959,935,1588,635,590,1696,2682,2646,5254,34062,20828,2808,531,11915,2,0,3,2
2021-03-12T23:59:59+01:00,0,1,458,573,938,1729,1303,2964,1722,4443,2476,4475,1201,1092,4077,5804,4114,7775,66,122,287,591,473,1211,615,1951,930,1582,632,583,1375,2142,2112,4460,32387,18599,2805,531,9950,1,0,3,2
2021-03-11T23:59:59+01:00,0,1,454,566,930,1717,1288,2947,1697,4408,2440,4439,1127,1037,4035,5768,4111,7771,66,114,281,569,459,1159,606,1902,911,1546,620,570,1369,2125,2103,4411,32354,18350,2710,459,9669,1,0,3,2
2021-03-10T23:59:59+01:00,0,1,433,555,883,1659,1234,2870,1624,4311,2374,4346,1093,1014,4019,5753,4110,7769,66,114,279,565,456,1152,601,1879,911,1541,614,562,1308,2039,2060,4355,32339,18066,2143,434,9563,1,0,3,2
2021-03-09T23:59:59+01:00,0,1,411,539,835,1609,1193,2807,1582,4228,2331,4293,1072,1003,4013,5746,4109,7767,64,113,278,564,455,1141,599,1867,905,1536,612,556,1103,1730,1945,4183,32292,17242,1693,407,9551,1,0,3,2
2021-03-08T23:59:59+01:00,0,1,404,528,825,1595,1184,2791,1574,4203,2320,4280,1059,992,3976,5699,4107,7762,63,113,274,559,451,1135,598,1863,901,1534,612,556,1034,1639,1900,4140,32164,16987,1597,383,9536,1,0,3,2
2021-03-07T23:59:59+01:00,0,1,403,525,825,1594,1182,2789,1570,4197,2310,4275,1053,984,3970,5693,4106,7761,60,110,265,537,439,1109,583,1763,866,1459,611,556,930,1510,1849,4072,32148,16628,1558,90,9529,0,0,3,2
2021-03-06T23:59:59+01:00,0,1,395,509,806,1561,1159,2731,1528,4130,2117,3778,1024,947,3797,5422,4009,7600,60,110,265,537,439,1108,583,1763,866,1459,611,556,927,1509,1846,4071,31441,16619,1558,90,8512,0,0,3,2
2021-03-05T23:59:59+01:00,0,1,380,468,773,1457,1109,2514,1453,3917,1903,3107,993,902,3051,4461,3805,7261,60,109,264,534,436,1102,582,1758,862,1456,608,554,888,1450,1823,4033,29142,16428,1557,90,6853,0,0,3,2
2021-03-04T23:59:59+01:00,0,1,365,460,766,1437,1096,2491,1434,3888,1880,3088,980,898,3047,4457,3801,7259,60,108,261,531,432,1086,572,1736,861,1448,606,552,851,1396,1800,3998,29128,16270,1519,27,6698,0,0,3,2
2021-03-03T23:59:59+01:00,0,1,354,428,747,1386,1065,2408,1383,3734,1801,2990,947,854,3037,4451,3801,7256,59,107,258,529,431,1082,570,1727,858,1444,606,551,831,1343,1715,3852,28812,15937,1519,25,6309,0,0,3,2
2021-03-02T23:59:59+01:00,0,1,348,419,731,1362,1017,2363,1314,3650,1684,2893,859,788,2995,4414,3795,7250,59,107,257,525,430,1074,570,1721,858,1440,605,551,831,1343,1715,3852,28172,15912,1456,25,6252,0,0,3,2
2021-03-01T23:59:59+01:00,0,1,344,405,724,1315,1004,2305,1294,3567,1658,2844,841,779,2987,4404,3795,7250,59,106,256,521,425,1060,566,1708,849,1432,604,549,735,1191,1661,3772,28132,15468,1407,25,5975,0,0,3,2
2021-02-28T23:59:59+01:00,0,1,339,392,716,1276,991,2227,1282,3480,1635,2765,837,769,2985,4400,3794,7248,59,106,256,521,425,1059,566,1708,846,1432,604,548,638,1066,1615,3692,28121,15117,1404,23,5609,0,0,3,2
2021-02-27T23:59:59+01:00,0,1,330,372,702,1251,971,2190,1247,3411,1612,2712,820,754,2982,4400,3793,7248,59,106,256,521,425,1059,565,1708,844,1432,604,548,638,1065,1615,3692,28119,15113,1404,23,5270,0,0,3,2
2021-02-26T23:59:59+01:00,0,1,304,319,654,1186,906,2070,1157,3245,1508,2573,791,731,2553,3795,3376,6482,59,106,253,519,425,1057,563,1706,841,1426,600,546,631,1053,1606,3673,25856,15040,1404,23,4388,0,0,3,2
2021-02-25T23:59:59+01:00,0,1,299,306,641,1154,885,2028,1138,3179,1489,2528,788,728,2507,3722,3346,6438,57,104,249,511,425,1053,558,1696,838,1415,594,541,553,943,1562,3616,25635,14693,1404,21,4135,0,0,3,2
2021-02-24T23:59:59+01:00,0,1,280,296,590,1108,838,1961,1080,3084,1445,2470,771,709,2267,3420,3264,6308,56,100,245,504,419,1035,549,1674,835,1395,587,530,540,923,1551,3594,24652,14521,1404,15,3833,0,0,3,2
2021-02-23T23:59:59+01:00,0,1,267,275,562,1051,801,1884,1012,2934,1373,2365,720,659,2156,3285,3241,6218,56,98,243,498,419,1019,539,1642,827,1373,578,524,525,876,1540,3550,23860,14292,1399,15,3542,0,0,3,1
2021-02-22T23:59:59+01:00,0,1,263,269,550,989,781,1808,986,2839,1337,2305,696,638,2129,3250,3233,6161,56,97,237,492,417,1006,530,1625,823,1348,563,512,507,851,1534,3500,23467,14083,1399,15,3366,0,0,3,1
2021-02-21T23:59:59+01:00,0,1,260,261,541,964,768,1771,978,2791,1307,2279,696,636,2127,3250,3232,6160,56,97,236,492,417,1006,530,1625,823,1347,563,511,507,851,1534,3499,23461,14079,1399,15,3159,0,0,3,1
2021-02-20T23:59:59+01:00,0,1,176,230,469,915,700,1693,908,2702,1222,2180,681,620,1759,2736,2682,5365,56,97,236,492,417,1006,530,1624,823,1347,563,511,507,851,1534,3499,21208,14078,1399,15,2429,0,0,3,1
2021-02-19T23:59:59+01:00,0,1,83,167,358,833,574,1559,775,2553,1086,2027,665,599,1457,2223,2147,4574,56,97,236,492,417,1005,530,1624,823,1346,563,511,501,849,1533,3493,19024,14062,1399,14,1255,0,0,3,1
2021-02-18T23:59:59+01:00,0,1,80,162,346,783,553,1470,742,2413,1053,1960,650,589,1448,2205,2138,4525,53,90,231,470,403,940,515,1544,804,1272,549,497,495,831,1532,3475,18787,13687,1374,14,954,0,0,3,1
2021-02-17T23:59:59+01:00,0,1,79,154,332,760,544,1437,713,2320,1016,1861,644,579,1390,2118,2092,4476,53,87,229,461,395,901,504,1479,785,1190,536,484,493,829,1532,3475,18529,13419,1301,14,683,0,0,3,1
2021-02-16T23:59:59+01:00,0,1,74,148,317,721,516,1364,681,2212,991,1756,634,572,1146,1774,1974,4299,52,78,228,453,389,871,491,1414,759,1122,515,471,491,829,1529,3474,17623,13164,1063,2,491,0,0,3,1
2021-02-15T23:59:59+01:00,0,1,69,132,291,618,481,1223,626,1999,941,1597,625,570,1063,1668,1923,4237,52,78,226,448,385,865,490,1410,756,1115,515,471,490,826,1528,3471,17298,13126,725,0,38,0,0,3,1
2021-02-14T23:59:59+01:00,0,1,68,125,286,593,476,1194,615,1945,927,1575,625,570,966,1545,1878,4181,52,78,226,448,385,865,490,1408,756,1115,515,471,490,826,1528,3471,16974,13124,570,0,23,0,0,3,1
2021-02-13T23:59:59+01:00,0,1,68,124,286,592,475,1190,614,1943,925,1572,624,569,965,1536,1874,4178,52,78,226,447,383,860,489,1403,754,1114,513,469,473,788,1273,3013,16940,12335,570,0,23,0,0,3,1
2021-02-12T23:59:59+01:00,0,1,67,124,285,591,471,1186,614,1939,922,1571,621,568,926,1485,1854,4138,52,78,226,443,380,851,484,1395,748,1107,506,461,455,749,926,2321,16770,11182,570,0,20,0,0,3,1
2021-02-11T23:59:59+01:00,0,1,67,117,281,580,458,1159,608,1913,915,1559,620,567,884,1427,1832,4099,52,75,211,413,366,804,468,1322,733,1075,503,460,455,749,925,2320,16592,10932,487,0,5,0,0,3,0
2021-02-10T23:59:59+01:00,0,1,66,117,277,577,456,1154,604,1897,910,1555,620,567,874,1411,1811,4054,51,65,177,336,312,701,418,1150,654,981,468,448,450,748,925,2319,16488,10204,459,0,1,0,0,3,0
2021-02-09T23:59:59+01:00,0,1,64,115,271,574,453,1141,603,1883,903,1549,619,566,862,1376,1746,3951,43,53,124,258,236,550,337,948,552,827,433,437,446,747,923,2319,16244,9234,430,0,0,0,0,3,0
2021-02-08T23:59:59+01:00,0,1,63,115,268,565,450,1134,602,1868,897,1541,617,564,761,1226,1692,3869,38,43,86,168,173,412,270,710,492,692,425,430,442,744,922,2319,15825,8367,405,0,0,0,0,3,0
2021-02-07T23:59:59+01:00,0,1,60,112,259,542,435,1103,586,1765,862,1462,616,563,658,1099,1645,3786,37,42,82,166,170,405,265,697,487,681,423,429,442,744,922,2318,15455,8311,96,0,0,0,0,3,0
2021-02-06T23:59:59+01:00,0,1,60,112,258,542,435,1103,584,1764,859,1459,613,561,656,1090,1639,3779,34,41,81,163,167,395,261,689,476,673,415,428,406,696,688,1936,15416,7550,96,0,0,0,0,3,0
2021-02-05T23:59:59+01:00,0,1,60,112,256,539,435,1101,583,1763,857,1457,611,561,646,1083,1633,3768,32,39,77,157,162,387,253,670,459,663,409,428,400,671,300,1314,15367,6422,96,0,0,0,0,3,0
2021-02-04T23:59:59+01:00,0,1,58,110,251,532,429,1085,567,1736,853,1443,604,550,561,963,1585,3709,31,36,73,152,156,376,238,649,442,649,403,422,395,664,298,1309,15006,6294,28,0,0,0,0,3,0
2021-02-03T23:59:59+01:00,0,1,57,105,247,525,428,1065,564,1720,851,1428,600,540,550,953,1582,3695,24,28,59,120,123,277,174,507,333,499,301,322,320,522,227,1048,14882,4885,26,0,0,0,0,3,0
2021-02-02T23:59:59+01:00,0,1,57,103,244,519,428,1047,552,1687,841,1404,587,531,539,908,1573,3651,17,21,40,79,87,183,122,342,218,360,212,216,204,328,163,694,14645,3287,26,0,0,0,0,1,0
2021-02-01T23:59:59+01:00,0,1,57,101,240,511,426,1031,544,1666,837,1381,579,525,522,879,1565,3607,7,11,20,42,48,95,65,168,94,163,100,99,85,153,71,308,14445,1529,26,0,0,0,0,1,0
2021-01-31T23:59:59+01:00,0,1,57,101,239,510,424,1027,542,1661,834,1378,579,524,522,879,1565,3606,7,11,18,38,43,81,61,142,81,148,96,99,84,152,69,307,14423,1437,25,0,0,0,0,1,0
2021-01-30T23:59:59+01:00,0,1,57,101,239,510,424,1027,542,1661,834,1378,579,524,522,879,1565,3606,7,11,18,38,43,81,61,142,81,148,96,98,84,152,69,307,14423,1436,25,0,0,0,0,1,0
2021-01-29T23:59:59+01:00,0,1,57,101,239,510,424,1027,542,1661,834,1378,579,524,522,879,1565,3606,7,11,18,38,43,81,61,142,81,148,96,98,84,152,69,307,14423,1436,25,0,0,0,0,1,0
2021-01-28T23:59:59+01:00,0,1,55,93,235,482,412,961,524,1575,812,1295,566,509,516,862,1563,3592,3,2,4,6,11,13,19,34,21,31,16,20,19,34,17,91,14033,341,19,0,0,0,0,1,0
2021-01-27T23:59:59+01:00,0,1,53,89,235,472,404,922,514,1509,792,1212,554,495,514,860,1563,3592,3,2,4,6,9,13,19,33,21,30,16,20,19,34,17,91,13763,337,17,0,0,0,0,1,0
2021-01-26T23:59:59+01:00,0,1,52,83,231,466,397,893,503,1441,767,1144,531,482,512,860,1563,3592,1,2,4,6,9,12,17,29,17,25,14,18,17,32,17,84,13501,304,16,0,0,0,0,1,0
2021-01-25T23:59:59+01:00,0,1,52,83,228,461,394,887,503,1438,765,1139,531,482,512,859,1563,3590,0,0,0,0,0,0,0,0,0,0,1,1,0,2,0,0,13472,4,15,0,0,0,0,1,0
2021-01-24T23:59:59+01:00,0,1,52,83,228,461,394,887,503,1437,765,1139,531,482,512,859,1563,3590,0,0,0,0,0,0,0,0,0,0,1,1,0,2,0,0,13471,4,15,0,0,0,0,1,0
2021-01-23T23:59:59+01:00,0,1,52,83,228,460,393,883,503,1431,764,1137,528,480,495,821,1309,3122,0,0,0,0,0,0,0,0,0,0,1,1,0,2,0,0,12674,4,15,0,0,0,0,1,0
2021-01-22T23:59:59+01:00,0,1,52,83,227,456,389,873,498,1421,759,1129,522,472,478,780,949,2405,0,0,0,0,0,0,0,0,0,0,1,1,0,2,0,0,11479,4,15,0,0,0,0,0,0
2021-01-21T23:59:59+01:00,0,1,52,80,209,423,362,817,471,1322,733,1095,518,472,478,780,948,2404,0,0,0,0,0,0,0,0,0,0,1,1,0,2,0,0,11150,4,15,0,0,0,0,0,0
2021-01-20T23:59:59+01:00,0,1,50,70,181,352,321,731,429,1168,663,1004,482,461,473,780,948,2403,0,0,0,0,0,0,0,0,0,0,1,1,0,2,0,0,10502,4,15,0,0,0,0,0,0
2021-01-19T23:59:59+01:00,0,1,44,57,135,275,248,572,352,986,571,862,447,449,469,778,948,2403,0,0,0,0,0,0,0,0,0,0,1,0,0,2,0,0,9590,3,7,0,0,0,0,0,0
2021-01-18T23:59:59+01:00,0,1,40,44,86,175,179,422,282,723,500,705,438,442,466,773,946,2403,0,0,0,0,0,0,0,0,0,0,0,0,0,1,0,0,8625,1,0,0,0,0,0,0,0
2021-01-17T23:59:59+01:00,0,1,37,43,83,171,175,414,278,712,495,692,436,442,466,773,946,2402,0,0,0,0,0,0,0,0,0,0,0,0,0,0,0,0,8566,0,0,0,0,0,0,0,0
2021-01-16T23:59:59+01:00,0,1,34,42,81,169,171,405,270,705,480,684,428,441,427,726,705,2017,0,0,0,0,0,0,0,0,0,0,0,0,0,0,0,0,7786,0,0,0,0,0,0,0,0
2021-01-15T23:59:59+01:00,0,1,32,40,78,162,168,399,263,688,466,676,422,440,422,702,310,1385,0,0,0,0,0,0,0,0,0,0,0,0,0,0,0,0,6654,0,0,0,0,0,0,0,0
2021-01-14T23:59:59+01:00,0,1,32,38,77,158,163,394,255,678,455,668,418,438,422,701,310,1385,0,0,0,0,0,0,0,0,0,0,0,0,0,0,0,0,6593,0,0,0,0,0,0,0,0
2021-01-13T23:59:59+01:00,0,0,24,31,61,125,128,299,195,543,346,525,319,334,348,552,239,1107,0,0,0,0,0,0,0,0,0,0,0,0,0,0,0,0,5176,0,0,0,0,0,0,0,0
2021-01-12T23:59:59+01:00,0,0,17,24,45,87,93,211,141,392,236,389,228,228,227,355,173,750,0,0,0,0,0,0,0,0,0,0,0,0,0,0,0,0,3596,0,0,0,0,0,0,0,0
2021-01-11T23:59:59+01:00,0,0,9,15,26,46,62,135,88,220,124,207,114,107,99,172,80,333,0,0,0,0,0,0,0,0,0,0,0,0,0,0,0,0,1837,0,0,0,0,0,0,0,0
2021-01-10T23:59:59+01:00,0,0,8,15,22,43,55,107,80,179,105,174,108,104,95,170,77,333,0,0,0,0,0,0,0,0,0,0,0,0,0,0,0,0,1675,0,0,0,0,0,0,0,0
2021-01-09T23:59:59+01:00,0,0,8,15,22,43,55,107,80,179,105,174,108,103,95,170,77,333,0,0,0,0,0,0,0,0,0,0,0,0,0,0,0,0,1674,0,0,0,0,0,0,0,0
2021-01-08T23:59:59+01:00,0,0,8,14,21,42,52,100,75,168,99,171,105,99,90,161,75,325,0,0,0,0,0,0,0,0,0,0,0,0,0,0,0,0,1605,0,0,0,0,0,0,0,0
2021-01-07T23:59:59+01:00,0,0,3,3,4,7,11,14,20,34,23,35,18,20,20,34,19,95,0,0,0,0,0,0,0,0,0,0,0,0,0,0,0,0,360,0,0,0,0,0,0,0,0
2021-01-06T23:59:59+01:00,0,0,3,2,4,6,9,13,20,33,21,32,18,20,20,34,19,94,0,0,0,0,0,0,0,0,0,0,0,0,0,0,0,0,348,0,0,0,0,0,0,0,0
2021-01-05T23:59:59+01:00,0,0,3,2,4,6,9,13,20,33,21,32,18,20,20,34,19,94,0,0,0,0,0,0,0,0,0,0,0,0,0,0,0,0,348,0,0,0,0,0,0,0,0
2021-01-04T23:59:59+01:00,0,0,0,0,0,0,0,0,1,0,0,0,1,1,0,2,0,0,0,0,0,0,0,0,0,0,0,0,0,0,0,0,0,0,5,0,0,0,0,0,0,0,0
2021-01-03T23:59:59+01:00,0,0,0,0,0,0,0,0,1,0,0,0,1,1,0,2,0,0,0,0,0,0,0,0,0,0,0,0,0,0,0,0,0,0,5,0,0,0,0,0,0,0,0
2021-01-02T23:59:59+01:00,0,0,0,0,0,0,0,0,1,0,0,0,1,1,0,2,0,0,0,0,0,0,0,0,0,0,0,0,0,0,0,0,0,0,5,0,0,0,0,0,0,0,0
2021-01-01T23:59:59+01:00,0,0,0,0,0,0,0,0,1,0,0,0,1,1,0,2,0,0,0,0,0,0,0,0,0,0,0,0,0,0,0,0,0,0,5,0,0,0,0,0,0,0,0
2020-12-31T23:59:59+01:00,0,0,0,0,0,0,0,0,1,0,0,0,1,1,0,2,0,0,0,0,0,0,0,0,0,0,0,0,0,0,0,0,0,0,5,0,0,0,0,0,0,0,0
2020-12-30T23:59:59+01:00,0,0,0,0,0,0,0,0,1,0,0,0,1,1,0,2,0,0,0,0,0,0,0,0,0,0,0,0,0,0,0,0,0,0,5,0,0,0,0,0,0,0,0
2020-12-29T23:59:59+01:00,0,0,0,0,0,0,0,0,1,0,0,0,1,0,0,2,0,0,0,0,0,0,0,0,0,0,0,0,0,0,0,0,0,0,4,0,0,0,0,0,0,0,0
2020-12-28T23:59:59+01:00,0,0,0,0,0,0,0,0,0,0,0,0,1,0,0,1,0,0,0,0,0,0,0,0,0,0,0,0,0,0,0,0,0,0,2,0,0,0,0,0,0,0,0
2020-12-27T23:59:59+01:00,0,0,0,0,0,0,0,0,0,0,0,0,0,0,0,0,0,0,0,0,0,0,0,0,0,0,0,0,0,0,0,0,0,0,0,0,0,0,0,0,0,0,0
