Datum,<24_1_m,<24_1_w,25-34_1_m,25-34_1_w,35-44_1_m,35-44_1_w,45-54_1_m,45-54_1_w,55-64_1_m,55-64_1_w,65-74_1_m,65-74_1_w,75-84_1_m,75-84_1_w,>84_1_m,>84_1_w,<24_2_m,<24_2_w,25-34_2_m,25-34_2_w,35-44_2_m,35-44_2_w,45-54_2_m,45-54_2_w,55-64_2_m,55-64_2_w,65-74_2_m,65-74_2_w,75-84_2_m,75-84_2_w,>84_2_m,>84_2_w,bp_1,bp_2,mo_1,mo_2,az_1,az_2,ja
2021-05-23T23:59:59+02:00,3358,3787,5646,7290,8050,10938,16125,19608,25497,27717,21334,23916,14847,19459,4083,7979,884,1027,1537,2407,2172,4111,3342,6136,5132,6708,5488,6084,11155,14713,3702,7116,149422,56448,21781,12141,45324,10018,3107
2021-05-22T23:59:59+02:00,3317,3738,5577,7246,7947,10858,15896,19413,25246,27504,21245,23837,14821,19423,4080,7976,858,1002,1493,2357,2121,4036,3228,5999,4817,6143,4560,4915,10894,14350,3694,7081,147913,53239,21781,12141,45323,9061,3107
2021-05-21T23:59:59+02:00,3265,3664,5477,7165,7863,10745,15648,19183,25020,27308,21149,23743,14796,19382,4075,7968,824,940,1426,2230,2010,3765,3016,5635,4357,5271,3942,4104,10382,13718,3642,6976,146273,49528,21781,12141,45320,7492,3077
2021-05-20T23:59:59+02:00,3112,3486,5209,6904,7578,10386,15141,18658,24465,26784,20899,23492,14718,19280,4063,7942,811,925,1403,2211,1973,3733,2964,5573,4283,5206,3826,4014,10326,13673,3635,6968,142196,49450,21775,12133,45300,7095,2846
2021-05-19T23:59:59+02:00,3048,3429,5112,6756,7337,10120,14083,17686,24224,26515,20808,23375,14683,19226,4056,7936,791,898,1379,2162,1941,3650,2910,5437,4191,5113,3750,3934,10282,13622,3632,6964,140834,49424,19715,12075,45231,6543,2614
2021-05-18T23:59:59+02:00,3022,3406,5064,6721,7259,10059,13754,17438,24048,26368,20727,23285,14656,19182,4049,7925,753,830,1327,2022,1871,3454,2804,5230,3977,4833,3622,3755,10212,13556,3623,6955,140570,49406,18867,11082,45187,5997,2339
2021-05-17T23:59:59+02:00,2992,3380,5014,6645,7171,9952,13588,17242,23921,26230,20677,23238,14640,19161,4046,7918,744,811,1312,1984,1847,3406,2752,5123,3899,4714,3490,3606,10158,13506,3622,6948,139603,49389,18859,11073,45173,5280,2180
2021-05-16T23:59:59+02:00,2983,3359,4989,6581,7133,9870,13526,17166,23871,26171,20655,23223,14630,19149,4043,7916,740,804,1303,1982,1831,3393,2730,5113,3872,4687,3434,3536,10127,13486,3621,6946,139169,49382,18851,11062,45151,5067,2094
2021-05-15T23:59:59+02:00,2860,3240,4797,6381,6951,9678,12873,16615,23433,25774,20562,23112,14598,19110,4041,7910,679,738,1220,1892,1698,3226,2421,4789,3435,4198,3104,3121,9995,13309,3602,6924,135869,46474,18851,11062,45145,4745,2070
2021-05-14T23:59:59+02:00,2725,3045,4588,6153,6677,9364,12222,15998,22980,25328,20445,22980,14570,19060,4037,7903,608,649,1115,1772,1531,3003,2057,4378,2856,3620,2747,2704,9931,13200,3600,6920,132067,43573,18846,11060,45123,4019,2039
2021-05-13T23:59:59+02:00,2520,2732,4263,5761,6244,8872,11575,15245,22039,24498,20207,22744,14518,18981,4031,7889,604,646,1104,1756,1514,2986,2049,4354,2839,3599,2731,2689,9926,13199,3599,6920,126210,43519,18794,11052,45097,3926,2018
2021-05-12T23:59:59+02:00,2518,2729,4257,5760,6235,8865,11460,15117,22003,24470,20200,22732,14516,18975,4030,7889,594,621,1069,1697,1463,2908,1968,4268,2782,3547,2651,2595,9876,13126,3599,6920,126172,43516,18471,10228,45097,3924,2016
2021-05-11T23:59:59+02:00,2391,2692,4176,5686,6098,8743,11140,14868,21836,24324,20135,22665,14501,18949,4027,7886,562,593,1015,1633,1383,2815,1875,4129,2711,3483,2499,2371,9811,13027,3599,6920,125247,43500,18135,9396,44818,3613,1917
2021-05-10T23:59:59+02:00,2340,2607,4079,5561,5973,8581,10289,14071,21520,24045,20065,22584,14467,18901,4020,7876,546,557,981,1575,1314,2723,1781,3963,2637,3405,2479,2354,9804,13010,3597,6917,124174,43492,16295,9220,44715,3136,1795
2021-05-09T23:59:59+02:00,2306,2590,4043,5522,5921,8529,10219,13997,21459,23980,20031,22545,14452,18877,4018,7864,538,546,961,1529,1289,2675,1748,3907,2603,3361,2469,2342,9796,12994,3597,6911,123735,43438,16290,9217,44622,2905,1706
2021-05-08T23:59:59+02:00,2229,2475,3841,5350,5673,8321,9800,13641,20439,23137,19860,22371,14427,18819,4013,7855,456,513,901,1483,1212,2610,1657,3794,2328,3126,1992,1956,9721,12928,3596,6911,119639,41996,16289,9215,44617,2267,1706
2021-05-07T23:59:59+02:00,2135,2342,3641,5173,5346,8032,9378,13233,19240,21912,19695,22168,14390,18771,4005,7839,353,446,788,1406,1089,2477,1522,3652,2150,2926,1562,1611,9348,12571,3595,6910,114742,40364,16287,9213,44596,1154,1675
2021-05-06T23:59:59+02:00,1930,2219,3364,4900,4898,7632,8710,12641,18056,20703,19379,21814,14304,18634,3996,7829,335,435,764,1378,1051,2418,1471,3573,2086,2862,1527,1555,9332,12548,3590,6907,108936,40346,16281,9207,44398,885,1394
2021-05-05T23:59:59+02:00,1853,2179,3291,4814,4820,7517,8576,12486,17899,20558,19261,21700,14232,18532,3976,7743,322,419,725,1328,985,2336,1385,3414,1982,2758,1437,1458,8925,11986,3585,6891,108183,40313,16138,8089,44211,629,905
2021-05-04T23:59:59+02:00,1824,2148,3252,4731,4763,7410,8227,12091,17438,20069,19177,21579,14160,18439,3951,7640,304,406,704,1295,965,2287,1309,3270,1878,2617,1372,1357,8861,11892,3581,6876,107495,40289,14798,7814,44108,373,498
2021-05-03T23:59:59+02:00,1815,2143,3244,4718,4724,7386,7847,11747,16868,19580,19121,21502,14136,18411,3946,7630,289,380,681,1214,917,2196,1242,3127,1780,2482,1309,1283,8839,11864,3578,6867,107414,40283,13210,7607,44069,33,125
2021-05-02T23:59:59+02:00,1813,2141,3240,4716,4718,7382,7836,11735,16850,19569,19105,21496,14136,18409,3945,7630,288,379,679,1213,911,2193,1233,3120,1772,2476,1295,1276,8838,11858,3577,6867,107388,40261,13208,7605,44046,30,79
2021-05-01T23:59:59+02:00,1663,1990,2942,4452,4237,7016,7204,11223,14913,17680,18791,21162,14059,18307,3942,7617,286,379,677,1211,910,2190,1231,3118,1769,2471,1291,1273,8836,11857,3577,6867,99872,40231,13207,7605,44042,30,77
2021-04-30T23:59:59+02:00,1517,1824,2740,4209,3890,6622,6606,10600,13089,15572,18441,20760,13974,18176,3929,7610,280,378,673,1206,900,2182,1221,3110,1761,2460,1281,1263,8832,11854,3576,6867,92288,40187,13207,7605,44042,30,22
2021-04-29T23:59:59+02:00,1387,1743,2564,4081,3650,6413,6224,10280,11727,14259,18250,20552,13946,18123,3926,7604,278,374,668,1201,891,2176,1197,3104,1730,2423,1258,1238,8828,11849,3576,6867,87618,40156,13199,7474,43907,23,5
2021-04-28T23:59:59+02:00,1317,1739,2521,4065,3605,6395,6154,10244,11644,14194,18222,20521,13940,18110,3926,7601,278,373,665,1200,889,2174,1194,3100,1723,2420,1251,1218,8387,11334,3576,6867,87375,40135,13149,6489,43670,21,4
2021-04-27T23:59:59+02:00,1264,1710,2416,4020,3544,6369,6030,10183,11543,14130,18192,20489,13930,18097,3924,7600,278,372,663,1194,888,2172,1190,3097,1719,2413,1236,1200,7977,10759,3576,6867,86873,40117,13096,5462,43468,18,4
2021-04-26T23:59:59+02:00,1213,1674,2326,3924,3420,6273,5854,10056,11235,13855,18155,20470,13922,18079,3922,7600,277,371,661,1194,884,2169,1182,3093,1701,2406,1221,1185,7971,10741,3576,6867,85546,40036,13086,5442,43342,17,4
2021-04-25T23:59:59+02:00,1210,1671,2317,3922,3414,6268,5835,10048,11200,13825,18148,20461,13921,18073,3922,7600,277,371,661,1194,883,2169,1182,3093,1701,2406,1221,1185,7971,10739,3576,6867,85526,40035,13079,5440,43226,17,4
2021-04-24T23:59:59+02:00,1159,1521,2121,3374,3142,5640,5653,9669,10147,12543,17664,19834,13829,17935,3916,7592,276,370,660,1193,883,2168,1182,3092,1695,2399,1217,1182,7970,10738,3576,6866,79455,40011,13079,5436,43202,17,3
2021-04-23T23:59:59+02:00,1122,1416,1999,3006,2959,5065,5440,9276,9317,11482,16329,18348,13704,17752,3911,7574,276,370,658,1193,882,2166,1181,3092,1694,2398,1212,1177,7967,10736,3576,6865,72477,39998,13078,5425,43142,17,3
2021-04-22T23:59:59+02:00,1116,1408,1982,2989,2939,5048,5374,9225,9206,11375,16269,18282,13683,17727,3909,7570,276,369,656,1193,879,2165,1173,3079,1673,2377,1190,1156,7965,10731,3576,6865,72436,39987,13027,5317,42636,16,3
2021-04-21T23:59:59+02:00,1107,1399,1966,2972,2916,5026,5323,9160,9087,11249,16189,18207,13667,17699,3909,7567,270,365,645,1183,866,2134,1161,3052,1664,2359,1179,1142,7743,10416,3575,6865,72396,39982,12970,4619,42074,15,3
2021-04-20T23:59:59+02:00,1074,1336,1919,2854,2842,4869,5218,8977,8813,10938,16064,18041,13618,17648,3902,7562,257,361,625,1159,839,2106,1135,3022,1628,2324,1162,1128,7735,10413,3575,6865,72327,39963,11844,4355,41501,13,3
2021-04-19T23:59:59+02:00,1063,1325,1882,2834,2800,4838,5074,8919,8623,10808,15980,17964,13601,17631,3902,7557,248,350,604,1138,823,2071,1113,2977,1586,2271,1145,1112,7730,10409,3573,6865,71930,39929,11822,4072,41046,11,3
2021-04-18T23:59:59+02:00,1061,1324,1878,2828,2791,4827,5058,8902,8576,10764,15936,17908,13595,17620,3901,7555,248,350,604,1138,822,2071,1113,2977,1586,2270,1145,1111,7728,10408,3572,6865,71887,39924,11820,4070,40814,11,3
2021-04-17T23:59:59+02:00,1026,1311,1829,2781,2716,4752,4907,8749,8172,10359,13720,15161,13432,17340,3888,7524,246,350,604,1134,818,2065,1102,2969,1574,2249,1106,1066,7392,9990,3556,6827,65151,38975,11820,4059,40693,11,3
2021-04-16T23:59:59+02:00,1018,1304,1818,2771,2674,4711,4805,8662,7992,10152,10948,11924,13250,17054,3874,7481,245,345,603,1131,813,2061,1093,2964,1565,2238,1095,1055,7386,9985,3554,6824,58160,38900,11818,4043,40457,11,3
2021-04-15T23:59:59+02:00,1006,1298,1791,2755,2627,4676,4691,8594,7748,9923,10719,11740,13207,17000,3868,7469,243,345,603,1129,812,2060,1090,2961,1562,2235,1090,1052,7384,9983,3554,6824,58139,38887,11816,4026,39154,11,3
2021-04-14T23:59:59+02:00,983,1265,1734,2667,2532,4548,4497,8406,7459,9621,10359,11287,13082,16846,3864,7459,213,318,564,1077,790,1992,1052,2879,1519,2177,1066,1025,7380,9975,3554,6824,58107,38872,10872,3520,37627,10,3
2021-04-13T23:59:59+02:00,956,1240,1697,2610,2458,4462,4392,8262,7243,9396,9960,10793,12957,16688,3859,7448,173,292,530,1025,750,1891,1016,2776,1471,2110,1047,991,7366,9967,3554,6824,58030,38810,9927,2966,36461,4,3
2021-04-12T23:59:59+02:00,952,1237,1681,2607,2427,4446,4339,8209,7086,9211,9712,10502,12915,16641,3848,7435,158,273,503,986,726,1821,992,2706,1429,2067,1027,973,7350,9951,3551,6819,57975,38695,9897,2630,35373,4,3
2021-04-11T23:59:59+02:00,950,1236,1671,2607,2415,4444,4317,8194,7016,9141,9588,10351,12889,16599,3844,7431,158,272,503,985,725,1820,991,2706,1428,2067,1027,973,7348,9951,3551,6819,57963,38689,9895,2629,34832,3,3
2021-04-10T23:59:59+02:00,932,1225,1643,2581,2377,4415,4245,8129,6874,9019,8649,9149,12620,16230,3835,7393,155,270,502,983,720,1818,991,2700,1419,2059,1013,958,6879,9451,3539,6805,54635,37627,9894,2629,34784,3,3
2021-04-09T23:59:59+02:00,909,1194,1603,2532,2304,4334,4065,7948,6535,8687,7901,8181,12050,15533,3776,7280,152,269,500,977,715,1809,983,2692,1402,2047,994,937,6631,9175,3526,6784,50669,36962,9891,2625,34269,3,3
2021-04-08T23:59:59+02:00,898,1183,1572,2509,2239,4283,3924,7850,6242,8345,7317,7545,11920,15385,3767,7262,152,266,493,974,711,1801,975,2681,1394,2037,982,935,6628,9173,3526,6784,50639,36941,9867,2565,31732,3,3
2021-04-07T23:59:59+02:00,891,1172,1545,2490,2183,4241,3831,7773,5986,8048,6759,6934,11365,14672,3756,7238,133,254,458,923,666,1735,917,2607,1348,1975,965,921,6622,9168,3525,6784,50614,36918,8717,2078,29551,3,2
2021-04-06T23:59:59+02:00,887,1169,1526,2483,2154,4216,3753,7716,5774,7858,6317,6435,11204,14483,3745,7212,110,233,405,858,625,1652,868,2512,1297,1916,942,904,6607,9156,3523,6780,50544,36891,8534,1492,27852,3,2
2021-04-05T23:59:59+02:00,879,1165,1511,2476,2131,4206,3698,7688,5616,7732,6126,6227,11151,14410,3741,7205,104,230,404,857,618,1643,861,2495,1280,1898,915,865,5470,7708,3493,6733,50349,34087,8530,1482,27081,3,2
2021-04-04T23:59:59+02:00,878,1161,1509,2474,2125,4204,3682,7681,5604,7723,6114,6205,11140,14396,3740,7202,104,230,402,855,613,1638,856,2488,1265,1877,892,832,4425,6510,3469,6679,50336,31648,8529,1482,26971,3,2
2021-04-03T23:59:59+02:00,815,1102,1426,2398,2004,4061,3390,7388,5155,7241,5769,5760,10996,14204,3718,7179,102,230,402,854,613,1636,855,2488,1265,1877,892,832,4425,6506,3469,6679,47105,31638,8529,1482,26970,3,2
2021-04-02T23:59:59+02:00,771,1061,1365,2332,1897,3934,3101,7112,4654,6741,5387,5315,10926,14082,3715,7173,102,230,402,854,613,1636,854,2488,1263,1875,891,829,4423,6504,3469,6679,44181,31627,8528,1481,26856,3,1
2021-04-01T23:59:59+02:00,767,1059,1355,2329,1878,3926,3069,7096,4577,6662,5278,5208,10897,14040,3714,7171,101,230,400,850,612,1633,853,2485,1260,1871,881,828,4419,6501,3468,6679,44170,31618,8386,1449,26469,3,1
2021-03-31T23:59:59+02:00,765,1055,1347,2316,1866,3914,3042,7066,4511,6606,5135,5047,10398,13447,3711,7166,101,230,399,850,612,1633,853,2485,1258,1871,880,828,4418,6500,3468,6678,44160,31611,7259,1449,25972,3,1
2021-03-30T23:59:59+02:00,756,1050,1328,2296,1834,3883,3002,7030,4425,6513,4967,4850,9901,12773,3704,7154,97,226,399,846,607,1630,847,2480,1251,1867,870,819,4411,6496,3467,6678,44138,31593,6075,1396,25252,1,1
2021-03-29T23:59:59+02:00,751,1042,1316,2259,1813,3852,2971,6989,4353,6415,4766,4662,9836,12698,3702,7143,97,226,399,843,603,1627,846,2473,1247,1861,861,811,4404,6492,3467,6678,44071,31581,5860,1352,24636,1,1
2021-03-28T23:59:59+02:00,748,1040,1312,2256,1799,3842,2953,6974,4314,6354,4670,4550,9805,12643,3696,7136,97,226,399,842,603,1627,844,2473,1245,1861,860,811,4403,6492,3467,6678,44049,31579,5851,1347,24191,1,1
2021-03-27T23:59:59+01:00,744,1035,1304,2248,1779,3827,2927,6946,4086,6168,4156,4122,9594,12418,3688,7121,97,226,396,840,602,1625,841,2470,1238,1855,856,806,4173,6111,3414,6599,42134,30800,5847,1347,24181,1,1
2021-03-26T23:59:59+01:00,737,1027,1296,2238,1760,3809,2898,6921,3998,6067,3630,3684,9126,11960,3679,7108,97,226,395,839,601,1622,837,2467,1228,1849,845,790,3374,5064,3286,6365,40197,28536,5834,1347,23906,1,1
2021-03-25T23:59:59+01:00,730,1021,1283,2225,1738,3781,2837,6881,3906,5980,3449,3467,9042,11868,3674,7106,97,226,395,839,601,1622,836,2466,1228,1849,845,790,3372,5063,3286,6364,40185,28530,5727,1347,23075,1,1
2021-03-24T23:59:59+01:00,720,1012,1251,2200,1691,3731,2756,6804,3741,5818,3111,3108,8682,11356,3665,7094,93,224,383,824,582,1602,803,2434,1173,1818,818,753,3364,5058,3286,6362,40163,28229,4974,1346,21602,1,1
2021-03-23T23:59:59+01:00,707,1002,1222,2165,1645,3683,2670,6717,3579,5646,2730,2716,8498,11180,3658,7078,88,220,370,798,544,1570,737,2370,1069,1736,735,696,3338,5026,3283,6360,40122,27598,4684,1340,20089,1,1
2021-03-22T23:59:59+01:00,678,881,1183,2118,1615,3627,2612,6640,3433,5507,2477,2478,8200,10840,3645,7048,88,219,370,798,544,1568,736,2369,1066,1735,733,693,3335,5021,3282,6358,39655,27573,4357,1340,18969,1,1
2021-03-21T23:59:59+01:00,677,876,1178,2111,1604,3619,2594,6624,3388,5462,2328,2311,8129,10749,3638,7035,88,219,370,797,544,1568,736,2369,1066,1735,733,693,3335,5020,3282,6358,39651,27571,4343,1340,18328,1,1
2021-03-20T23:59:59+01:00,676,876,1176,2103,1599,3614,2588,6617,3367,5439,2298,2272,7638,10234,3625,7020,88,219,370,797,543,1568,735,2368,1066,1734,733,693,3335,5019,3280,6356,38613,27562,4332,1340,18196,1,1
2021-03-19T23:59:59+01:00,668,869,1163,2088,1567,3592,2520,6464,3303,5350,2115,2092,7343,9926,3611,6999,88,219,370,791,539,1566,730,2359,1056,1724,724,686,2801,4269,2969,5756,38007,25305,4316,1340,17346,1,1
2021-03-18T23:59:59+01:00,653,852,1144,2057,1536,3559,2482,6390,3228,5260,1944,1889,7245,9826,3609,6989,87,219,370,790,539,1566,729,2355,1052,1723,716,683,2741,4188,2954,5723,37987,25115,4305,1318,16370,1,1
2021-03-17T23:59:59+01:00,619,821,1101,1999,1499,3472,2395,6267,3072,5098,1679,1622,7112,9698,3600,6976,85,213,358,764,523,1516,707,2301,1013,1685,698,661,2481,3876,2895,5623,37916,24149,3782,1248,15331,1,1
2021-03-16T23:59:59+01:00,573,789,1060,1942,1449,3355,2321,6121,2957,4953,1470,1399,7008,9571,3591,6959,79,194,335,706,495,1433,674,2159,984,1577,645,611,2372,3736,2877,5548,37862,23406,3164,1017,14491,1,1
2021-03-15T23:59:59+01:00,557,772,1032,1898,1412,3281,2286,6037,2869,4870,1344,1263,6424,8881,3569,6915,76,182,322,646,478,1315,638,2032,941,1464,618,592,2334,3694,2866,5492,36628,23005,2807,684,13975,1,0
2021-03-14T23:59:59+01:00,552,767,1022,1885,1409,3265,2270,6019,2833,4841,1302,1207,6023,8439,3558,6904,75,177,318,623,472,1287,632,1971,931,1445,618,592,2334,3693,2865,5491,35814,22999,2802,524,13680,1,0
2021-03-13T23:59:59+01:00,530,745,983,1838,1353,3199,2005,5380,2606,4484,1199,1097,5345,7556,3541,6875,75,177,317,620,470,1286,630,1969,931,1441,615,587,1879,3058,2442,4889,34138,20861,2799,524,11799,1,0
2021-03-12T23:59:59+01:00,512,720,964,1794,1316,3100,1787,4525,2413,4119,1130,1024,4626,6718,3527,6839,75,175,316,616,470,1282,626,1963,928,1435,612,582,1477,2390,1989,4229,32464,18640,2796,524,9854,1,0
2021-03-11T23:59:59+01:00,508,713,954,1782,1302,3079,1761,4492,2376,4082,1056,971,4588,6685,3525,6837,75,166,309,595,457,1228,616,1914,906,1401,603,569,1472,2372,1980,4180,32431,18390,2703,452,9577,1,0
2021-03-10T23:59:59+01:00,486,698,905,1718,1247,3007,1685,4390,2315,3997,1024,949,4575,6673,3524,6835,74,166,307,590,455,1222,612,1892,906,1396,595,559,1405,2275,1945,4136,32417,18106,2137,428,9474,1,0
2021-03-09T23:59:59+01:00,465,680,854,1668,1209,2935,1638,4311,2273,3950,1009,940,4569,6666,3523,6834,72,164,306,588,454,1213,610,1880,900,1390,593,551,1172,1929,1856,3999,32373,17275,1689,401,9462,1,0
2021-03-08T23:59:59+01:00,458,669,844,1652,1199,2920,1632,4285,2261,3938,998,929,4535,6621,3521,6830,71,162,303,586,450,1207,608,1876,897,1388,593,551,1090,1829,1824,3966,32251,17022,1593,378,9448,1,0
2021-03-07T23:59:59+01:00,457,666,844,1651,1196,2918,1629,4278,2251,3932,991,921,4529,6617,3520,6829,68,158,293,565,438,1173,590,1772,865,1326,592,551,978,1682,1783,3914,32234,16662,1554,86,9441,0,0
2021-03-06T23:59:59+01:00,448,646,825,1617,1171,2863,1584,4196,2058,3443,967,893,4304,6256,3473,6757,68,158,293,565,438,1172,590,1772,865,1326,592,551,975,1681,1780,3913,31518,16653,1554,86,8429,0,0
2021-03-05T23:59:59+01:00,432,598,792,1512,1116,2639,1498,3969,1849,2783,949,867,3478,5186,3349,6528,68,157,292,562,434,1166,589,1767,863,1322,587,549,935,1619,1762,3883,29215,16469,1553,86,6777,0,0
2021-03-04T23:59:59+01:00,417,588,783,1493,1104,2615,1476,3939,1829,2765,936,864,3472,5182,3348,6527,68,156,289,558,431,1148,580,1747,862,1314,585,548,889,1556,1748,3857,29202,16312,1513,24,6623,0,0
2021-03-03T23:59:59+01:00,406,549,764,1434,1072,2530,1427,3788,1747,2676,909,821,3463,5178,3348,6525,67,156,286,554,430,1145,578,1738,859,1311,585,547,857,1496,1672,3719,28889,15978,1513,22,6235,0,0
2021-03-02T23:59:59+01:00,400,539,748,1404,1022,2485,1352,3702,1630,2581,820,759,3430,5141,3344,6523,66,156,286,549,429,1139,578,1730,859,1309,584,547,857,1496,1672,3719,28251,15954,1450,22,6179,0,0
2021-03-01T23:59:59+01:00,393,524,744,1353,1007,2422,1332,3627,1605,2532,803,750,3422,5135,3344,6523,66,154,285,546,420,1125,578,1715,849,1303,584,545,747,1318,1632,3664,28212,15509,1401,22,5903,0,0
2021-02-28T23:59:59+01:00,388,510,735,1308,995,2344,1316,3545,1586,2453,799,744,3421,5131,3343,6522,66,154,285,546,420,1124,578,1715,848,1303,584,544,640,1169,1597,3608,28202,15159,1398,22,5540,0,0
2021-02-27T23:59:59+01:00,377,486,721,1284,975,2303,1283,3475,1561,2406,782,734,3420,5131,3343,6522,66,154,285,546,420,1124,577,1715,847,1303,584,544,640,1168,1597,3608,28201,15156,1398,22,5204,0,0
2021-02-26T23:59:59+01:00,347,426,674,1219,909,2187,1193,3318,1466,2285,759,718,2878,4374,3030,5904,66,154,282,544,420,1122,575,1712,844,1298,579,541,633,1154,1590,3592,25922,15084,1398,22,4367,0,0
2021-02-25T23:59:59+01:00,342,410,659,1191,888,2142,1173,3245,1450,2250,757,716,2819,4292,3014,5870,64,150,278,537,420,1119,570,1699,841,1289,571,535,551,1034,1551,3549,25705,14738,1398,20,4115,0,0
2021-02-24T23:59:59+01:00,317,393,613,1145,835,2069,1115,3154,1411,2198,739,694,2560,3971,2953,5764,63,146,274,527,414,1104,563,1676,838,1272,564,524,537,1013,1541,3530,24720,14572,1398,14,3813,0,0
2021-02-23T23:59:59+01:00,299,368,585,1088,799,1981,1034,2997,1349,2117,686,643,2448,3829,2936,5684,63,144,272,520,414,1085,553,1646,830,1253,553,516,525,962,1531,3487,23927,14340,1393,14,3523,0,0
2021-02-22T23:59:59+01:00,294,355,571,1027,782,1904,1007,2904,1312,2058,665,623,2420,3792,2929,5629,62,143,267,514,412,1071,544,1623,824,1235,538,502,508,936,1526,3436,23532,14127,1393,14,3347,0,0
2021-02-21T23:59:59+01:00,291,344,564,1005,769,1861,999,2858,1282,2037,665,621,2418,3792,2928,5628,62,143,266,514,412,1071,544,1623,824,1233,538,502,508,936,1526,3435,23526,14123,1393,14,3143,0,0
2021-02-20T23:59:59+01:00,194,309,501,951,704,1790,924,2752,1199,1957,655,608,1953,3121,2480,4989,62,143,266,514,412,1071,544,1622,824,1233,538,502,508,936,1526,3435,21278,14122,1393,14,2416,0,0
2021-02-19T23:59:59+01:00,94,236,386,871,581,1647,788,2608,1072,1811,646,594,1563,2473,2024,4335,62,143,266,514,412,1070,544,1622,824,1233,538,502,500,932,1524,3430,19086,14102,1393,14,1250,0,0
2021-02-18T23:59:59+01:00,90,224,375,827,558,1553,758,2468,1035,1749,635,583,1555,2454,2015,4286,59,134,260,485,397,1008,531,1542,802,1164,527,488,495,914,1522,3412,18848,13726,1367,14,950,0,0
2021-02-17T23:59:59+01:00,89,216,362,797,546,1521,725,2345,1007,1684,627,571,1490,2355,1977,4249,59,130,257,474,389,963,519,1478,784,1089,515,477,493,913,1522,3412,18588,13460,1294,14,679,0,0
2021-02-16T23:59:59+01:00,83,208,344,751,521,1447,692,2233,984,1594,617,562,1217,1972,1885,4108,57,121,257,467,381,930,506,1413,758,1024,495,467,492,913,1519,3411,17675,13209,1055,2,488,0,0
2021-02-15T23:59:59+01:00,77,183,318,644,483,1304,638,2020,936,1451,607,561,1120,1853,1850,4060,56,121,256,461,377,925,504,1408,757,1018,495,467,491,909,1518,3408,17353,13171,717,0,35,0,0
2021-02-14T23:59:59+01:00,76,177,315,619,477,1273,628,1963,922,1434,607,561,1015,1716,1812,4016,56,121,256,461,377,925,504,1406,757,1018,495,467,491,909,1518,3408,17026,13169,564,0,21,0,0
2021-02-13T23:59:59+01:00,76,176,315,618,475,1269,627,1961,922,1430,606,560,1015,1712,1809,4014,56,120,256,461,375,921,503,1401,755,1016,493,466,473,865,1264,2950,17000,12375,564,0,21,0,0
2021-02-12T23:59:59+01:00,76,176,314,617,471,1265,627,1957,919,1429,601,559,974,1652,1793,3982,56,120,256,456,372,913,499,1392,749,1010,486,459,451,818,914,2256,16829,11207,564,0,19,0,0
2021-02-11T23:59:59+01:00,76,170,310,604,460,1238,621,1933,912,1417,600,559,923,1585,1780,3954,56,114,240,426,359,858,483,1321,731,988,486,458,451,818,912,2255,16655,10956,481,0,6,0,0
2021-02-10T23:59:59+01:00,74,170,307,601,457,1234,618,1917,907,1413,600,559,912,1567,1762,3912,55,100,201,346,306,746,431,1161,651,900,458,453,449,818,912,2254,16554,10241,454,0,2,0,0
2021-02-09T23:59:59+01:00,71,168,302,595,454,1225,617,1902,901,1408,599,558,891,1527,1703,3814,47,82,141,265,232,582,349,955,552,770,427,444,445,817,909,2254,16308,9271,426,0,1,0,0
2021-02-08T23:59:59+01:00,70,166,299,589,451,1218,616,1884,894,1403,599,556,774,1350,1663,3758,42,66,99,174,170,427,286,725,495,654,421,439,442,815,908,2254,15887,8417,402,0,1,0,0
2021-02-07T23:59:59+01:00,67,162,289,567,434,1179,599,1776,861,1337,599,555,661,1197,1627,3700,41,65,95,170,166,421,282,713,490,643,419,439,442,815,908,2253,15516,8362,94,0,0,0,0
2021-02-06T23:59:59+01:00,67,162,288,567,434,1178,597,1776,859,1334,595,553,659,1187,1621,3694,38,62,94,168,163,411,276,704,478,636,413,439,403,761,676,1875,15477,7597,94,0,0,0,0
2021-02-05T23:59:59+01:00,67,162,286,564,434,1176,596,1775,857,1332,593,553,650,1179,1615,3683,36,58,90,164,157,401,270,685,461,628,407,439,391,727,289,1258,15428,6461,94,0,0,0,0
2021-02-04T23:59:59+01:00,65,159,281,558,428,1157,580,1749,854,1318,584,544,561,1051,1573,3637,35,54,84,159,149,387,260,668,444,614,400,433,388,720,287,1252,15072,6334,27,0,0,0,0
2021-02-03T23:59:59+01:00,64,153,277,549,427,1141,578,1734,852,1304,578,532,552,1042,1570,3625,26,39,70,125,112,281,190,522,337,477,299,331,309,563,223,1002,14953,4906,25,0,0,0,0
2021-02-02T23:59:59+01:00,64,151,274,542,427,1121,565,1700,844,1285,564,521,543,992,1561,3584,18,27,45,80,82,189,135,354,215,348,211,211,198,358,159,662,14713,3292,25,0,0,0,0
2021-02-01T23:59:59+01:00,63,149,271,534,425,1104,557,1672,838,1270,553,512,529,963,1554,3542,7,14,22,43,44,96,67,173,97,155,102,97,79,158,68,303,14511,1525,25,0,0,0,0
2021-01-31T23:59:59+01:00,63,148,270,534,421,1100,557,1667,836,1266,553,512,529,963,1554,3541,7,13,20,40,39,80,63,148,82,139,98,97,78,157,66,302,14489,1429,25,0,0,0,0
2021-01-30T23:59:59+01:00,63,148,270,534,421,1100,557,1667,836,1266,553,512,529,963,1554,3541,7,13,20,40,39,80,63,148,82,139,98,96,78,157,66,302,14489,1428,25,0,0,0,0
2021-01-29T23:59:59+01:00,63,148,270,534,421,1100,557,1667,836,1266,553,512,529,963,1554,3541,7,13,20,40,39,80,63,148,82,139,98,96,78,157,66,302,14489,1428,25,0,0,0,0
2021-01-28T23:59:59+01:00,61,138,264,499,408,1037,541,1578,812,1192,542,497,523,946,1552,3526,2,2,5,7,9,14,21,35,21,27,15,19,19,35,17,92,14097,340,19,0,0,0,0
2021-01-27T23:59:59+01:00,59,133,263,487,400,990,530,1513,794,1117,530,485,521,945,1552,3526,2,2,5,7,7,14,21,34,21,27,15,19,19,35,17,92,13828,337,17,0,0,0,0
2021-01-26T23:59:59+01:00,58,127,259,482,391,958,519,1446,769,1051,509,475,520,945,1552,3526,1,2,5,7,7,12,19,31,17,22,14,16,17,33,17,85,13571,305,16,0,0,0,0
2021-01-25T23:59:59+01:00,57,127,257,477,387,952,519,1443,768,1046,509,475,520,943,1552,3524,0,0,0,0,0,0,0,0,0,0,1,1,0,1,0,0,13541,3,15,0,0,0,0
2021-01-24T23:59:59+01:00,57,127,257,477,387,952,519,1442,768,1046,509,475,520,943,1552,3524,0,0,0,0,0,0,0,0,0,0,1,1,0,1,0,0,13540,3,15,0,0,0,0
2021-01-23T23:59:59+01:00,57,126,257,477,386,948,519,1435,767,1044,506,474,501,899,1299,3055,0,0,0,0,0,0,0,0,0,0,1,1,0,1,0,0,12735,3,15,0,0,0,0
2021-01-22T23:59:59+01:00,57,126,256,472,381,940,515,1425,762,1037,500,467,479,850,937,2337,0,0,0,0,0,0,0,0,0,0,1,1,0,1,0,0,11526,3,15,0,0,0,0
2021-01-21T23:59:59+01:00,57,120,237,439,355,873,486,1332,736,1012,498,467,479,850,936,2336,0,0,0,0,0,0,0,0,0,0,1,1,0,1,0,0,11198,3,15,0,0,0,0
2021-01-20T23:59:59+01:00,55,105,205,366,314,777,443,1186,661,926,469,461,477,850,935,2335,0,0,0,0,0,0,0,0,0,0,1,1,0,1,0,0,10550,3,15,0,0,0,0
2021-01-19T23:59:59+01:00,49,88,152,283,243,610,366,1000,574,807,439,452,473,849,935,2335,0,0,0,0,0,0,0,0,0,0,1,0,0,1,0,0,9648,2,7,0,0,0,0
2021-01-18T23:59:59+01:00,43,67,100,182,175,442,300,741,504,671,433,447,470,845,933,2335,0,0,0,0,0,0,0,0,0,0,0,0,0,0,0,0,8688,0,0,0,0,0,0
2021-01-17T23:59:59+01:00,41,66,97,176,170,435,297,731,499,658,431,447,470,845,933,2334,0,0,0,0,0,0,0,0,0,0,0,0,0,0,0,0,8630,0,0,0,0,0,0
2021-01-16T23:59:59+01:00,38,63,95,175,165,426,290,723,482,651,425,447,428,792,694,1951,0,0,0,0,0,0,0,0,0,0,0,0,0,0,0,0,7845,0,0,0,0,0,0
2021-01-15T23:59:59+01:00,36,59,92,170,162,418,283,706,468,644,419,447,417,758,299,1324,0,0,0,0,0,0,0,0,0,0,0,0,0,0,0,0,6702,0,0,0,0,0,0
2021-01-14T23:59:59+01:00,36,55,88,168,158,412,277,698,457,636,416,445,417,757,299,1324,0,0,0,0,0,0,0,0,0,0,0,0,0,0,0,0,6643,0,0,0,0,0,0
2021-01-13T23:59:59+01:00,26,40,72,134,120,309,209,559,353,504,317,343,339,595,235,1065,0,0,0,0,0,0,0,0,0,0,0,0,0,0,0,0,5220,0,0,0,0,0,0
2021-01-12T23:59:59+01:00,18,30,51,90,89,222,153,405,236,377,225,222,223,392,170,720,0,0,0,0,0,0,0,0,0,0,0,0,0,0,0,0,3623,0,0,0,0,0,0
2021-01-11T23:59:59+01:00,9,19,29,50,60,139,93,226,125,197,115,106,93,178,78,330,0,0,0,0,0,0,0,0,0,0,0,0,0,0,0,0,1847,0,0,0,0,0,0
2021-01-10T23:59:59+01:00,8,18,24,45,54,110,83,185,105,165,110,104,90,176,75,330,0,0,0,0,0,0,0,0,0,0,0,0,0,0,0,0,1682,0,0,0,0,0,0
2021-01-09T23:59:59+01:00,8,18,24,45,54,110,83,185,105,165,110,103,90,176,75,330,0,0,0,0,0,0,0,0,0,0,0,0,0,0,0,0,1681,0,0,0,0,0,0
2021-01-08T23:59:59+01:00,8,17,23,44,51,102,79,175,99,162,106,100,86,166,73,322,0,0,0,0,0,0,0,0,0,0,0,0,0,0,0,0,1613,0,0,0,0,0,0
2021-01-07T23:59:59+01:00,2,3,5,8,9,15,24,36,21,32,16,19,20,36,19,96,0,0,0,0,0,0,0,0,0,0,0,0,0,0,0,0,361,0,0,0,0,0,0
2021-01-06T23:59:59+01:00,2,2,5,7,7,14,23,35,20,29,16,19,20,36,19,95,0,0,0,0,0,0,0,0,0,0,0,0,0,0,0,0,349,0,0,0,0,0,0
2021-01-05T23:59:59+01:00,2,2,5,7,7,14,23,35,20,29,16,19,20,36,19,95,0,0,0,0,0,0,0,0,0,0,0,0,0,0,0,0,349,0,0,0,0,0,0
2021-01-04T23:59:59+01:00,0,0,0,0,0,0,1,0,0,0,1,1,0,1,0,0,0,0,0,0,0,0,0,0,0,0,0,0,0,0,0,0,4,0,0,0,0,0,0
2021-01-03T23:59:59+01:00,0,0,0,0,0,0,1,0,0,0,1,1,0,1,0,0,0,0,0,0,0,0,0,0,0,0,0,0,0,0,0,0,4,0,0,0,0,0,0
2021-01-02T23:59:59+01:00,0,0,0,0,0,0,1,0,0,0,1,1,0,1,0,0,0,0,0,0,0,0,0,0,0,0,0,0,0,0,0,0,4,0,0,0,0,0,0
2021-01-01T23:59:59+01:00,0,0,0,0,0,0,1,0,0,0,1,1,0,1,0,0,0,0,0,0,0,0,0,0,0,0,0,0,0,0,0,0,4,0,0,0,0,0,0
2020-12-31T23:59:59+01:00,0,0,0,0,0,0,1,0,0,0,1,1,0,1,0,0,0,0,0,0,0,0,0,0,0,0,0,0,0,0,0,0,4,0,0,0,0,0,0
2020-12-30T23:59:59+01:00,0,0,0,0,0,0,1,0,0,0,1,1,0,1,0,0,0,0,0,0,0,0,0,0,0,0,0,0,0,0,0,0,4,0,0,0,0,0,0
2020-12-29T23:59:59+01:00,0,0,0,0,0,0,1,0,0,0,1,0,0,1,0,0,0,0,0,0,0,0,0,0,0,0,0,0,0,0,0,0,3,0,0,0,0,0,0
2020-12-28T23:59:59+01:00,0,0,0,0,0,0,0,0,0,0,1,0,0,0,0,0,0,0,0,0,0,0,0,0,0,0,0,0,0,0,0,0,1,0,0,0,0,0,0
2020-12-27T23:59:59+01:00,0,0,0,0,0,0,0,0,0,0,0,0,0,0,0,0,0,0,0,0,0,0,0,0,0,0,0,0,0,0,0,0,0,0,0,0,0,0,0
