Datum,<15_m,<15_w,15-24_1_m,15-24_1_w,25-34_1_m,25-34_1_w,35-44_1_m,35-44_1_w,45-54_1_m,45-54_1_w,55-64_1_m,55-64_1_w,65-74_1_m,65-74_1_w,75-84_1_m,75-84_1_w,>84_1_m,>84_1_w,<24_2_m,<24_2_w,25-34_2_m,25-34_2_w,35-44_2_m,35-44_2_w,45-54_2_m,45-54_2_w,55-64_2_m,55-64_2_w,65-74_2_m,65-74_2_w,75-84_2_m,75-84_2_w,>84_2_m,>84_2_w,bp_1,bp_2,mo_1,mo_2,az_1,az_2,ja,unb_1,unb_2
2021-09-20T23:59:59+02:00,1716,1518,14010,13321,17016,15887,20334,20621,27032,28147,33623,34624,25555,28432,17311,22180,5123,9714,12348,11681,15733,14519,19145,19133,25545,26335,32119,32966,24763,27516,16842,21449,4960,9273,242182,226690,31925,29716,46526,44802,15417,128,52
2021-09-19T23:59:59+02:00,1712,1509,13991,13296,16990,15866,20313,20603,27012,28120,33610,34612,25547,28424,17308,22178,5122,9712,12327,11660,15717,14501,19136,19114,25533,26326,32109,32956,24757,27511,16836,21444,4959,9273,241962,226527,31924,29716,46526,44800,15399,128,52
2021-09-18T23:59:59+02:00,1710,1505,13979,13284,16980,15859,20303,20596,27005,28116,33604,34608,25547,28424,17308,22177,5122,9712,12320,11653,15707,14496,19125,19111,25526,26322,32104,32954,24757,27511,16836,21444,4959,9273,241926,226508,31911,29710,46526,44800,15362,128,52
2021-09-17T23:59:59+02:00,1687,1471,13876,13169,16875,15784,20220,20527,26938,28056,33551,34564,25524,28401,17296,22166,5121,9709,12232,11573,15608,14420,19040,19044,25460,26255,32042,32911,24738,27491,16826,21426,4958,9269,241464,226076,31862,29697,46526,44799,14969,128,52
2021-09-16T23:59:59+02:00,1660,1436,13777,13060,16789,15689,20130,20441,26837,27971,33475,34497,25492,28368,17282,22141,5113,9688,12145,11495,15539,14358,18958,18967,25371,26173,31980,32855,24698,27454,16815,21412,4955,9257,240856,225612,31765,29639,46526,44797,14585,128,52
2021-09-15T23:59:59+02:00,1644,1428,13720,13010,16735,15628,20086,20392,26784,27922,33423,34441,25465,28336,17267,22113,5106,9665,12083,11435,15484,14309,18908,18918,25313,26126,31923,32798,24666,27421,16800,21392,4951,9246,240446,225179,31744,29624,46521,44795,14340,128,52
2021-09-14T23:59:59+02:00,1628,1417,13658,12946,16668,15577,20027,20346,26735,27865,33376,34393,25445,28319,17255,22101,5102,9660,12020,11373,15419,14253,18855,18874,25265,26074,31866,32745,24634,27395,16786,21372,4951,9231,240058,224765,31691,29535,46521,44795,14134,128,52
2021-09-13T23:59:59+02:00,1606,1401,13619,12909,16642,15552,20008,20320,26713,27840,33357,34369,25435,28312,17250,22090,5102,9657,11978,11338,15387,14231,18831,18843,25241,26045,31840,32722,24625,27385,16773,21363,4948,9230,239776,224452,31690,29533,46516,44793,14086,128,52
2021-09-12T23:59:59+02:00,1596,1398,13597,12887,16619,15535,19999,20310,26704,27823,33352,34357,25431,28307,17249,22086,5102,9654,11945,11319,15358,14213,18809,18822,25226,26032,31826,32708,24617,27376,16770,21359,4947,9227,239625,224232,31690,29533,46514,44792,14063,128,52
2021-09-11T23:59:59+02:00,1585,1397,13581,12875,16604,15526,19990,20307,26692,27817,33348,34353,25427,28306,17248,22085,5100,9654,11878,11268,15342,14204,18803,18811,25214,26021,31818,32695,24615,27374,16769,21358,4947,9227,239559,223909,31670,29531,46514,44792,14037,128,52
2021-09-10T23:59:59+02:00,1547,1351,13439,12747,16533,15451,19884,20222,26608,27752,33286,34298,25387,28275,17232,22062,5094,9649,11760,11163,15257,14122,18696,18727,25119,25964,31745,32637,24573,27343,16752,21338,4942,9222,238969,223359,31656,29520,46514,44792,13562,128,52
2021-09-09T23:59:59+02:00,1526,1330,13368,12680,16479,15401,19832,20187,26555,27686,33244,34257,25359,28256,17227,22049,5089,9640,11699,11091,15207,14072,18643,18699,25062,25924,31699,32601,24551,27328,16739,21328,4938,9210,238598,222991,31581,29481,46514,44792,13356,128,52
2021-09-08T23:59:59+02:00,1511,1313,13337,12654,16463,15377,19813,20174,26539,27674,33231,34246,25347,28248,17221,22043,5086,9637,11654,11049,15180,14054,18631,18681,25044,25899,31678,32590,24538,27313,16737,21322,4938,9208,238374,222712,31581,29481,46510,44791,13333,128,52
2021-09-07T23:59:59+02:00,1482,1296,13279,12608,16425,15345,19791,20146,26502,27653,33197,34216,25323,28230,17215,22027,5081,9631,11596,10985,15130,14001,18595,18648,24997,25854,31626,32562,24510,27289,16729,21305,4933,9205,238145,222403,31498,29367,46510,44791,13178,128,52
2021-09-06T23:59:59+02:00,1467,1288,13250,12574,16402,15321,19772,20126,26486,27638,33186,34207,25320,28217,17212,22023,5078,9631,11575,10953,15109,13969,18573,18632,24981,25834,31604,32547,24499,27276,16728,21298,4930,9205,237928,222174,31498,29356,46510,44790,13146,128,52
2021-09-05T23:59:59+02:00,1457,1280,13234,12555,16387,15304,19762,20119,26480,27629,33176,34194,25317,28215,17210,22019,5078,9631,11554,10937,15084,13952,18562,18623,24975,25828,31595,32528,24496,27266,16725,21293,4928,9204,237803,222027,31498,29356,46510,44789,13120,128,52
2021-09-04T23:59:59+02:00,1457,1280,13233,12554,16387,15304,19760,20119,26479,27629,33176,34194,25317,28215,17210,22018,5078,9631,11554,10935,15082,13952,18557,18623,24974,25826,31595,32526,24495,27266,16725,21293,4928,9204,237801,222016,31498,29355,46510,44789,13116,128,52
2021-09-03T23:59:59+02:00,1430,1264,13137,12453,16332,15254,19726,20080,26439,27603,33140,34177,25299,28205,17206,22007,5076,9630,11417,10810,15020,13883,18489,18577,24902,25778,31535,32490,24463,27238,16712,21277,4925,9200,237318,221224,31497,29349,46510,44789,13017,128,52
2021-09-02T23:59:59+02:00,1415,1258,13073,12411,16288,15222,19691,20056,26405,27570,33115,34157,25286,28192,17201,22003,5076,9626,11342,10769,14972,13850,18452,18559,24869,25757,31497,32461,24444,27217,16706,21272,4925,9198,237095,220961,31435,29308,46507,44780,12892,128,52
2021-09-01T23:59:59+02:00,1392,1242,13036,12371,16268,15201,19672,20042,26386,27552,33093,34132,25276,28182,17195,21994,5073,9622,11301,10734,14950,13821,18432,18539,24848,25734,31472,32430,24430,27202,16699,21266,4923,9196,236801,220630,31430,29306,46506,44779,12876,128,52
2021-08-31T23:59:59+02:00,1361,1220,12982,12311,16225,15164,19638,20000,26341,27503,33054,34098,25260,28161,17189,21982,5069,9619,11228,10664,14902,13761,18378,18508,24798,25681,31414,32387,24399,27187,16691,21253,4920,9189,236502,220203,31367,29275,46506,44762,12686,128,52
2021-08-30T23:59:59+02:00,1337,1206,12945,12273,16200,15143,19617,19982,26317,27486,33032,34082,25249,28151,17189,21978,5067,9617,11151,10630,14875,13741,18356,18484,24769,25665,31387,32360,24387,27172,16685,21246,4917,9186,236257,219908,31367,29275,46506,44751,12624,128,52
2021-08-29T23:59:59+02:00,1333,1200,12932,12256,16188,15134,19608,19973,26314,27478,33025,34068,25244,28145,17187,21977,5067,9617,11134,10593,14863,13724,18341,18470,24756,25657,31379,32348,24378,27160,16683,21241,4917,9186,236156,219734,31367,29275,46506,44747,12600,128,52
2021-08-28T23:59:59+02:00,1326,1188,12900,12234,16174,15123,19596,19959,26307,27468,33016,34062,25242,28140,17186,21974,5067,9616,11059,10521,14829,13691,18295,18443,24720,25624,31336,32317,24361,27147,16674,21225,4917,9183,235997,219210,31366,29275,46506,44747,12592,128,52
2021-08-27T23:59:59+02:00,1307,1173,12836,12178,16127,15076,19538,19912,26252,27419,32973,34032,25224,28128,17182,21960,5067,9613,11022,10488,14791,13666,18279,18428,24685,25600,31308,32296,24348,27136,16671,21221,4917,9182,235573,219057,31366,29274,46506,44746,12435,128,52
2021-08-26T23:59:59+02:00,1288,1157,12765,12121,16081,15033,19495,19872,26197,27361,32922,33985,25194,28099,17175,21950,5064,9610,10953,10439,14745,13624,18234,18399,24641,25562,31264,32257,24326,27120,16664,21212,4917,9178,235202,218748,31306,29260,46506,44739,12237,128,52
2021-08-25T23:59:59+02:00,1270,1141,12741,12078,16061,15008,19474,19857,26170,27345,32887,33957,25176,28080,17168,21943,5063,9607,10904,10396,14714,13595,18200,18368,24620,25543,31231,32219,24313,27103,16657,21202,4915,9175,234893,218376,31306,29259,46499,44735,12208,128,52
2021-08-24T23:59:59+02:00,1243,1123,12680,12007,16008,14966,19429,19817,26124,27300,32842,33924,25156,28056,17156,21932,5062,9602,10824,10322,14671,13553,18154,18332,24569,25494,31189,32182,24289,27076,16642,21187,4914,9174,234586,217959,31182,29220,46499,44735,12039,128,52
2021-08-23T23:59:59+02:00,1230,1110,12642,11968,15982,14947,19408,19781,26103,27266,32813,33902,25142,28043,17152,21923,5062,9599,10770,10271,14642,13515,18116,18298,24542,25465,31153,32150,24276,27057,16635,21184,4912,9173,234284,217561,31181,29220,46499,44733,11988,128,52
2021-08-22T23:59:59+02:00,1222,1103,12627,11946,15966,14931,19401,19762,26091,27255,32802,33887,25131,28037,17150,21920,5059,9599,10740,10242,14621,13499,18096,18287,24529,25448,31138,32137,24267,27047,16633,21179,4911,9172,234119,217345,31181,29219,46499,44732,11969,128,52
2021-08-21T23:59:59+02:00,1135,1031,12551,11889,15954,14919,19392,19751,26081,27244,32792,33871,25126,28032,17147,21917,5059,9599,10716,10212,14605,13495,18089,18275,24520,25442,31130,32131,24264,27046,16632,21179,4911,9172,233748,217224,31175,29218,46499,44732,11947,128,52
2021-08-20T23:59:59+02:00,1115,1015,12490,11820,15896,14869,19331,19713,26027,27211,32742,33844,25111,28021,17138,21912,5058,9597,10662,10174,14565,13460,18048,18248,24485,25423,31101,32114,24255,27039,16626,21176,4911,9171,233254,216940,31175,29217,46499,44732,11861,128,52
2021-08-19T23:59:59+02:00,1089,991,12423,11763,15838,14837,19281,19666,25966,27161,32700,33808,25079,27998,17126,21901,5055,9595,10570,10098,14496,13419,17993,18212,24417,25380,31035,32069,24213,27020,16617,21158,4910,9168,232963,216505,31084,29207,46499,44724,11610,128,52
2021-08-18T23:59:59+02:00,1077,974,12382,11728,15810,14807,19253,19636,25936,27130,32665,33783,25061,27986,17121,21892,5053,9594,10516,10032,14449,13394,17944,18183,24371,25342,30976,32030,24191,27003,16611,21145,4906,9162,232650,216049,31084,29202,46498,44714,11535,128,52
2021-08-17T23:59:59+02:00,1050,949,12330,11686,15781,14765,19220,19605,25908,27108,32629,33745,25042,27966,17111,21875,5052,9589,10423,9950,14398,13347,17890,18127,24319,25302,30915,31985,24164,26979,16600,21125,4904,9154,232348,215450,30957,29140,46498,44711,11487,128,52
2021-08-16T23:59:59+02:00,1038,942,12298,11661,15764,14747,19203,19587,25885,27084,32610,33723,25022,27951,17103,21860,5049,9587,10366,9884,14374,13304,17866,18091,24275,25267,30877,31954,24137,26945,16585,21111,4904,9151,232121,215008,30957,29139,46498,44705,11417,128,52
2021-08-15T23:59:59+02:00,1030,942,12273,11646,15751,14730,19188,19572,25875,27075,32589,33709,25016,27942,17099,21849,5048,9587,10321,9849,14340,13282,17846,18070,24252,25254,30856,31928,24120,26937,16580,21103,4903,9149,231963,214731,30956,29139,46497,44700,11384,128,52
2021-08-14T23:59:59+02:00,1029,942,12272,11642,15751,14728,19185,19570,25874,27075,32589,33708,25016,27942,17099,21849,5048,9587,10153,9629,14233,13192,17771,18023,24204,25223,30816,31895,24105,26924,16577,21100,4901,9148,231954,213726,30956,29138,46497,44699,11378,128,52
2021-08-13T23:59:59+02:00,985,902,12120,11514,15697,14674,19121,19513,25803,27023,32536,33672,24991,27913,17088,21839,5047,9583,10101,9576,14192,13164,17732,17998,24172,25203,30792,31874,24095,26911,16571,21090,4901,9144,231126,213391,30955,29138,46497,44696,11325,125,52
2021-08-12T23:59:59+02:00,970,881,12063,11453,15651,14635,19084,19486,25759,27002,32490,33643,24966,27897,17080,21834,5046,9580,10008,9507,14118,13122,17671,17950,24106,25168,30739,31826,24067,26886,16555,21072,4899,9144,230901,212970,30932,29132,46497,44681,11071,125,52
2021-08-11T23:59:59+02:00,956,870,12030,11419,15631,14612,19053,19467,25738,26983,32465,33614,24948,27875,17076,21826,5045,9578,9934,9445,14064,13083,17623,17905,24064,25147,30698,31776,24037,26854,16539,21059,4898,9139,230612,212396,30931,29128,46496,44653,11028,125,52
2021-08-10T23:59:59+02:00,937,860,11942,11368,15578,14582,19009,19430,25682,26949,32408,33560,24931,27859,17069,21813,5044,9575,9839,9364,14015,13047,17591,17871,24018,25108,30645,31729,24004,26821,16532,21040,4894,9134,230228,211885,30800,29093,46494,44639,10955,125,52
2021-08-09T23:59:59+02:00,935,843,11914,11332,15562,14566,18987,19417,25650,26926,32379,33528,24923,27850,17063,21805,5044,9572,9785,9303,13980,12997,17553,17829,23987,25063,30610,31688,23990,26804,16527,21027,4892,9129,229988,211437,30800,29090,46493,44632,10896,125,52
2021-08-08T23:59:59+02:00,925,836,11877,11307,15540,14552,18967,19396,25625,26906,32357,33511,24915,27835,17056,21801,5043,9572,9709,9248,13935,12969,17526,17799,23954,25028,30578,31657,23977,26785,16519,21013,4891,9126,229795,211041,30800,29089,46493,44631,10813,125,52
2021-08-07T23:59:59+02:00,905,809,11781,11229,15497,14511,18926,19362,25586,26876,32311,33479,24898,27823,17047,21783,5042,9569,9087,8645,13496,12617,17313,17615,23801,24916,30428,31581,23918,26734,16498,20986,4886,9123,229210,207832,30800,29089,46493,44631,10811,125,52
2021-08-06T23:59:59+02:00,895,806,11751,11202,15480,14498,18916,19356,25571,26860,32302,33472,24894,27819,17042,21781,5042,9568,8506,8015,12981,12222,17085,17410,23659,24805,30333,31502,23887,26687,16486,20972,4882,9117,229159,204665,30678,29076,46493,44631,10805,125,52
2021-08-05T23:59:59+02:00,892,799,11712,11171,15441,14470,18875,19325,25525,26824,32256,33425,24854,27797,17040,21770,5042,9562,8446,7950,12937,12171,17035,17368,23595,24765,30257,31447,23840,26645,16472,20954,4880,9108,228935,204238,30677,29071,46493,44622,10553,125,52
2021-08-04T23:59:59+02:00,875,783,11682,11141,15421,14438,18844,19300,25498,26795,32210,33386,24839,27784,17035,21764,5040,9554,8357,7861,12877,12124,16983,17325,23539,24721,30197,31375,23803,26606,16462,20941,4878,9102,228671,203647,30675,29070,46492,44587,10429,125,52
2021-08-03T23:59:59+02:00,859,764,11635,11102,15399,14416,18813,19280,25472,26767,32175,33351,24819,27765,17026,21759,5036,9553,8274,7772,12810,12075,16915,17271,23479,24684,30156,31326,23767,26572,16447,20930,4875,9098,228336,202990,30673,29060,46492,44579,10368,125,52
2021-08-02T23:59:59+02:00,850,761,11600,11071,15378,14383,18786,19259,25442,26742,32143,33324,24805,27746,17018,21750,5035,9551,8178,7678,12730,12015,16857,17207,23422,24612,30106,31269,23749,26549,16426,20920,4873,9093,228058,202284,30672,29059,46492,44571,10299,125,52
2021-08-01T23:59:59+02:00,843,754,11575,11041,15367,14370,18771,19248,25424,26730,32126,33309,24801,27738,17017,21747,5033,9550,8107,7611,12669,11968,16816,17161,23386,24581,30079,31244,23734,26530,16422,20914,4871,9092,227917,201829,30668,29058,46492,44553,10244,125,52
2021-07-31T23:59:59+02:00,840,753,11572,11035,15365,14367,18767,19244,25423,26729,32123,33308,24801,27737,17017,21747,5033,9550,7954,7422,11904,11295,16263,16723,23291,24502,30015,31173,23705,26494,16410,20895,4870,9090,227887,198612,30667,29058,46492,44552,10242,125,52
2021-07-30T23:59:59+02:00,839,752,11558,11026,15362,14364,18761,19239,25416,26724,32113,33303,24800,27735,17017,21744,5033,9550,7668,7182,11358,10849,15785,16296,23154,24395,29906,31060,23668,26449,16394,20873,4870,9085,227819,195529,30666,29057,46490,44539,10238,125,52
2021-07-29T23:59:59+02:00,827,743,11518,10979,15324,14343,18721,19213,25377,26689,32060,33274,24782,27715,17006,21727,5033,9547,7292,6870,10692,10333,15270,15883,22978,24249,29757,30949,23614,26397,16365,20848,4866,9082,227498,192058,30665,29049,46490,44453,10102,125,52
2021-07-28T23:59:59+02:00,808,731,11470,10926,15300,14313,18689,19186,25351,26661,32034,33249,24768,27697,17001,21715,5032,9543,7126,6713,10546,10213,15157,15748,22884,24153,29657,30852,23571,26341,16347,20819,4865,9072,227172,190812,30664,29047,46485,44344,10030,125,52
2021-07-27T23:59:59+02:00,799,722,11425,10888,15260,14273,18649,19160,25322,26635,31997,33227,24752,27672,16995,21704,5031,9535,6905,6500,10388,10096,15013,15612,22780,24045,29549,30739,23520,26277,16331,20792,4863,9060,226858,189661,30664,28719,46484,44309,9917,125,52
2021-07-26T23:59:59+02:00,789,709,11375,10842,15234,14252,18633,19133,25294,26606,31965,33201,24737,27650,16983,21692,5030,9532,6787,6423,10293,10019,14947,15533,22698,23984,29484,30665,23487,26234,16319,20775,4859,9054,226565,188874,30662,28716,46483,44267,9823,125,52
2021-07-25T23:59:59+02:00,778,699,11347,10814,15213,14226,18613,19109,25267,26581,31944,33183,24720,27639,16979,21683,5029,9530,6711,6341,10225,9955,14874,15473,22643,23929,29428,30627,23455,26212,16307,20761,4859,9050,226368,188281,30661,28712,46482,44237,9719,125,52
2021-07-24T23:59:59+02:00,754,677,11267,10730,15173,14199,18590,19087,25247,26566,31931,33170,24720,27635,16976,21681,5029,9530,6311,5981,10082,9841,14499,15192,22419,23772,29311,30543,23419,26174,16290,20744,4856,9046,225985,185921,30660,28711,46482,44235,9711,125,52
2021-07-23T23:59:59+02:00,728,655,11200,10647,15145,14166,18560,19072,25225,26546,31915,33153,24709,27630,16974,21681,5029,9527,5940,5670,9962,9735,14152,14927,22223,23599,29191,30426,23367,26106,16279,20723,4852,9039,225600,183650,30659,28711,46482,44224,9697,125,52
2021-07-22T23:59:59+02:00,687,615,11045,10483,15047,14078,18473,19024,25144,26492,31842,33088,24673,27589,16959,21663,5025,9522,5620,5369,9694,9521,13570,14451,21904,23338,28958,30199,23266,26009,16235,20685,4848,9036,224647,180326,30657,28700,46481,44205,9540,125,52
2021-07-21T23:59:59+02:00,667,590,10980,10429,15012,14051,18433,18986,25104,26463,31803,33038,24648,27555,16943,21651,5022,9517,5002,4901,9254,9270,13193,14221,21670,23183,28771,30050,23201,25933,16210,20662,4846,9033,224217,178561,30649,27430,46478,44037,9424,125,52
2021-07-20T23:59:59+02:00,649,573,10922,10375,14986,14015,18397,18959,25073,26430,31767,33004,24628,27534,16938,21637,5019,9510,4857,4789,9101,9138,13029,14087,21557,23061,28641,29926,23122,25830,16188,20622,4839,9027,223839,177217,30649,27418,46476,43888,9328,125,52
2021-07-19T23:59:59+02:00,636,561,10885,10344,14957,13995,18374,18951,25045,26405,31734,32975,24611,27511,16932,21626,5017,9507,4777,4719,9004,9061,12913,13990,21459,22955,28542,29806,23066,25773,16163,20593,4834,9021,223601,176278,30649,27410,46467,43791,9225,125,52
2021-07-18T23:59:59+02:00,621,552,10830,10292,14921,13974,18349,18933,25025,26388,31712,32956,24601,27500,16926,21617,5016,9502,4669,4616,8869,8940,12786,13850,21373,22864,28469,29727,23038,25744,16154,20580,4831,9020,223321,175266,30649,27396,46467,43738,9154,125,52
2021-07-17T23:59:59+02:00,546,481,10543,9995,14810,13875,18258,18855,24919,26313,31605,32905,24566,27466,16913,21597,5014,9501,4620,4572,8815,8868,12551,13654,20949,22523,28339,29595,23000,25691,16145,20565,4830,9017,221770,173471,30649,27396,46466,43736,9153,125,52
2021-07-16T23:59:59+02:00,517,444,10410,9873,14751,13834,18204,18804,24884,26280,31585,32881,24557,27451,16910,21590,5014,9498,4572,4530,8739,8828,12175,13375,20404,22125,28206,29499,22951,25654,16136,20560,4828,9015,221108,171354,30648,27394,46465,43729,9142,125,52
2021-07-15T23:59:59+02:00,486,406,10271,9768,14685,13785,18147,18737,24830,26232,31535,32828,24532,27414,16892,21574,5007,9494,4359,4389,8414,8621,11657,12974,19299,21282,27790,29154,22782,25485,16071,20487,4818,8999,220378,166658,30647,27380,46464,43532,9010,125,52
2021-07-14T23:59:59+02:00,465,393,10242,9743,14650,13765,18117,18702,24793,26191,31483,32775,24502,27386,16881,21557,5006,9492,4235,4238,8159,8448,11428,12829,19121,21171,27643,29027,22717,25407,16037,20449,4813,8990,220011,165090,30647,27362,46463,43356,8898,125,52
2021-07-13T23:59:59+02:00,441,378,10192,9690,14621,13737,18091,18669,24758,26170,31449,32734,24486,27356,16870,21546,5005,9490,4138,4143,7984,8289,11228,12638,18987,21032,27489,28865,22620,25322,16002,20396,4809,8979,219607,163631,30647,27341,46462,43098,8843,125,52
2021-07-12T23:59:59+02:00,428,357,10146,9640,14595,13718,18060,18639,24722,26128,31415,32689,24461,27333,16855,21541,5002,9487,4031,4044,7815,8168,11068,12503,18872,20910,27366,28744,22545,25260,15975,20370,4808,8974,219233,162465,30646,27319,46462,42907,8750,125,52
2021-07-11T23:59:59+02:00,420,339,10116,9610,14576,13698,18043,18629,24702,26120,31394,32671,24449,27323,16853,21539,5002,9485,3962,3971,7696,8068,10921,12375,18748,20810,27265,28630,22502,25212,15954,20345,4806,8971,219039,161498,30645,27314,46461,42708,8699,125,52
2021-07-10T23:59:59+02:00,394,316,10006,9504,14521,13659,17995,18606,24678,26100,31375,32655,24441,27314,16849,21535,5000,9483,3928,3946,7635,8026,10886,12346,18719,20786,27236,28608,22495,25197,15950,20340,4806,8971,218514,161195,30644,27313,46458,42660,8690,125,52
2021-07-09T23:59:59+02:00,334,269,9744,9295,14416,13577,17919,18536,24592,26047,31326,32594,24418,27283,16836,21517,5000,9477,3860,3906,7502,7935,10668,12198,18494,20648,26821,28286,22311,25003,15895,20279,4803,8964,217289,159049,30644,27309,46457,42531,8665,125,52
2021-07-08T23:59:59+02:00,255,202,9550,9152,14315,13501,17824,18464,24532,25996,31243,32536,24390,27252,16823,21499,4996,9472,3704,3780,7191,7746,10313,11968,18148,20366,26516,28028,22137,24844,15827,20204,4796,8948,216187,156665,30641,27263,46444,41959,8605,125,52
2021-07-07T23:59:59+02:00,216,174,9448,9047,14263,13467,17780,18421,24479,25956,31200,32495,24365,27223,16811,21481,4996,9464,3508,3650,6862,7521,9361,11235,17561,19935,26114,27717,21900,24539,15750,20108,4782,8934,215550,154046,30638,25511,46442,41359,8531,125,52
2021-07-06T23:59:59+02:00,194,162,9370,8988,14213,13438,17744,18379,24437,25917,31139,32448,24328,27195,16796,21464,4994,9462,3393,3575,6661,7399,9090,11072,17316,19754,25837,27458,21743,24336,15669,20004,4769,8919,214985,152111,30621,25501,46439,40854,8498,125,52
2021-07-05T23:59:59+02:00,182,147,9283,8907,14173,13395,17710,18329,24401,25887,31094,32397,24304,27173,16787,21450,4993,9460,3341,3540,6532,7320,8940,10951,17174,19614,25666,27303,21600,24168,15619,19951,4758,8909,214439,151046,30621,25492,46437,40366,8450,125,52
2021-07-04T23:59:59+02:00,167,140,9229,8857,14142,13382,17684,18311,24376,25867,31073,32371,24289,27159,16781,21442,4992,9457,3289,3496,6469,7280,8852,10879,17087,19529,25537,27192,21475,24039,15577,19899,4756,8902,214166,150385,30620,25483,46422,39969,8386,125,52
2021-07-03T23:59:59+02:00,164,137,8717,8360,13984,13262,17583,18193,24282,25809,31008,32322,24268,27137,16769,21430,4990,9454,3229,3416,6349,7161,8680,10737,16869,19345,25149,26881,21360,23902,15547,19859,4752,8896,212332,148330,30620,25483,46422,39913,8370,125,52
2021-07-02T23:59:59+02:00,157,133,8148,7888,13840,13153,17492,18116,24212,25739,30948,32260,24230,27095,16763,21410,4988,9449,3118,3307,6079,7004,8423,10495,16499,19015,24675,26457,21132,23629,15477,19777,4746,8893,210490,145253,30620,25481,46419,39588,8367,125,52
2021-07-01T23:59:59+02:00,144,123,8019,7779,13757,13094,17421,18064,24143,25688,30895,32207,24202,27070,16753,21398,4987,9448,2929,3118,5731,6720,7986,10078,15907,18541,23909,25799,20645,23154,15350,19616,4734,8868,209695,140678,30615,25469,46414,38556,8343,125,52
2021-06-30T23:59:59+02:00,127,110,7872,7662,13688,13045,17368,18011,24092,25635,30836,32161,24170,27048,16739,21380,4987,9443,2833,3039,5577,6576,7760,9856,14948,17669,23293,25249,20287,22759,15217,19455,4720,8834,209130,139140,30441,23193,46410,37431,8268,125,52
2021-06-29T23:59:59+02:00,112,97,7804,7569,13645,13006,17329,17966,24039,25574,30786,32101,24149,27022,16729,21364,4984,9439,2774,2995,5448,6478,7606,9722,14780,17497,23052,25015,20028,22434,15118,19354,4708,8814,208506,138021,30439,23181,46407,36340,8238,125,52
2021-06-28T23:59:59+02:00,107,91,7740,7498,13581,12947,17283,17915,23997,25529,30729,32057,24132,26994,16722,21354,4982,9437,2745,2963,5379,6430,7513,9651,14683,17416,22901,24800,19824,22188,15063,19285,4704,8800,207972,137422,30437,23171,46399,35545,8162,125,52
2021-06-27T23:59:59+02:00,93,86,7691,7434,13551,12911,17254,17882,23978,25494,30702,32029,24120,26986,16715,21348,4982,9435,2722,2948,5328,6405,7441,9606,14587,17352,22806,24713,19696,22046,15032,19234,4700,8791,207617,136910,30437,23160,46393,35171,8119,125,52
2021-06-26T23:59:59+02:00,89,83,7187,6877,13157,12611,17141,17779,23913,25435,30666,31994,24112,26969,16711,21337,4981,9434,2621,2839,5141,6217,7241,9416,14041,16896,22146,24079,19548,21903,14987,19181,4698,8783,205429,133284,30437,23160,46393,35151,8119,98,28
2021-06-25T23:59:59+02:00,88,80,6702,6393,12703,12238,16982,17661,23822,25369,30586,31953,24089,26942,16706,21327,4979,9432,2517,2683,4966,6025,6982,9117,13509,16364,21593,23494,19350,21693,14929,19114,4694,8771,203023,129580,30437,23160,46393,34937,8101,98,28
2021-06-24T23:59:59+02:00,78,68,6478,6176,12478,12087,16876,17578,23750,25316,30528,31905,24055,26900,16700,21317,4977,9425,2308,2444,4595,5647,6481,8626,12786,15649,20441,22490,18885,21211,14824,18983,4682,8756,201747,123626,30435,23148,46386,33985,8026,98,28
2021-06-23T23:59:59+02:00,73,66,5903,5676,12316,11975,16757,17464,23676,25269,30464,31855,24021,26877,16693,21303,4973,9421,2271,2392,4532,5525,6389,8475,12552,15360,20197,22231,18586,20880,14727,18869,4671,8739,201236,122603,29096,22999,46376,32795,7976,98,28
2021-06-22T23:59:59+02:00,69,61,5761,5545,12216,11869,16670,17389,23618,25207,30396,31777,23994,26845,16683,21282,4969,9419,2218,2357,4437,5443,6265,8328,11681,14698,19783,21823,18252,20525,14619,18730,4661,8719,200299,121679,29089,21302,46357,31607,7927,98,28
2021-06-21T23:59:59+02:00,66,58,5625,5431,12142,11776,16609,17303,23563,25133,30346,31719,23969,26817,16670,21267,4969,9415,2185,2321,4379,5346,6178,8200,10898,13993,19331,21413,18026,20298,14559,18635,4652,8702,199477,120882,29085,19515,46352,30829,7866,98,28
2021-06-20T23:59:59+02:00,64,56,5506,5305,11979,11592,16544,17178,23512,25068,30304,31663,23953,26796,16664,21252,4964,9410,2167,2291,4338,5306,6108,8150,10793,13914,19219,21285,17869,20107,14493,18552,4648,8695,198465,120345,29081,19512,46346,30234,7820,98,28
2021-06-19T23:59:59+02:00,60,52,5488,5285,11212,10927,16064,16785,23451,25024,30260,31620,23934,26776,16656,21240,4964,9410,2095,2170,4130,5075,5822,7868,10465,13578,18165,20431,17700,19920,14460,18487,4643,8683,195865,116117,29081,19512,46345,30220,7819,98,28
2021-06-18T23:59:59+02:00,57,51,5453,5258,10568,10344,15449,16221,23360,24954,30191,31557,23907,26746,16645,21225,4963,9408,2026,2082,3986,4930,5544,7598,10083,13214,17013,19222,17497,19682,14411,18423,4640,8673,193021,111703,29075,19511,46345,29968,7818,98,28
2021-06-17T23:59:59+02:00,50,42,5333,5155,9888,9835,14960,15829,23261,24866,30110,31463,23867,26700,16630,21204,4962,9405,1895,1975,3729,4684,5156,7234,9545,12725,15827,18029,17036,19192,14269,18249,4627,8649,190440,106577,29073,19503,46342,29049,7675,30,21
2021-06-16T23:59:59+02:00,48,34,5199,5018,9691,9674,14813,15699,23168,24772,30011,31387,23823,26655,16615,21192,4961,9395,1854,1933,3625,4599,5054,7116,8513,11873,15554,17734,16740,18856,14134,18078,4621,8616,189259,105695,29062,17622,46339,28101,7465,30,21
2021-06-15T23:59:59+02:00,42,27,5011,4831,9509,9519,14678,15557,23076,24681,29934,31301,23780,26582,16588,21159,4953,9380,1791,1875,3547,4504,4960,7002,8397,11731,15376,17504,16420,18545,13992,17909,4598,8558,187936,104933,29059,17618,46320,26878,7263,30,21
2021-06-14T23:59:59+02:00,40,24,4934,4767,9415,9410,14600,15467,23004,24607,29862,31240,23748,26543,16573,21141,4950,9374,1768,1852,3510,4480,4919,6969,8297,11668,15238,17370,16240,18341,13901,17812,4593,8551,187188,104707,29053,17615,46314,26056,7114,30,21
2021-06-13T23:59:59+02:00,39,23,4876,4719,9329,9335,14517,15400,22942,24556,29795,31187,23722,26515,16564,21131,4950,9372,1718,1837,3468,4456,4863,6926,8226,11631,15139,17275,16084,18157,13847,17738,4586,8544,186607,104425,29047,17613,46298,25450,6990,30,21
2021-06-12T23:59:59+02:00,37,22,4857,4704,9301,9312,14279,15223,22812,24427,29750,31142,23702,26498,16555,21123,4949,9370,1593,1714,3230,4245,4458,6623,7678,11199,13360,15586,15731,17784,13767,17636,4584,8529,185701,97713,29047,17613,46298,25386,6988,29,21
2021-06-11T23:59:59+02:00,33,21,4803,4650,9220,9259,13959,15000,22615,24279,29654,31051,23665,26453,16537,21111,4948,9367,1489,1579,3046,4033,4160,6259,7165,10654,11719,13694,15252,17206,13653,17489,4569,8515,184338,90781,29043,17611,46297,25155,6918,29,21
2021-06-10T23:59:59+02:00,27,18,4517,4421,8675,8928,12683,13978,22048,23828,29279,30745,23528,26295,16483,21043,4935,9352,1366,1486,2809,3852,3831,5975,6727,10261,10305,12362,14739,16630,13482,17281,4554,8488,178995,86232,29027,17608,46290,23849,6442,29,21
2021-06-09T23:59:59+02:00,24,14,4282,4256,8082,8635,11780,13316,21727,23613,29049,30591,23465,26232,16464,21019,4932,9348,1278,1432,2653,3781,3688,5895,6520,10168,10042,12182,14416,16279,13312,17100,4547,8467,176883,85898,27749,17505,46284,22456,5884,29,21
2021-06-08T23:59:59+02:00,20,11,4151,4156,7679,8409,11294,13026,21501,23434,28850,30438,23406,26158,16431,20977,4926,9339,1200,1405,2517,3723,3528,5827,5622,9417,9568,11818,14080,15870,13087,16861,4533,8445,175131,85542,27377,15345,46259,21187,5410,29,21
2021-06-07T23:59:59+02:00,15,9,4030,4077,7441,8303,11005,12848,21298,23320,28696,30320,23347,26105,16413,20952,4922,9331,1151,1285,2396,3663,3398,5764,5455,9341,9357,11691,13850,15612,12931,16692,4526,8427,173901,85351,27367,15340,46250,19946,4885,29,21
2021-06-06T23:59:59+02:00,13,9,3912,4018,7203,8181,10755,12687,21111,23231,28610,30229,23317,26071,16401,20934,4919,9327,1130,1268,2331,3626,3302,5712,5348,9266,9239,11589,13693,15458,12859,16598,4523,8420,172750,85157,27350,15336,46240,19293,4559,29,21
2021-06-05T23:59:59+02:00,13,9,3883,3981,7164,8141,10578,12532,20483,22722,28448,30084,23267,26026,16387,20915,4919,9323,1097,1167,2164,3173,3070,5172,5178,8933,8458,10635,13041,14618,12746,16451,4512,8410,170709,79763,27350,15336,46239,19159,4549,28,21
2021-06-04T23:59:59+02:00,13,9,3853,3954,7128,8116,10481,12440,20121,22394,28344,29987,23232,25987,16373,20905,4917,9322,1065,1100,2066,2863,2910,4695,5021,8563,7944,9977,11542,12901,12621,16254,4505,8392,169430,73386,27337,15335,46238,19137,4543,28,21
2021-06-03T23:59:59+02:00,8,6,3718,3851,6907,7978,9925,12017,18894,21464,27943,29677,23099,25845,16320,20843,4913,9308,1012,1056,1977,2751,2773,4538,4816,8258,7581,9526,11164,12500,12512,16140,4502,8379,164669,71599,27327,15332,46234,18078,4458,28,21
2021-06-02T23:59:59+02:00,8,6,3711,3843,6895,7961,9914,12006,18705,21283,27872,29628,23076,25823,16314,20834,4910,9306,1008,1049,1965,2721,2752,4519,4605,8074,7045,9038,11127,12459,12497,16125,4498,8373,164601,71491,26782,13839,46233,18056,4451,28,21
2021-06-01T23:59:59+02:00,7,5,3584,3767,6658,7813,9626,11813,18250,20936,27635,29433,22982,25721,16273,20781,4907,9294,971,1001,1880,2651,2672,4447,4326,7840,6447,8505,10913,12246,12399,16024,4493,8361,162912,71050,26002,12545,46219,17239,4324,28,21
2021-05-31T23:59:59+02:00,7,5,3537,3722,6569,7745,9490,11712,18124,20845,27544,29356,22915,25660,16256,20753,4902,9287,941,977,1813,2611,2592,4404,4219,7776,6327,8430,10725,12077,12298,15907,4483,8353,162069,70686,25971,12540,46206,16534,4155,28,21
2021-05-30T23:59:59+02:00,7,4,3506,3698,6505,7690,9400,11621,18036,20765,27467,29285,22870,25615,16234,20726,4896,9277,935,970,1802,2601,2579,4392,4190,7751,6274,8388,10663,11997,12264,15864,4478,8344,161368,70642,25966,12537,46189,16244,4051,28,21
2021-05-29T23:59:59+02:00,7,4,3495,3679,6469,7663,9356,11584,17998,20725,27322,29179,22816,25541,16219,20706,4893,9273,899,951,1745,2555,2506,4307,4000,7496,6001,8089,8462,9336,12071,15522,4463,8315,160709,64392,25966,12535,46175,15721,4051,28,21
2021-05-28T23:59:59+02:00,7,4,3432,3624,6338,7586,9216,11453,17841,20594,27139,29056,22752,25464,16198,20688,4892,9272,886,937,1726,2535,2470,4253,3849,7199,5807,7826,5758,6221,11794,15125,4447,8266,159352,57510,25964,12535,46170,14993,4042,28,21
2021-05-27T23:59:59+02:00,7,4,3285,3494,6053,7406,8614,11120,17365,20256,26725,28708,22585,25298,16140,20625,4885,9254,836,879,1644,2440,2353,4119,3426,6225,5384,7226,5597,6047,11715,15052,4441,8249,155877,57029,25905,12488,46160,12243,3854,28,21
2021-05-26T23:59:59+02:00,7,4,3178,3410,5834,7240,8242,10834,16899,19950,26424,28472,22436,25165,16089,20551,4872,9234,819,870,1592,2415,2300,4089,3353,6151,5287,7154,5461,5920,11650,14986,4436,8237,153173,56955,25889,12486,46138,11647,3613,28,21
2021-05-25T23:59:59+02:00,7,4,3087,3347,5692,7126,8045,10672,15897,19172,26070,28118,22277,25007,16037,20471,4865,9224,800,853,1556,2371,2229,4030,3278,6081,5202,7090,5294,5750,11542,14906,4428,8226,151617,56888,23963,12299,46122,11040,3390,26,21
2021-05-24T23:59:59+02:00,7,4,3024,3329,5604,7082,7927,10610,14979,18483,25655,27806,22182,24903,16006,20435,4858,9212,791,851,1534,2354,2185,3994,3231,6032,5125,7010,5193,5642,11462,14830,4427,8220,150892,56850,21891,12223,46112,10604,3185,26,21
2021-05-23T23:59:59+02:00,7,4,3021,3325,5595,7075,7918,10602,14974,18482,25654,27805,22182,24903,16006,20435,4858,9212,789,848,1526,2347,2173,3981,3212,6017,5104,6977,5148,5590,11445,14806,4426,8218,150864,56842,21891,12223,46110,10356,3167,26,21
2021-05-22T23:59:59+02:00,6,4,2984,3283,5522,7029,7817,10515,14774,18321,25374,27562,22082,24817,15973,20392,4855,9208,767,829,1482,2297,2122,3901,3099,5895,4789,6407,4578,4847,10799,13984,4416,8179,149324,53596,21891,12223,46110,9386,3167,26,21
2021-05-21T23:59:59+02:00,4,4,2911,3208,5395,6932,7690,10369,14515,18091,25080,27327,21969,24709,15940,20344,4850,9199,736,775,1414,2169,2020,3633,2915,5562,4307,5507,4164,4308,10056,13042,4351,8053,147381,49850,21890,12223,46104,7783,3137,25,21
2021-05-20T23:59:59+02:00,4,4,2779,3045,5116,6677,7404,10001,14053,17608,24468,26777,21698,24411,15846,20224,4836,9169,722,764,1387,2144,1981,3600,2860,5506,4224,5429,4036,4205,9979,12979,4342,8041,143230,49757,21881,12211,46079,7306,2905,25,21
2021-05-19T23:59:59+02:00,4,4,2727,2993,5019,6537,7261,9819,12906,16572,24205,26490,21601,24281,15801,20163,4828,9162,703,738,1362,2096,1949,3515,2797,5359,4129,5321,3954,4114,9926,12914,4339,8037,141858,49728,19810,12146,46008,6687,2672,25,21
2021-05-18T23:59:59+02:00,4,4,2703,2970,4972,6505,7210,9788,12552,16296,24025,26337,21508,24192,15771,20110,4820,9150,674,680,1307,1967,1876,3313,2699,5151,4000,5121,3729,3837,9844,12834,4329,8027,141582,49707,18955,11147,45964,6123,2391,25,21
2021-05-17T23:59:59+02:00,4,4,2677,2949,4929,6435,7122,9680,12399,16118,23876,26176,21454,24141,15752,20087,4815,9142,666,666,1291,1931,1855,3264,2651,5042,3921,5007,3589,3685,9776,12771,4326,8018,140611,49684,18947,11137,45947,5388,2230,25,21
2021-05-16T23:59:59+02:00,4,4,2665,2935,4906,6368,7084,9597,12339,16044,23824,26113,21430,24124,15742,20073,4812,9139,661,660,1281,1928,1838,3255,2629,5030,3892,4984,3535,3618,9737,12739,4325,8016,140172,49671,18939,11126,45925,5169,2142,25,21
2021-05-15T23:59:59+02:00,4,4,2540,2798,4719,6162,6893,9410,11821,15626,23235,25563,21323,24006,15708,20030,4809,9131,611,597,1198,1841,1701,3101,2341,4722,3444,4472,3203,3190,9574,12534,4301,7987,136782,46711,18938,11126,45920,4843,2117,25,21
2021-05-14T23:59:59+02:00,4,4,2424,2621,4524,5937,6615,9097,11284,15113,22668,24995,21176,23865,15672,19972,4805,9120,548,519,1095,1721,1540,2885,2009,4319,2844,3882,2818,2752,9490,12387,4297,7983,132956,43780,18931,11124,45896,4077,2088,25,21
2021-05-13T23:59:59+02:00,4,4,2242,2334,4202,5554,6188,8623,10724,14424,21636,24081,20893,23591,15612,19873,4798,9105,544,519,1082,1705,1525,2867,1999,4294,2823,3857,2802,2735,9483,12383,4296,7983,127049,43711,18877,11116,45870,3983,2067,25,21
2021-05-12T23:59:59+02:00,4,4,2241,2331,4194,5553,6179,8617,10622,14303,21582,24042,20888,23580,15607,19865,4797,9105,536,497,1046,1650,1476,2788,1916,4207,2764,3798,2721,2640,9432,12310,4296,7983,127004,43708,18551,10288,45870,3980,2064,25,21
2021-05-11T23:59:59+02:00,4,4,2119,2292,4110,5488,6053,8502,10316,14052,21390,23880,20812,23508,15592,19832,4793,9100,511,473,985,1590,1407,2697,1816,4069,2691,3723,2568,2412,9368,12209,4295,7982,126059,43689,18214,9454,45586,3670,1963,25,21
2021-05-10T23:59:59+02:00,4,4,2078,2215,4003,5366,5917,8323,9525,13288,21010,23557,20721,23418,15553,19778,4783,9087,499,445,949,1526,1342,2608,1726,3907,2607,3628,2540,2389,9358,12191,4291,7977,124921,43667,16364,9274,45483,3185,1837,25,21
2021-05-09T23:59:59+02:00,4,4,2046,2200,3969,5326,5864,8275,9458,13219,20940,23484,20688,23377,15539,19751,4780,9073,492,436,928,1483,1316,2559,1692,3845,2569,3585,2531,2377,9348,12174,4291,7969,124478,43608,16360,9271,45387,2949,1747,25,21
2021-05-08T23:59:59+02:00,4,4,1983,2096,3785,5151,5589,8068,9147,12933,19804,22554,20491,23182,15506,19682,4775,9061,419,406,863,1443,1240,2486,1604,3743,2350,3372,1985,1946,9254,12089,4290,7969,120318,42132,16359,9270,45384,2307,1746,8,5
2021-05-07T23:59:59+02:00,4,4,1896,1984,3599,4980,5267,7772,8737,12562,18553,21280,20308,22969,15460,19625,4766,9042,326,347,754,1368,1107,2355,1470,3600,2175,3179,1617,1610,8765,11640,4289,7967,115370,40400,16357,9264,45361,1189,1712,8,5
2021-05-06T23:59:59+02:00,4,4,1712,1875,3312,4728,4816,7367,8095,11998,17311,20036,19974,22591,15353,19461,4756,9031,309,338,732,1339,1067,2309,1421,3516,2108,3111,1581,1555,8748,11609,4283,7964,109510,40380,16350,9258,45126,918,1430,8,5
2021-05-05T23:59:59+02:00,4,3,1642,1845,3230,4641,4739,7263,7963,11847,17155,19890,19854,22472,15277,19365,4734,8935,298,326,690,1287,1006,2234,1337,3366,1999,2994,1488,1455,8331,11041,4277,7946,108751,40342,16207,8130,44955,661,938,8,5
2021-05-04T23:59:59+02:00,4,3,1615,1816,3188,4567,4680,7153,7711,11553,16596,19311,19767,22342,15202,19268,4706,8825,282,313,667,1258,985,2180,1278,3246,1886,2837,1416,1349,8260,10938,4273,7928,108064,40317,14860,7854,44852,398,523,8,5
2021-05-03T23:59:59+02:00,4,3,1607,1812,3180,4553,4642,7131,7458,11321,15903,18716,19703,22257,15176,19234,4700,8815,267,292,645,1176,936,2092,1215,3107,1788,2700,1350,1269,8235,10903,4269,7919,107983,40307,13262,7647,44812,55,150,8,5
2021-05-02T23:59:59+02:00,4,3,1606,1810,3175,4551,4637,7128,7445,11311,15884,18704,19687,22249,15176,19232,4699,8815,267,289,642,1175,931,2089,1205,3101,1780,2693,1336,1262,8234,10898,4268,7919,107957,40284,13259,7645,44788,52,104,8,5
2021-05-01T23:59:59+02:00,4,3,1472,1668,2895,4301,4170,6768,6827,10828,13944,16824,19306,21851,15085,19116,4696,8799,265,289,639,1173,930,2086,1203,3099,1778,2689,1331,1258,8232,10896,4268,7919,100407,40253,13259,7645,44783,52,101,7,5
2021-04-30T23:59:59+02:00,3,3,1349,1518,2679,4078,3840,6372,6259,10232,12153,14784,18848,21311,14981,18974,4682,8789,260,288,632,1166,915,2078,1191,3089,1767,2676,1321,1249,8228,10891,4267,7918,92777,40208,13259,7645,44783,49,30,6,5
2021-04-29T23:59:59+02:00,2,3,1233,1453,2511,3952,3599,6168,5902,9929,10811,13507,18589,21033,14938,18904,4678,8783,259,284,627,1159,903,2072,1171,3084,1737,2640,1295,1225,8222,10882,4267,7918,88084,40176,13250,7512,44642,40,13,6,5
2021-04-28T23:59:59+02:00,2,3,1174,1447,2461,3933,3548,6144,5840,9896,10714,13439,18559,20999,14931,18888,4678,8780,259,283,625,1158,900,2070,1166,3080,1729,2639,1289,1207,7780,10361,4267,7918,87814,40155,13200,6525,44404,36,12,6,4
2021-04-27T23:59:59+02:00,2,3,1126,1420,2359,3889,3483,6117,5721,9841,10597,13363,18526,20960,14918,18873,4677,8778,258,283,623,1151,899,2068,1161,3077,1725,2635,1277,1190,7363,9779,4267,7918,87305,40135,13147,5494,44184,31,11,6,4
2021-04-26T23:59:59+02:00,2,3,1084,1391,2269,3797,3356,6017,5554,9721,10294,13104,18464,20906,14909,18855,4675,8778,257,282,622,1149,893,2065,1154,3074,1707,2625,1262,1177,7354,9759,4267,7918,85968,40048,13137,5473,44057,30,11,6,4
2021-04-25T23:59:59+02:00,2,3,1081,1389,2261,3795,3349,6013,5534,9714,10259,13074,18454,20894,14908,18849,4675,8777,256,282,622,1149,893,2065,1152,3074,1707,2625,1262,1177,7354,9757,4267,7918,85946,40046,13128,5471,43941,30,10,6,4
2021-04-24T23:59:59+02:00,2,2,1038,1272,2073,3257,3079,5396,5340,9301,9427,12028,17748,19998,14794,18690,4667,8766,254,281,621,1147,893,2064,1152,3073,1701,2620,1259,1172,7352,9755,4267,7917,79819,40019,13128,5467,43916,30,9,6,4
2021-04-23T23:59:59+02:00,1,2,1006,1188,1960,2910,2896,4845,5145,8872,8873,11306,16118,18140,14648,18484,4659,8743,254,281,620,1147,891,2062,1151,3073,1700,2619,1254,1167,7348,9753,4267,7916,72798,40005,13127,5456,43856,30,9,6,4
2021-04-22T23:59:59+02:00,1,2,1001,1177,1940,2894,2876,4826,5088,8826,8761,11203,16047,18063,14622,18454,4657,8738,252,281,616,1146,888,2061,1143,3061,1685,2599,1230,1146,7343,9745,4267,7916,72750,39992,13071,5346,43340,29,9,6,4
2021-04-21T23:59:59+02:00,1,2,992,1169,1928,2881,2849,4800,5042,8770,8654,11080,15961,17979,14593,18420,4657,8733,247,278,606,1137,874,2031,1133,3036,1674,2574,1217,1133,7119,9427,4266,7916,72710,39985,13015,4643,42771,28,9,6,4
2021-04-20T23:59:59+02:00,1,2,965,1120,1876,2766,2776,4639,4949,8591,8480,10871,15730,17697,14534,18361,4650,8727,234,275,588,1116,848,2001,1104,3010,1639,2532,1197,1120,7111,9422,4265,7915,72673,39964,11886,4378,42161,24,9,6,3
2021-04-19T23:59:59+02:00,1,2,956,1111,1844,2746,2726,4614,4825,8530,8280,10760,15638,17599,14512,18342,4650,8721,227,267,570,1093,830,1969,1086,2967,1593,2477,1179,1101,7104,9419,4263,7914,72273,39929,11865,4097,41704,22,9,6,3
2021-04-18T23:59:59+02:00,1,2,953,1110,1839,2740,2718,4602,4807,8518,8240,10718,15589,17541,14502,18325,4649,8719,227,267,570,1092,829,1969,1085,2967,1593,2476,1179,1100,7102,9418,4262,7914,72227,39922,11862,4095,41469,22,9,6,3
2021-04-17T23:59:59+02:00,0,2,920,1096,1790,2702,2650,4522,4653,8377,7978,10489,13220,14638,14305,17972,4632,8683,225,267,570,1089,825,1963,1073,2960,1583,2456,1142,1058,6770,9003,4237,7866,65405,38970,11862,4084,41347,22,9,6,3
2021-04-16T23:59:59+02:00,0,2,914,1090,1778,2691,2608,4483,4561,8293,7797,10296,10382,11384,14032,17555,4613,8627,223,262,569,1086,820,1959,1063,2957,1575,2443,1131,1044,6764,8998,4234,7863,58124,38891,11860,4068,41107,22,9,6,2
2021-04-15T23:59:59+02:00,0,2,900,1085,1756,2677,2565,4450,4445,8232,7566,10095,10132,11164,13970,17489,4607,8613,221,261,569,1084,819,1957,1060,2954,1572,2440,1126,1040,6762,8996,4234,7863,58100,38877,11858,4050,39775,21,9,6,2
2021-04-14T23:59:59+02:00,0,2,881,1058,1698,2594,2476,4327,4254,8049,7292,9812,9757,10681,13821,17310,4601,8604,196,236,528,1033,796,1890,1025,2874,1522,2379,1100,1011,6758,8987,4234,7862,58067,38861,10910,3541,38225,19,9,6,2
2021-04-13T23:59:59+02:00,0,2,856,1036,1660,2542,2408,4244,4153,7911,7082,9593,9351,10161,13677,17143,4596,8592,160,212,493,984,756,1797,991,2764,1470,2309,1081,976,6742,8976,4233,7862,58022,38797,9963,2986,37007,13,9,6,2
2021-04-12T23:59:59+02:00,0,2,852,1034,1641,2539,2378,4231,4100,7860,6941,9421,9086,9847,13613,17084,4585,8576,149,198,465,944,733,1732,969,2692,1426,2259,1059,958,6726,8956,4230,7857,57964,38680,9933,2650,35878,13,9,6,2
2021-04-11T23:59:59+02:00,0,2,851,1033,1630,2539,2365,4229,4077,7848,6876,9359,8952,9682,13586,17036,4580,8567,149,198,465,942,733,1731,967,2692,1425,2259,1059,958,6724,8956,4230,7857,57952,38674,9931,2649,35314,12,9,6,2
2021-04-10T23:59:59+02:00,0,2,835,1028,1602,2510,2328,4200,4006,7790,6744,9242,8396,8947,12922,16183,4569,8525,146,198,463,939,727,1728,967,2685,1416,2252,1046,942,6254,8457,4215,7841,54618,37607,9930,2647,35266,12,9,6,2
2021-04-09T23:59:59+02:00,0,2,813,999,1562,2462,2261,4120,3853,7631,6397,8910,7873,8289,12106,15156,4499,8388,144,197,461,934,721,1721,959,2675,1401,2241,1024,921,6012,8187,4198,7814,50644,36945,9922,2643,34740,12,9,6,2
2021-04-08T23:59:59+02:00,0,2,804,989,1535,2438,2195,4070,3718,7544,6143,8610,7257,7632,11946,14956,4488,8371,144,194,456,931,716,1714,951,2665,1394,2228,1012,919,6009,8185,4197,7814,50611,36925,9898,2582,32174,12,9,6,2
2021-04-07T23:59:59+02:00,0,2,798,980,1509,2420,2137,4032,3631,7474,5911,8343,6704,6999,11339,14207,4476,8344,125,187,425,884,670,1645,895,2595,1344,2159,991,903,6001,8179,4196,7814,50584,36901,8740,2091,29968,12,8,6,2
2021-04-06T23:59:59+02:00,0,2,793,978,1495,2412,2108,4010,3558,7425,5730,8170,6258,6489,11138,13991,4461,8316,101,166,376,822,625,1570,851,2495,1292,2095,966,887,5983,8166,4194,7810,50514,36874,8556,1505,28251,12,7,6,2
2021-04-05T23:59:59+02:00,0,2,788,974,1479,2404,2084,4001,3507,7399,5587,8060,6055,6274,11071,13905,4455,8306,95,164,375,820,618,1561,843,2480,1279,2076,938,856,4890,6765,4115,7704,50316,34064,8552,1495,27470,12,7,6,2
2021-04-04T23:59:59+02:00,0,2,786,968,1477,2402,2080,3999,3490,7392,5577,8053,6044,6254,11057,13887,4453,8303,95,164,373,818,615,1556,836,2473,1264,2056,915,834,3888,5603,4049,7598,50301,31622,8550,1495,27360,12,7,6,2
2021-04-03T23:59:59+02:00,0,2,734,913,1395,2332,1957,3860,3228,7132,5117,7559,5701,5799,10885,13670,4427,8274,93,164,373,817,615,1554,835,2473,1264,2056,915,834,3888,5600,4049,7597,47064,31612,8550,1495,27358,12,7,6,2
2021-04-02T23:59:59+02:00,0,2,691,878,1340,2264,1859,3746,2972,6870,4602,7080,5311,5339,10788,13507,4422,8268,92,164,373,817,615,1554,833,2473,1262,2055,913,830,3885,5597,4048,7597,44138,31595,8549,1494,27240,12,6,6,2
2021-04-01T23:59:59+02:00,0,2,688,876,1329,2258,1839,3738,2943,6856,4528,7007,5202,5230,10749,13458,4421,8264,92,164,371,813,613,1551,833,2470,1258,2051,903,829,3881,5595,4047,7596,44121,31586,8405,1462,26850,12,6,6,2
2021-03-31T23:59:59+02:00,0,2,686,874,1322,2242,1831,3728,2915,6828,4465,6961,5063,5069,10240,12851,4417,8256,92,164,370,813,613,1551,833,2470,1256,2051,902,829,3881,5594,4047,7595,44109,31580,7278,1462,26352,12,6,5,2
2021-03-30T23:59:59+02:00,0,2,677,871,1304,2222,1801,3699,2877,6793,4379,6871,4896,4875,9715,12152,4410,8241,87,161,369,809,608,1548,828,2464,1248,2049,891,819,3873,5591,4046,7594,44082,31559,6093,1409,25599,10,6,5,2
2021-03-29T23:59:59+02:00,0,2,672,863,1291,2187,1784,3668,2846,6751,4307,6786,4697,4676,9629,12058,4407,8227,87,161,369,807,603,1544,826,2458,1244,2041,883,813,3865,5584,4046,7594,44012,31546,5876,1363,24952,9,6,5,2
2021-03-28T23:59:59+02:00,0,2,669,861,1288,2184,1769,3658,2831,6739,4273,6733,4601,4566,9592,11994,4402,8220,87,161,369,806,603,1544,824,2458,1242,2041,882,813,3864,5584,4046,7594,43990,31544,5867,1358,24514,9,6,5,2
2021-03-27T23:59:59+01:00,0,2,665,856,1279,2179,1753,3642,2803,6709,4110,6590,4023,4110,9363,11747,4389,8201,87,161,367,804,601,1542,822,2455,1234,2035,878,809,3686,5294,3945,7425,42043,30771,5863,1358,24504,9,6,5,2
2021-03-26T23:59:59+01:00,0,2,659,847,1271,2169,1731,3625,2777,6687,4034,6512,3618,3745,8766,11189,4376,8187,87,161,366,803,600,1539,818,2452,1225,2031,865,796,2969,4354,3736,7082,40109,28510,5850,1358,24226,9,6,4,2
2021-03-25T23:59:59+01:00,0,2,652,842,1258,2155,1712,3601,2718,6647,3951,6433,3443,3527,8656,11078,4371,8181,87,161,366,803,600,1538,818,2451,1223,2031,865,796,2968,4353,3735,7081,40096,28502,5743,1358,23378,9,6,4,2
2021-03-24T23:59:59+01:00,0,2,646,835,1225,2129,1667,3556,2640,6578,3794,6283,3125,3165,8249,10528,4362,8169,83,159,354,790,583,1520,785,2417,1173,1998,832,759,2959,4347,3735,7078,40074,28200,4986,1357,21883,8,6,4,2
2021-03-23T23:59:59+01:00,0,2,633,827,1200,2097,1625,3509,2558,6497,3645,6127,2745,2780,8032,10309,4355,8152,78,155,342,768,548,1489,724,2354,1071,1917,749,699,2923,4313,3731,7074,40031,27570,4696,1350,20357,8,6,3,2
2021-03-22T23:59:59+01:00,0,2,609,714,1163,2042,1592,3454,2505,6427,3505,5995,2503,2542,7702,9954,4339,8116,78,154,342,768,548,1487,722,2352,1068,1917,747,695,2919,4308,3730,7071,39563,27541,4371,1350,19221,8,6,3,2
2021-03-21T23:59:59+01:00,0,2,608,711,1157,2034,1581,3444,2488,6412,3467,5961,2361,2378,7609,9841,4331,8102,78,154,342,767,548,1487,722,2352,1068,1917,747,695,2919,4307,3730,7071,39559,27539,4357,1350,18562,8,6,3,2
2021-03-20T23:59:59+01:00,0,2,607,711,1155,2028,1574,3437,2482,6405,3450,5939,2329,2340,7119,9322,4315,8086,78,154,342,767,547,1487,720,2351,1068,1916,747,695,2919,4305,3728,7069,38519,27528,4345,1350,18428,8,6,3,2
2021-03-19T23:59:59+01:00,0,2,600,704,1141,2012,1539,3413,2412,6265,3387,5830,2147,2157,6810,9003,4296,8061,78,154,341,761,543,1484,715,2343,1057,1903,738,688,2495,3703,3314,6323,37914,25281,4329,1350,17527,2,6,3,2
2021-03-18T23:59:59+01:00,0,2,585,688,1121,1982,1512,3383,2372,6197,3314,5741,1995,1961,6691,8884,4290,8050,77,154,341,759,542,1484,714,2339,1054,1902,731,684,2445,3631,3287,6281,37894,25089,4318,1327,16547,2,6,3,2
2021-03-17T23:59:59+01:00,0,1,555,659,1076,1926,1475,3299,2295,6080,3162,5586,1738,1695,6525,8731,4280,8035,76,150,329,732,526,1440,692,2281,1016,1861,714,665,2205,3336,3206,6157,37822,24122,3792,1255,15495,2,6,3,2
2021-03-16T23:59:59+01:00,0,1,511,630,1036,1870,1423,3195,2229,5926,3046,5452,1541,1473,6391,8584,4270,8014,70,136,308,676,496,1363,663,2146,987,1730,665,615,2094,3202,3183,6073,37767,23375,3173,1024,14644,2,5,3,2
2021-03-15T23:59:59+01:00,0,1,499,619,1005,1824,1389,3127,2197,5841,2958,5368,1416,1338,5812,7897,4231,7950,67,129,293,618,481,1243,625,2016,947,1617,637,595,2057,3163,3170,6014,36533,22979,2817,690,14119,2,0,3,2
2021-03-14T23:59:59+01:00,0,1,494,613,995,1812,1386,3110,2181,5823,2924,5341,1373,1288,5420,7450,4208,7932,66,124,289,595,475,1216,619,1960,937,1592,637,595,2057,3163,3169,6012,35718,22973,2812,530,13818,2,0,3,2
2021-03-13T23:59:59+01:00,0,1,473,595,958,1765,1333,3046,1925,5234,2684,4927,1268,1175,4771,6603,4159,7857,66,124,288,592,473,1214,617,1958,936,1588,635,590,1696,2683,2646,5258,34050,20831,2808,530,11913,2,0,3,2
2021-03-12T23:59:59+01:00,0,1,457,573,938,1724,1303,2965,1721,4443,2477,4475,1198,1092,4075,5802,4112,7775,66,122,287,588,473,1211,615,1950,931,1582,632,583,1375,2143,2112,4464,32375,18602,2805,530,9948,1,0,3,2
2021-03-11T23:59:59+01:00,0,1,453,566,930,1712,1288,2948,1696,4408,2441,4439,1124,1037,4033,5766,4109,7771,66,114,281,566,459,1159,606,1901,912,1546,620,570,1369,2126,2103,4415,32342,18353,2710,458,9667,1,0,3,2
2021-03-10T23:59:59+01:00,0,1,432,555,883,1654,1234,2871,1623,4311,2375,4346,1090,1014,4017,5751,4108,7769,66,114,279,562,456,1152,601,1878,912,1541,614,562,1308,2040,2060,4359,32327,18069,2143,433,9561,1,0,3,2
2021-03-09T23:59:59+01:00,0,1,410,539,835,1604,1193,2808,1581,4228,2332,4293,1069,1003,4011,5744,4107,7767,64,113,278,561,455,1141,599,1866,906,1536,612,556,1103,1731,1945,4187,32280,17245,1693,406,9549,1,0,3,2
2021-03-08T23:59:59+01:00,0,1,403,528,825,1590,1184,2792,1573,4203,2321,4280,1056,992,3974,5697,4105,7762,63,113,274,556,451,1135,598,1862,902,1534,612,556,1034,1640,1900,4144,32152,16990,1597,382,9534,1,0,3,2
2021-03-07T23:59:59+01:00,0,1,402,525,825,1589,1182,2790,1569,4197,2311,4275,1050,984,3968,5691,4104,7761,60,110,265,534,439,1109,583,1762,867,1459,611,556,930,1511,1849,4076,32136,16631,1558,89,9527,0,0,3,2
2021-03-06T23:59:59+01:00,0,1,394,509,806,1556,1159,2732,1527,4130,2118,3778,1021,947,3795,5420,4007,7600,60,110,265,534,439,1108,583,1762,867,1459,611,556,927,1510,1846,4075,31429,16622,1558,89,8510,0,0,3,2
2021-03-05T23:59:59+01:00,0,1,379,468,773,1452,1109,2515,1452,3917,1904,3107,991,902,3050,4460,3803,7261,60,109,264,531,436,1102,582,1757,863,1456,608,554,888,1451,1823,4037,29132,16431,1557,89,6852,0,0,3,2
2021-03-04T23:59:59+01:00,0,1,364,460,766,1432,1096,2492,1433,3888,1880,3088,978,898,3046,4456,3799,7259,60,108,261,528,432,1086,572,1735,862,1448,606,552,851,1397,1800,4001,29118,16272,1519,26,6696,0,0,3,2
2021-03-03T23:59:59+01:00,0,1,353,428,747,1381,1065,2409,1382,3734,1801,2990,945,854,3036,4450,3799,7256,59,107,258,526,431,1082,570,1726,859,1444,606,551,831,1344,1715,3855,28802,15939,1519,24,6307,0,0,3,2
2021-03-02T23:59:59+01:00,0,1,347,419,731,1357,1017,2364,1313,3650,1684,2893,857,788,2994,4413,3793,7250,59,107,257,522,430,1074,570,1720,859,1440,605,551,831,1344,1715,3855,28162,15914,1456,24,6250,0,0,3,2
2021-03-01T23:59:59+01:00,0,1,343,405,724,1310,1004,2306,1293,3567,1658,2844,839,779,2986,4403,3793,7250,59,106,256,518,425,1060,566,1707,850,1432,604,549,735,1192,1661,3775,28122,15470,1407,24,5973,0,0,3,2
2021-02-28T23:59:59+01:00,0,1,338,392,716,1271,991,2227,1281,3480,1634,2765,835,769,2984,4399,3792,7248,59,106,256,518,425,1059,566,1707,847,1432,604,548,638,1067,1615,3695,28109,15119,1404,22,5607,0,0,3,2
2021-02-27T23:59:59+01:00,0,1,329,372,702,1246,971,2190,1246,3411,1611,2712,818,754,2981,4399,3791,7248,59,106,256,518,425,1059,565,1707,845,1432,604,548,638,1066,1615,3695,28107,15115,1404,22,5268,0,0,3,2
2021-02-26T23:59:59+01:00,0,1,303,319,654,1181,906,2070,1156,3245,1507,2573,789,731,2552,3794,3374,6482,59,106,253,516,425,1057,563,1705,842,1426,600,546,631,1054,1606,3676,25844,15042,1404,22,4386,0,0,3,2
2021-02-25T23:59:59+01:00,0,1,298,306,641,1149,885,2028,1137,3179,1488,2528,786,728,2506,3721,3344,6438,57,104,249,508,425,1053,558,1695,839,1415,594,541,553,944,1562,3619,25623,14695,1404,20,4133,0,0,3,2
2021-02-24T23:59:59+01:00,0,1,279,296,590,1103,838,1961,1079,3084,1444,2470,769,709,2266,3419,3262,6308,56,100,245,501,419,1035,549,1673,836,1395,587,530,540,924,1551,3597,24640,14523,1404,14,3831,0,0,3,2
2021-02-23T23:59:59+01:00,0,1,266,275,562,1046,801,1884,1011,2934,1372,2365,718,659,2155,3284,3239,6218,56,98,243,495,419,1019,539,1641,827,1373,578,524,525,877,1540,3553,23848,14293,1399,14,3540,0,0,3,1
2021-02-22T23:59:59+01:00,0,1,262,269,550,984,781,1808,985,2839,1336,2305,694,638,2128,3249,3231,6161,56,97,237,489,417,1006,530,1624,823,1348,563,512,507,852,1534,3503,23455,14084,1399,14,3364,0,0,3,1
2021-02-21T23:59:59+01:00,0,1,259,261,541,959,768,1771,977,2791,1306,2279,694,636,2126,3249,3230,6160,56,97,236,489,417,1006,530,1624,823,1347,563,511,507,852,1534,3502,23449,14080,1399,14,3157,0,0,3,1
2021-02-20T23:59:59+01:00,0,1,175,230,469,910,700,1693,907,2702,1221,2180,679,620,1758,2734,2680,5366,56,97,236,489,417,1006,530,1623,823,1347,563,511,507,852,1534,3502,21196,14079,1399,14,2427,0,0,3,1
2021-02-19T23:59:59+01:00,0,1,83,167,358,829,574,1559,774,2553,1085,2027,663,599,1456,2222,2145,4576,56,97,236,489,417,1005,530,1623,823,1347,563,511,501,850,1533,3496,19014,14063,1399,14,1255,0,0,3,1
2021-02-18T23:59:59+01:00,0,1,80,162,346,779,553,1470,741,2413,1052,1960,648,589,1447,2204,2136,4527,53,90,231,467,403,940,515,1543,804,1273,549,497,495,832,1532,3478,18777,13688,1374,14,954,0,0,3,1
2021-02-17T23:59:59+01:00,0,1,79,154,332,756,544,1437,712,2320,1015,1861,642,579,1389,2117,2090,4478,53,87,229,458,395,902,504,1478,785,1191,536,484,493,830,1532,3478,18519,13421,1301,14,683,0,0,3,1
2021-02-16T23:59:59+01:00,0,1,74,148,317,717,516,1364,680,2212,990,1756,632,572,1145,1773,1972,4301,52,78,228,453,389,872,491,1413,759,1123,515,471,491,830,1529,3477,17613,13169,1063,2,491,0,0,3,1
2021-02-15T23:59:59+01:00,0,1,69,132,291,614,481,1223,625,1999,940,1597,623,570,1062,1667,1921,4239,52,78,226,448,385,866,490,1409,756,1116,515,471,490,827,1528,3474,17288,13131,725,0,38,0,0,3,1
2021-02-14T23:59:59+01:00,0,1,68,125,286,589,476,1194,614,1945,926,1575,623,570,965,1544,1876,4183,52,78,226,448,385,866,490,1407,756,1116,515,471,490,827,1528,3474,16964,13129,570,0,23,0,0,3,1
2021-02-13T23:59:59+01:00,0,1,68,124,286,588,475,1190,613,1943,924,1572,622,569,964,1535,1872,4180,52,78,226,447,383,861,489,1402,754,1115,513,469,473,789,1273,3016,16930,12340,570,0,23,0,0,3,1
2021-02-12T23:59:59+01:00,0,1,67,124,285,587,471,1186,613,1939,921,1571,619,568,925,1484,1852,4140,52,78,226,443,380,852,484,1394,748,1108,506,461,455,750,926,2324,16760,11187,570,0,20,0,0,3,1
2021-02-11T23:59:59+01:00,0,1,67,117,281,576,458,1159,607,1913,914,1559,618,567,883,1426,1830,4100,52,75,211,413,366,805,468,1321,733,1076,503,460,455,750,925,2323,16581,10937,487,0,5,0,0,3,0
2021-02-10T23:59:59+01:00,0,1,66,117,277,573,456,1154,603,1897,909,1555,618,567,874,1410,1809,4056,51,65,177,336,312,702,418,1149,654,982,468,448,450,749,925,2322,16479,10209,459,0,1,0,0,3,0
2021-02-09T23:59:59+01:00,0,1,64,115,271,570,453,1141,602,1883,902,1549,617,566,862,1375,1744,3953,43,53,124,258,236,551,337,947,552,828,433,437,446,748,923,2322,16235,9239,430,0,0,0,0,3,0
2021-02-08T23:59:59+01:00,0,1,63,115,268,561,450,1134,601,1868,896,1541,615,564,761,1225,1690,3871,38,43,86,168,173,413,270,709,492,693,425,430,442,745,922,2322,15816,8372,405,0,0,0,0,3,0
2021-02-07T23:59:59+01:00,0,1,60,112,259,538,435,1103,585,1765,861,1462,614,563,658,1098,1643,3788,37,42,82,166,170,406,265,696,487,682,423,429,442,745,922,2321,15446,8316,96,0,0,0,0,3,0
2021-02-06T23:59:59+01:00,0,1,60,112,258,538,435,1103,583,1764,858,1459,611,561,656,1089,1637,3781,34,41,81,163,167,396,261,688,476,674,415,428,406,697,688,1939,15407,7555,96,0,0,0,0,3,0
2021-02-05T23:59:59+01:00,0,1,60,112,256,535,435,1101,582,1763,856,1457,609,561,646,1082,1631,3770,32,39,77,157,162,388,253,669,459,664,409,428,400,672,300,1317,15358,6427,96,0,0,0,0,3,0
2021-02-04T23:59:59+01:00,0,1,58,110,251,528,429,1085,566,1736,852,1443,602,550,562,963,1583,3711,31,36,73,152,156,377,238,648,442,650,403,422,395,665,298,1312,14999,6299,28,0,0,0,0,3,0
2021-02-03T23:59:59+01:00,0,1,57,105,247,521,428,1065,563,1720,850,1428,598,540,551,953,1580,3697,24,28,59,120,123,278,174,507,333,500,301,322,320,522,227,1051,14875,4890,26,0,0,0,0,3,0
2021-02-02T23:59:59+01:00,0,1,57,103,244,515,428,1047,551,1687,840,1404,585,531,540,908,1571,3653,17,21,40,79,87,184,122,342,218,361,212,216,204,328,163,697,14638,3292,26,0,0,0,0,1,0
2021-02-01T23:59:59+01:00,0,1,57,101,240,507,426,1031,543,1666,836,1381,577,525,523,879,1563,3609,7,11,20,42,48,96,65,168,94,164,100,99,85,153,71,308,14438,1531,26,0,0,0,0,1,0
2021-01-31T23:59:59+01:00,0,1,57,101,239,506,424,1027,541,1661,833,1378,577,524,523,879,1563,3608,7,11,18,38,43,82,61,142,81,148,96,99,84,152,69,307,14416,1438,25,0,0,0,0,1,0
2021-01-30T23:59:59+01:00,0,1,57,101,239,506,424,1027,541,1661,833,1378,577,524,523,879,1563,3608,7,11,18,38,43,82,61,142,81,148,96,98,84,152,69,307,14416,1437,25,0,0,0,0,1,0
2021-01-29T23:59:59+01:00,0,1,57,101,239,506,424,1027,541,1661,833,1378,577,524,523,879,1563,3608,7,11,18,38,43,82,61,142,81,148,96,98,84,152,69,307,14416,1437,25,0,0,0,0,1,0
2021-01-28T23:59:59+01:00,0,1,55,93,235,478,412,961,523,1575,811,1295,564,509,517,862,1561,3594,3,2,4,6,11,14,19,34,21,31,16,20,19,34,17,91,14026,342,19,0,0,0,0,1,0
2021-01-27T23:59:59+01:00,0,1,53,89,235,468,404,922,513,1509,791,1212,552,495,515,860,1561,3594,3,2,4,6,9,14,19,33,21,30,16,20,19,34,17,91,13756,338,17,0,0,0,0,1,0
2021-01-26T23:59:59+01:00,0,1,52,83,231,465,397,893,502,1441,766,1144,530,482,513,860,1561,3594,1,2,4,6,9,13,17,29,17,25,14,18,17,32,17,84,13498,305,16,0,0,0,0,1,0
2021-01-25T23:59:59+01:00,0,1,52,83,228,460,394,888,502,1438,764,1139,530,482,513,859,1561,3592,0,0,0,0,0,0,0,0,0,0,1,1,0,2,0,0,13470,4,15,0,0,0,0,1,0
2021-01-24T23:59:59+01:00,0,1,52,83,228,460,394,888,502,1437,764,1139,530,482,513,859,1561,3592,0,0,0,0,0,0,0,0,0,0,1,1,0,2,0,0,13469,4,15,0,0,0,0,1,0
2021-01-23T23:59:59+01:00,0,1,52,83,228,459,393,884,502,1431,763,1137,527,480,496,821,1308,3124,0,0,0,0,0,0,0,0,0,0,1,1,0,2,0,0,12673,4,15,0,0,0,0,1,0
2021-01-22T23:59:59+01:00,0,1,52,83,227,455,389,874,497,1421,758,1129,521,472,479,780,948,2407,0,0,0,0,0,0,0,0,0,0,1,1,0,2,0,0,11478,4,15,0,0,0,0,0,0
2021-01-21T23:59:59+01:00,0,1,52,80,209,422,362,818,470,1322,732,1095,517,472,479,780,947,2406,0,0,0,0,0,0,0,0,0,0,1,1,0,2,0,0,11149,4,15,0,0,0,0,0,0
2021-01-20T23:59:59+01:00,0,1,50,70,181,351,321,732,428,1168,662,1004,481,461,474,780,947,2405,0,0,0,0,0,0,0,0,0,0,1,1,0,2,0,0,10501,4,15,0,0,0,0,0,0
2021-01-19T23:59:59+01:00,0,1,44,57,135,274,248,573,351,986,571,862,446,449,470,778,947,2405,0,0,0,0,0,0,0,0,0,0,1,0,0,2,0,0,9590,3,7,0,0,0,0,0,0
2021-01-18T23:59:59+01:00,0,1,40,44,86,175,179,423,281,723,500,705,437,442,467,773,945,2405,0,0,0,0,0,0,0,0,0,0,0,0,0,1,0,0,8626,1,0,0,0,0,0,0,0
2021-01-17T23:59:59+01:00,0,1,37,43,83,171,175,415,277,712,495,692,435,442,467,773,945,2404,0,0,0,0,0,0,0,0,0,0,0,0,0,0,0,0,8567,0,0,0,0,0,0,0,0
2021-01-16T23:59:59+01:00,0,1,34,42,81,169,171,406,270,705,480,684,427,441,428,726,704,2018,0,0,0,0,0,0,0,0,0,0,0,0,0,0,0,0,7787,0,0,0,0,0,0,0,0
2021-01-15T23:59:59+01:00,0,1,32,40,78,162,168,400,263,688,466,676,421,440,423,702,310,1387,0,0,0,0,0,0,0,0,0,0,0,0,0,0,0,0,6657,0,0,0,0,0,0,0,0
2021-01-14T23:59:59+01:00,0,1,32,38,77,158,163,395,255,678,455,668,417,438,423,701,310,1387,0,0,0,0,0,0,0,0,0,0,0,0,0,0,0,0,6596,0,0,0,0,0,0,0,0
2021-01-13T23:59:59+01:00,0,0,24,31,61,125,128,300,195,543,346,525,319,334,349,552,239,1109,0,0,0,0,0,0,0,0,0,0,0,0,0,0,0,0,5180,0,0,0,0,0,0,0,0
2021-01-12T23:59:59+01:00,0,0,17,24,45,87,93,212,141,392,236,389,228,228,228,355,173,752,0,0,0,0,0,0,0,0,0,0,0,0,0,0,0,0,3600,0,0,0,0,0,0,0,0
2021-01-11T23:59:59+01:00,0,0,9,15,26,46,62,136,88,220,124,207,114,107,100,172,80,333,0,0,0,0,0,0,0,0,0,0,0,0,0,0,0,0,1839,0,0,0,0,0,0,0,0
2021-01-10T23:59:59+01:00,0,0,8,15,22,43,55,108,80,179,105,174,108,104,96,170,77,333,0,0,0,0,0,0,0,0,0,0,0,0,0,0,0,0,1677,0,0,0,0,0,0,0,0
2021-01-09T23:59:59+01:00,0,0,8,15,22,43,55,108,80,179,105,174,108,103,96,170,77,333,0,0,0,0,0,0,0,0,0,0,0,0,0,0,0,0,1676,0,0,0,0,0,0,0,0
2021-01-08T23:59:59+01:00,0,0,8,14,21,42,52,101,75,168,99,171,105,99,91,161,75,325,0,0,0,0,0,0,0,0,0,0,0,0,0,0,0,0,1607,0,0,0,0,0,0,0,0
2021-01-07T23:59:59+01:00,0,0,3,3,4,7,11,15,20,34,23,35,18,20,20,34,19,95,0,0,0,0,0,0,0,0,0,0,0,0,0,0,0,0,361,0,0,0,0,0,0,0,0
2021-01-06T23:59:59+01:00,0,0,3,2,4,6,9,14,20,33,21,32,18,20,20,34,19,94,0,0,0,0,0,0,0,0,0,0,0,0,0,0,0,0,349,0,0,0,0,0,0,0,0
2021-01-05T23:59:59+01:00,0,0,3,2,4,6,9,14,20,33,21,32,18,20,20,34,19,94,0,0,0,0,0,0,0,0,0,0,0,0,0,0,0,0,349,0,0,0,0,0,0,0,0
2021-01-04T23:59:59+01:00,0,0,0,0,0,0,0,0,1,0,0,0,1,1,0,2,0,0,0,0,0,0,0,0,0,0,0,0,0,0,0,0,0,0,5,0,0,0,0,0,0,0,0
2021-01-03T23:59:59+01:00,0,0,0,0,0,0,0,0,1,0,0,0,1,1,0,2,0,0,0,0,0,0,0,0,0,0,0,0,0,0,0,0,0,0,5,0,0,0,0,0,0,0,0
2021-01-02T23:59:59+01:00,0,0,0,0,0,0,0,0,1,0,0,0,1,1,0,2,0,0,0,0,0,0,0,0,0,0,0,0,0,0,0,0,0,0,5,0,0,0,0,0,0,0,0
2021-01-01T23:59:59+01:00,0,0,0,0,0,0,0,0,1,0,0,0,1,1,0,2,0,0,0,0,0,0,0,0,0,0,0,0,0,0,0,0,0,0,5,0,0,0,0,0,0,0,0
2020-12-31T23:59:59+01:00,0,0,0,0,0,0,0,0,1,0,0,0,1,1,0,2,0,0,0,0,0,0,0,0,0,0,0,0,0,0,0,0,0,0,5,0,0,0,0,0,0,0,0
2020-12-30T23:59:59+01:00,0,0,0,0,0,0,0,0,1,0,0,0,1,1,0,2,0,0,0,0,0,0,0,0,0,0,0,0,0,0,0,0,0,0,5,0,0,0,0,0,0,0,0
2020-12-29T23:59:59+01:00,0,0,0,0,0,0,0,0,1,0,0,0,1,0,0,2,0,0,0,0,0,0,0,0,0,0,0,0,0,0,0,0,0,0,4,0,0,0,0,0,0,0,0
2020-12-28T23:59:59+01:00,0,0,0,0,0,0,0,0,0,0,0,0,1,0,0,1,0,0,0,0,0,0,0,0,0,0,0,0,0,0,0,0,0,0,2,0,0,0,0,0,0,0,0
2020-12-27T23:59:59+01:00,0,0,0,0,0,0,0,0,0,0,0,0,0,0,0,0,0,0,0,0,0,0,0,0,0,0,0,0,0,0,0,0,0,0,0,0,0,0,0,0,0,0,0
