Datum,<15_m,<15_w,15-24_1_m,15-24_1_w,25-34_1_m,25-34_1_w,35-44_1_m,35-44_1_w,45-54_1_m,45-54_1_w,55-64_1_m,55-64_1_w,65-74_1_m,65-74_1_w,75-84_1_m,75-84_1_w,>84_1_m,>84_1_w,<24_2_m,<24_2_w,25-34_2_m,25-34_2_w,35-44_2_m,35-44_2_w,45-54_2_m,45-54_2_w,55-64_2_m,55-64_2_w,65-74_2_m,65-74_2_w,75-84_2_m,75-84_2_w,>84_2_m,>84_2_w,bp_1,bp_2,mo_1,mo_2,az_1,az_2,ja,unb_1,unb_2
2021-10-04T23:59:59+02:00,1885,1683,14581,13844,17637,16474,20857,21132,27469,28571,34061,34962,25835,28661,17566,22437,5352,10125,12990,12276,16366,15024,19605,19574,25916,26721,32513,33275,25005,27739,17011,21654,5133,9568,247272,231269,32264,30033,46579,44855,16932,104,43
2021-10-03T23:59:59+02:00,1873,1677,14562,13816,17622,16458,20846,21123,27461,28560,34051,34953,25826,28656,17559,22429,5351,10124,12969,12258,16345,15007,19595,19564,25906,26708,32502,33262,24994,27728,17011,21646,5133,9568,247139,231121,32255,30029,46576,44854,16892,104,43
2021-10-02T23:59:59+02:00,1872,1677,14560,13815,17622,16457,20846,21122,27461,28560,34050,34953,25826,28655,17559,22429,5351,10124,12969,12257,16345,15007,19595,19564,25906,26708,32502,33262,24994,27728,17011,21646,5133,9568,247131,231120,32255,30029,46576,44854,16892,104,43
2021-10-01T23:59:59+02:00,1859,1658,14499,13755,17561,16407,20804,21080,27430,28542,34025,34935,25818,28652,17559,22424,5351,10121,12867,12155,16265,14950,19536,19517,25870,26673,32471,33234,24979,27713,17007,21638,5132,9566,246820,230552,32223,30019,46576,44854,16776,104,43
2021-09-30T23:59:59+02:00,1846,1638,14397,13673,17497,16350,20743,21027,27373,28484,33967,34908,25796,28636,17550,22414,5349,10118,12756,12080,16190,14902,19487,19465,25815,26615,32417,33207,24958,27690,17001,21626,5129,9565,246459,230244,32096,29839,46573,44847,16553,104,43
2021-09-29T23:59:59+02:00,1832,1618,14373,13652,17474,16309,20708,20998,27346,28453,33939,34885,25776,28619,17542,22404,5348,10117,12724,12048,16169,14874,19474,19447,25800,26598,32399,33184,24943,27677,16992,21613,5126,9561,246114,229969,32096,29839,46573,44846,16525,104,43
2021-09-28T23:59:59+02:00,1816,1609,14345,13620,17445,16275,20681,20964,27314,28430,33912,34860,25762,28599,17532,22394,5345,10111,12685,12016,16148,14846,19459,19421,25780,26587,32386,33163,24937,27666,16989,21607,5124,9560,245763,229710,32095,29839,46573,44845,16498,104,43
2021-09-27T23:59:59+02:00,1808,1605,14319,13595,17426,16253,20656,20941,27292,28411,33893,34840,25754,28586,17530,22386,5345,10108,12648,11982,16127,14824,19433,19405,25760,26565,32377,33143,24929,27653,16983,21600,5122,9559,245549,229479,32095,29839,46573,44839,16446,104,43
2021-09-26T23:59:59+02:00,1804,1600,14304,13577,17406,16236,20645,20926,27278,28397,33885,34827,25743,28581,17526,22385,5344,10107,12632,11962,16112,14807,19420,19393,25751,26554,32366,33132,24923,27651,16980,21596,5121,9558,245403,229348,32095,29838,46573,44839,16415,104,43
2021-09-25T23:59:59+02:00,1801,1598,14291,13561,17388,16227,20626,20918,27261,28382,33872,34820,25737,28575,17521,22382,5343,10105,12622,11948,16096,14799,19402,19384,25738,26539,32354,33125,24918,27647,16975,21593,5121,9556,245360,229323,32095,29838,46573,44839,16295,104,43
2021-09-24T23:59:59+02:00,1783,1574,14210,13482,17320,16175,20571,20868,27222,28339,33834,34789,25719,28564,17511,22372,5341,10101,12524,11847,16013,14733,19348,19323,25691,26504,32308,33095,24895,27626,16966,21581,5119,9552,244967,228808,32076,29834,46573,44839,16074,104,43
2021-09-23T23:59:59+02:00,1762,1554,14107,13384,17230,16090,20479,20792,27141,28282,33786,34729,25692,28541,17499,22353,5337,10094,12434,11772,15944,14667,19274,19275,25634,26447,32262,33059,24875,27607,16960,21569,5116,9547,244484,228480,31975,29796,46573,44839,15735,104,43
2021-09-22T23:59:59+02:00,1744,1542,14069,13334,17180,16048,20429,20745,27103,28235,33736,34679,25662,28515,17491,22331,5333,10090,12393,11726,15898,14634,19244,19246,25605,26419,32213,33025,24847,27582,16954,21555,5112,9538,244069,228161,31950,29787,46573,44837,15588,104,43
2021-09-21T23:59:59+02:00,1731,1527,14007,13281,17157,16000,20396,20706,27075,28197,33701,34658,25649,28498,17479,22308,5325,10063,12345,11666,15869,14607,19211,19207,25578,26391,32188,32998,24826,27565,16951,21546,5110,9527,243587,227780,31946,29738,46573,44835,15566,104,43
2021-09-20T23:59:59+02:00,1721,1520,13955,13243,17120,15961,20356,20673,27033,28161,33667,34624,25629,28471,17470,22289,5314,10034,12291,11630,15836,14585,19182,19184,25550,26368,32166,32974,24814,27552,16949,21537,5105,9513,243150,227487,31945,29738,46573,44835,15487,104,43
2021-09-19T23:59:59+02:00,1716,1511,13931,13219,17089,15939,20329,20655,27012,28133,33654,34611,25621,28463,17467,22287,5313,10032,12266,11610,15814,14565,19168,19165,25537,26357,32156,32964,24808,27547,16943,21531,5104,9513,242926,227321,31944,29737,46573,44833,15453,104,43
2021-09-18T23:59:59+02:00,1714,1507,13919,13207,17078,15932,20319,20648,27005,28129,33648,34607,25621,28463,17467,22286,5313,10032,12259,11602,15804,14560,19158,19162,25530,26353,32151,32962,24808,27547,16943,21531,5104,9513,242890,227302,31931,29732,46573,44833,15415,104,43
2021-09-17T23:59:59+02:00,1691,1473,13816,13093,16970,15857,20238,20577,26935,28069,33595,34563,25598,28440,17455,22275,5312,10029,12172,11523,15703,14483,19070,19092,25462,26286,32089,32919,24789,27527,16933,21513,5103,9509,242425,226864,31884,29720,46573,44832,15018,104,43
2021-09-16T23:59:59+02:00,1664,1438,13717,12985,16884,15762,20147,20487,26834,27983,33519,34497,25566,28407,17441,22251,5305,10008,12083,11444,15634,14420,18989,19013,25373,26204,32027,32864,24748,27489,16923,21500,5100,9498,241818,226400,31787,29660,46573,44830,14631,104,43
2021-09-15T23:59:59+02:00,1648,1430,13658,12936,16831,15700,20102,20436,26779,27933,33467,34441,25540,28375,17426,22223,5298,9985,12022,11382,15579,14369,18938,18962,25313,26156,31969,32808,24715,27456,16907,21481,5096,9487,241409,225965,31766,29645,46569,44828,14378,104,43
2021-09-14T23:59:59+02:00,1632,1419,13596,12869,16758,15649,20044,20388,26730,27877,33419,34392,25520,28358,17414,22211,5294,9980,11959,11319,15506,14309,18885,18917,25265,26102,31913,32755,24684,27433,16893,21465,5096,9482,241022,225572,31714,29551,46569,44828,14159,104,43
2021-09-13T23:59:59+02:00,1610,1403,13558,12832,16730,15621,20025,20363,26708,27852,33400,34369,25510,28351,17409,22201,5294,9977,11916,11285,15473,14286,18862,18887,25240,26074,31886,32732,24674,27423,16880,21456,5093,9481,240742,225261,31713,29549,46564,44826,14107,104,43
2021-09-12T23:59:59+02:00,1600,1400,13526,12809,16689,15605,20012,20353,26697,27835,33395,34357,25506,28345,17408,22197,5294,9974,11872,11266,15428,14268,18838,18866,25224,26061,31872,32718,24666,27414,16877,21452,5092,9478,240591,225046,31713,29549,46562,44825,14049,104,43
2021-09-11T23:59:59+02:00,1589,1399,13510,12797,16675,15596,20003,20350,26685,27828,33391,34353,25502,28344,17407,22196,5292,9974,11805,11215,15412,14260,18830,18855,25212,26050,31864,32705,24664,27412,16876,21451,5092,9478,240526,224722,31693,29547,46562,44825,14023,104,43
2021-09-10T23:59:59+02:00,1550,1353,13361,12670,16603,15518,19896,20264,26601,27764,33329,34298,25462,28313,17391,22173,5286,9969,11684,11109,15326,14177,18721,18770,25117,25993,31790,32647,24622,27381,16859,21431,5087,9473,239928,224163,31676,29536,46562,44825,13546,104,43
2021-09-09T23:59:59+02:00,1529,1332,13290,12604,16549,15466,19842,20227,26549,27697,33287,34258,25434,28294,17386,22160,5282,9962,11622,11036,15275,14125,18666,18739,25061,25953,31744,32613,24600,27367,16846,21421,5084,9462,239558,223793,31600,29497,46562,44825,13338,104,43
2021-09-08T23:59:59+02:00,1514,1315,13261,12580,16533,15442,19822,20214,26533,27685,33274,34247,25422,28286,17380,22154,5279,9959,11577,10992,15249,14107,18654,18722,25043,25928,31723,32602,24586,27352,16844,21415,5084,9460,239338,223514,31600,29497,46558,44824,13314,104,43
2021-09-07T23:59:59+02:00,1485,1298,13203,12534,16493,15410,19799,20185,26496,27664,33240,34217,25398,28268,17374,22138,5274,9953,11519,10927,15195,14054,18617,18689,24996,25883,31671,32575,24558,27329,16836,21398,5079,9458,239111,223207,31515,29382,46558,44824,13155,104,43
2021-09-06T23:59:59+02:00,1470,1289,13174,12499,16470,15386,19780,20164,26479,27649,33229,34208,25395,28255,17371,22134,5271,9953,11498,10895,15176,14021,18595,18673,24980,25863,31649,32560,24547,27316,16835,21390,5076,9458,238891,222979,31515,29371,46558,44823,13122,104,43
2021-09-05T23:59:59+02:00,1460,1281,13158,12480,16453,15370,19769,20157,26473,27640,33219,34195,25393,28253,17369,22130,5271,9953,11479,10879,15150,14005,18584,18664,24973,25857,31640,32541,24544,27305,16832,21385,5074,9457,238765,222831,31515,29371,46558,44822,13096,104,43
2021-09-04T23:59:59+02:00,1460,1281,13157,12479,16453,15370,19767,20157,26472,27640,33219,34195,25393,28253,17369,22129,5271,9953,11479,10877,15148,14005,18579,18664,24972,25855,31640,32539,24543,27305,16832,21385,5074,9457,238763,222820,31515,29370,46558,44822,13092,104,43
2021-09-03T23:59:59+02:00,1433,1265,13055,12382,16396,15318,19730,20119,26431,27614,33182,34178,25375,28242,17365,22118,5269,9952,11339,10752,15086,13932,18508,18618,24901,25806,31581,32503,24510,27277,16819,21369,5071,9453,238268,222017,31515,29366,46558,44822,12993,104,43
2021-09-02T23:59:59+02:00,1418,1259,12991,12340,16353,15285,19695,20093,26397,27580,33157,34157,25360,28229,17360,22113,5269,9948,11263,10712,15038,13897,18470,18598,24868,25784,31543,32473,24491,27256,16813,21364,5071,9451,238045,221752,31451,29325,46554,44813,12864,104,43
2021-09-01T23:59:59+02:00,1395,1244,12955,12302,16332,15265,19676,20079,26379,27560,33136,34132,25349,28218,17354,22103,5266,9944,11222,10677,15018,13869,18450,18578,24847,25761,31518,32442,24477,27242,16806,21358,5069,9449,237746,221424,31451,29323,46553,44812,12849,104,43
2021-08-31T23:59:59+02:00,1363,1222,12900,12242,16287,15229,19643,20035,26335,27510,33097,34098,25333,28197,17348,22090,5262,9940,11150,10608,14970,13808,18398,18546,24797,25708,31460,32399,24446,27226,16798,21345,5066,9442,237439,220997,31388,29294,46553,44793,12661,104,43
2021-08-30T23:59:59+02:00,1339,1207,12859,12204,16262,15207,19623,20018,26312,27493,33075,34081,25322,28187,17348,22086,5260,9938,11072,10576,14943,13787,18376,18523,24769,25692,31433,32372,24434,27211,16792,21338,5063,9439,237188,220703,31388,29293,46553,44782,12601,104,43
2021-08-29T23:59:59+02:00,1334,1201,12846,12188,16251,15198,19614,20009,26309,27484,33068,34067,25317,28181,17346,22085,5260,9938,11054,10539,14933,13770,18360,18509,24757,25683,31425,32360,24425,27199,16790,21333,5063,9439,237087,220529,31388,29293,46553,44778,12577,104,43
2021-08-28T23:59:59+02:00,1327,1189,12814,12166,16237,15186,19603,19995,26302,27474,33059,34061,25315,28176,17345,22082,5260,9937,10978,10467,14899,13737,18313,18482,24721,25650,31382,32329,24408,27186,16781,21317,5063,9436,236927,220003,31388,29293,46553,44778,12569,104,43
2021-08-27T23:59:59+02:00,1308,1174,12751,12110,16191,15138,19544,19945,26247,27425,33016,34031,25297,28165,17341,22068,5260,9934,10941,10433,14859,13711,18297,18466,24686,25626,31354,32308,24395,27175,16778,21313,5063,9435,236502,219846,31388,29292,46553,44777,12411,104,43
2021-08-26T23:59:59+02:00,1288,1158,12682,12053,16145,15095,19499,19905,26193,27367,32965,33986,25267,28136,17334,22058,5257,9931,10871,10383,14812,13670,18251,18437,24642,25588,31308,32269,24373,27158,16770,21304,5063,9431,236134,219532,31329,29278,46553,44770,12211,104,43
2021-08-25T23:59:59+02:00,1271,1143,12659,12011,16125,15069,19478,19890,26166,27351,32930,33958,25249,28117,17327,22051,5256,9928,10822,10340,14781,13641,18218,18406,24620,25569,31275,32231,24360,27141,16763,21294,5061,9428,235826,219156,31329,29278,46546,44766,12184,104,43
2021-08-24T23:59:59+02:00,1244,1125,12599,11940,16068,15025,19433,19849,26119,27306,32885,33925,25229,28093,17315,22039,5255,9923,10743,10266,14737,13600,18172,18370,24569,25518,31233,32194,24336,27114,16748,21278,5060,9427,235515,218741,31204,29238,46546,44766,12012,104,43
2021-08-23T23:59:59+02:00,1231,1112,12560,11904,16043,15006,19412,19814,26098,27271,32855,33902,25215,28080,17311,22030,5255,9920,10688,10212,14707,13562,18134,18336,24542,25488,31198,32161,24323,27094,16741,21275,5058,9426,235214,218336,31203,29238,46545,44763,11961,104,43
2021-08-22T23:59:59+02:00,1223,1105,12545,11882,16028,14990,19405,19795,26086,27260,32844,33887,25204,28074,17309,22027,5252,9920,10659,10183,14686,13547,18114,18325,24529,25471,31183,32147,24315,27083,16739,21270,5057,9425,235049,218119,31203,29238,46545,44762,11943,104,43
2021-08-21T23:59:59+02:00,1135,1033,12470,11824,16016,14978,19395,19783,26076,27249,32834,33871,25199,28070,17306,22024,5252,9920,10635,10153,14669,13543,18106,18313,24520,25465,31176,32141,24312,27083,16738,21270,5057,9425,234675,217996,31197,29238,46545,44762,11922,104,43
2021-08-20T23:59:59+02:00,1115,1017,12409,11755,15957,14924,19333,19745,26022,27216,32784,33844,25184,28059,17297,22019,5251,9918,10580,10115,14627,13507,18066,18287,24485,25446,31146,32124,24303,27076,16732,21267,5057,9424,234177,217710,31197,29238,46545,44762,11834,104,43
2021-08-19T23:59:59+02:00,1089,993,12341,11699,15898,14892,19283,19694,25960,27166,32741,33809,25152,28036,17285,22008,5248,9916,10486,10039,14559,13469,18010,18249,24416,25403,31079,32079,24261,27057,16723,21250,5056,9421,233884,217274,31104,29229,46545,44754,11581,104,43
2021-08-18T23:59:59+02:00,1077,977,12301,11663,15870,14861,19255,19664,25931,27135,32706,33784,25133,28024,17280,21999,5246,9915,10431,9971,14512,13443,17961,18220,24371,25365,31020,32041,24239,27040,16717,21237,5052,9415,233570,216818,31104,29222,46544,44744,11507,104,43
2021-08-17T23:59:59+02:00,1050,952,12250,11621,15841,14819,19224,19632,25903,27112,32670,33746,25114,28004,17270,21982,5245,9910,10337,9889,14459,13395,17908,18166,24321,25325,30960,31997,24212,27016,16706,21217,5050,9408,233268,216219,30977,29163,46544,44741,11460,104,43
2021-08-16T23:59:59+02:00,1038,945,12218,11595,15824,14801,19206,19613,25880,27088,32651,33724,25094,27989,17262,21967,5242,9908,10282,9821,14434,13351,17884,18130,24277,25290,30923,31966,24185,26982,16691,21203,5050,9405,233040,215777,30977,29163,46544,44735,11388,104,43
2021-08-15T23:59:59+02:00,1030,945,12193,11581,15810,14784,19192,19598,25870,27079,32630,33710,25088,27980,17258,21956,5241,9908,10237,9786,14397,13328,17863,18109,24254,25276,30902,31940,24168,26974,16686,21195,5049,9403,232884,215495,30976,29163,46543,44730,11354,104,43
2021-08-14T23:59:59+02:00,1029,945,12192,11577,15810,14783,19189,19596,25869,27079,32630,33709,25088,27980,17258,21956,5241,9908,10071,9566,14291,13237,17788,18062,24205,25244,30862,31907,24153,26961,16683,21192,5047,9402,232875,214489,30976,29162,46543,44729,11349,104,43
2021-08-13T23:59:59+02:00,984,905,12039,11449,15756,14723,19123,19539,25798,27027,32578,33673,25062,27951,17247,21946,5240,9904,10018,9514,14251,13208,17749,18037,24173,25224,30838,31886,24143,26948,16677,21183,5047,9398,232036,214155,30975,29162,46543,44726,11296,102,43
2021-08-12T23:59:59+02:00,970,883,11982,11388,15707,14683,19087,19513,25753,27004,32532,33644,25037,27935,17238,21940,5239,9901,9927,9448,14177,13167,17688,17987,24107,25189,30784,31837,24115,26923,16661,21165,5045,9398,231804,213735,30951,29156,46543,44711,11043,102,43
2021-08-11T23:59:59+02:00,956,872,11948,11355,15688,14660,19054,19495,25731,26985,32507,33615,25019,27913,17234,21932,5238,9899,9854,9386,14125,13127,17641,17943,24066,25167,30744,31789,24085,26891,16645,21152,5044,9392,231513,213166,30950,29152,46542,44683,11001,102,43
2021-08-10T23:59:59+02:00,937,862,11860,11303,15635,14629,19010,19458,25675,26951,32450,33561,25002,27897,17227,21919,5237,9896,9759,9300,14073,13092,17609,17909,24019,25128,30691,31742,24052,26858,16638,21132,5040,9387,231129,212647,30818,29117,46540,44669,10927,102,43
2021-08-09T23:59:59+02:00,935,845,11832,11268,15619,14613,18988,19445,25643,26928,32421,33530,24994,27888,17221,21911,5237,9893,9705,9240,14032,13042,17572,17868,23988,25083,30656,31701,24038,26841,16633,21119,5038,9381,230891,212195,30818,29114,46539,44662,10868,102,43
2021-08-08T23:59:59+02:00,925,838,11796,11245,15598,14599,18968,19424,25618,26908,32399,33513,24986,27872,17214,21907,5236,9893,9630,9184,13983,13014,17545,17838,23955,25048,30624,31670,24025,26822,16625,21105,5037,9378,230700,211794,30818,29113,46539,44661,10786,102,43
2021-08-07T23:59:59+02:00,905,811,11698,11167,15555,14557,18926,19390,25579,26878,32353,33481,24969,27860,17205,21889,5235,9890,9008,8589,13539,12659,17333,17653,23804,24937,30472,31593,23966,26771,16604,21078,5032,9375,230110,208585,30818,29112,46539,44661,10785,102,43
2021-08-06T23:59:59+02:00,896,808,11668,11142,15539,14544,18916,19384,25564,26862,32344,33474,24965,27856,17200,21887,5235,9889,8426,7963,13024,12263,17105,17447,23659,24825,30378,31514,23935,26724,16592,21064,5029,9368,230060,205413,30696,29099,46539,44661,10782,102,43
2021-08-05T23:59:59+02:00,893,801,11628,11111,15497,14515,18875,19352,25519,26827,32296,33427,24925,27834,17198,21876,5235,9883,8371,7899,12975,12211,17055,17405,23595,24785,30302,31459,23888,26682,16578,21046,5027,9359,229834,204989,30695,29094,46538,44652,10527,102,43
2021-08-04T23:59:59+02:00,876,785,11598,11081,15478,14483,18843,19326,25492,26798,32251,33388,24910,27821,17193,21870,5233,9875,8281,7812,12918,12163,17003,17361,23538,24741,30242,31387,23851,26643,16568,21033,5025,9353,229570,204398,30693,29093,46536,44617,10404,102,43
2021-08-03T23:59:59+02:00,860,768,11551,11041,15455,14461,18812,19306,25466,26769,32217,33353,24890,27802,17184,21865,5229,9874,8198,7724,12848,12113,16935,17308,23478,24704,30200,31337,23815,26609,16553,21022,5022,9349,229235,203737,30692,29083,46535,44609,10343,102,43
2021-08-02T23:59:59+02:00,851,765,11516,11011,15433,14429,18785,19286,25437,26744,32185,33326,24876,27782,17176,21856,5228,9872,8102,7631,12768,12053,16875,17244,23421,24632,30150,31279,23797,26586,16532,21012,5020,9344,228957,203028,30692,29082,46535,44601,10275,102,43
2021-08-01T23:59:59+02:00,843,758,11489,10982,15422,14416,18770,19275,25418,26732,32168,33311,24872,27773,17175,21853,5226,9871,8034,7564,12707,12006,16831,17197,23385,24600,30123,31254,23781,26567,16528,21006,5018,9343,228813,202571,30687,29081,46535,44582,10220,102,43
2021-07-31T23:59:59+02:00,840,757,11486,10976,15420,14413,18766,19271,25417,26731,32165,33310,24872,27772,17175,21853,5226,9871,7881,7377,11936,11336,16275,16757,23290,24521,30058,31183,23752,26531,16516,20987,5017,9341,228783,199348,30686,29081,46535,44580,10218,102,43
2021-07-30T23:59:59+02:00,839,756,11473,10967,15417,14410,18760,19266,25410,26726,32155,33305,24871,27770,17175,21850,5226,9871,7600,7134,11394,10888,15796,16329,23153,24414,29950,31070,23715,26486,16499,20965,5017,9336,228715,196266,30685,29080,46533,44567,10215,102,43
2021-07-29T23:59:59+02:00,827,747,11433,10920,15379,14389,18720,19240,25372,26690,32102,33276,24853,27750,17164,21832,5226,9868,7226,6825,10729,10371,15279,15914,22977,24268,29802,30959,23660,26434,16470,20940,5013,9333,228392,192797,30684,29070,46533,44481,10080,102,43
2021-07-28T23:59:59+02:00,808,734,11386,10866,15355,14360,18689,19212,25346,26662,32075,33251,24839,27732,17159,21820,5225,9864,7059,6668,10584,10249,15167,15779,22884,24172,29700,30861,23617,26376,16452,20911,5012,9323,228065,191547,30684,29068,46528,44372,10007,102,43
2021-07-27T23:59:59+02:00,799,725,11341,10826,15312,14320,18649,19186,25317,26636,32039,33229,24823,27707,17152,21809,5224,9856,6838,6453,10423,10134,15022,15647,22780,24063,29592,30748,23565,26312,16436,20884,5010,9311,227746,190395,30684,28740,46527,44336,9894,102,43
2021-07-26T23:59:59+02:00,789,712,11291,10777,15286,14298,18632,19159,25289,26606,32007,33203,24808,27685,17140,21797,5223,9853,6721,6377,10326,10060,14955,15567,22698,24003,29527,30674,23532,26269,16424,20867,5006,9305,227448,189611,30682,28737,46526,44294,9799,102,43
2021-07-25T23:59:59+02:00,778,702,11263,10749,15264,14273,18612,19135,25262,26581,31986,33185,24791,27674,17136,21788,5222,9851,6645,6296,10257,9997,14882,15507,22644,23949,29471,30636,23501,26248,16412,20853,5006,9301,227250,189023,30682,28733,46525,44264,9695,102,43
2021-07-24T23:59:59+02:00,754,680,11186,10666,15225,14245,18588,19114,25242,26565,31974,33172,24791,27670,17133,21786,5222,9851,6247,5942,10109,9882,14506,15225,22421,23791,29353,30552,23465,26210,16395,20836,5003,9297,226870,186664,30682,28730,46525,44262,9687,102,43
2021-07-23T23:59:59+02:00,728,658,11118,10580,15195,14211,18560,19099,25221,26544,31959,33155,24780,27665,17131,21786,5222,9848,5877,5632,9987,9775,14159,14960,22225,23615,29233,30434,23413,26142,16384,20815,4999,9290,226481,184390,30682,28730,46525,44250,9672,102,43
2021-07-22T23:59:59+02:00,687,618,10963,10417,15098,14122,18472,19050,25141,26490,31886,33091,24744,27624,17116,21768,5218,9843,5559,5334,9718,9559,13577,14483,21905,23356,29001,30206,23312,26044,16341,20777,4995,9287,225527,181068,30681,28718,46524,44231,9516,102,43
2021-07-21T23:59:59+02:00,667,593,10898,10362,15061,14094,18432,19012,25101,26460,31847,33041,24719,27590,17100,21756,5215,9838,4943,4867,9276,9305,13194,14253,21673,23201,28815,30057,23247,25968,16316,20754,4993,9284,225096,179296,30670,27450,46521,44064,9399,102,43
2021-07-20T23:59:59+02:00,649,576,10841,10307,15035,14058,18397,18985,25070,26428,31811,33007,24699,27569,17095,21741,5212,9831,4803,4753,9126,9174,13027,14118,21560,23080,28684,29932,23167,25865,16294,20714,4986,9278,224718,177952,30670,27438,46519,43915,9304,102,43
2021-07-19T23:59:59+02:00,636,563,10803,10276,15004,14034,18374,18977,25042,26402,31778,32978,24682,27546,17089,21730,5210,9828,4723,4684,9028,9096,12909,14021,21462,22972,28585,29812,23111,25808,16269,20685,4981,9272,224473,177012,30670,27429,46510,43817,9199,102,43
2021-07-18T23:59:59+02:00,621,554,10750,10225,14969,14014,18349,18959,25022,26386,31755,32959,24672,27535,17083,21721,5209,9823,4615,4582,8894,8975,12782,13881,21376,22881,28512,29733,23082,25778,16260,20672,4978,9271,224198,176001,30670,27415,46510,43763,9128,102,43
2021-07-17T23:59:59+02:00,546,483,10459,9928,14857,13912,18258,18881,24916,26311,31647,32908,24638,27501,17070,21701,5207,9822,4566,4540,8839,8903,12547,13684,20951,22537,28382,29601,23044,25725,16251,20657,4977,9268,222640,174202,30670,27415,46508,43761,9127,102,43
2021-07-16T23:59:59+02:00,517,446,10324,9807,14797,13871,18205,18829,24880,26278,31627,32883,24629,27486,17067,21694,5207,9819,4519,4498,8763,8862,12175,13406,20406,22138,28249,29506,22995,25688,16242,20652,4975,9266,221972,172090,30670,27412,46507,43754,9117,102,43
2021-07-15T23:59:59+02:00,485,409,10186,9701,14729,13823,18149,18760,24826,26230,31577,32830,24604,27449,17049,21679,5200,9815,4307,4359,8434,8655,11660,13004,19298,21291,27832,29161,22825,25518,16177,20579,4965,9250,221242,167388,30668,27398,46506,43554,8985,102,43
2021-07-14T23:59:59+02:00,464,395,10157,9675,14692,13802,18119,18726,24789,26189,31526,32777,24574,27421,17038,21662,5199,9813,4183,4207,8177,8482,11430,12859,19119,21180,27685,29034,22760,25440,16143,20541,4960,9241,220873,165818,30668,27379,46505,43377,8872,102,43
2021-07-13T23:59:59+02:00,440,381,10107,9623,14662,13773,18092,18693,24753,26168,31492,32735,24558,27390,17027,21651,5198,9810,4086,4111,8002,8324,11229,12668,18983,21041,27531,28872,22663,25355,16108,20488,4956,9230,220465,164357,30668,27358,46504,43119,8816,102,43
2021-07-12T23:59:59+02:00,428,359,10061,9572,14635,13755,18062,18664,24716,26126,31458,32691,24534,27367,17012,21646,5195,9807,3980,4010,7831,8202,11070,12531,18867,20920,27408,28752,22589,25293,16081,20462,4955,9225,220093,163187,30667,27337,46503,42927,8724,102,43
2021-07-11T23:59:59+02:00,420,341,10030,9542,14613,13735,18045,18654,24694,26117,31437,32673,24522,27357,17010,21644,5195,9805,3910,3939,7713,8105,10922,12403,18743,20818,27307,28638,22545,25245,16060,20437,4953,9222,219896,162226,30664,27332,46502,42725,8671,102,43
2021-07-10T23:59:59+02:00,394,318,9917,9438,14559,13696,17995,18631,24670,26097,31418,32657,24514,27348,17006,21640,5193,9803,3875,3914,7655,8064,10887,12374,18714,20793,27278,28616,22537,25230,16056,20432,4953,9222,219369,161923,30663,27331,46499,42677,8662,102,43
2021-07-09T23:59:59+02:00,334,271,9658,9228,14458,13616,17917,18560,24584,26044,31369,32596,24491,27317,16992,21622,5193,9797,3808,3874,7518,7973,10669,12225,18489,20654,26862,28296,22352,25036,16001,20371,4950,9215,218148,159772,30663,27327,46498,42548,8637,102,43
2021-07-08T23:59:59+02:00,255,204,9464,9083,14355,13539,17822,18486,24525,25993,31286,32537,24462,27286,16979,21604,5189,9792,3652,3749,7207,7785,10316,11996,18142,20372,26558,28038,22178,24878,15933,20295,4943,9199,217037,157395,30660,27279,46485,41975,8578,102,43
2021-07-07T23:59:59+02:00,216,176,9375,8977,14314,13507,17785,18445,24472,25955,31244,32496,24437,27256,16967,21586,5189,9784,3470,3621,6886,7562,9375,11264,17556,19945,26156,27726,21941,24571,15856,20198,4929,9185,216398,154778,30657,25527,46483,41374,8542,102,43
2021-07-06T23:59:59+02:00,194,164,9295,8920,14263,13477,17749,18403,24431,25916,31183,32449,24401,27228,16952,21569,5187,9782,3353,3549,6681,7438,9105,11100,17310,19763,25879,27470,21784,24368,15775,20094,4916,9170,215833,152841,30642,25516,46480,40870,8507,102,43
2021-07-05T23:59:59+02:00,182,149,9209,8839,14222,13433,17714,18353,24395,25886,31138,32399,24377,27206,16943,21555,5186,9780,3302,3516,6553,7360,8956,10979,17164,19624,25708,27315,21641,24200,15725,20041,4905,9160,215285,151779,30642,25507,46478,40381,8460,102,43
2021-07-04T23:59:59+02:00,167,142,9158,8789,14189,13420,17688,18335,24369,25865,31117,32373,24362,27192,16937,21547,5185,9777,3252,3472,6488,7320,8868,10907,17077,19538,25579,27204,21516,24071,15683,19989,4903,9153,215010,151116,30641,25498,46463,39984,8397,102,43
2021-07-03T23:59:59+02:00,164,139,8650,8297,14029,13299,17587,18216,24274,25807,31052,32324,24341,27170,16925,21535,5183,9774,3192,3392,6368,7200,8696,10764,16860,19353,25191,26893,21401,23934,15653,19949,4899,9147,213183,149061,30640,25498,46463,39928,8379,102,43
2021-07-02T23:59:59+02:00,157,135,8082,7832,13883,13191,17495,18139,24204,25738,30992,32262,24303,27128,16919,21515,5181,9769,3081,3285,6096,7045,8439,10524,16490,19024,24714,26468,21174,23661,15584,19867,4893,9144,211348,145986,30640,25496,46460,39604,8376,102,43
2021-07-01T23:59:59+02:00,144,125,7954,7726,13801,13133,17425,18087,24136,25686,30939,32209,24275,27103,16909,21503,5180,9768,2892,3099,5749,6761,8001,10104,15899,18549,23947,25806,20683,23188,15457,19706,4881,9119,210561,141404,30635,25483,46454,38573,8352,102,43
2021-06-30T23:59:59+02:00,127,112,7808,7607,13736,13083,17373,18034,24084,25632,30879,32163,24243,27081,16895,21485,5180,9763,2795,3023,5593,6619,7773,9882,14940,17678,23332,25255,20325,22794,15324,19545,4867,9085,209993,139864,30461,23208,46450,37448,8280,102,43
2021-06-29T23:59:59+02:00,112,99,7741,7511,13689,13044,17335,17989,24031,25571,30829,32103,24222,27055,16885,21469,5177,9759,2736,2978,5462,6521,7619,9748,14771,17506,23090,25019,20065,22468,15225,19444,4855,9065,209364,138739,30459,23196,46447,36353,8250,102,43
2021-06-28T23:59:59+02:00,107,93,7676,7440,13622,12983,17285,17938,23989,25526,30772,32059,24205,27027,16878,21459,5175,9757,2705,2945,5395,6469,7525,9677,14674,17424,22939,24805,19862,22223,15170,19375,4851,9051,208821,138135,30457,23186,46439,35560,8173,102,43
2021-06-27T23:59:59+02:00,93,88,7628,7377,13590,12946,17256,17905,23970,25491,30745,32031,24193,27019,16871,21453,5175,9755,2683,2931,5345,6444,7452,9631,14578,17360,22843,24718,19735,22081,15139,19324,4847,9042,208465,137623,30457,23174,46433,35188,8130,102,43
2021-06-26T23:59:59+02:00,89,85,7123,6829,13198,12646,17142,17801,23904,25433,30709,31996,24184,27002,16867,21442,5174,9754,2582,2821,5156,6254,7251,9440,14031,16905,22180,24084,19587,21939,15094,19271,4845,9034,206282,133984,30455,23174,46433,35168,8130,79,23
2021-06-25T23:59:59+02:00,88,82,6644,6342,12741,12273,16982,17682,23813,25368,30629,31955,24161,26975,16862,21432,5172,9751,2479,2668,4981,6061,6992,9142,13498,16371,21627,23498,19391,21729,15036,19204,4841,9022,203873,130281,30455,23174,46433,34954,8113,79,23
2021-06-24T23:59:59+02:00,78,70,6423,6129,12516,12121,16876,17600,23739,25315,30571,31907,24127,26933,16856,21422,5170,9744,2272,2432,4612,5683,6492,8654,12774,15657,20474,22494,18927,21247,14931,19073,4829,9007,202601,124336,30453,23164,46426,34001,8039,79,23
2021-06-23T23:59:59+02:00,73,68,5849,5629,12352,12010,16756,17488,23664,25268,30507,31857,24093,26910,16849,21408,5166,9740,2233,2379,4549,5562,6399,8503,12540,15368,20230,22233,18628,20917,14834,18959,4818,8990,202086,123309,29118,23015,46416,32811,7989,79,23
2021-06-22T23:59:59+02:00,69,63,5708,5499,12252,11904,16668,17415,23605,25206,30438,31778,24066,26877,16839,21387,5162,9738,2181,2342,4454,5480,6274,8355,11670,14708,19816,21824,18293,20562,14726,18820,4808,8969,201150,122383,29111,21321,46396,31620,7939,79,23
2021-06-21T23:59:59+02:00,66,60,5572,5385,12175,11811,16604,17328,23549,25132,30388,31720,24041,26849,16826,21372,5162,9734,2148,2306,4394,5383,6187,8227,10889,14002,19362,21414,18067,20332,14665,18725,4799,8952,200323,121582,29105,19535,46391,30839,7877,79,23
2021-06-20T23:59:59+02:00,64,58,5455,5261,12009,11631,16538,17204,23500,25067,30346,31664,24025,26827,16820,21357,5157,9729,2130,2276,4353,5344,6116,8176,10785,13923,19250,21288,17909,20142,14599,18642,4795,8945,199317,121048,29101,19532,46385,30243,7831,79,23
2021-06-19T23:59:59+02:00,60,54,5437,5241,11239,10965,16058,16810,23439,25022,30302,31622,24006,26807,16812,21345,5157,9729,2057,2155,4148,5112,5832,7894,10457,13587,18194,20430,17739,19953,14566,18577,4790,8933,196712,116815,29101,19532,46384,30228,7830,79,23
2021-06-18T23:59:59+02:00,57,53,5402,5213,10594,10381,15445,16245,23347,24952,30233,31559,23979,26777,16801,21330,5156,9727,1988,2065,4007,4969,5554,7624,10074,13223,17043,19219,17536,19715,14517,18512,4787,8923,193867,112401,29093,19531,46384,29976,7829,79,23
2021-06-17T23:59:59+02:00,50,44,5288,5110,9916,9876,14957,15856,23247,24864,30151,31465,23939,26731,16787,21309,5155,9724,1859,1959,3749,4722,5166,7259,9535,12736,15854,18028,17075,19225,14376,18338,4774,8899,191288,107274,29090,19522,46381,29056,7690,21,16
2021-06-16T23:59:59+02:00,48,36,5156,4978,9721,9713,14812,15726,23154,24771,30051,31389,23895,26685,16772,21297,5154,9714,1817,1917,3642,4633,5063,7139,8502,11884,15582,17731,16779,18889,14241,18167,4768,8866,190114,106379,29079,17641,46378,28107,7481,21,16
2021-06-15T23:59:59+02:00,42,30,4974,4796,9537,9558,14676,15584,23062,24680,29974,31304,23852,26612,16746,21264,5146,9699,1757,1862,3561,4536,4969,7022,8386,11741,15402,17502,16459,18579,14098,17998,4746,8808,188799,105607,29076,17637,46359,26888,7282,21,16
2021-06-14T23:59:59+02:00,40,27,4897,4732,9446,9449,14599,15494,22990,24608,29903,31243,23820,26573,16731,21246,5143,9693,1735,1839,3525,4512,4929,6989,8285,11677,15265,17368,16279,18375,14006,17901,4741,8801,188055,105378,29070,17635,46353,26066,7136,21,16
2021-06-13T23:59:59+02:00,39,26,4839,4683,9361,9375,14514,15427,22928,24557,29836,31190,23794,26545,16722,21236,5143,9691,1686,1825,3482,4487,4873,6946,8212,11639,15165,17273,16122,18191,13952,17827,4734,8794,187473,105094,29064,17633,46337,25457,7012,21,16
2021-06-12T23:59:59+02:00,37,24,4820,4668,9334,9352,14275,15250,22798,24427,29790,31145,23774,26528,16713,21228,5142,9689,1563,1702,3245,4277,4466,6645,7664,11208,13388,15585,15768,17819,13872,17725,4732,8779,186564,98391,29064,17633,46337,25392,7010,20,16
2021-06-11T23:59:59+02:00,33,23,4767,4616,9253,9300,13953,15028,22602,24278,29694,31053,23737,26483,16695,21216,5141,9686,1462,1567,3054,4062,4168,6279,7151,10663,11745,13689,15287,17240,13758,17577,4717,8765,185204,91447,29059,17632,46335,25152,6941,20,16
2021-06-10T23:59:59+02:00,27,20,4482,4390,8705,8970,12679,14004,22035,23827,29319,30747,23600,26324,16643,21148,5128,9671,1340,1479,2818,3880,3840,5996,6713,10272,10326,12358,14774,16663,13586,17369,4702,8738,179865,86902,29041,17629,46329,23845,6466,19,16
2021-06-09T23:59:59+02:00,24,16,4249,4227,8113,8676,11777,13343,21715,23614,29089,30595,23537,26261,16624,21123,5125,9667,1253,1425,2664,3808,3698,5915,6506,10177,10061,12178,14449,16312,13415,17189,4695,8717,177751,86563,27772,17525,46323,22451,5911,19,16
2021-06-08T23:59:59+02:00,20,13,4119,4124,7712,8448,11289,13053,21489,23434,28889,30441,23478,26187,16591,21081,5119,9658,1176,1399,2528,3750,3537,5846,5609,9426,9588,11814,14112,15903,13190,16950,4681,8695,175995,86204,27400,15369,46296,21183,5436,19,16
2021-06-07T23:59:59+02:00,15,11,3998,4048,7472,8342,11000,12874,21286,23320,28734,30323,23419,26134,16573,21056,5115,9650,1128,1282,2406,3686,3407,5783,5443,9350,9377,11687,13882,15645,13034,16781,4674,8677,174765,86014,27390,15364,46287,19942,4910,19,16
2021-06-06T23:59:59+02:00,13,11,3881,3990,7235,8223,10750,12712,21099,23232,28648,30232,23388,26100,16561,21038,5112,9645,1108,1265,2342,3651,3310,5730,5336,9275,9258,11586,13726,15491,12961,16687,4671,8670,173615,85819,27372,15358,46277,19290,4588,19,16
2021-06-05T23:59:59+02:00,13,11,3852,3953,7196,8182,10573,12559,20471,22721,28486,30087,23338,26055,16547,21019,5112,9641,1076,1166,2175,3197,3077,5190,5167,8942,8478,10631,13073,14649,12849,16540,4660,8660,171573,80426,27372,15358,46276,19155,4578,18,16
2021-06-04T23:59:59+02:00,13,11,3822,3926,7157,8156,10475,12467,20106,22391,28382,29990,23303,26016,16533,21009,5110,9640,1044,1099,2077,2885,2918,4712,5010,8571,7962,9973,11572,12931,12723,16343,4653,8642,170284,74042,27359,15357,46275,19131,4572,18,16
2021-06-03T23:59:59+02:00,8,7,3686,3824,6938,8017,9920,12043,18882,21461,27984,29680,23169,25874,16480,20947,5106,9626,993,1054,1989,2774,2781,4553,4805,8265,7597,9522,11192,12531,12614,16229,4650,8629,165527,72250,27349,15354,46271,18073,4488,18,16
2021-06-02T23:59:59+02:00,8,7,3678,3816,6925,8000,9909,12032,18693,21280,27913,29631,23146,25853,16474,20938,5103,9624,988,1047,1977,2745,2758,4534,4594,8081,7062,9033,11155,12490,12599,16215,4646,8623,165458,72143,26804,13862,46271,18049,4480,18,16
2021-06-01T23:59:59+02:00,7,6,3550,3741,6683,7852,9625,11838,18238,20935,27675,29433,23052,25751,16433,20885,5100,9612,951,1000,1891,2675,2677,4460,4315,7847,6462,8500,10940,12276,12501,16114,4641,8611,163763,71697,26024,12569,46257,17227,4355,18,16
2021-05-31T23:59:59+02:00,7,6,3504,3696,6592,7784,9489,11736,18112,20844,27583,29356,22985,25689,16416,20857,5095,9605,921,973,1822,2632,2598,4417,4207,7782,6341,8425,10754,12106,12400,15998,4631,8603,162916,71329,25994,12562,46244,16521,4185,18,16
2021-05-30T23:59:59+02:00,7,5,3473,3671,6528,7728,9398,11643,18023,20764,27507,29285,22940,25644,16394,20830,5089,9595,914,964,1811,2622,2585,4405,4178,7756,6289,8383,10692,12026,12366,15955,4626,8594,162211,71286,25988,12559,46227,16227,4081,18,16
2021-05-29T23:59:59+02:00,7,5,3462,3652,6493,7701,9354,11604,17985,20724,27359,29179,22885,25570,16379,20810,5086,9591,878,945,1754,2576,2512,4321,3988,7501,6015,8084,8486,9364,12173,15613,4611,8565,161547,65030,25988,12557,46213,15704,4081,18,16
2021-05-28T23:59:59+02:00,7,5,3399,3597,6362,7624,9214,11472,17827,20592,27176,29057,22822,25493,16359,20792,5085,9590,865,932,1735,2553,2476,4266,3836,7205,5821,7820,5780,6248,11898,15214,4595,8516,160190,58144,25986,12557,46208,14973,4072,18,16
2021-05-27T23:59:59+02:00,7,5,3254,3473,6076,7444,8612,11139,17351,20254,26763,28710,22655,25328,16301,20729,5078,9572,817,874,1650,2456,2358,4132,3414,6233,5399,7221,5618,6073,11818,15141,4589,8499,156721,57662,25927,12510,46202,12222,3884,18,16
2021-05-26T23:59:59+02:00,7,5,3147,3388,5856,7277,8243,10854,16887,19948,26463,28472,22505,25195,16250,20655,5065,9552,800,864,1597,2431,2305,4101,3341,6158,5300,7149,5482,5946,11752,15074,4584,8487,154021,57581,25909,12508,46180,11626,3642,18,16
2021-05-25T23:59:59+02:00,7,5,3056,3326,5714,7162,8047,10690,15887,19173,26109,28118,22346,25038,16198,20575,5058,9542,781,847,1560,2383,2234,4041,3266,6088,5214,7086,5315,5776,11644,14993,4576,8475,152464,57511,23990,12318,46163,11017,3419,16,16
2021-05-24T23:59:59+02:00,7,5,2993,3310,5627,7117,7930,10628,14973,18484,25694,27807,22251,24934,16167,20539,5051,9530,772,845,1539,2366,2191,4004,3221,6040,5137,7006,5214,5668,11563,14917,4575,8469,151742,57473,21919,12242,46154,10581,3217,16,16
2021-05-23T23:59:59+02:00,7,4,2990,3305,5618,7109,7921,10620,14968,18483,25693,27806,22251,24934,16167,20539,5051,9530,770,842,1531,2359,2178,3991,3202,6025,5116,6973,5169,5616,11547,14893,4574,8467,151711,57465,21919,12242,46152,10333,3199,16,16
2021-05-22T23:59:59+02:00,6,4,2953,3261,5538,7056,7819,10531,14766,18317,25410,27559,22150,24847,16134,20495,5048,9525,748,822,1481,2303,2124,3907,3088,5901,4799,6398,4597,4869,10899,14070,4564,8428,150171,54220,21919,12242,46152,9360,3162,16,16
2021-05-21T23:59:59+02:00,4,4,2881,3188,5412,6957,7692,10384,14507,18088,25115,27323,22035,24739,16101,20447,5043,9516,719,769,1412,2174,2022,3638,2904,5568,4318,5500,4180,4330,10153,13128,4499,8303,148227,50469,21918,12242,46146,7761,3131,15,16
2021-05-20T23:59:59+02:00,4,4,2749,3028,5130,6701,7406,10014,14045,17604,24503,26771,21762,24443,16007,20327,5029,9486,705,758,1385,2150,1983,3604,2850,5512,4235,5420,4052,4227,10076,13065,4490,8291,144070,50373,21908,12230,46121,7285,2900,15,16
2021-05-19T23:59:59+02:00,4,4,2695,2976,5032,6559,7263,9832,12899,16567,24238,26479,21665,24313,15962,20266,5020,9479,688,732,1359,2102,1951,3518,2787,5365,4140,5312,3970,4135,10022,13000,4487,8287,142688,50342,19836,12165,46049,6667,2666,15,16
2021-05-18T23:59:59+02:00,4,4,2668,2952,4983,6526,7211,9801,12544,16292,24058,26326,21572,24224,15932,20213,5012,9467,659,674,1302,1974,1878,3317,2688,5157,4010,5114,3746,3857,9939,12920,4477,8277,142403,50318,18983,11163,46004,6108,2385,15,16
2021-05-17T23:59:59+02:00,4,4,2642,2933,4938,6456,7123,9693,12391,16113,23908,26163,21518,24173,15913,20190,5007,9459,651,660,1286,1938,1857,3270,2640,5049,3931,5000,3607,3704,9871,12857,4474,8269,141428,50295,18975,11153,45987,5377,2224,15,16
2021-05-16T23:59:59+02:00,4,4,2630,2920,4915,6389,7085,9610,12331,16039,23856,26102,21494,24156,15903,20176,5004,9456,646,655,1276,1935,1840,3261,2619,5037,3902,4977,3553,3637,9832,12825,4473,8267,140991,50282,18966,11142,45965,5159,2137,15,16
2021-05-15T23:59:59+02:00,4,4,2506,2783,4726,6183,6893,9422,11812,15621,23265,25553,21387,24038,15869,20133,5001,9448,596,592,1194,1846,1704,3108,2332,4729,3453,4466,3221,3208,9668,12620,4449,8238,137596,47321,18965,11142,45960,4834,2112,15,16
2021-05-14T23:59:59+02:00,4,4,2389,2607,4531,5961,6616,9109,11274,15109,22698,24985,21241,23898,15833,20075,4997,9437,534,514,1092,1725,1543,2892,2002,4327,2851,3876,2835,2771,9583,12471,4445,8234,133776,44389,18958,11140,45936,4068,2083,15,16
2021-05-13T23:59:59+02:00,4,4,2209,2323,4210,5579,6190,8638,10713,14421,21662,24071,20959,23624,15773,19976,4990,9422,530,514,1078,1710,1528,2874,1993,4302,2830,3852,2818,2755,9576,12467,4444,8234,127875,44325,18906,11131,45911,3973,2061,15,16
2021-05-12T23:59:59+02:00,4,4,2208,2321,4202,5578,6181,8632,10611,14299,21608,24031,20954,23613,15768,19968,4989,9422,523,492,1042,1655,1479,2795,1910,4215,2771,3793,2737,2660,9525,12394,4444,8234,127827,44322,18582,10304,45911,3970,2058,15,16
2021-05-11T23:59:59+02:00,4,4,2086,2282,4118,5515,6054,8517,10302,14048,21415,23869,20877,23541,15753,19935,4985,9417,498,468,981,1595,1409,2704,1811,4075,2698,3718,2583,2432,9460,12293,4443,8234,126879,44304,18245,9466,45627,3661,1956,15,16
2021-05-10T23:59:59+02:00,4,4,2045,2204,4011,5392,5918,8338,9511,13284,21034,23547,20786,23451,15714,19881,4975,9404,486,440,945,1530,1344,2614,1722,3913,2614,3624,2556,2410,9450,12275,4439,8229,125738,44285,16397,9285,45522,3175,1831,15,16
2021-05-09T23:59:59+02:00,4,4,2013,2191,3976,5353,5865,8290,9442,13215,20964,23474,20750,23410,15699,19854,4972,9390,479,432,922,1486,1318,2565,1688,3851,2576,3581,2547,2398,9439,12258,4439,8221,125290,44225,16393,9282,45426,2936,1742,15,16
2021-05-08T23:59:59+02:00,4,4,1950,2088,3794,5178,5591,8084,9132,12930,19829,22543,20555,23216,15666,19785,4967,9378,407,403,858,1446,1241,2492,1600,3749,2357,3368,2000,1970,9345,12172,4438,8221,121132,42746,16392,9281,45423,2297,1741,6,3
2021-05-07T23:59:59+02:00,4,4,1863,1974,3612,5009,5271,7789,8720,12557,18578,21268,20372,23004,15620,19728,4958,9359,321,345,749,1371,1109,2362,1466,3606,2182,3175,1630,1629,8856,11723,4437,8219,116189,41006,16388,9276,45399,1188,1708,6,3
2021-05-06T23:59:59+02:00,4,4,1679,1865,3327,4754,4821,7383,8080,11995,17333,20027,20038,22627,15513,19564,4948,9348,304,336,728,1341,1069,2315,1417,3522,2115,3107,1594,1574,8839,11692,4431,8216,110334,40986,16380,9270,45166,918,1424,6,3
2021-05-05T23:59:59+02:00,4,3,1609,1836,3243,4668,4742,7277,7951,11843,17179,19881,19918,22507,15436,19468,4926,9251,294,325,686,1290,1008,2240,1334,3372,2007,2990,1501,1475,8421,11124,4425,8198,109567,40949,16238,8141,44995,662,936,6,3
2021-05-04T23:59:59+02:00,4,3,1582,1807,3197,4590,4683,7166,7701,11547,16617,19302,19831,22376,15360,19370,4896,9137,278,312,663,1260,987,2186,1276,3252,1894,2833,1429,1369,8350,11020,4420,8180,108859,40922,14891,7865,44891,398,522,6,3
2021-05-03T23:59:59+02:00,4,3,1574,1804,3187,4575,4645,7141,7447,11313,15922,18706,19767,22291,15333,19336,4890,9127,263,292,641,1177,938,2098,1213,3113,1796,2696,1363,1289,8324,10985,4416,8171,108767,40912,13292,7658,44851,54,149,6,3
2021-05-02T23:59:59+02:00,4,3,1573,1802,3180,4573,4640,7138,7433,11303,15903,18695,19750,22283,15333,19334,4889,9127,263,289,638,1176,933,2095,1203,3107,1788,2690,1349,1282,8323,10980,4415,8171,108739,40889,13289,7656,44825,51,104,6,3
2021-05-01T23:59:59+02:00,4,3,1441,1657,2902,4324,4173,6780,6814,10821,13966,16815,19368,21885,15242,19218,4886,9111,261,289,635,1174,932,2092,1201,3105,1786,2686,1344,1278,8321,10978,4415,8171,101196,40858,13289,7656,44819,51,101,5,3
2021-04-30T23:59:59+02:00,3,3,1320,1511,2684,4101,3843,6384,6246,10226,12173,14771,18909,21343,15138,19075,4872,9100,256,288,628,1167,917,2084,1189,3095,1775,2673,1334,1269,8317,10973,4414,8170,93560,40813,13289,7656,44819,48,30,4,3
2021-04-29T23:59:59+02:00,2,3,1203,1449,2518,3977,3602,6181,5889,9925,10830,13495,18649,21065,15095,19005,4868,9094,255,284,623,1159,905,2078,1169,3090,1745,2636,1308,1245,8311,10964,4414,8170,88874,40780,13280,7523,44679,38,13,4,3
2021-04-28T23:59:59+02:00,2,3,1147,1443,2467,3957,3551,6157,5826,9892,10733,13427,18617,21031,15088,18989,4868,9091,255,283,621,1158,902,2076,1164,3086,1737,2635,1301,1226,7865,10441,4414,8170,88604,40757,13230,6530,44439,34,12,4,2
2021-04-27T23:59:59+02:00,2,3,1102,1416,2362,3913,3486,6129,5707,9836,10616,13350,18583,20991,15075,18974,4866,9089,254,283,619,1150,901,2074,1159,3083,1733,2631,1289,1209,7447,9859,4414,8170,88092,40737,13177,5497,44216,29,11,4,2
2021-04-26T23:59:59+02:00,2,3,1060,1386,2272,3821,3359,6029,5539,9715,10311,13091,18521,20936,15066,18956,4864,9089,253,282,618,1148,895,2070,1152,3080,1715,2622,1274,1196,7438,9839,4414,8170,86751,40650,13166,5476,44088,28,11,4,2
2021-04-25T23:59:59+02:00,2,3,1057,1384,2264,3819,3352,6024,5519,9707,10277,13060,18510,20924,15065,18950,4864,9088,252,282,618,1148,895,2070,1150,3080,1715,2622,1274,1196,7438,9837,4414,8170,86728,40648,13157,5474,43970,28,10,4,2
2021-04-24T23:59:59+02:00,2,2,1014,1271,2075,3281,3081,5408,5327,9295,9443,12013,17802,20026,14952,18790,4856,9077,251,281,617,1147,895,2069,1150,3079,1709,2617,1271,1191,7436,9835,4414,8169,80600,40623,13157,5470,43945,28,9,4,2
2021-04-23T23:59:59+02:00,1,2,981,1187,1963,2933,2899,4856,5131,8867,8889,11291,16170,18163,14804,18584,4848,9054,251,281,616,1147,893,2067,1149,3079,1708,2616,1266,1186,7432,9833,4414,8168,73569,40609,13156,5459,43885,28,9,4,2
2021-04-22T23:59:59+02:00,1,2,976,1175,1943,2917,2879,4836,5073,8821,8777,11187,16097,18086,14777,18554,4846,9049,249,281,612,1146,890,2066,1141,3067,1692,2596,1242,1164,7427,9825,4414,8168,73518,40595,13098,5348,43367,27,9,4,2
2021-04-21T23:59:59+02:00,1,2,966,1167,1929,2904,2852,4810,5027,8766,8669,11064,16010,18002,14748,18520,4846,9044,244,278,602,1137,876,2036,1131,3042,1682,2571,1229,1150,7202,9507,4413,8168,73474,40588,13041,4644,42799,26,9,4,2
2021-04-20T23:59:59+02:00,1,2,939,1119,1877,2790,2779,4647,4933,8587,8494,10855,15777,17720,14689,18461,4839,9038,231,275,584,1116,850,2005,1102,3016,1647,2530,1209,1137,7193,9502,4412,8167,73435,40567,11912,4378,42187,22,9,4,1
2021-04-19T23:59:59+02:00,1,2,930,1111,1845,2770,2729,4622,4809,8526,8294,10743,15685,17622,14667,18442,4839,9032,225,267,566,1095,832,1972,1084,2973,1601,2475,1191,1118,7186,9499,4410,8166,73036,40532,11891,4099,41729,20,9,4,1
2021-04-18T23:59:59+02:00,1,2,927,1110,1840,2764,2721,4610,4791,8515,8254,10700,15636,17563,14657,18425,4838,9030,225,267,566,1094,831,1972,1083,2973,1601,2474,1191,1117,7184,9498,4409,8166,72990,40525,11887,4097,41494,20,9,4,1
2021-04-17T23:59:59+02:00,0,2,895,1095,1791,2726,2653,4531,4637,8374,7991,10471,13262,14658,14458,18071,4821,8994,223,267,566,1091,827,1965,1071,2966,1591,2454,1153,1075,6851,9084,4384,8118,66158,39571,11887,4086,41372,20,9,4,1
2021-04-16T23:59:59+02:00,0,2,889,1089,1779,2715,2611,4491,4545,8290,7811,10277,10422,11405,14186,17653,4802,8939,222,263,565,1087,822,1961,1062,2963,1583,2441,1142,1060,6845,9079,4382,8115,58875,39493,11885,4070,41133,20,9,4,1
2021-04-15T23:59:59+02:00,0,2,877,1084,1757,2701,2568,4458,4427,8229,7581,10076,10171,11187,14124,17587,4795,8925,220,262,565,1085,821,1959,1059,2960,1580,2438,1137,1055,6843,9077,4382,8115,58851,39478,11883,4052,39802,19,9,4,1
2021-04-14T23:59:59+02:00,0,2,859,1057,1698,2618,2479,4334,4236,8045,7306,9794,9797,10702,13975,17406,4789,8913,196,237,524,1034,798,1892,1024,2880,1530,2376,1111,1025,6838,9068,4382,8114,58816,39462,10934,3541,38247,17,9,4,1
2021-04-13T23:59:59+02:00,0,2,835,1035,1661,2566,2412,4251,4135,7907,7094,9574,9390,10183,13829,17239,4784,8901,160,213,489,986,758,1799,989,2770,1477,2306,1092,990,6822,9057,4381,8114,58769,39398,9984,2985,37032,11,9,4,1
2021-04-12T23:59:59+02:00,0,2,830,1033,1642,2562,2383,4238,4083,7856,6953,9402,9124,9868,13765,17179,4773,8884,149,199,461,946,735,1734,969,2698,1433,2256,1070,973,6806,9037,4378,8109,58711,39282,9953,2651,35900,11,9,4,1
2021-04-11T23:59:59+02:00,0,2,829,1032,1631,2562,2369,4236,4060,7844,6888,9340,8991,9703,13738,17131,4768,8875,149,199,461,944,734,1732,967,2698,1432,2256,1070,973,6804,9037,4378,8109,58698,39274,9951,2650,35337,10,9,4,1
2021-04-10T23:59:59+02:00,0,2,813,1028,1602,2533,2332,4207,3990,7786,6756,9223,8433,8968,13071,16279,4757,8833,146,199,459,941,728,1729,967,2691,1423,2249,1057,957,6334,8538,4362,8093,55361,38206,9950,2648,35289,10,9,4,1
2021-04-09T23:59:59+02:00,0,2,791,1000,1561,2484,2266,4127,3837,7626,6409,8891,7906,8309,12248,15252,4686,8695,144,197,457,935,721,1721,958,2681,1408,2238,1035,935,6092,8266,4342,8066,51370,37533,9943,2644,34764,10,9,4,1
2021-04-08T23:59:59+02:00,0,2,781,990,1534,2460,2200,4078,3703,7538,6155,8590,7291,7654,12086,15052,4675,8679,144,195,452,931,716,1714,950,2670,1399,2225,1023,932,6089,8264,4341,8066,51336,37510,9918,2582,32201,10,9,4,1
2021-04-07T23:59:59+02:00,0,2,774,981,1508,2442,2141,4040,3616,7468,5924,8325,6735,7020,11475,14302,4662,8651,125,188,421,884,670,1645,893,2600,1349,2156,1003,916,6081,8258,4340,8066,51306,37486,8758,2091,29990,10,8,4,1
2021-04-06T23:59:59+02:00,0,2,769,979,1494,2434,2112,4017,3543,7419,5743,8153,6289,6512,11273,14086,4647,8620,102,167,373,825,625,1570,849,2500,1296,2092,978,900,6062,8243,4338,8062,51237,37458,8574,1507,28270,10,7,4,1
2021-04-05T23:59:59+02:00,0,2,764,975,1478,2426,2087,4007,3492,7393,5599,8043,6085,6298,11206,14000,4641,8610,96,165,372,823,618,1561,841,2485,1283,2073,950,869,4957,6840,4260,7956,51037,34635,8570,1497,27488,10,7,4,1
2021-04-04T23:59:59+02:00,0,2,762,969,1476,2424,2083,4005,3475,7386,5589,8036,6074,6278,11192,13982,4639,8607,96,165,370,821,615,1556,834,2478,1268,2054,927,847,3947,5679,4194,7850,51022,32187,8568,1497,27378,10,7,4,1
2021-04-03T23:59:59+02:00,0,2,710,913,1395,2353,1960,3866,3214,7126,5128,7543,5729,5821,11020,13763,4611,8578,94,165,370,820,615,1554,833,2478,1268,2054,927,847,3947,5676,4194,7849,47777,32177,8568,1497,27376,10,7,4,1
2021-04-02T23:59:59+02:00,0,2,668,879,1340,2285,1862,3752,2961,6867,4610,7063,5337,5361,10919,13597,4606,8572,93,165,370,820,615,1554,831,2478,1266,2053,924,843,3944,5673,4193,7849,44846,32159,8567,1496,27258,10,6,4,1
2021-04-01T23:59:59+02:00,0,2,665,876,1330,2280,1842,3744,2932,6853,4536,6990,5228,5251,10880,13548,4605,8567,93,165,368,816,613,1551,831,2475,1262,2049,914,842,3939,5670,4192,7848,44829,32148,8423,1464,26867,10,6,4,1
2021-03-31T23:59:59+02:00,0,2,663,874,1323,2263,1834,3734,2904,6825,4473,6944,5088,5089,10366,12939,4601,8559,93,165,367,816,613,1551,831,2475,1260,2049,913,842,3939,5669,4192,7847,44818,32142,7290,1464,26364,10,6,3,1
2021-03-30T23:59:59+02:00,0,2,654,871,1305,2243,1805,3705,2867,6790,4387,6855,4920,4895,9839,12238,4594,8544,88,162,366,812,608,1549,826,2469,1252,2046,902,832,3931,5666,4191,7846,44793,32121,6101,1410,25611,9,6,3,1
2021-03-29T23:59:59+02:00,0,2,649,863,1292,2209,1789,3674,2836,6748,4315,6770,4720,4697,9753,12144,4591,8530,88,162,366,810,603,1545,824,2463,1247,2038,894,826,3923,5658,4191,7846,44724,32107,5884,1363,24965,8,6,3,1
2021-03-28T23:59:59+02:00,0,2,646,861,1289,2206,1775,3664,2820,6736,4280,6718,4625,4587,9717,12080,4586,8523,88,162,366,809,603,1545,822,2463,1245,2038,893,826,3922,5658,4191,7846,44702,32105,5875,1358,24529,8,6,3,1
2021-03-27T23:59:59+01:00,0,2,642,856,1279,2202,1758,3647,2792,6706,4117,6575,4047,4132,9488,11834,4573,8504,88,162,364,807,601,1543,820,2460,1237,2032,889,822,3743,5367,4084,7673,42756,31320,5871,1358,24518,8,6,3,1
2021-03-26T23:59:59+01:00,0,2,637,848,1271,2191,1736,3630,2767,6684,4041,6497,3639,3765,8885,11274,4560,8490,88,162,364,806,600,1540,816,2457,1227,2028,876,809,3020,4424,3875,7325,40812,29045,5858,1358,24238,8,6,3,1
2021-03-25T23:59:59+01:00,0,2,630,842,1258,2177,1717,3606,2708,6644,3957,6419,3464,3545,8774,11164,4554,8484,88,162,364,806,600,1539,816,2456,1225,2028,876,809,3019,4423,3874,7324,40798,29037,5750,1358,23388,8,6,3,1
2021-03-24T23:59:59+01:00,0,2,624,835,1225,2151,1672,3561,2630,6575,3800,6269,3144,3181,8363,10613,4545,8471,84,160,352,793,584,1521,783,2422,1175,1996,843,770,3010,4417,3874,7321,40775,28735,4991,1357,21886,7,6,3,1
2021-03-23T23:59:59+01:00,0,2,612,827,1200,2120,1630,3514,2548,6495,3651,6115,2763,2796,8146,10394,4537,8452,79,156,340,772,549,1490,722,2359,1074,1914,760,710,2973,4382,3870,7317,40730,28104,4701,1350,20363,7,6,2,1
2021-03-22T23:59:59+01:00,0,2,589,717,1163,2067,1597,3458,2495,6425,3510,5985,2522,2557,7815,10038,4521,8416,79,155,340,772,549,1488,720,2357,1071,1914,758,706,2969,4377,3869,7314,40262,28075,4379,1350,19228,7,6,2,1
2021-03-21T23:59:59+01:00,0,2,588,714,1157,2058,1586,3448,2478,6410,3472,5951,2380,2393,7722,9926,4512,8401,79,155,340,771,549,1488,720,2357,1071,1914,758,706,2969,4376,3869,7313,40258,28072,4365,1350,18567,7,6,2,1
2021-03-20T23:59:59+01:00,0,2,587,714,1155,2051,1579,3441,2472,6403,3455,5929,2348,2355,7231,9408,4495,8384,79,155,340,771,548,1488,718,2356,1071,1912,758,706,2969,4374,3867,7311,39216,28060,4353,1350,18432,7,6,2,1
2021-03-19T23:59:59+01:00,0,2,580,706,1137,2032,1544,3417,2402,6263,3391,5821,2166,2171,6923,9087,4473,8359,79,155,339,765,544,1485,713,2348,1062,1899,749,699,2542,3770,3443,6558,38605,25792,4337,1350,17524,2,6,2,1
2021-03-18T23:59:59+01:00,0,2,565,689,1117,2001,1517,3387,2362,6195,3316,5732,2013,1974,6802,8967,4467,8348,78,155,339,764,543,1485,712,2344,1058,1898,742,696,2492,3698,3416,6517,38584,25602,4326,1328,16537,2,5,2,1
2021-03-17T23:59:59+01:00,0,1,536,660,1072,1946,1480,3302,2285,6077,3164,5576,1758,1707,6636,8814,4457,8333,77,151,327,737,527,1441,690,2286,1020,1857,725,677,2250,3402,3328,6387,38512,24619,3799,1256,15486,2,5,2,1
2021-03-16T23:59:59+01:00,0,1,492,631,1032,1891,1429,3198,2220,5923,3048,5442,1560,1483,6501,8666,4447,8310,71,136,306,681,497,1365,661,2151,990,1729,675,627,2136,3264,3302,6300,38456,23861,3181,1024,14631,2,4,2,1
2021-03-15T23:59:59+01:00,0,1,480,620,1000,1842,1395,3130,2191,5838,2961,5358,1434,1348,5917,7978,4407,8246,68,129,293,623,482,1245,623,2021,950,1616,646,606,2098,3224,3287,6237,37217,23455,2827,691,14100,2,0,2,1
2021-03-14T23:59:59+01:00,0,1,475,613,991,1830,1391,3112,2175,5820,2927,5331,1391,1298,5520,7531,4384,8228,67,124,289,600,476,1218,617,1965,940,1591,646,606,2098,3224,3286,6235,36395,23449,2822,531,13799,2,0,2,1
2021-03-13T23:59:59+01:00,0,1,457,595,954,1782,1338,3048,1919,5233,2687,4916,1285,1185,4858,6680,4334,8153,67,124,288,597,474,1216,615,1963,939,1587,644,602,1735,2741,2760,5474,34708,21293,2818,531,11897,2,0,2,1
2021-03-12T23:59:59+01:00,0,1,441,574,933,1739,1307,2965,1716,4446,2481,4467,1213,1102,4157,5882,4287,8071,67,122,287,593,474,1213,613,1955,934,1581,641,595,1409,2198,2214,4678,33027,19042,2815,531,9938,1,0,2,1
2021-03-11T23:59:59+01:00,0,1,437,567,924,1724,1292,2947,1691,4410,2444,4430,1139,1046,4113,5845,4284,8067,67,114,281,571,460,1161,604,1906,915,1545,629,582,1403,2180,2205,4627,32989,18790,2719,459,9651,1,0,2,1
2021-03-10T23:59:59+01:00,0,1,417,555,878,1665,1236,2870,1617,4313,2377,4337,1105,1023,4097,5828,4283,8065,67,114,279,567,457,1154,599,1883,915,1540,624,574,1342,2093,2160,4570,32974,18503,2148,434,9543,1,0,2,1
2021-03-09T23:59:59+01:00,0,1,396,539,833,1616,1193,2806,1575,4230,2334,4284,1085,1012,4091,5821,4282,8063,65,113,278,566,456,1143,597,1871,909,1535,621,568,1136,1782,2042,4392,32927,17666,1703,407,9529,1,0,2,1
2021-03-08T23:59:59+01:00,0,1,389,528,823,1601,1185,2789,1567,4204,2322,4271,1072,1001,4054,5773,4280,8058,64,113,274,561,452,1137,596,1867,905,1533,621,568,1067,1691,1997,4347,32798,17409,1606,383,9512,1,0,2,1
2021-03-07T23:59:59+01:00,0,1,388,524,823,1600,1183,2787,1564,4197,2312,4266,1065,993,4048,5767,4279,8057,62,110,265,539,440,1111,580,1767,870,1458,620,568,963,1561,1945,4278,32782,17046,1566,91,9504,0,0,2,1
2021-03-06T23:59:59+01:00,0,1,380,508,804,1567,1159,2728,1523,4130,2118,3768,1035,956,3875,5494,4177,7892,62,110,265,539,440,1110,580,1767,870,1458,620,568,960,1560,1942,4277,32064,17037,1566,91,8483,0,0,2,1
2021-03-05T23:59:59+01:00,0,1,366,469,772,1462,1109,2512,1448,3918,1904,3102,1005,911,3120,4529,3972,7548,62,109,264,536,437,1104,579,1762,866,1455,617,566,921,1502,1919,4238,29746,16846,1565,91,6835,0,0,2,1
2021-03-04T23:59:59+01:00,0,1,353,460,764,1442,1096,2489,1429,3889,1881,3083,991,907,3116,4525,3969,7546,61,108,261,533,433,1088,569,1740,865,1447,615,564,884,1448,1896,4201,29733,16685,1526,28,6680,0,0,2,1
2021-03-03T23:59:59+01:00,0,1,344,427,745,1391,1066,2406,1379,3734,1802,2986,958,861,3106,4519,3969,7543,60,107,258,530,432,1084,567,1731,862,1443,615,563,864,1395,1807,4054,29418,16346,1526,26,6291,0,0,2,1
2021-03-02T23:59:59+01:00,0,1,338,418,729,1367,1018,2361,1311,3650,1686,2887,870,795,3063,4480,3963,7537,60,107,257,526,431,1076,567,1725,862,1439,614,563,864,1395,1807,4054,28777,16321,1461,26,6234,0,0,2,1
2021-03-01T23:59:59+01:00,0,1,334,404,722,1320,1005,2303,1291,3567,1659,2838,851,786,3055,4470,3963,7537,60,106,256,522,426,1062,563,1712,853,1431,613,561,768,1240,1750,3974,28737,15871,1409,26,5958,0,0,2,1
2021-02-28T23:59:59+01:00,0,1,329,391,714,1281,991,2226,1279,3480,1636,2759,847,776,3053,4466,3962,7534,60,106,256,522,426,1061,563,1712,851,1431,613,560,671,1114,1703,3893,28723,15517,1406,25,5594,0,0,2,1
2021-02-27T23:59:59+01:00,0,1,320,371,700,1254,972,2190,1244,3411,1613,2706,830,761,3050,4466,3961,7534,60,106,256,522,426,1061,562,1712,849,1431,613,560,671,1113,1703,3893,28721,15513,1406,25,5255,0,0,2,1
2021-02-26T23:59:59+01:00,0,1,294,318,653,1189,908,2072,1154,3245,1508,2567,801,738,2615,3859,3533,6754,60,106,253,519,426,1059,560,1710,846,1425,609,558,664,1101,1694,3874,26425,15439,1406,25,4376,0,0,2,1
2021-02-25T23:59:59+01:00,0,1,289,305,639,1159,887,2030,1135,3179,1490,2522,798,735,2568,3786,3503,6711,58,104,249,511,426,1055,555,1700,843,1414,603,554,587,992,1647,3816,26206,15091,1406,23,4123,0,0,2,1
2021-02-24T23:59:59+01:00,0,1,270,295,588,1113,840,1962,1077,3084,1449,2465,782,717,2330,3486,3413,6574,57,100,244,504,420,1036,546,1678,840,1394,596,542,573,972,1636,3793,25218,14916,1406,15,3820,0,0,2,1
2021-02-23T23:59:59+01:00,0,1,257,274,559,1057,803,1887,1009,2934,1375,2363,730,667,2215,3347,3387,6482,57,98,242,498,420,1020,536,1646,832,1372,587,535,557,921,1624,3741,24414,14671,1401,15,3530,0,0,2,1
2021-02-22T23:59:59+01:00,0,1,253,268,546,994,783,1811,983,2839,1339,2303,705,645,2185,3311,3378,6419,57,97,236,492,418,1007,527,1629,828,1347,573,522,535,895,1618,3686,24008,14452,1401,15,3352,0,0,2,1
2021-02-21T23:59:59+01:00,0,1,250,260,537,969,770,1774,975,2791,1309,2277,705,643,2183,3311,3377,6418,57,97,235,492,418,1007,527,1629,828,1346,573,521,535,895,1618,3685,24002,14448,1401,15,3145,0,0,2,1
2021-02-20T23:59:59+01:00,0,1,169,230,467,920,701,1697,905,2702,1224,2177,690,628,1809,2793,2822,5615,57,97,235,492,418,1007,527,1628,828,1346,573,521,535,895,1617,3685,21726,14446,1401,15,2421,0,0,2,1
2021-02-19T23:59:59+01:00,0,1,84,167,357,839,575,1565,772,2553,1089,2026,674,607,1502,2278,2271,4821,57,97,235,492,418,1006,527,1628,828,1346,573,521,529,893,1615,3679,19516,14429,1401,15,1262,0,0,2,1
2021-02-18T23:59:59+01:00,0,1,81,162,345,789,554,1476,739,2413,1056,1958,658,596,1493,2259,2262,4769,54,90,229,470,404,939,512,1548,808,1272,559,507,523,875,1612,3657,19272,14044,1376,15,961,0,0,2,1
2021-02-17T23:59:59+01:00,0,1,80,154,331,766,545,1443,710,2320,1019,1858,653,586,1435,2171,2214,4719,54,87,227,461,396,901,501,1483,789,1190,546,496,521,873,1612,3657,19011,13779,1303,15,689,0,0,2,1
2021-02-16T23:59:59+01:00,0,1,75,148,316,726,517,1370,678,2212,994,1753,642,579,1190,1825,2090,4536,53,78,226,455,390,871,488,1418,763,1123,525,483,519,873,1609,3656,18090,13528,1064,2,496,0,0,2,1
2021-02-15T23:59:59+01:00,0,1,70,132,290,622,482,1228,622,1999,944,1594,633,577,1107,1718,2039,4471,53,78,224,450,386,865,487,1414,761,1116,525,483,518,868,1608,3653,17761,13489,726,0,40,0,0,2,1
2021-02-14T23:59:59+01:00,0,1,69,125,285,596,477,1199,611,1945,930,1572,633,577,1009,1594,1992,4414,53,78,224,450,386,865,487,1412,761,1116,525,483,518,868,1608,3653,17432,13487,571,0,24,0,0,2,1
2021-02-13T23:59:59+01:00,0,1,69,124,285,595,476,1195,610,1943,928,1569,632,576,1008,1585,1988,4411,53,78,224,449,384,860,486,1407,759,1115,523,481,501,830,1348,3186,17398,12684,571,0,24,0,0,2,1
2021-02-12T23:59:59+01:00,0,1,68,124,284,594,472,1191,610,1940,925,1568,629,575,969,1533,1968,4370,53,78,224,445,381,851,481,1398,753,1108,516,473,483,790,985,2477,17227,11496,571,0,21,0,0,2,1
2021-02-11T23:59:59+01:00,0,1,67,117,281,581,459,1164,604,1914,918,1556,628,574,926,1475,1946,4331,53,75,209,414,367,804,465,1324,738,1076,513,472,483,790,984,2476,17047,11244,488,0,5,0,0,2,0
2021-02-10T23:59:59+01:00,0,1,66,117,277,578,457,1159,600,1898,913,1552,628,574,917,1459,1925,4288,52,65,175,336,313,702,415,1152,659,982,478,460,478,789,984,2475,16946,10516,460,0,1,0,0,2,0
2021-02-09T23:59:59+01:00,0,1,64,115,271,574,454,1146,599,1884,906,1546,627,573,905,1423,1855,4182,43,53,124,257,236,551,333,950,558,829,443,449,474,788,981,2475,16692,9545,431,0,0,0,0,2,0
2021-02-08T23:59:59+01:00,0,1,63,115,268,565,451,1138,598,1869,899,1538,625,570,803,1270,1798,4100,38,43,86,168,173,415,268,712,499,694,435,443,470,785,980,2475,16263,8685,406,0,0,0,0,2,0
2021-02-07T23:59:59+01:00,0,1,61,112,259,542,436,1107,582,1766,864,1459,624,569,700,1142,1750,4016,37,42,82,165,170,408,263,699,494,683,433,442,470,785,980,2474,15890,8628,98,0,0,0,0,2,0
2021-02-06T23:59:59+01:00,0,1,61,112,258,542,436,1107,580,1765,861,1456,621,567,698,1133,1744,4009,34,41,81,162,167,398,259,691,483,674,425,441,434,737,740,2081,15851,7849,98,0,0,0,0,2,0
2021-02-05T23:59:59+01:00,0,1,61,112,256,538,436,1105,579,1764,859,1454,619,567,688,1126,1738,3996,32,39,77,158,162,390,251,672,466,664,419,441,428,712,336,1449,15799,6697,98,0,0,0,0,2,0
2021-02-04T23:59:59+01:00,0,1,59,110,251,532,430,1089,563,1737,855,1440,612,557,603,1009,1687,3935,31,36,73,152,156,379,237,650,449,650,414,433,423,705,334,1442,15438,6565,30,0,0,0,0,2,0
2021-02-03T23:59:59+01:00,0,1,58,105,247,525,429,1069,560,1721,853,1425,608,547,592,999,1684,3921,24,28,59,121,123,280,174,508,339,500,308,331,338,548,256,1159,15314,5097,28,0,0,0,0,2,0
2021-02-02T23:59:59+01:00,0,1,58,103,244,520,429,1051,548,1688,844,1401,595,537,581,950,1674,3871,17,21,40,78,87,186,122,343,222,361,217,221,218,344,182,765,15066,3425,28,0,0,0,0,1,0
2021-02-01T23:59:59+01:00,0,1,58,101,240,512,427,1035,540,1667,840,1378,588,531,559,921,1666,3824,7,11,20,42,48,97,65,168,97,165,103,104,91,160,76,336,14859,1590,28,0,0,0,0,1,0
2021-01-31T23:59:59+01:00,0,1,58,101,239,511,425,1031,538,1662,838,1375,588,530,559,921,1666,3823,7,11,18,38,43,83,61,142,83,149,98,102,90,159,74,334,14837,1492,28,0,0,0,0,1,0
2021-01-30T23:59:59+01:00,0,1,58,101,239,511,425,1031,538,1662,838,1375,588,530,559,921,1666,3823,7,11,18,38,43,83,61,142,83,149,98,101,90,159,74,334,14837,1491,28,0,0,0,0,1,0
2021-01-29T23:59:59+01:00,0,1,58,101,239,511,425,1031,538,1662,838,1375,588,530,559,921,1666,3823,7,11,18,38,43,83,61,142,83,149,98,101,90,159,74,334,14837,1491,28,0,0,0,0,1,0
2021-01-28T23:59:59+01:00,0,1,56,93,235,482,413,964,520,1576,815,1293,575,515,553,904,1663,3804,3,2,4,6,11,15,19,34,22,32,16,22,21,34,19,99,14439,359,22,0,0,0,0,1,0
2021-01-27T23:59:59+01:00,0,1,54,89,235,472,405,925,510,1510,795,1210,563,503,551,902,1663,3804,3,2,4,6,9,15,19,33,21,30,16,21,21,34,19,99,14171,352,20,0,0,0,0,1,0
2021-01-26T23:59:59+01:00,0,1,53,83,230,469,398,896,499,1443,770,1143,541,490,549,902,1663,3804,1,2,4,6,9,14,17,29,17,25,14,18,19,32,19,91,13915,317,18,0,0,0,0,1,0
2021-01-25T23:59:59+01:00,0,1,53,83,227,464,395,890,499,1440,769,1138,541,490,549,899,1663,3802,0,0,0,0,0,1,0,0,0,0,1,1,0,2,0,0,13886,5,16,0,0,0,0,1,0
2021-01-24T23:59:59+01:00,0,1,53,83,227,464,395,890,499,1439,769,1138,541,490,549,899,1663,3802,0,0,0,0,0,1,0,0,0,0,1,1,0,2,0,0,13885,5,16,0,0,0,0,1,0
2021-01-23T23:59:59+01:00,0,1,53,83,227,463,394,886,499,1433,768,1136,538,488,532,861,1402,3324,0,0,0,0,0,1,0,0,0,0,1,1,0,2,0,0,13071,5,16,0,0,0,0,1,0
2021-01-22T23:59:59+01:00,0,1,53,83,226,459,390,876,494,1423,763,1128,532,480,515,819,1023,2585,0,0,0,0,0,1,0,0,0,0,1,1,0,2,0,0,11834,5,16,0,0,0,0,0,0
2021-01-21T23:59:59+01:00,0,1,53,80,207,425,363,820,467,1323,737,1094,528,480,515,819,1022,2584,0,0,0,0,0,1,0,0,0,0,1,1,0,2,0,0,11502,5,16,0,0,0,0,0,0
2021-01-20T23:59:59+01:00,0,1,51,70,179,353,322,735,424,1169,667,1003,492,469,510,819,1022,2583,0,0,0,0,0,1,0,0,0,0,1,1,0,2,0,0,10853,5,16,0,0,0,0,0,0
2021-01-19T23:59:59+01:00,0,1,44,57,135,275,248,576,347,987,577,863,457,457,506,817,1022,2583,0,0,0,0,0,0,0,0,0,0,1,0,0,2,0,0,9944,3,8,0,0,0,0,0,0
2021-01-18T23:59:59+01:00,0,1,40,44,86,175,179,425,279,724,506,706,448,450,503,812,1020,2583,0,0,0,0,0,0,0,0,0,0,0,0,0,1,0,0,8981,1,0,0,0,0,0,0,0
2021-01-17T23:59:59+01:00,0,1,37,43,83,171,175,417,275,713,501,693,446,450,503,812,1020,2582,0,0,0,0,0,0,0,0,0,0,0,0,0,0,0,0,8922,0,0,0,0,0,0,0,0
2021-01-16T23:59:59+01:00,0,1,34,42,81,169,171,408,268,706,486,684,438,448,464,765,773,2186,0,0,0,0,0,0,0,0,0,0,0,0,0,0,0,0,8124,0,0,0,0,0,0,0,0
2021-01-15T23:59:59+01:00,0,1,32,40,78,164,168,402,261,689,472,676,432,447,459,741,360,1543,0,0,0,0,0,0,0,0,0,0,0,0,0,0,0,0,6965,0,0,0,0,0,0,0,0
2021-01-14T23:59:59+01:00,0,1,32,38,77,158,163,397,253,678,461,668,429,444,459,740,360,1543,0,0,0,0,0,0,0,0,0,0,0,0,0,0,0,0,6901,0,0,0,0,0,0,0,0
2021-01-13T23:59:59+01:00,0,0,24,31,61,126,128,302,193,544,352,525,326,342,374,578,281,1248,0,0,0,0,0,0,0,0,0,0,0,0,0,0,0,0,5435,0,0,0,0,0,0,0,0
2021-01-12T23:59:59+01:00,0,0,17,24,45,87,93,214,139,393,239,389,234,235,247,372,203,848,0,0,0,0,0,0,0,0,0,0,0,0,0,0,0,0,3779,0,0,0,0,0,0,0,0
2021-01-11T23:59:59+01:00,0,0,9,15,26,47,62,137,88,220,126,208,116,112,106,180,92,375,0,0,0,0,0,0,0,0,0,0,0,0,0,0,0,0,1919,0,0,0,0,0,0,0,0
2021-01-10T23:59:59+01:00,0,0,8,15,22,44,55,109,80,179,106,175,110,108,102,178,89,375,0,0,0,0,0,0,0,0,0,0,0,0,0,0,0,0,1755,0,0,0,0,0,0,0,0
2021-01-09T23:59:59+01:00,0,0,8,15,22,44,55,109,80,179,106,175,110,107,102,178,89,375,0,0,0,0,0,0,0,0,0,0,0,0,0,0,0,0,1754,0,0,0,0,0,0,0,0
2021-01-08T23:59:59+01:00,0,0,8,14,21,43,52,102,75,168,100,172,107,103,97,169,87,365,0,0,0,0,0,0,0,0,0,0,0,0,0,0,0,0,1683,0,0,0,0,0,0,0,0
2021-01-07T23:59:59+01:00,0,0,3,3,4,7,11,16,20,34,24,36,17,22,23,35,23,107,0,0,0,0,0,0,0,0,0,0,0,0,0,0,0,0,385,0,0,0,0,0,0,0,0
2021-01-06T23:59:59+01:00,0,0,3,2,4,6,9,15,20,33,21,32,17,21,23,35,23,106,0,0,0,0,0,0,0,0,0,0,0,0,0,0,0,0,370,0,0,0,0,0,0,0,0
2021-01-05T23:59:59+01:00,0,0,3,2,4,6,9,15,20,33,21,32,17,21,23,35,23,106,0,0,0,0,0,0,0,0,0,0,0,0,0,0,0,0,370,0,0,0,0,0,0,0,0
2021-01-04T23:59:59+01:00,0,0,0,0,0,0,0,1,1,0,0,0,1,1,0,2,0,0,0,0,0,0,0,0,0,0,0,0,0,0,0,0,0,0,6,0,0,0,0,0,0,0,0
2021-01-03T23:59:59+01:00,0,0,0,0,0,0,0,1,1,0,0,0,1,1,0,2,0,0,0,0,0,0,0,0,0,0,0,0,0,0,0,0,0,0,6,0,0,0,0,0,0,0,0
2021-01-02T23:59:59+01:00,0,0,0,0,0,0,0,1,1,0,0,0,1,1,0,2,0,0,0,0,0,0,0,0,0,0,0,0,0,0,0,0,0,0,6,0,0,0,0,0,0,0,0
2021-01-01T23:59:59+01:00,0,0,0,0,0,0,0,1,1,0,0,0,1,1,0,2,0,0,0,0,0,0,0,0,0,0,0,0,0,0,0,0,0,0,6,0,0,0,0,0,0,0,0
2020-12-31T23:59:59+01:00,0,0,0,0,0,0,0,1,1,0,0,0,1,1,0,2,0,0,0,0,0,0,0,0,0,0,0,0,0,0,0,0,0,0,6,0,0,0,0,0,0,0,0
2020-12-30T23:59:59+01:00,0,0,0,0,0,0,0,1,1,0,0,0,1,1,0,2,0,0,0,0,0,0,0,0,0,0,0,0,0,0,0,0,0,0,6,0,0,0,0,0,0,0,0
2020-12-29T23:59:59+01:00,0,0,0,0,0,0,0,1,1,0,0,0,1,0,0,2,0,0,0,0,0,0,0,0,0,0,0,0,0,0,0,0,0,0,5,0,0,0,0,0,0,0,0
2020-12-28T23:59:59+01:00,0,0,0,0,0,0,0,1,0,0,0,0,1,0,0,1,0,0,0,0,0,0,0,0,0,0,0,0,0,0,0,0,0,0,3,0,0,0,0,0,0,0,0
2020-12-27T23:59:59+01:00,0,0,0,0,0,0,0,0,0,0,0,0,0,0,0,0,0,0,0,0,0,0,0,0,0,0,0,0,0,0,0,0,0,0,0,0,0,0,0,0,0,0,0
