Datum,<15_m,<15_w,15-24_1_m,15-24_1_w,25-34_1_m,25-34_1_w,35-44_1_m,35-44_1_w,45-54_1_m,45-54_1_w,55-64_1_m,55-64_1_w,65-74_1_m,65-74_1_w,75-84_1_m,75-84_1_w,>84_1_m,>84_1_w,<24_2_m,<24_2_w,25-34_2_m,25-34_2_w,35-44_2_m,35-44_2_w,45-54_2_m,45-54_2_w,55-64_2_m,55-64_2_w,65-74_2_m,65-74_2_w,75-84_2_m,75-84_2_w,>84_2_m,>84_2_w,bp_1,bp_2,mo_1,mo_2,az_1,az_2,ja,unb_1,unb_2
2021-09-02T23:59:59+02:00,1397,1255,13043,12385,16257,15200,19652,20017,26355,27529,33067,34097,25245,28147,17192,21982,5069,9601,11306,10741,14944,13828,18420,18511,24809,25713,31446,32385,24401,27161,16699,21250,4918,9182,236672,220511,31416,29280,46411,44710,12852,139,57
2021-09-01T23:59:59+02:00,1374,1239,13006,12346,16237,15179,19633,20003,26337,27511,33046,34073,25236,28137,17186,21973,5066,9597,11265,10707,14922,13800,18400,18491,24789,25690,31422,32356,24387,27149,16692,21244,4916,9180,236382,220188,31411,29278,46410,44709,12837,139,57
2021-08-31T23:59:59+02:00,1344,1217,12951,12286,16194,15142,19599,19961,26292,27463,33008,34040,25220,28117,17180,21961,5062,9594,11193,10639,14874,13744,18346,18460,24741,25637,31367,32314,24356,27135,16684,21231,4913,9173,236088,219776,31348,29248,46410,44693,12646,139,57
2021-08-30T23:59:59+02:00,1320,1203,12914,12249,16169,15121,19578,19944,26268,27446,32986,34024,25209,28107,17180,21957,5060,9592,11116,10607,14847,13724,18323,18438,24713,25621,31340,32287,24345,27121,16679,21224,4910,9171,235845,219488,31348,29248,46410,44682,12585,139,57
2021-08-29T23:59:59+02:00,1316,1197,12901,12233,16157,15112,19569,19935,26265,27438,32979,34010,25204,28101,17178,21956,5060,9592,11099,10571,14835,13707,18308,18424,24700,25613,31332,32275,24336,27110,16677,21219,4910,9171,235745,219316,31348,29248,46410,44678,12561,139,57
2021-08-28T23:59:59+02:00,1309,1185,12869,12211,16143,15101,19557,19921,26258,27429,32970,34004,25202,28096,17177,21953,5060,9591,11024,10499,14801,13674,18262,18397,24664,25580,31289,32244,24319,27097,16668,21203,4910,9168,235587,218792,31347,29248,46410,44678,12553,139,57
2021-08-27T23:59:59+02:00,1290,1170,12805,12155,16096,15054,19499,19874,26203,27380,32928,33974,25184,28084,17173,21939,5060,9588,10987,10466,14763,13650,18246,18382,24629,25556,31261,32223,24306,27086,16665,21199,4910,9167,235164,218639,31347,29247,46410,44678,12396,139,57
2021-08-26T23:59:59+02:00,1271,1154,12734,12098,16050,15011,19456,19834,26149,27324,32878,33928,25154,28055,17166,21931,5057,9585,10919,10417,14718,13609,18201,18355,24588,25520,31217,32184,24284,27070,16659,21190,4910,9163,234798,218338,31287,29233,46410,44671,12201,139,57
2021-08-25T23:59:59+02:00,1253,1138,12710,12055,16030,14986,19435,19819,26122,27308,32843,33900,25136,28036,17159,21924,5056,9582,10871,10375,14687,13581,18167,18325,24568,25502,31184,32146,24271,27054,16652,21180,4908,9160,234489,217971,31287,29232,46403,44667,12174,139,57
2021-08-24T23:59:59+02:00,1226,1120,12650,11985,15977,14944,19390,19779,26076,27263,32798,33867,25116,28012,17147,21914,5055,9577,10791,10302,14644,13539,18121,18289,24518,25454,31142,32109,24247,27027,16637,21166,4907,9159,234183,217555,31163,29193,46403,44667,12008,139,57
2021-08-23T23:59:59+02:00,1213,1108,12613,11948,15951,14925,19369,19746,26055,27231,32769,33845,25102,28000,17143,21905,5055,9574,10738,10252,14615,13502,18083,18255,24491,25425,31107,32077,24234,27008,16630,21163,4905,9158,233890,217160,31162,29193,46403,44665,11958,139,57
2021-08-22T23:59:59+02:00,1207,1101,12598,11927,15935,14909,19362,19727,26043,27221,32758,33831,25091,27994,17141,21903,5052,9574,10709,10223,14595,13486,18063,18244,24479,25409,31092,32064,24225,26998,16628,21158,4904,9157,233730,216947,31162,29192,46403,44664,11940,139,57
2021-08-21T23:59:59+02:00,1123,1030,12523,11870,15923,14898,19354,19716,26033,27210,32748,33815,25087,27989,17138,21900,5052,9574,10685,10193,14579,13482,18056,18233,24470,25403,31084,32058,24222,26997,16627,21158,4904,9157,233367,216827,31156,29191,46403,44664,11918,139,57
2021-08-20T23:59:59+02:00,1103,1014,12463,11801,15865,14848,19293,19678,25979,27177,32698,33788,25072,27978,17129,21895,5051,9572,10631,10155,14539,13447,18015,18206,24435,25385,31055,32042,24214,26990,16621,21155,4904,9156,232874,216546,31156,29190,46403,44664,11832,139,57
2021-08-19T23:59:59+02:00,1078,990,12397,11744,15807,14816,19243,19631,25918,27127,32656,33754,25040,27955,17117,21884,5048,9570,10541,10079,14470,13406,17961,18170,24369,25342,30989,31998,24173,26972,16612,21137,4903,9153,232585,216117,31065,29180,46403,44656,11583,139,57
2021-08-18T23:59:59+02:00,1066,973,12356,11709,15779,14786,19215,19601,25888,27097,32621,33729,25022,27943,17112,21875,5046,9569,10487,10013,14423,13381,17913,18141,24323,25305,30930,31960,24151,26955,16606,21124,4899,9148,232273,215665,31065,29175,46402,44646,11508,139,57
2021-08-17T23:59:59+02:00,1041,948,12305,11668,15750,14746,19182,19571,25860,27075,32586,33691,25004,27924,17102,21858,5045,9564,10394,9931,14373,13335,17859,18085,24273,25265,30869,31917,24126,26931,16595,21104,4897,9141,231978,215074,30941,29113,46402,44644,11460,139,57
2021-08-16T23:59:59+02:00,1030,941,12273,11644,15733,14728,19165,19554,25837,27051,32567,33669,24984,27909,17094,21843,5042,9562,10337,9865,14349,13292,17835,18049,24229,25230,30832,31886,24099,26899,16580,21090,4897,9138,231754,214635,30941,29112,46402,44638,11390,139,57
2021-08-15T23:59:59+02:00,1022,941,12248,11630,15720,14711,19150,19539,25827,27042,32546,33655,24978,27900,17090,21832,5041,9562,10292,9830,14316,13270,17817,18028,24207,25217,30812,31860,24082,26891,16575,21082,4896,9136,231596,214362,30940,29112,46401,44633,11358,139,57
2021-08-14T23:59:59+02:00,1021,941,12247,11626,15720,14709,19147,19537,25827,27042,32546,33654,24978,27900,17090,21832,5041,9562,10124,9610,14210,13180,17742,17981,24160,25186,30772,31827,24067,26878,16572,21079,4894,9135,231587,213358,30940,29111,46401,44632,11353,139,57
2021-08-13T23:59:59+02:00,977,901,12097,11498,15666,14655,19083,19480,25756,26990,32493,33618,24953,27871,17079,21822,5040,9558,10072,9557,14169,13152,17703,17956,24128,25166,30748,31806,24057,26865,16566,21070,4894,9131,230762,213024,30939,29111,46401,44629,11300,135,57
2021-08-12T23:59:59+02:00,964,880,12041,11437,15622,14617,19047,19453,25712,26969,32447,33589,24928,27855,17071,21817,5040,9555,9980,9488,14095,13110,17642,17908,24062,25133,30696,31759,24029,26840,16550,21052,4892,9131,230544,212607,30917,29105,46401,44614,11047,135,57
2021-08-11T23:59:59+02:00,950,869,12008,11403,15602,14594,19018,19433,25691,26950,32424,33561,24910,27834,17067,21810,5039,9553,9907,9426,14041,13071,17595,17863,24021,25112,30655,31711,23999,26808,16534,21039,4891,9126,230260,212038,30917,29101,46400,44586,11004,135,57
2021-08-10T23:59:59+02:00,932,859,11920,11352,15550,14565,18975,19396,25636,26916,32367,33507,24893,27820,17060,21797,5038,9550,9812,9345,13992,13035,17564,17829,23974,25073,30602,31665,23966,26775,16527,21021,4887,9121,229883,211528,30786,29066,46398,44573,10931,135,57
2021-08-09T23:59:59+02:00,930,842,11894,11317,15534,14549,18953,19384,25604,26895,32339,33476,24886,27811,17054,21789,5038,9547,9758,9284,13957,12985,17526,17788,23944,25029,30567,31625,23952,26758,16522,21008,4885,9116,229650,211083,30786,29063,46397,44566,10874,135,57
2021-08-08T23:59:59+02:00,920,835,11857,11294,15512,14536,18933,19363,25579,26875,32317,33459,24878,27796,17047,21785,5037,9547,9682,9229,13912,12958,17499,17759,23911,24994,30535,31594,23939,26739,16514,20994,4884,9113,229460,210688,30786,29062,46397,44565,10792,135,57
2021-08-07T23:59:59+02:00,900,808,11761,11216,15469,14495,18892,19330,25540,26845,32271,33427,24861,27784,17038,21767,5036,9544,9064,8628,13474,12607,17287,17575,23760,24883,30384,31518,23882,26688,16493,20967,4879,9110,228876,207494,30786,29062,46397,44565,10790,135,57
2021-08-06T23:59:59+02:00,890,805,11731,11189,15452,14482,18882,19324,25526,26829,32262,33421,24857,27780,17033,21765,5036,9543,8483,8000,12960,12213,17060,17372,23618,24772,30289,31439,23851,26641,16481,20953,4876,9104,228827,204336,30664,29049,46397,44565,10784,135,57
2021-08-05T23:59:59+02:00,887,798,11692,11158,15414,14455,18841,19294,25480,26793,32216,33374,24817,27758,17031,21754,5036,9538,8426,7935,12916,12163,17010,17330,23554,24732,30214,31385,23804,26600,16468,20935,4874,9095,228607,203915,30663,29044,46397,44556,10534,135,57
2021-08-04T23:59:59+02:00,870,782,11662,11128,15395,14423,18810,19269,25453,26764,32170,33335,24802,27745,17026,21748,5034,9530,8337,7846,12857,12116,16958,17288,23498,24688,30154,31314,23767,26561,16458,20922,4872,9089,228343,203326,30661,29043,46396,44521,10411,135,57
2021-08-03T23:59:59+02:00,854,763,11615,11089,15376,14402,18780,19249,25427,26736,32137,33300,24782,27726,17017,21743,5030,9529,8254,7757,12790,12067,16891,17237,23439,24651,30115,31265,23731,26527,16443,20911,4869,9085,228013,202674,30659,29033,46396,44513,10352,135,57
2021-08-02T23:59:59+02:00,845,760,11580,11058,15355,14370,18754,19229,25399,26711,32106,33273,24768,27707,17009,21734,5029,9527,8159,7664,12710,12007,16834,17174,23382,24580,30068,31208,23713,26504,16422,20901,4867,9080,227738,201972,30658,29032,46396,44505,10287,135,57
2021-08-01T23:59:59+02:00,838,753,11555,11029,15344,14357,18739,19218,25381,26699,32089,33258,24764,27699,17008,21731,5027,9526,8088,7597,12649,11960,16793,17128,23346,24549,30041,31183,23698,26485,16418,20895,4865,9079,227598,201517,30654,29031,46396,44487,10232,135,57
2021-07-31T23:59:59+02:00,835,752,11552,11023,15342,14354,18737,19214,25380,26698,32086,33257,24764,27698,17008,21731,5027,9526,7935,7408,11884,11287,16240,16692,23251,24470,29977,31112,23669,26449,16406,20876,4864,9077,227570,198302,30653,29031,46396,44486,10230,135,57
2021-07-30T23:59:59+02:00,834,751,11538,11014,15339,14351,18732,19209,25373,26693,32076,33252,24763,27696,17008,21728,5027,9526,7650,7168,11338,10843,15763,16265,23114,24363,29868,31000,23632,26404,16390,20854,4864,9072,227503,195224,30652,29030,46394,44473,10226,135,57
2021-07-29T23:59:59+02:00,822,742,11498,10967,15301,14330,18692,19183,25337,26658,32023,33223,24745,27676,16997,21711,5027,9524,7276,6858,10672,10327,15248,15852,22938,24217,29721,30890,23578,26352,16361,20829,4860,9069,227186,191760,30651,29022,46394,44387,10090,135,57
2021-07-28T23:59:59+02:00,803,730,11450,10914,15277,14300,18660,19156,25311,26631,31997,33198,24731,27658,16992,21699,5026,9520,7110,6701,10527,10207,15136,15717,22846,24121,29621,30794,23535,26296,16343,20800,4859,9059,226861,190519,30650,29020,46389,44278,10018,135,57
2021-07-27T23:59:59+02:00,794,721,11405,10876,15237,14260,18620,19130,25283,26605,31960,33176,24715,27633,16986,21688,5025,9512,6889,6488,10369,10090,14992,15583,22743,24015,29513,30681,23484,26232,16327,20773,4857,9048,226548,189371,30650,28693,46388,44245,9905,135,57
2021-07-26T23:59:59+02:00,784,708,11356,10830,15212,14239,18604,19103,25255,26576,31928,33150,24700,27611,16974,21676,5024,9509,6771,6411,10275,10013,14926,15505,22661,23954,29448,30607,23451,26189,16315,20756,4853,9042,226256,188584,30648,28690,46387,44203,9813,135,57
2021-07-25T23:59:59+02:00,773,698,11328,10802,15191,14213,18584,19079,25228,26552,31908,33132,24683,27600,16970,21667,5023,9507,6695,6329,10207,9949,14853,15445,22606,23900,29393,30569,23421,26168,16303,20742,4853,9038,226059,187995,30647,28686,46386,44173,9711,135,57
2021-07-24T23:59:59+02:00,749,676,11248,10718,15152,14186,18561,19057,25208,26537,31895,33119,24683,27596,16967,21665,5023,9507,6296,5969,10064,9835,14480,15164,22382,23743,29276,30485,23385,26130,16286,20725,4850,9034,225677,185638,30646,28685,46386,44171,9703,135,57
2021-07-23T23:59:59+02:00,723,654,11181,10635,15124,14153,18531,19042,25186,26518,31879,33102,24672,27591,16965,21665,5023,9504,5927,5659,9944,9729,14133,14900,22186,23570,29156,30368,23333,26062,16275,20704,4846,9027,225293,183371,30645,28685,46386,44160,9689,135,57
2021-07-22T23:59:59+02:00,682,614,11027,10471,15026,14065,18444,18994,25105,26464,31807,33038,24636,27550,16950,21647,5019,9499,5607,5359,9676,9515,13551,14424,21869,23310,28925,30141,23233,25965,16231,20667,4842,9024,224343,180055,30643,28674,46385,44141,9532,135,57
2021-07-21T23:59:59+02:00,662,589,10963,10417,14991,14038,18404,18957,25066,26435,31768,32988,24611,27516,16934,21635,5017,9494,4989,4893,9237,9264,13174,14195,21636,23155,28738,29992,23168,25889,16206,20644,4840,9021,223916,178293,30636,27405,46382,43974,9416,135,57
2021-07-20T23:59:59+02:00,644,572,10905,10363,14965,14002,18368,18930,25036,26403,31732,32954,24591,27495,16929,21621,5014,9487,4844,4781,9084,9132,13010,14062,21523,23034,28608,29869,23089,25786,16184,20604,4833,9015,223539,176951,30636,27393,46380,43825,9321,135,57
2021-07-19T23:59:59+02:00,631,560,10868,10332,14936,13982,18346,18922,25009,26378,31699,32925,24574,27472,16923,21610,5012,9484,4764,4711,8988,9055,12895,13965,21425,22928,28509,29749,23033,25729,16159,20575,4828,9009,223303,176013,30636,27385,46371,43729,9218,135,57
2021-07-18T23:59:59+02:00,616,551,10814,10280,14901,13961,18321,18905,24989,26361,31676,32906,24564,27462,16917,21601,5011,9479,4656,4608,8854,8934,12768,13826,21339,22837,28436,29670,23005,25700,16150,20562,4825,9008,223025,175002,30636,27371,46371,43676,9148,135,57
2021-07-17T23:59:59+02:00,544,481,10529,9983,14790,13863,18232,18828,24884,26287,31569,32857,24531,27428,16904,21581,5009,9478,4610,4566,8801,8862,12534,13634,20916,22496,28307,29539,22968,25648,16141,20547,4824,9005,221490,173223,30636,27371,46370,43674,9147,135,57
2021-07-16T23:59:59+02:00,515,444,10396,9862,14731,13823,18178,18777,24851,26254,31549,32833,24522,27413,16901,21574,5009,9475,4562,4524,8725,8822,12160,13355,20373,22098,28174,29445,22919,25611,16132,20542,4822,9003,220832,171112,30635,27369,46369,43667,9136,135,57
2021-07-15T23:59:59+02:00,485,406,10257,9757,14665,13774,18121,18710,24797,26206,31499,32780,24497,27376,16883,21558,5002,9471,4349,4384,8400,8615,11642,12954,19269,21255,27758,29102,22750,25442,16067,20469,4812,8987,220103,166419,30634,27356,46368,43470,9004,135,57
2021-07-14T23:59:59+02:00,464,393,10228,9732,14630,13754,18092,18675,24761,26165,31448,32727,24467,27348,16872,21541,5001,9469,4225,4233,8145,8442,11413,12809,19091,21144,27613,28976,22685,25364,16033,20431,4809,8978,219738,164853,30634,27338,46367,43296,8893,135,57
2021-07-13T23:59:59+02:00,440,378,10178,9679,14601,13726,18066,18642,24726,26144,31414,32686,24451,27318,16861,21530,5000,9467,4128,4138,7970,8283,11213,12618,18958,21006,27460,28815,22588,25279,15998,20378,4805,8967,219334,163398,30634,27317,46366,43038,8838,135,57
2021-07-12T23:59:59+02:00,427,357,10132,9629,14575,13707,18035,18612,24690,26102,31380,32641,24426,27295,16846,21525,4997,9464,4021,4039,7803,8162,11053,12483,18843,20884,27338,28694,22514,25218,15971,20352,4804,8962,218960,162235,30633,27295,46366,42848,8746,135,57
2021-07-11T23:59:59+02:00,419,339,10102,9599,14557,13687,18018,18602,24670,26094,31359,32623,24414,27285,16844,21523,4997,9462,3952,3966,7684,8062,10906,12355,18719,20784,27237,28580,22471,25170,15950,20327,4802,8959,218766,161268,30633,27290,46365,42649,8695,135,57
2021-07-10T23:59:59+02:00,393,316,9992,9493,14502,13648,17970,18579,24646,26074,31340,32607,24406,27276,16840,21519,4995,9460,3919,3941,7623,8020,10871,12326,18690,20760,27208,28558,22464,25155,15946,20322,4802,8959,218241,160966,30632,27289,46362,42601,8686,135,57
2021-07-09T23:59:59+02:00,333,269,9730,9284,14397,13566,17894,18509,24560,26021,31291,32546,24383,27245,16827,21501,4995,9454,3852,3901,7490,7929,10654,12181,18465,20622,26793,28237,22280,24961,15891,20262,4799,8952,217016,158826,30632,27286,46361,42472,8661,135,57
2021-07-08T23:59:59+02:00,254,202,9536,9141,14296,13490,17800,18437,24500,25970,31208,32488,24356,27214,16814,21483,4991,9449,3696,3775,7180,7740,10300,11951,18119,20340,26488,27980,22107,24802,15823,20189,4792,8936,215916,156446,30629,27240,46348,41902,8601,135,57
2021-07-07T23:59:59+02:00,215,173,9434,9036,14245,13456,17757,18394,24448,25930,31166,32448,24332,27184,16802,21465,4991,9441,3500,3646,6851,7515,9348,11220,17533,19910,26086,27670,21872,24500,15746,20093,4778,8922,215284,153831,30626,25490,46345,41307,8527,135,57
2021-07-06T23:59:59+02:00,193,161,9356,8977,14195,13428,17721,18352,24406,25891,31105,32401,24295,27156,16787,21448,4989,9439,3386,3571,6651,7393,9077,11057,17288,19730,25809,27413,21715,24298,15665,19989,4765,8907,214720,151900,30609,25480,46342,40804,8494,135,57
2021-07-05T23:59:59+02:00,181,146,9269,8896,14155,13385,17687,18302,24370,25861,31060,32350,24271,27134,16779,21434,4988,9437,3334,3536,6522,7314,8927,10936,17146,19591,25638,27258,21572,24131,15615,19936,4754,8897,214175,150837,30609,25471,46340,40316,8446,135,57
2021-07-04T23:59:59+02:00,166,139,9215,8846,14124,13372,17661,18284,24345,25841,31039,32324,24256,27120,16773,21426,4987,9434,3282,3492,6459,7274,8839,10864,17060,19506,25509,27148,21447,24002,15573,19884,4752,8890,213902,150177,30608,25462,46325,39920,8382,135,57
2021-07-03T23:59:59+02:00,163,136,8703,8348,13966,13252,17560,18166,24251,25783,30974,32275,24235,27098,16761,21414,4985,9431,3222,3412,6340,7155,8667,10722,16844,19324,25121,26839,21332,23865,15543,19844,4748,8884,212067,148129,30608,25462,46325,39864,8366,135,57
2021-07-02T23:59:59+02:00,156,132,8134,7876,13822,13143,17469,18089,24181,25713,30914,32213,24197,27056,16755,21394,4983,9426,3111,3304,6070,6999,8410,10480,16474,18995,24647,26415,21104,23592,15473,19762,4742,8881,210225,145055,30608,25460,46322,39539,8363,135,57
2021-07-01T23:59:59+02:00,143,122,8005,7769,13739,13085,17400,18037,24112,25662,30861,32160,24169,27031,16745,21382,4982,9425,2923,3115,5722,6715,7973,10064,15887,18523,23883,25759,20617,23118,15346,19601,4730,8856,209435,140493,30603,25448,46317,38508,8339,135,57
2021-06-30T23:59:59+02:00,126,109,7859,7652,13670,13036,17347,17984,24061,25609,30802,32114,24138,27009,16731,21364,4982,9420,2827,3036,5568,6571,7748,9843,14929,17653,23270,25209,20259,22724,15213,19440,4716,8822,208872,138960,30429,23174,46313,37385,8264,135,57
2021-06-29T23:59:59+02:00,111,96,7792,7559,13627,12997,17308,17939,24008,25548,30752,32055,24117,26983,16721,21348,4979,9416,2768,2992,5439,6473,7594,9709,14761,17481,23029,24975,20000,22399,15114,19340,4704,8802,208250,137841,30427,23162,46310,36295,8234,135,57
2021-06-28T23:59:59+02:00,106,90,7728,7488,13563,12938,17262,17888,23966,25503,30696,32011,24100,26955,16714,21338,4977,9414,2739,2960,5371,6426,7501,9638,14664,17400,22878,24761,19796,22153,15059,19271,4700,8788,207717,137245,30425,23152,46302,35500,8158,135,57
2021-06-27T23:59:59+02:00,92,85,7679,7424,13533,12902,17233,17855,23947,25468,30669,31983,24088,26947,16707,21332,4977,9412,2716,2945,5320,6401,7430,9593,14568,17336,22783,24674,19668,22011,15028,19220,4696,8779,207362,136734,30425,23141,46296,35126,8115,135,57
2021-06-26T23:59:59+02:00,88,82,7175,6868,13139,12602,17120,17752,23882,25409,30633,31948,24080,26930,16703,21321,4976,9411,2615,2836,5134,6213,7230,9403,14023,16881,22123,24040,19520,21868,14983,19167,4694,8771,205178,133118,30425,23141,46296,35106,8115,105,26
2021-06-25T23:59:59+02:00,87,79,6690,6384,12685,12229,16961,17634,23791,25343,30552,31908,24057,26903,16698,21311,4974,9409,2511,2680,4959,6021,6972,9105,13492,16349,21571,23454,19322,21658,14925,19100,4690,8759,202772,129417,30425,23141,46296,34892,8097,105,26
2021-06-24T23:59:59+02:00,77,67,6466,6167,12460,12078,16855,17551,23719,25290,30494,31860,24023,26861,16692,21301,4972,9402,2302,2441,4588,5643,6471,8614,12769,15634,20419,22453,18857,21176,14820,18969,4678,8744,201496,123466,30423,23129,46289,33940,8022,105,26
2021-06-23T23:59:59+02:00,72,65,5891,5667,12298,11966,16736,17437,23645,25243,30430,31810,23989,26838,16685,21287,4968,9398,2265,2389,4525,5521,6379,8463,12536,15345,20175,22194,18558,20847,14723,18855,4667,8727,200985,122444,29084,22980,46279,32752,7972,105,26
2021-06-22T23:59:59+02:00,68,60,5749,5536,12198,11860,16650,17362,23587,25181,30362,31732,23962,26806,16675,21266,4964,9396,2212,2354,4430,5439,6255,8316,11666,14683,19762,21786,18224,20494,14615,18717,4657,8707,200049,121521,29077,21286,46260,31565,7923,105,26
2021-06-21T23:59:59+02:00,65,57,5613,5422,12124,11767,16589,17276,23533,25107,30312,31674,23937,26778,16662,21251,4964,9392,2179,2318,4372,5342,6168,8189,10885,13978,19310,21376,17998,20267,14555,18622,4648,8691,199227,120725,29073,19501,46255,30787,7863,105,26
2021-06-20T23:59:59+02:00,63,55,5495,5296,11961,11584,16524,17151,23482,25042,30270,31618,23921,26757,16656,21236,4959,9387,2161,2288,4331,5302,6098,8139,10781,13899,19198,21249,17841,20076,14489,18539,4644,8684,198217,120190,29069,19498,46249,30192,7817,105,26
2021-06-19T23:59:59+02:00,59,51,5477,5276,11194,10920,16044,16760,23421,24998,30226,31575,23903,26737,16648,21224,4959,9387,2090,2168,4125,5072,5817,7858,10456,13565,18145,20397,17673,19891,14456,18474,4639,8672,195621,115984,29069,19498,46248,30178,7816,105,26
2021-06-18T23:59:59+02:00,56,50,5443,5250,10550,10337,15430,16197,23330,24929,30157,31512,23876,26707,16637,21209,4958,9385,2021,2080,3982,4928,5539,7588,10074,13201,16994,19188,17470,19654,14407,18410,4636,8662,192782,111574,29063,19497,46248,29926,7815,105,26
2021-06-17T23:59:59+02:00,49,41,5323,5147,9870,9829,14942,15806,23231,24841,30076,31418,23836,26661,16622,21188,4957,9382,1891,1973,3725,4682,5151,7224,9535,12712,15808,17996,17010,19164,14266,18236,4623,8638,190209,106449,29061,19489,46245,29009,7672,32,19
2021-06-16T23:59:59+02:00,47,33,5189,5011,9673,9668,14795,15676,23138,24747,29978,31342,23792,26616,16607,21176,4956,9372,1850,1931,3621,4597,5049,7106,8504,11860,15535,17702,16714,18828,14131,18065,4617,8605,189030,105567,29050,17609,46242,28062,7462,32,19
2021-06-15T23:59:59+02:00,41,27,5001,4824,9491,9513,14660,15534,23046,24657,29901,31256,23749,26543,16581,21143,4948,9357,1787,1873,3543,4502,4955,6992,8388,11718,15357,17474,16396,18517,13989,17896,4594,8547,187710,104806,29047,17605,46223,26842,7260,32,19
2021-06-14T23:59:59+02:00,39,24,4924,4760,9397,9404,14582,15445,22975,24583,29831,31195,23717,26504,16566,21125,4945,9351,1764,1850,3506,4478,4914,6960,8288,11655,15219,17340,16216,18313,13898,17799,4589,8540,186965,104580,29041,17602,46217,26020,7112,32,19
2021-06-13T23:59:59+02:00,38,23,4866,4712,9311,9329,14499,15378,22914,24532,29764,31142,23691,26476,16557,21115,4945,9349,1714,1835,3464,4454,4858,6917,8217,11618,15120,17245,16060,18129,13844,17726,4582,8533,186384,104299,29035,17600,46202,25414,6988,32,19
2021-06-12T23:59:59+02:00,36,22,4847,4697,9283,9306,14262,15201,22784,24403,29719,31097,23671,26459,16548,21107,4944,9347,1589,1712,3226,4243,4454,6614,7669,11186,13345,15556,15708,17758,13764,17624,4580,8519,185479,97596,29035,17600,46202,25350,6986,31,19
2021-06-11T23:59:59+02:00,32,21,4793,4643,9202,9253,13943,14978,22587,24255,29623,31005,23634,26414,16530,21095,4943,9344,1486,1577,3042,4032,4155,6250,7158,10641,11707,13672,15231,17181,13650,17477,4565,8505,184115,90680,29032,17599,46201,25119,6916,31,19
2021-06-10T23:59:59+02:00,26,18,4508,4415,8658,8922,12668,13958,22020,23804,29249,30700,23497,26256,16477,21027,4930,9329,1363,1484,2806,3851,3826,5966,6722,10248,10294,12340,14718,16606,13479,17269,4550,8478,178780,86135,29016,17596,46195,23814,6440,31,19
2021-06-09T23:59:59+02:00,23,14,4273,4250,8065,8630,11766,13298,21699,23589,29019,30546,23434,26192,16458,21003,4927,9325,1275,1430,2651,3779,3683,5886,6515,10155,10032,12161,14395,16256,13309,17089,4543,8457,176671,85801,27739,17493,46188,22425,5882,31,19
2021-06-08T23:59:59+02:00,19,11,4142,4150,7663,8404,11280,13008,21473,23410,28819,30393,23375,26118,16426,20961,4921,9316,1197,1403,2515,3721,3523,5819,5618,9406,9558,11797,14059,15847,13083,16850,4529,8435,174919,85445,27367,15336,46164,21156,5408,31,19
2021-06-07T23:59:59+02:00,15,9,4021,4071,7427,8298,10991,12830,21270,23296,28665,30275,23316,26065,16408,20936,4917,9308,1148,1283,2394,3661,3393,5756,5452,9330,9348,11670,13829,15589,12927,16681,4522,8417,173692,85254,27357,15331,46155,19917,4883,31,19
2021-06-06T23:59:59+02:00,13,9,3903,4012,7189,8176,10741,12669,21084,23207,28579,30184,23286,26031,16396,20918,4914,9304,1128,1266,2329,3625,3297,5704,5345,9255,9232,11568,13672,15435,12855,16587,4519,8410,172542,85063,27340,15327,46145,19265,4557,31,19
2021-06-05T23:59:59+02:00,13,9,3874,3975,7151,8136,10564,12514,20456,22698,28417,30038,23236,25986,16382,20899,4914,9300,1096,1165,2163,3172,3065,5164,5175,8923,8451,10617,13020,14595,12742,16440,4508,8400,170501,79675,27340,15327,46144,19131,4547,30,19
2021-06-04T23:59:59+02:00,13,9,3844,3949,7115,8111,10467,12422,20094,22370,28313,29942,23201,25948,16368,20889,4912,9299,1064,1098,2065,2862,2905,4687,5018,8553,7937,9959,11521,12878,12617,16243,4501,8382,169224,73298,27327,15326,46144,19109,4541,30,19
2021-06-03T23:59:59+02:00,8,6,3709,3847,6894,7973,9911,12000,18868,21440,27913,29632,23068,25806,16315,20827,4908,9285,1011,1054,1976,2750,2768,4531,4814,8249,7574,9510,11143,12479,12509,16130,4498,8369,164467,71514,27317,15323,46140,18056,4456,30,19
2021-06-02T23:59:59+02:00,8,6,3702,3839,6882,7956,9900,11989,18680,21260,27842,29583,23045,25784,16309,20818,4905,9283,1007,1047,1964,2720,2747,4512,4603,8065,7038,9022,11106,12438,12494,16115,4494,8363,164401,71406,26772,13830,46139,18034,4449,30,19
2021-06-01T23:59:59+02:00,7,5,3575,3763,6645,7808,9612,11796,18225,20913,27605,29388,22951,25682,16268,20765,4902,9271,970,999,1880,2650,2667,4440,4324,7831,6440,8490,10893,12225,12396,16012,4489,8351,162712,70966,25992,12537,46125,17216,4322,30,19
2021-05-31T23:59:59+02:00,7,5,3528,3718,6556,7740,9476,11697,18099,20822,27515,29311,22884,25621,16251,20737,4897,9264,941,975,1813,2610,2587,4397,4217,7767,6321,8415,10707,12057,12295,15895,4479,8343,161872,70606,25961,12532,46112,16512,4153,30,19
2021-05-30T23:59:59+02:00,7,4,3497,3694,6492,7685,9386,11606,18011,20742,27438,29240,22839,25576,16229,20710,4891,9254,935,968,1802,2600,2574,4385,4188,7742,6268,8373,10646,11978,12261,15852,4474,8334,161171,70562,25956,12529,46095,16224,4049,30,19
2021-05-29T23:59:59+02:00,7,4,3486,3675,6456,7658,9342,11569,17973,20702,27293,29134,22785,25502,16214,20690,4888,9250,899,949,1745,2554,2501,4300,3998,7487,5995,8075,8448,9321,12068,15510,4459,8305,160512,64320,25956,12527,46081,15701,4049,30,19
2021-05-28T23:59:59+02:00,7,4,3423,3620,6325,7581,9202,11438,17816,20571,27110,29011,22722,25425,16193,20673,4887,9249,886,935,1726,2534,2465,4246,3846,7190,5801,7812,5750,6210,11791,15113,4444,8256,159156,57447,25954,12527,46077,14974,4040,30,19
2021-05-27T23:59:59+02:00,7,4,3276,3490,6040,7401,8600,11105,17340,20233,26697,28665,22556,25260,16135,20610,4880,9231,836,877,1644,2439,2348,4112,3423,6218,5378,7214,5589,6037,11712,15039,4438,8239,155683,56966,25895,12480,46070,12228,3852,30,19
2021-05-26T23:59:59+02:00,7,4,3169,3407,5821,7235,8228,10819,16874,19927,26396,28429,22407,25127,16084,20536,4867,9211,819,869,1592,2414,2295,4082,3350,6144,5281,7142,5454,5910,11647,14973,4433,8227,152979,56892,25879,12478,46048,11633,3612,30,19
2021-05-25T23:59:59+02:00,7,4,3078,3344,5679,7121,8031,10657,15872,19149,26042,28075,22248,24972,16032,20456,4860,9201,800,851,1556,2370,2224,4023,3275,6075,5196,7078,5287,5740,11539,14893,4425,8216,151424,56825,23955,12291,46032,11026,3389,28,19
2021-05-24T23:59:59+02:00,7,4,3015,3326,5591,7077,7913,10595,14957,18460,25627,27763,22153,24868,16001,20420,4853,9189,791,849,1534,2353,2180,3987,3228,6027,5119,6998,5186,5632,11459,14817,4424,8210,150699,56788,21886,12215,46022,10590,3184,28,19
2021-05-23T23:59:59+02:00,7,4,3012,3322,5582,7070,7904,10587,14952,18459,25626,27762,22153,24868,16001,20420,4853,9189,789,846,1526,2346,2168,3974,3209,6012,5098,6965,5141,5580,11442,14793,4423,8208,150671,56780,21886,12215,46020,10342,3166,28,19
2021-05-22T23:59:59+02:00,6,4,2976,3280,5509,7024,7804,10500,14753,18298,25346,27519,22053,24782,15968,20377,4850,9185,767,827,1482,2295,2117,3895,3095,5890,4783,6397,4571,4838,10796,13971,4413,8169,149134,53534,21886,12215,46020,9374,3166,28,19
2021-05-21T23:59:59+02:00,4,4,2904,3205,5383,6928,7677,10354,14494,18068,25052,27284,21940,24674,15935,20329,4845,9176,736,774,1414,2167,2015,3629,2911,5557,4303,5497,4158,4299,10053,13029,4348,8043,147194,49791,21885,12215,46014,7774,3136,27,19
2021-05-20T23:59:59+02:00,4,4,2773,3042,5104,6673,7391,9986,14034,17585,24441,26734,21669,24377,15841,20209,4831,9146,722,764,1387,2142,1976,3596,2856,5502,4219,5419,4030,4196,9976,12966,4339,8031,143048,49698,21876,12204,45989,7297,2904,27,19
2021-05-19T23:59:59+02:00,4,4,2721,2990,5007,6533,7248,9804,12888,16549,24178,26447,21572,24247,15796,20148,4823,9139,703,738,1362,2094,1944,3511,2793,5355,4124,5311,3948,4106,9923,12901,4336,8027,141677,49670,19805,12139,45918,6678,2671,27,19
2021-05-18T23:59:59+02:00,4,4,2697,2967,4960,6501,7197,9773,12534,16273,23998,26294,21479,24158,15766,20095,4815,9127,674,680,1307,1965,1871,3309,2695,5147,3995,5113,3723,3829,9841,12821,4326,8017,141401,49649,18950,11140,45874,6116,2390,27,19
2021-05-17T23:59:59+02:00,4,4,2671,2946,4917,6431,7109,9665,12381,16095,23849,26133,21425,24107,15747,20072,4810,9119,666,666,1291,1929,1850,3260,2647,5039,3916,4999,3584,3677,9773,12758,4323,8008,140430,49626,18942,11130,45857,5383,2229,27,19
2021-05-16T23:59:59+02:00,4,4,2659,2932,4894,6364,7071,9582,12321,16021,23797,26073,21401,24090,15737,20058,4807,9116,661,660,1281,1926,1833,3251,2625,5027,3887,4977,3530,3610,9734,12726,4322,8006,139993,49613,18934,11119,45835,5164,2142,27,19
2021-05-15T23:59:59+02:00,4,4,2534,2794,4707,6158,6880,9396,11803,15603,23208,25523,21294,23972,15703,20015,4804,9108,611,597,1198,1839,1696,3097,2337,4719,3439,4466,3198,3182,9571,12521,4298,7977,136603,46653,18933,11119,45830,4839,2117,27,19
2021-05-14T23:59:59+02:00,4,4,2418,2617,4512,5933,6603,9083,11267,15091,22641,24955,21147,23832,15667,19957,4800,9097,548,519,1095,1719,1536,2881,2005,4316,2840,3876,2813,2744,9487,12374,4294,7973,132781,43724,18926,11117,45806,4073,2088,27,19
2021-05-13T23:59:59+02:00,4,4,2236,2330,4190,5550,6176,8609,10707,14403,21609,24043,20864,23558,15607,19858,4793,9082,544,519,1082,1703,1521,2862,1995,4290,2819,3850,2797,2727,9480,12370,4293,7973,126877,43651,18872,11109,45780,3980,2067,27,19
2021-05-12T23:59:59+02:00,4,4,2235,2327,4182,5549,6167,8603,10605,14282,21556,24004,20859,23547,15602,19850,4792,9082,536,497,1046,1648,1472,2783,1912,4203,2760,3791,2716,2632,9429,12297,4293,7973,126833,43648,18546,10281,45780,3977,2064,27,19
2021-05-11T23:59:59+02:00,4,4,2114,2288,4098,5484,6042,8489,10299,14031,21364,23842,20783,23475,15587,19817,4788,9077,511,473,985,1588,1403,2692,1812,4065,2687,3717,2563,2404,9365,12196,4292,7973,125890,43631,18209,9447,45497,3667,1963,27,19
2021-05-10T23:59:59+02:00,4,4,2073,2211,3991,5362,5907,8310,9508,13268,20984,23519,20693,23386,15548,19763,4778,9064,498,444,948,1524,1338,2603,1722,3904,2603,3622,2535,2380,9355,12178,4288,7968,124756,43605,16359,9267,45394,3183,1837,27,19
2021-05-09T23:59:59+02:00,4,4,2041,2196,3957,5322,5854,8262,9442,13199,20914,23446,20660,23345,15534,19736,4775,9050,491,435,927,1481,1311,2555,1688,3842,2565,3579,2526,2368,9345,12161,4288,7960,124313,43545,16355,9264,45299,2948,1747,27,19
2021-05-08T23:59:59+02:00,4,4,1978,2093,3773,5147,5580,8056,9131,12914,19778,22517,20464,23150,15501,19667,4770,9038,418,405,862,1441,1235,2482,1600,3740,2346,3366,1981,1940,9251,12076,4287,7960,120163,42072,16354,9263,45296,2306,1746,6,4
2021-05-07T23:59:59+02:00,4,4,1891,1981,3589,4976,5258,7760,8722,12543,18528,21244,20281,22938,15455,19610,4761,9019,325,346,753,1366,1103,2352,1466,3597,2171,3173,1613,1605,8762,11629,4286,7958,115218,40343,16352,9258,45276,1189,1712,6,4
2021-05-06T23:59:59+02:00,4,4,1707,1872,3303,4724,4807,7355,8080,11979,17287,20000,19947,22560,15348,19447,4751,9008,308,337,732,1337,1063,2306,1417,3513,2104,3105,1577,1550,8745,11598,4280,7955,109360,40323,16345,9252,45042,919,1430,6,4
2021-05-05T23:59:59+02:00,4,3,1637,1842,3222,4637,4730,7251,7948,11828,17131,19854,19827,22441,15272,19351,4729,8912,297,325,690,1285,1002,2231,1333,3363,1995,2988,1484,1451,8328,11030,4274,7937,108601,40286,16202,8124,44872,662,938,6,4
2021-05-04T23:59:59+02:00,4,3,1611,1813,3180,4563,4671,7141,7696,11534,16572,19275,19740,22311,15197,19254,4701,8802,281,312,667,1256,981,2177,1274,3243,1882,2831,1412,1345,8257,10927,4270,7919,107915,40261,14855,7848,44769,399,523,6,4
2021-05-03T23:59:59+02:00,4,3,1603,1809,3172,4549,4633,7119,7443,11302,15879,18680,19676,22226,15171,19220,4695,8792,266,291,645,1174,932,2089,1211,3104,1784,2694,1346,1265,8232,10892,4266,7910,107834,40251,13257,7641,44729,56,150,6,4
2021-05-02T23:59:59+02:00,4,3,1602,1807,3167,4547,4628,7116,7430,11292,15860,18668,19660,22218,15171,19218,4694,8792,266,288,642,1173,927,2086,1201,3098,1776,2687,1332,1258,8231,10887,4265,7910,107808,40228,13254,7639,44705,53,104,6,4
2021-05-01T23:59:59+02:00,4,3,1469,1665,2887,4297,4161,6756,6812,10809,13924,16788,19279,21822,15080,19102,4691,8776,264,288,639,1171,926,2083,1199,3096,1774,2683,1327,1254,8229,10885,4265,7910,100264,40197,13254,7639,44701,53,101,5,4
2021-04-30T23:59:59+02:00,3,3,1346,1515,2671,4074,3831,6360,6244,10214,12133,14749,18821,21282,14976,18960,4677,8766,259,287,632,1164,911,2075,1187,3086,1763,2670,1316,1245,8225,10880,4264,7909,92636,40151,13254,7639,44701,50,30,4,4
2021-04-29T23:59:59+02:00,2,3,1230,1450,2505,3948,3590,6156,5887,9911,10792,13472,18562,21005,14933,18890,4673,8760,258,283,627,1157,899,2069,1167,3081,1733,2634,1290,1221,8219,10871,4264,7909,87947,40119,13245,7506,44560,41,13,4,4
2021-04-28T23:59:59+02:00,2,3,1171,1444,2455,3929,3539,6132,5825,9878,10695,13404,18532,20971,14926,18874,4673,8757,258,282,625,1156,896,2067,1162,3077,1725,2633,1284,1203,7777,10351,4264,7909,87677,40098,13195,6520,44322,37,12,4,3
2021-04-27T23:59:59+02:00,2,3,1123,1417,2354,3885,3474,6105,5706,9823,10578,13328,18499,20932,14913,18859,4672,8755,257,282,623,1149,895,2065,1157,3074,1721,2629,1272,1186,7360,9769,4264,7909,87169,40078,13142,5489,44102,32,11,4,3
2021-04-26T23:59:59+02:00,2,3,1081,1388,2264,3793,3347,6005,5539,9703,10275,13069,18437,20878,14904,18841,4670,8755,256,281,622,1147,889,2062,1150,3071,1703,2619,1257,1173,7351,9749,4264,7909,85832,39991,13132,5468,43975,31,11,4,3
2021-04-25T23:59:59+02:00,2,3,1078,1386,2256,3791,3340,6001,5519,9696,10240,13039,18427,20866,14903,18835,4670,8754,255,281,622,1147,889,2062,1148,3071,1703,2619,1257,1173,7351,9747,4264,7909,85810,39989,13123,5466,43859,31,10,4,3
2021-04-24T23:59:59+02:00,2,2,1035,1269,2069,3254,3070,5385,5326,9284,9408,11994,17721,19970,14789,18676,4662,8743,253,280,621,1145,889,2061,1148,3070,1697,2614,1254,1168,7349,9746,4264,7908,79689,39963,13123,5462,43834,31,9,4,3
2021-04-23T23:59:59+02:00,1,2,1003,1185,1956,2907,2888,4834,5131,8855,8854,11272,16091,18112,14643,18470,4654,8720,253,280,620,1145,887,2059,1147,3070,1696,2613,1249,1163,7345,9744,4264,7907,72669,39949,13122,5451,43774,31,9,4,3
2021-04-22T23:59:59+02:00,1,2,998,1174,1936,2891,2868,4815,5074,8809,8742,11169,16020,18035,14617,18440,4652,8715,251,280,616,1144,884,2058,1139,3058,1681,2593,1225,1142,7340,9736,4264,7907,72621,39936,13066,5341,43258,30,9,4,3
2021-04-21T23:59:59+02:00,1,2,989,1166,1924,2878,2841,4789,5028,8754,8635,11046,15934,17951,14588,18406,4652,8710,246,277,606,1135,870,2028,1129,3033,1670,2568,1212,1129,7116,9418,4263,7907,72581,39929,13010,4638,42690,29,9,4,3
2021-04-20T23:59:59+02:00,1,2,962,1117,1872,2763,2768,4628,4935,8575,8461,10839,15703,17669,14529,18347,4645,8704,233,274,588,1114,844,1998,1100,3007,1635,2526,1192,1116,7108,9413,4262,7906,72545,39908,11881,4373,42081,25,9,4,2
2021-04-19T23:59:59+02:00,1,2,953,1108,1840,2743,2718,4603,4811,8514,8261,10728,15611,17571,14507,18328,4645,8698,227,266,570,1091,826,1966,1082,2964,1589,2471,1174,1097,7101,9410,4260,7905,72145,39873,11860,4093,41624,23,9,4,2
2021-04-18T23:59:59+02:00,1,2,950,1107,1835,2737,2710,4591,4793,8502,8221,10686,15562,17513,14497,18311,4644,8696,227,266,570,1090,825,1966,1081,2964,1589,2470,1174,1096,7099,9409,4259,7905,72099,39866,11857,4091,41389,23,9,4,2
2021-04-17T23:59:59+02:00,0,2,917,1093,1786,2699,2642,4512,4639,8361,7959,10457,13193,14613,14300,17958,4627,8660,225,266,570,1087,821,1960,1069,2957,1579,2450,1137,1054,6767,8993,4234,7857,65281,38913,11857,4080,41267,23,9,4,2
2021-04-16T23:59:59+02:00,0,2,911,1087,1774,2688,2600,4473,4547,8277,7779,10265,10360,11360,14027,17541,4608,8604,223,261,569,1084,816,1956,1059,2954,1571,2437,1126,1040,6761,8988,4231,7854,58007,38834,11855,4064,41028,23,9,4,1
2021-04-15T23:59:59+02:00,0,2,898,1082,1752,2674,2558,4440,4433,8216,7548,10064,10111,11141,13965,17475,4602,8590,221,260,569,1082,815,1954,1056,2951,1568,2434,1121,1036,6759,8986,4231,7854,57983,38820,11853,4046,39702,22,9,4,1
2021-04-14T23:59:59+02:00,0,2,879,1055,1694,2591,2469,4317,4242,8033,7274,9781,9737,10659,13816,17296,4596,8581,196,235,528,1031,792,1887,1021,2871,1518,2373,1095,1006,6755,8977,4231,7853,57950,38804,10905,3537,38154,19,9,4,1
2021-04-13T23:59:59+02:00,0,2,854,1033,1656,2539,2401,4234,4141,7896,7064,9565,9332,10140,13672,17129,4591,8569,160,211,493,982,752,1794,987,2761,1466,2303,1076,971,6739,8966,4230,7853,57906,38740,9958,2982,36941,13,9,4,1
2021-04-12T23:59:59+02:00,0,2,850,1031,1637,2536,2371,4221,4088,7845,6923,9393,9067,9826,13608,17070,4580,8553,149,197,465,942,729,1729,966,2689,1422,2253,1054,954,6723,8946,4227,7848,57848,38624,9928,2647,35812,13,9,4,1
2021-04-11T23:59:59+02:00,0,2,849,1030,1626,2536,2358,4219,4065,7833,6858,9332,8933,9661,13581,17022,4575,8544,149,197,465,940,729,1728,964,2689,1421,2253,1054,954,6721,8946,4227,7848,57836,38618,9926,2646,35249,12,9,4,1
2021-04-10T23:59:59+02:00,0,2,833,1025,1598,2507,2321,4190,3994,7775,6726,9215,8377,8926,12917,16169,4564,8502,146,197,463,937,723,1725,964,2682,1412,2246,1041,938,6251,8448,4212,7832,54502,37552,9925,2644,35201,12,9,4,1
2021-04-09T23:59:59+02:00,0,2,811,996,1558,2459,2254,4110,3841,7616,6379,8883,7855,8268,12101,15143,4494,8365,144,196,461,932,717,1718,956,2672,1397,2236,1019,917,6009,8178,4195,7805,50528,36891,9918,2640,34676,12,9,4,1
2021-04-08T23:59:59+02:00,0,2,802,986,1531,2435,2188,4061,3706,7529,6125,8583,7241,7613,11942,14943,4483,8348,144,193,456,929,712,1711,948,2662,1390,2223,1007,915,6006,8176,4194,7805,50495,36871,9894,2579,32116,12,9,4,1
2021-04-07T23:59:59+02:00,0,2,796,977,1505,2417,2130,4023,3619,7459,5893,8317,6688,6981,11335,14194,4471,8321,125,186,425,882,666,1642,892,2592,1340,2154,986,899,5998,8170,4193,7805,50468,36847,8736,2088,29912,12,8,4,1
2021-04-06T23:59:59+02:00,0,2,791,975,1491,2409,2101,4001,3546,7410,5712,8146,6242,6473,11133,13978,4456,8293,101,165,376,820,621,1567,848,2492,1288,2090,962,883,5980,8157,4191,7801,50398,36820,8552,1503,28198,12,7,4,1
2021-04-05T23:59:59+02:00,0,2,786,971,1475,2401,2077,3992,3495,7384,5569,8036,6040,6258,11066,13892,4450,8283,95,163,375,818,614,1558,840,2477,1275,2071,934,852,4887,6757,4112,7695,50200,34011,8548,1493,27418,12,7,4,1
2021-04-04T23:59:59+02:00,0,2,784,965,1473,2399,2073,3990,3478,7377,5559,8029,6029,6238,11052,13874,4448,8280,95,163,373,816,611,1553,833,2470,1260,2051,911,830,3885,5596,4046,7589,50185,31570,8546,1493,27308,12,7,4,1
2021-04-03T23:59:59+02:00,0,2,732,910,1391,2330,1950,3851,3217,7117,5099,7536,5686,5783,10881,13657,4422,8251,93,163,373,815,611,1551,832,2470,1260,2051,911,830,3885,5593,4046,7588,46952,31560,8546,1493,27306,12,7,4,1
2021-04-02T23:59:59+02:00,0,2,689,875,1336,2262,1852,3737,2961,6856,4585,7057,5296,5324,10784,13494,4417,8245,92,163,373,815,611,1551,830,2470,1258,2048,909,826,3882,5590,4045,7588,44029,31541,8545,1492,27188,12,6,4,1
2021-04-01T23:59:59+02:00,0,2,686,873,1325,2256,1832,3729,2932,6842,4511,6984,5187,5215,10745,13445,4416,8241,92,163,371,811,609,1548,830,2467,1254,2044,899,825,3878,5588,4044,7587,44012,31532,8401,1460,26798,12,6,4,1
2021-03-31T23:59:59+02:00,0,2,684,871,1318,2240,1824,3719,2904,6814,4448,6938,5048,5055,10236,12838,4412,8233,92,163,370,811,609,1548,830,2467,1252,2044,898,825,3878,5587,4044,7586,44000,31526,7274,1460,26301,12,6,3,1
2021-03-30T23:59:59+02:00,0,2,675,868,1300,2220,1794,3690,2867,6779,4362,6848,4881,4861,9711,12138,4405,8218,87,160,369,807,604,1545,825,2461,1244,2042,887,815,3870,5584,4043,7585,43973,31505,6089,1407,25548,10,6,3,1
2021-03-29T23:59:59+02:00,0,2,670,860,1287,2185,1777,3659,2836,6737,4291,6763,4682,4664,9625,12044,4402,8204,87,160,369,805,599,1541,823,2455,1240,2035,879,809,3862,5577,4043,7585,43904,31492,5872,1362,24903,9,6,3,1
2021-03-28T23:59:59+02:00,0,2,667,858,1284,2182,1762,3649,2821,6725,4257,6710,4586,4554,9588,11980,4397,8197,87,160,369,804,599,1541,821,2455,1238,2035,878,809,3861,5577,4043,7585,43882,31490,5863,1357,24465,9,6,3,1
2021-03-27T23:59:59+01:00,0,2,663,853,1275,2177,1746,3633,2793,6695,4094,6567,4010,4100,9359,11733,4384,8178,87,160,367,802,597,1539,819,2452,1230,2029,874,805,3683,5287,3942,7416,41939,30717,5859,1357,24455,9,6,3,1
2021-03-26T23:59:59+01:00,0,2,657,844,1267,2167,1725,3616,2767,6673,4018,6489,3605,3736,8762,11175,4371,8164,87,160,366,801,596,1536,815,2449,1221,2025,861,792,2966,4348,3733,7073,40007,28457,5846,1357,24177,9,6,2,1
2021-03-25T23:59:59+01:00,0,2,650,839,1254,2153,1706,3592,2708,6634,3935,6411,3430,3518,8652,11064,4366,8158,87,160,366,801,596,1536,815,2448,1220,2025,861,792,2965,4347,3732,7072,39994,28451,5739,1357,23331,9,6,2,1
2021-03-24T23:59:59+01:00,0,2,644,832,1221,2127,1661,3547,2630,6566,3779,6261,3112,3156,8245,10514,4357,8146,83,158,354,788,579,1518,782,2414,1170,1992,828,755,2956,4341,3732,7069,39972,28149,4982,1356,21838,8,6,2,1
2021-03-23T23:59:59+01:00,0,2,631,824,1196,2095,1619,3500,2549,6485,3630,6107,2733,2771,8029,10295,4350,8129,78,154,342,766,544,1487,721,2351,1068,1911,745,695,2920,4307,3728,7065,39929,27519,4692,1349,20317,8,6,1,1
2021-03-22T23:59:59+01:00,0,2,607,711,1160,2040,1586,3445,2496,6415,3490,5977,2491,2533,7699,9940,4334,8093,78,153,342,766,544,1485,720,2350,1065,1911,744,692,2916,4302,3727,7062,39461,27494,4368,1349,19183,8,6,1,1
2021-03-21T23:59:59+01:00,0,2,606,708,1154,2032,1575,3435,2479,6400,3452,5943,2349,2369,7606,9828,4326,8079,78,153,342,765,544,1485,720,2350,1065,1911,744,692,2916,4301,3727,7062,39457,27492,4354,1349,18525,8,6,1,1
2021-03-20T23:59:59+01:00,0,2,605,708,1152,2026,1568,3428,2473,6393,3435,5921,2317,2331,7116,9311,4310,8063,78,153,342,765,543,1485,718,2349,1065,1910,744,692,2916,4299,3725,7060,38419,27481,4342,1349,18391,8,6,1,1
2021-03-19T23:59:59+01:00,0,2,598,701,1138,2010,1533,3404,2403,6253,3372,5813,2135,2148,6808,8993,4291,8038,78,153,341,759,539,1482,713,2341,1054,1897,735,685,2493,3697,3311,6314,37814,25235,4326,1349,17493,2,6,1,1
2021-03-18T23:59:59+01:00,0,2,583,685,1118,1980,1506,3374,2363,6185,3299,5724,1983,1952,6689,8874,4285,8027,77,153,341,757,538,1482,712,2337,1051,1896,728,682,2443,3625,3284,6272,37794,25043,4315,1327,16513,2,6,1,1
2021-03-17T23:59:59+01:00,0,1,553,656,1073,1924,1469,3290,2286,6068,3147,5569,1727,1686,6523,8721,4275,8012,76,149,329,730,522,1438,690,2279,1013,1855,711,663,2203,3331,3203,6148,37722,24077,3789,1255,15462,2,6,1,1
2021-03-16T23:59:59+01:00,0,1,509,627,1033,1868,1418,3186,2221,5914,3031,5435,1531,1464,6389,8574,4265,7991,70,136,308,674,492,1361,661,2144,984,1727,662,613,2092,3197,3180,6064,37667,23334,3170,1024,14614,2,5,1,1
2021-03-15T23:59:59+01:00,0,1,497,616,1002,1822,1384,3118,2190,5829,2944,5351,1407,1329,5810,7887,4226,7928,67,129,293,616,477,1241,623,2014,944,1614,634,593,2055,3158,3167,6005,36434,22938,2815,690,14091,2,0,1,1
2021-03-14T23:59:59+01:00,0,1,492,610,992,1810,1381,3101,2174,5811,2910,5324,1364,1279,5418,7440,4203,7910,66,124,289,593,471,1214,617,1958,934,1589,634,593,2055,3158,3166,6003,35619,22932,2810,530,13790,2,0,1,1
2021-03-13T23:59:59+01:00,0,1,471,592,955,1763,1328,3037,1918,5222,2670,4910,1259,1166,4769,6593,4154,7835,66,124,288,590,469,1212,615,1956,933,1585,632,588,1694,2678,2643,5249,33951,20790,2806,530,11885,2,0,1,1
2021-03-12T23:59:59+01:00,0,1,455,571,935,1722,1298,2956,1714,4434,2463,4461,1189,1083,4073,5793,4107,7753,66,122,287,586,469,1209,613,1948,928,1579,629,581,1374,2140,2109,4455,32279,18564,2803,530,9925,1,0,1,1
2021-03-11T23:59:59+01:00,0,1,451,564,927,1710,1283,2939,1689,4400,2427,4425,1115,1028,4031,5757,4104,7749,66,114,281,564,455,1157,604,1899,909,1543,617,568,1368,2123,2100,4406,32247,18315,2708,458,9644,1,0,1,1
2021-03-10T23:59:59+01:00,0,1,430,553,881,1652,1229,2862,1616,4303,2361,4332,1082,1005,4015,5742,4103,7747,66,114,279,560,452,1150,599,1876,909,1538,611,560,1307,2037,2057,4350,32232,18031,2142,433,9539,1,0,1,1
2021-03-09T23:59:59+01:00,0,1,408,537,833,1602,1188,2799,1574,4220,2318,4279,1061,994,4009,5735,4102,7746,64,113,278,559,451,1139,597,1864,903,1533,609,554,1102,1728,1942,4178,32186,17207,1692,406,9527,1,0,1,1
2021-03-08T23:59:59+01:00,0,1,401,526,823,1588,1179,2783,1566,4195,2307,4266,1048,983,3972,5688,4100,7741,63,113,274,554,447,1133,596,1860,899,1531,609,554,1033,1637,1897,4135,32058,16952,1596,382,9512,1,0,1,1
2021-03-07T23:59:59+01:00,0,1,400,523,823,1587,1177,2781,1562,4189,2297,4261,1042,975,3966,5682,4099,7740,60,110,265,532,435,1107,581,1760,864,1456,608,554,929,1508,1847,4067,32042,16594,1557,89,9505,0,0,1,1
2021-03-06T23:59:59+01:00,0,1,392,507,804,1554,1154,2723,1521,4122,2104,3765,1013,938,3793,5411,4002,7579,60,110,265,532,435,1106,581,1760,864,1456,608,554,926,1507,1844,4066,31335,16585,1557,89,8490,0,0,1,1
2021-03-05T23:59:59+01:00,0,1,377,467,771,1450,1104,2506,1446,3909,1891,3095,983,893,3048,4452,3798,7240,60,109,264,529,432,1100,580,1755,860,1453,605,552,887,1448,1821,4028,29039,16394,1556,89,6835,0,0,1,1
2021-03-04T23:59:59+01:00,0,1,362,459,764,1430,1091,2483,1427,3880,1868,3076,970,889,3044,4448,3795,7238,60,108,261,526,428,1084,570,1733,859,1445,603,550,850,1394,1798,3993,29026,16236,1518,26,6680,0,0,1,1
2021-03-03T23:59:59+01:00,0,1,351,427,745,1379,1060,2400,1377,3726,1790,2979,937,845,3034,4442,3795,7235,59,107,258,524,427,1080,568,1724,856,1441,603,549,830,1341,1713,3848,28713,15904,1518,24,6291,0,0,1,1
2021-03-02T23:59:59+01:00,0,1,345,418,729,1355,1012,2355,1308,3642,1674,2883,849,779,2992,4405,3789,7230,59,107,257,520,426,1072,568,1718,856,1437,602,549,830,1341,1713,3848,28076,15879,1455,24,6234,0,0,1,1
2021-03-01T23:59:59+01:00,0,1,341,404,722,1308,999,2297,1288,3560,1648,2834,831,770,2984,4395,3789,7230,59,106,256,516,421,1058,564,1705,847,1429,601,547,734,1189,1659,3768,28036,15435,1406,24,5958,0,0,1,1
2021-02-28T23:59:59+01:00,0,1,336,391,714,1269,986,2221,1276,3473,1626,2755,827,760,2982,4391,3788,7228,59,106,256,516,421,1057,564,1705,845,1429,601,546,637,1065,1613,3688,28025,15085,1403,23,5595,0,0,1,1
2021-02-27T23:59:59+01:00,0,1,327,371,700,1244,966,2184,1241,3404,1603,2702,810,745,2979,4391,3787,7228,59,106,256,516,421,1057,563,1705,844,1429,601,546,637,1064,1613,3688,28023,15082,1403,23,5256,0,0,1,1
2021-02-26T23:59:59+01:00,0,1,302,318,652,1179,902,2066,1151,3238,1499,2563,781,722,2550,3786,3370,6462,59,106,253,514,421,1055,561,1703,841,1423,597,544,630,1052,1604,3669,25760,15009,1403,23,4378,0,0,1,1
2021-02-25T23:59:59+01:00,0,1,297,305,639,1147,881,2024,1132,3172,1481,2518,778,719,2504,3713,3340,6418,57,104,249,506,421,1051,556,1693,838,1412,591,539,553,942,1560,3613,25540,14664,1403,21,4125,0,0,1,1
2021-02-24T23:59:59+01:00,0,1,278,295,588,1101,834,1957,1074,3077,1437,2460,761,700,2264,3411,3258,6288,56,100,245,499,415,1033,547,1671,835,1392,584,528,540,922,1549,3591,24557,14492,1403,15,3823,0,0,1,1
2021-02-23T23:59:59+01:00,0,1,265,275,560,1044,797,1880,1006,2928,1365,2358,710,650,2153,3276,3235,6198,56,98,243,493,415,1017,537,1639,828,1370,575,522,525,875,1538,3547,23769,14263,1398,15,3533,0,0,1,1
2021-02-22T23:59:59+01:00,0,1,261,269,548,982,777,1804,981,2834,1329,2298,687,630,2126,3241,3227,6141,56,97,237,487,413,1004,528,1623,824,1345,561,510,507,850,1532,3497,23380,14056,1398,15,3357,0,0,1,1
2021-02-21T23:59:59+01:00,0,1,258,261,539,957,764,1767,973,2786,1299,2272,687,628,2124,3241,3226,6140,56,97,236,487,413,1004,528,1623,824,1344,561,509,507,850,1532,3496,23374,14052,1398,15,3150,0,0,1,1
2021-02-20T23:59:59+01:00,0,1,174,230,468,908,696,1690,903,2697,1214,2173,672,613,1756,2727,2677,5346,56,97,236,487,413,1004,528,1622,824,1344,561,509,507,850,1532,3496,21124,14051,1398,15,2422,0,0,1,1
2021-02-19T23:59:59+01:00,0,1,83,167,357,827,570,1557,770,2548,1078,2021,656,592,1454,2215,2142,4557,56,97,236,487,413,1003,528,1622,824,1343,561,509,500,847,1531,3490,18943,14033,1398,14,1253,0,0,1,1
2021-02-18T23:59:59+01:00,0,1,80,162,345,777,549,1468,737,2408,1045,1954,641,582,1445,2197,2133,4508,53,90,231,465,399,938,513,1542,805,1269,547,495,494,829,1530,3473,18706,13659,1373,14,952,0,0,1,1
2021-02-17T23:59:59+01:00,0,1,79,154,331,754,540,1435,708,2315,1009,1855,635,572,1387,2110,2087,4459,53,87,229,456,391,900,502,1477,786,1187,534,483,492,827,1530,3473,18448,13393,1300,14,682,0,0,1,1
2021-02-16T23:59:59+01:00,0,1,74,148,316,715,512,1362,676,2207,984,1750,625,565,1143,1766,1969,4282,52,78,228,451,385,870,489,1412,760,1120,513,470,490,827,1527,3472,17542,13142,1062,2,490,0,0,1,1
2021-02-15T23:59:59+01:00,0,1,69,132,290,612,477,1221,621,1994,934,1591,616,563,1060,1660,1918,4220,52,78,226,446,381,864,488,1408,757,1113,513,470,489,824,1526,3469,17217,13104,724,0,37,0,0,1,1
2021-02-14T23:59:59+01:00,0,1,68,125,285,587,472,1192,610,1940,920,1569,616,563,963,1537,1873,4164,52,78,226,446,381,864,488,1406,757,1113,513,470,489,824,1526,3469,16893,13102,569,0,22,0,0,1,1
2021-02-13T23:59:59+01:00,0,1,68,124,285,586,471,1188,609,1938,918,1566,615,562,962,1528,1869,4161,52,78,226,445,379,859,487,1401,755,1112,511,468,472,786,1271,3011,16859,12313,569,0,22,0,0,1,1
2021-02-12T23:59:59+01:00,0,1,67,124,284,585,467,1184,609,1935,915,1565,612,561,923,1477,1849,4121,52,78,226,441,376,850,482,1392,749,1106,504,460,454,747,925,2319,16690,11161,569,0,19,0,0,1,1
2021-02-11T23:59:59+01:00,0,1,67,117,281,574,454,1157,603,1909,908,1553,611,560,881,1419,1827,4084,52,75,211,411,362,803,466,1319,734,1074,501,459,454,747,924,2318,16514,10911,486,0,5,0,0,1,0
2021-02-10T23:59:59+01:00,0,1,66,117,277,571,452,1152,599,1893,903,1549,611,560,872,1403,1806,4040,51,65,177,334,308,700,416,1147,655,980,466,447,449,746,924,2317,16412,10183,458,0,1,0,0,1,0
2021-02-09T23:59:59+01:00,0,1,64,115,271,568,449,1139,598,1879,897,1543,610,559,860,1368,1741,3937,43,53,124,256,232,549,335,945,553,826,431,436,445,745,922,2317,16168,9213,430,0,0,0,0,1,0
2021-02-08T23:59:59+01:00,0,1,63,115,268,559,446,1132,597,1864,891,1535,609,557,759,1218,1687,3855,38,43,86,166,169,411,269,707,492,691,423,429,441,742,921,2317,15750,8346,405,0,0,0,0,1,0
2021-02-07T23:59:59+01:00,0,1,60,112,259,536,431,1101,581,1761,856,1456,608,556,656,1091,1640,3772,37,42,82,164,166,404,264,694,487,680,421,428,441,742,921,2316,15380,8290,96,0,0,0,0,1,0
2021-02-06T23:59:59+01:00,0,1,60,112,258,536,431,1101,579,1760,854,1453,605,554,654,1082,1634,3765,34,41,81,161,163,394,260,686,476,672,413,427,405,694,687,1935,15342,7530,96,0,0,0,0,1,0
2021-02-05T23:59:59+01:00,0,1,60,112,256,533,431,1099,578,1759,852,1451,603,554,644,1075,1628,3754,32,39,77,155,158,386,252,667,459,662,407,427,399,669,299,1313,15293,6402,96,0,0,0,0,1,0
2021-02-04T23:59:59+01:00,0,1,58,110,251,526,425,1083,562,1732,848,1437,596,545,560,958,1580,3696,31,36,73,150,152,375,238,646,442,648,402,421,394,662,297,1308,14939,6276,28,0,0,0,0,1,0
2021-02-03T23:59:59+01:00,0,1,57,105,247,519,424,1063,559,1717,846,1422,592,535,550,948,1577,3683,24,28,59,118,119,276,174,506,333,498,300,321,319,521,226,1047,14818,4870,26,0,0,0,0,1,0
2021-02-02T23:59:59+01:00,0,1,57,103,244,513,424,1045,547,1684,838,1398,579,526,539,903,1568,3639,17,21,40,77,83,182,122,341,218,359,211,215,203,327,162,693,14581,3272,26,0,0,0,0,1,0
2021-02-01T23:59:59+01:00,0,1,57,101,240,505,422,1029,539,1663,834,1375,571,520,522,874,1560,3595,7,11,20,40,45,94,65,168,94,162,99,98,85,152,70,307,14381,1517,26,0,0,0,0,1,0
2021-01-31T23:59:59+01:00,0,1,57,101,239,504,420,1025,537,1658,831,1372,571,519,522,874,1560,3594,7,11,18,36,40,80,61,142,81,147,95,98,84,151,68,306,14359,1425,25,0,0,0,0,1,0
2021-01-30T23:59:59+01:00,0,1,57,101,239,504,420,1025,537,1658,831,1372,571,519,522,874,1560,3594,7,11,18,36,40,80,61,142,81,147,95,97,84,151,68,306,14359,1424,25,0,0,0,0,1,0
2021-01-29T23:59:59+01:00,0,1,57,101,239,504,420,1025,537,1658,831,1372,571,519,522,874,1560,3594,7,11,18,36,40,80,61,142,81,147,95,97,84,151,68,306,14359,1424,25,0,0,0,0,1,0
2021-01-28T23:59:59+01:00,0,1,55,93,235,476,408,959,519,1572,809,1290,558,504,516,857,1558,3580,3,2,4,6,11,13,19,34,21,31,16,20,19,33,17,91,13970,340,19,0,0,0,0,1,0
2021-01-27T23:59:59+01:00,0,1,53,89,235,466,400,920,509,1506,789,1207,546,491,514,855,1558,3580,3,2,4,6,9,13,19,33,21,30,16,20,19,33,17,91,13701,336,17,0,0,0,0,1,0
2021-01-26T23:59:59+01:00,0,1,52,83,231,463,393,891,498,1438,764,1140,524,478,512,855,1558,3580,1,2,4,6,9,12,17,29,17,25,14,18,17,31,17,84,13444,303,16,0,0,0,0,1,0
2021-01-25T23:59:59+01:00,0,1,52,83,228,458,390,885,498,1435,762,1135,524,478,512,854,1558,3578,0,0,0,0,0,0,0,0,0,0,1,1,0,2,0,0,13415,4,15,0,0,0,0,1,0
2021-01-24T23:59:59+01:00,0,1,52,83,228,458,390,885,498,1434,762,1135,524,478,512,854,1558,3578,0,0,0,0,0,0,0,0,0,0,1,1,0,2,0,0,13414,4,15,0,0,0,0,1,0
2021-01-23T23:59:59+01:00,0,1,52,83,228,457,389,881,498,1428,761,1133,521,476,495,816,1305,3110,0,0,0,0,0,0,0,0,0,0,1,1,0,2,0,0,12618,4,15,0,0,0,0,1,0
2021-01-22T23:59:59+01:00,0,1,52,83,227,453,385,871,493,1418,756,1125,515,468,478,775,947,2395,0,0,0,0,0,0,0,0,0,0,1,1,0,2,0,0,11427,4,15,0,0,0,0,0,0
2021-01-21T23:59:59+01:00,0,1,52,80,209,420,358,815,466,1319,730,1091,511,468,478,775,946,2394,0,0,0,0,0,0,0,0,0,0,1,1,0,2,0,0,11098,4,15,0,0,0,0,0,0
2021-01-20T23:59:59+01:00,0,1,50,70,181,349,317,730,424,1165,660,1000,475,457,473,775,946,2393,0,0,0,0,0,0,0,0,0,0,1,1,0,2,0,0,10451,4,15,0,0,0,0,0,0
2021-01-19T23:59:59+01:00,0,1,44,57,135,272,244,571,347,983,570,860,440,445,469,773,946,2393,0,0,0,0,0,0,0,0,0,0,1,0,0,2,0,0,9543,3,7,0,0,0,0,0,0
2021-01-18T23:59:59+01:00,0,1,40,44,86,173,175,421,278,720,499,703,431,438,466,768,944,2393,0,0,0,0,0,0,0,0,0,0,0,0,0,1,0,0,8580,1,0,0,0,0,0,0,0
2021-01-17T23:59:59+01:00,0,1,37,43,83,169,171,413,274,709,494,690,429,438,466,768,944,2392,0,0,0,0,0,0,0,0,0,0,0,0,0,0,0,0,8521,0,0,0,0,0,0,0,0
2021-01-16T23:59:59+01:00,0,1,34,42,81,167,167,404,267,702,479,682,421,437,427,721,704,2007,0,0,0,0,0,0,0,0,0,0,0,0,0,0,0,0,7743,0,0,0,0,0,0,0,0
2021-01-15T23:59:59+01:00,0,1,32,40,78,160,164,398,260,685,465,674,415,436,422,697,310,1376,0,0,0,0,0,0,0,0,0,0,0,0,0,0,0,0,6613,0,0,0,0,0,0,0,0
2021-01-14T23:59:59+01:00,0,1,32,38,77,156,159,393,252,676,454,666,412,434,422,696,310,1376,0,0,0,0,0,0,0,0,0,0,0,0,0,0,0,0,6554,0,0,0,0,0,0,0,0
2021-01-13T23:59:59+01:00,0,0,24,31,61,123,124,298,192,542,346,523,315,333,348,551,239,1107,0,0,0,0,0,0,0,0,0,0,0,0,0,0,0,0,5157,0,0,0,0,0,0,0,0
2021-01-12T23:59:59+01:00,0,0,17,24,45,85,89,210,139,391,236,387,225,227,227,355,173,750,0,0,0,0,0,0,0,0,0,0,0,0,0,0,0,0,3580,0,0,0,0,0,0,0,0
2021-01-11T23:59:59+01:00,0,0,9,15,26,44,59,134,88,220,124,205,112,107,99,172,80,333,0,0,0,0,0,0,0,0,0,0,0,0,0,0,0,0,1827,0,0,0,0,0,0,0,0
2021-01-10T23:59:59+01:00,0,0,8,15,22,41,52,106,80,179,105,172,106,104,95,170,77,333,0,0,0,0,0,0,0,0,0,0,0,0,0,0,0,0,1665,0,0,0,0,0,0,0,0
2021-01-09T23:59:59+01:00,0,0,8,15,22,41,52,106,80,179,105,172,106,103,95,170,77,333,0,0,0,0,0,0,0,0,0,0,0,0,0,0,0,0,1664,0,0,0,0,0,0,0,0
2021-01-08T23:59:59+01:00,0,0,8,14,21,40,50,100,75,168,99,169,103,99,90,161,75,325,0,0,0,0,0,0,0,0,0,0,0,0,0,0,0,0,1597,0,0,0,0,0,0,0,0
2021-01-07T23:59:59+01:00,0,0,3,3,4,7,11,14,20,34,23,34,17,20,20,34,19,95,0,0,0,0,0,0,0,0,0,0,0,0,0,0,0,0,358,0,0,0,0,0,0,0,0
2021-01-06T23:59:59+01:00,0,0,3,2,4,6,9,13,20,33,21,31,17,20,20,34,19,94,0,0,0,0,0,0,0,0,0,0,0,0,0,0,0,0,346,0,0,0,0,0,0,0,0
2021-01-05T23:59:59+01:00,0,0,3,2,4,6,9,13,20,33,21,31,17,20,20,34,19,94,0,0,0,0,0,0,0,0,0,0,0,0,0,0,0,0,346,0,0,0,0,0,0,0,0
2021-01-04T23:59:59+01:00,0,0,0,0,0,0,0,0,1,0,0,0,1,1,0,2,0,0,0,0,0,0,0,0,0,0,0,0,0,0,0,0,0,0,5,0,0,0,0,0,0,0,0
2021-01-03T23:59:59+01:00,0,0,0,0,0,0,0,0,1,0,0,0,1,1,0,2,0,0,0,0,0,0,0,0,0,0,0,0,0,0,0,0,0,0,5,0,0,0,0,0,0,0,0
2021-01-02T23:59:59+01:00,0,0,0,0,0,0,0,0,1,0,0,0,1,1,0,2,0,0,0,0,0,0,0,0,0,0,0,0,0,0,0,0,0,0,5,0,0,0,0,0,0,0,0
2021-01-01T23:59:59+01:00,0,0,0,0,0,0,0,0,1,0,0,0,1,1,0,2,0,0,0,0,0,0,0,0,0,0,0,0,0,0,0,0,0,0,5,0,0,0,0,0,0,0,0
2020-12-31T23:59:59+01:00,0,0,0,0,0,0,0,0,1,0,0,0,1,1,0,2,0,0,0,0,0,0,0,0,0,0,0,0,0,0,0,0,0,0,5,0,0,0,0,0,0,0,0
2020-12-30T23:59:59+01:00,0,0,0,0,0,0,0,0,1,0,0,0,1,1,0,2,0,0,0,0,0,0,0,0,0,0,0,0,0,0,0,0,0,0,5,0,0,0,0,0,0,0,0
2020-12-29T23:59:59+01:00,0,0,0,0,0,0,0,0,1,0,0,0,1,0,0,2,0,0,0,0,0,0,0,0,0,0,0,0,0,0,0,0,0,0,4,0,0,0,0,0,0,0,0
2020-12-28T23:59:59+01:00,0,0,0,0,0,0,0,0,0,0,0,0,1,0,0,1,0,0,0,0,0,0,0,0,0,0,0,0,0,0,0,0,0,0,2,0,0,0,0,0,0,0,0
2020-12-27T23:59:59+01:00,0,0,0,0,0,0,0,0,0,0,0,0,0,0,0,0,0,0,0,0,0,0,0,0,0,0,0,0,0,0,0,0,0,0,0,0,0,0,0,0,0,0,0
