Datum,<15_m,<15_w,15-24_1_m,15-24_1_w,25-34_1_m,25-34_1_w,35-44_1_m,35-44_1_w,45-54_1_m,45-54_1_w,55-64_1_m,55-64_1_w,65-74_1_m,65-74_1_w,75-84_1_m,75-84_1_w,>84_1_m,>84_1_w,<24_2_m,<24_2_w,25-34_2_m,25-34_2_w,35-44_2_m,35-44_2_w,45-54_2_m,45-54_2_w,55-64_2_m,55-64_2_w,65-74_2_m,65-74_2_w,75-84_2_m,75-84_2_w,>84_2_m,>84_2_w,bp_1,bp_2,mo_1,mo_2,az_1,az_2,ja,unb_1,unb_2
2021-08-20T23:59:59+02:00,1100,1010,12449,11776,15853,14834,19276,19668,25959,27160,32675,33773,25061,27963,17118,21890,5050,9572,10614,10128,14523,13432,17998,18188,24392,25353,31023,32012,24190,26964,16608,21147,4904,9154,232686,216293,31145,29170,46376,44611,11821,159,71
2021-08-19T23:59:59+02:00,1075,986,12384,11719,15796,14802,19228,19621,25898,27112,32633,33739,25029,27940,17107,21879,5047,9570,10524,10053,14459,13391,17945,18152,24327,25310,30957,31968,24150,26946,16599,21130,4903,9151,232403,215873,31054,29160,46376,44603,11573,159,71
2021-08-18T23:59:59+02:00,1063,969,12343,11684,15768,14772,19199,19591,25869,27082,32598,33714,25011,27928,17102,21870,5045,9569,10471,9989,14411,13366,17897,18124,24282,25274,30898,31930,24129,26929,16593,21117,4899,9146,232090,215428,31054,29155,46375,44593,11499,159,71
2021-08-17T23:59:59+02:00,1038,944,12293,11643,15739,14733,19166,19562,25842,27060,32564,33676,24993,27909,17092,21853,5044,9564,10378,9909,14361,13320,17843,18069,24233,25234,30838,31887,24105,26906,16582,21097,4897,9139,231799,214843,30931,29093,46375,44592,11451,159,71
2021-08-16T23:59:59+02:00,1027,937,12261,11619,15723,14715,19149,19545,25819,27036,32545,33654,24973,27894,17084,21838,5041,9562,10321,9843,14339,13277,17820,18033,24189,25199,30802,31856,24081,26875,16567,21084,4897,9136,231575,214410,30931,29092,46375,44588,11382,159,71
2021-08-15T23:59:59+02:00,1019,937,12236,11605,15710,14698,19134,19530,25809,27027,32524,33640,24967,27885,17080,21827,5040,9562,10276,9809,14308,13255,17802,18012,24167,25186,30782,31830,24064,26867,16562,21076,4896,9134,231417,214140,30930,29092,46374,44583,11350,159,71
2021-08-14T23:59:59+02:00,1018,937,12235,11601,15710,14696,19131,19528,25809,27027,32524,33639,24967,27885,17080,21827,5040,9562,10109,9590,14202,13165,17728,17965,24120,25155,30742,31797,24049,26854,16559,21073,4894,9133,231408,213139,30930,29091,46374,44582,11345,159,71
2021-08-13T23:59:59+02:00,974,897,12085,11473,15656,14642,19067,19471,25738,26975,32471,33603,24942,27856,17069,21817,5039,9558,10058,9538,14161,13137,17689,17940,24088,25136,30718,31776,24039,26841,16553,21064,4894,9129,230583,212806,30929,29091,46374,44581,11292,155,71
2021-08-12T23:59:59+02:00,961,876,12029,11412,15612,14604,19031,19444,25694,26954,32426,33574,24917,27841,17061,21812,5039,9555,9967,9471,14087,13095,17630,17892,24023,25103,30666,31729,24011,26817,16537,21046,4892,9129,230367,212396,30907,29085,46374,44566,11039,155,71
2021-08-11T23:59:59+02:00,947,865,11996,11379,15592,14581,19002,19424,25673,26935,32403,33546,24900,27820,17057,21805,5038,9553,9894,9409,14033,13056,17584,17848,23983,25082,30626,31681,23982,26785,16521,21033,4891,9124,230084,211829,30907,29081,46373,44540,10997,155,71
2021-08-10T23:59:59+02:00,929,855,11909,11328,15540,14552,18961,19387,25620,26901,32348,33493,24883,27806,17050,21792,5037,9550,9799,9328,13984,13021,17553,17816,23937,25043,30573,31635,23949,26753,16515,21015,4887,9119,229715,211325,30776,29046,46371,44527,10924,155,71
2021-08-09T23:59:59+02:00,927,839,11883,11294,15525,14537,18939,19375,25588,26880,32320,33462,24876,27798,17046,21784,5037,9547,9745,9267,13949,12971,17515,17775,23908,25000,30538,31595,23935,26736,16510,21002,4885,9114,229489,210882,30776,29043,46370,44520,10867,155,71
2021-08-08T23:59:59+02:00,917,832,11848,11271,15503,14524,18919,19354,25563,26860,32298,33446,24868,27783,17039,21780,5036,9547,9669,9213,13905,12945,17488,17745,23875,24966,30506,31564,23922,26717,16502,20988,4884,9111,229302,210489,30776,29042,46370,44519,10785,155,71
2021-08-07T23:59:59+02:00,898,805,11752,11194,15460,14483,18879,19321,25524,26830,32252,33414,24851,27771,17030,21762,5035,9544,9052,8613,13468,12595,17277,17561,23724,24855,30357,31489,23865,26666,16481,20961,4879,9108,228721,207303,30776,29042,46370,44519,10783,155,71
2021-08-06T23:59:59+02:00,888,802,11722,11167,15443,14470,18869,19315,25510,26814,32243,33408,24847,27767,17025,21760,5035,9543,8472,7985,12954,12201,17050,17358,23584,24744,30262,31410,23834,26619,16469,20947,4876,9102,228672,204148,30654,29029,46370,44519,10777,155,71
2021-08-05T23:59:59+02:00,885,795,11683,11136,15406,14443,18828,19285,25464,26778,32199,33361,24807,27745,17023,21749,5035,9538,8416,7920,12910,12151,17000,17316,23521,24704,30189,31356,23787,26578,16456,20929,4874,9093,228455,203730,30653,29024,46370,44511,10527,155,71
2021-08-04T23:59:59+02:00,868,779,11653,11106,15388,14411,18798,19262,25437,26749,32153,33322,24792,27732,17018,21744,5033,9530,8327,7831,12851,12104,16948,17275,23465,24660,30130,31285,23750,26539,16446,20916,4872,9087,228196,203143,30651,29023,46369,44476,10404,155,71
2021-08-03T23:59:59+02:00,853,760,11606,11068,15369,14391,18768,19242,25411,26721,32121,33289,24772,27713,17009,21739,5029,9529,8244,7742,12784,12054,16881,17225,23406,24623,30091,31237,23714,26505,16431,20905,4869,9083,227872,202491,30649,29013,46369,44469,10345,155,71
2021-08-02T23:59:59+02:00,844,757,11571,11037,15349,14361,18742,19223,25383,26696,32090,33262,24758,27694,17001,21730,5028,9527,8149,7649,12704,11994,16824,17162,23350,24552,30044,31180,23696,26482,16410,20895,4867,9078,227601,201790,30648,29012,46369,44461,10280,155,71
2021-08-01T23:59:59+02:00,837,750,11546,11008,15338,14348,18727,19212,25364,26684,32073,33247,24754,27686,17000,21727,5026,9526,8078,7582,12643,11947,16783,17116,23314,24521,30017,31155,23681,26463,16406,20889,4865,9077,227460,201335,30644,29011,46369,44443,10225,155,71
2021-07-31T23:59:59+02:00,834,749,11543,11002,15336,14345,18725,19208,25363,26683,32070,33246,24754,27685,17000,21727,5026,9526,7925,7393,11879,11275,16231,16680,23219,24442,29953,31084,23652,26427,16394,20870,4864,9075,227432,198123,30643,29011,46369,44442,10223,155,71
2021-07-30T23:59:59+02:00,833,748,11529,10993,15333,14342,18720,19203,25356,26678,32060,33241,24753,27683,17000,21725,5026,9526,7640,7153,11333,10831,15754,16253,23082,24335,29844,30972,23615,26382,16378,20848,4864,9070,227366,195045,30642,29010,46367,44429,10219,155,71
2021-07-29T23:59:59+02:00,821,739,11489,10946,15295,14321,18680,19178,25320,26643,32008,33212,24735,27663,16989,21708,5026,9524,7266,6842,10668,10318,15239,15841,22906,24190,29698,30862,23561,26330,16349,20823,4860,9067,227049,191584,30641,29002,46367,44344,10085,155,71
2021-07-28T23:59:59+02:00,803,727,11442,10894,15271,14291,18649,19151,25294,26616,31983,33188,24721,27645,16984,21696,5025,9520,7100,6685,10523,10199,15127,15706,22815,24095,29599,30766,23518,26274,16331,20794,4859,9057,226730,190347,30640,29000,46362,44235,10013,155,71
2021-07-27T23:59:59+02:00,794,718,11398,10857,15231,14251,18609,19125,25266,26590,31946,33166,24705,27620,16978,21685,5024,9512,6879,6473,10365,10082,14983,15572,22712,23989,29491,30653,23467,26210,16315,20767,4857,9046,226419,189199,30640,28674,46361,44202,9900,155,71
2021-07-26T23:59:59+02:00,784,706,11349,10813,15207,14230,18594,19098,25238,26561,31914,33140,24690,27599,16966,21674,5023,9509,6763,6396,10271,10005,14917,15494,22630,23929,29426,30579,23434,26167,16303,20750,4853,9040,226134,188415,30638,28671,46360,44160,9808,155,71
2021-07-25T23:59:59+02:00,773,696,11321,10785,15187,14204,18574,19074,25211,26537,31895,33122,24674,27588,16962,21665,5022,9507,6687,6314,10203,9941,14844,15434,22575,23875,29371,30541,23404,26145,16291,20736,4853,9036,225940,187826,30637,28667,46359,44130,9706,155,71
2021-07-24T23:59:59+02:00,749,675,11242,10702,15148,14177,18551,19052,25191,26523,31882,33109,24674,27584,16959,21663,5022,9507,6289,5955,10059,9827,14471,15153,22351,23718,29254,30457,23368,26107,16274,20719,4850,9032,225562,185470,30636,28666,46359,44128,9698,155,71
2021-07-23T23:59:59+02:00,723,653,11175,10620,15120,14144,18522,19037,25169,26504,31866,33092,24663,27579,16957,21663,5022,9504,5920,5645,9939,9721,14124,14889,22155,23546,29134,30340,23316,26039,16263,20698,4846,9025,225180,183205,30635,28666,46359,44117,9684,155,71
2021-07-22T23:59:59+02:00,682,613,11022,10457,15022,14056,18435,18989,25088,26450,31794,33028,24627,27538,16942,21645,5018,9499,5601,5347,9671,9507,13542,14414,21838,23286,28903,30113,23216,25942,16219,20661,4842,9022,224232,179893,30633,28655,46358,44098,9527,155,71
2021-07-21T23:59:59+02:00,662,588,10958,10403,14987,14029,18396,18953,25050,26421,31756,32978,24603,27505,16926,21633,5016,9494,4984,4881,9232,9256,13165,14185,21606,23132,28716,29964,23151,25866,16194,20638,4840,9019,223809,178132,30626,27387,46356,43931,9412,155,71
2021-07-20T23:59:59+02:00,644,571,10900,10349,14961,13993,18360,18926,25020,26389,31720,32945,24583,27484,16921,21619,5013,9487,4839,4769,9079,9124,13001,14052,21493,23011,28586,29841,23072,25763,16172,20598,4833,9013,223433,176790,30626,27375,46354,43782,9317,155,71
2021-07-19T23:59:59+02:00,631,559,10863,10318,14932,13973,18338,18918,24993,26364,31687,32916,24566,27461,16915,21608,5011,9484,4759,4699,8983,9048,12886,13955,21395,22905,28487,29721,23016,25706,16147,20569,4828,9007,223197,175853,30626,27367,46345,43686,9214,155,71
2021-07-18T23:59:59+02:00,616,550,10809,10267,14897,13952,18313,18901,24973,26347,31664,32897,24557,27451,16909,21599,5010,9479,4651,4596,8848,8927,12759,13816,21309,22814,28415,29642,22988,25677,16138,20556,4825,9006,222921,174842,30626,27353,46345,43633,9144,155,71
2021-07-17T23:59:59+02:00,544,480,10524,9970,14786,13854,18224,18824,24868,26273,31557,32848,24524,27417,16896,21579,5008,9478,4605,4554,8796,8855,12526,13624,20887,22474,28286,29511,22951,25625,16129,20541,4824,9003,221386,173067,30626,27353,46344,43631,9143,155,71
2021-07-16T23:59:59+02:00,515,443,10391,9850,14727,13814,18170,18773,24836,26240,31537,32824,24515,27402,16893,21572,5008,9475,4557,4512,8720,8815,12152,13345,20346,22078,28153,29417,22902,25588,16120,20536,4822,9001,220729,170960,30625,27351,46344,43624,9132,155,71
2021-07-15T23:59:59+02:00,485,406,10252,9745,14661,13765,18113,18706,24783,26192,31487,32771,24491,27366,16875,21556,5001,9471,4345,4373,8395,8608,11634,12944,19242,21235,27737,29074,22733,25419,16055,20463,4812,8985,220004,166268,30624,27338,46343,43428,9000,155,71
2021-07-14T23:59:59+02:00,464,393,10223,9720,14627,13745,18084,18671,24747,26151,31436,32718,24461,27338,16864,21539,5000,9469,4221,4222,8140,8436,11405,12799,19064,21124,27592,28948,22668,25341,16021,20425,4809,8976,219639,164703,30624,27320,46343,43254,8889,155,71
2021-07-13T23:59:59+02:00,440,378,10173,9667,14598,13717,18059,18638,24712,26130,31402,32678,24445,27308,16853,21528,4999,9467,4125,4127,7965,8277,11205,12608,18931,20986,27439,28787,22571,25256,15986,20372,4805,8965,219237,163249,30624,27299,46342,42996,8834,155,71
2021-07-12T23:59:59+02:00,427,357,10127,9617,14572,13698,18028,18608,24677,26089,31368,32633,24420,27285,16838,21523,4996,9464,4018,4028,7798,8156,11046,12473,18817,20865,27317,28666,22497,25195,15959,20346,4804,8960,218865,162089,30623,27277,46342,42806,8742,155,71
2021-07-11T23:59:59+02:00,419,339,10097,9588,14555,13678,18011,18598,24657,26081,31347,32615,24408,27275,16836,21521,4996,9462,3949,3955,7679,8056,10899,12345,18693,20765,27216,28552,22454,25147,15938,20321,4802,8957,218673,161122,30623,27272,46341,42607,8691,155,71
2021-07-10T23:59:59+02:00,393,316,9987,9482,14500,13639,17963,18575,24633,26061,31328,32599,24400,27266,16832,21517,4994,9460,3916,3930,7618,8014,10864,12316,18664,20741,27187,28530,22447,25132,15934,20316,4802,8957,218148,160820,30622,27271,46338,42559,8682,155,71
2021-07-09T23:59:59+02:00,333,269,9725,9273,14395,13557,17887,18505,24547,26008,31279,32538,24377,27235,16819,21499,4994,9454,3849,3890,7485,7923,10647,12171,18440,20603,26772,28209,22263,24938,15879,20256,4799,8950,216923,158681,30622,27268,46337,42430,8657,155,71
2021-07-08T23:59:59+02:00,254,202,9531,9130,14294,13481,17793,18433,24487,25958,31196,32480,24350,27204,16806,21481,4990,9449,3693,3764,7176,7734,10293,11942,18095,20321,26467,27952,22090,24780,15811,20183,4792,8934,215824,156305,30619,27222,46324,41860,8597,155,71
2021-07-07T23:59:59+02:00,215,173,9429,9025,14243,13448,17750,18390,24436,25918,31154,32440,24326,27174,16794,21463,4990,9441,3497,3635,6847,7509,9340,11212,17511,19891,26065,27642,21856,24478,15734,20087,4778,8920,215194,153691,30616,25472,46321,41267,8523,155,71
2021-07-06T23:59:59+02:00,193,161,9351,8966,14193,13420,17714,18348,24394,25879,31093,32393,24290,27146,16779,21446,4988,9439,3383,3560,6648,7387,9069,11049,17267,19711,25788,27385,21699,24276,15653,19983,4765,8905,214631,151762,30599,25462,46318,40764,8490,155,71
2021-07-05T23:59:59+02:00,181,146,9264,8885,14153,13378,17681,18298,24358,25849,31048,32342,24266,27124,16771,21432,4987,9437,3331,3525,6519,7308,8920,10928,17125,19572,25617,27231,21556,24109,15603,19930,4754,8895,214089,150699,30599,25453,46315,40278,8442,155,71
2021-07-04T23:59:59+02:00,166,139,9210,8835,14122,13365,17656,18280,24333,25830,31027,32316,24251,27110,16765,21424,4986,9434,3279,3483,6456,7268,8832,10856,17038,19487,25488,27121,21431,23980,15561,19879,4752,8888,213818,150041,30598,25444,46300,39882,8378,155,71
2021-07-03T23:59:59+02:00,163,136,8698,8337,13964,13245,17555,18162,24239,25772,30962,32267,24230,27088,16753,21412,4984,9431,3219,3404,6337,7149,8662,10714,16823,19306,25100,26812,21316,23844,15531,19839,4748,8882,211983,147998,30598,25444,46300,39827,8362,155,71
2021-07-02T23:59:59+02:00,156,132,8129,7865,13820,13136,17463,18085,24169,25702,30902,32205,24192,27046,16747,21392,4982,9426,3108,3296,6067,6993,8405,10472,16453,18979,24628,26388,21088,23571,15461,19757,4742,8879,210141,144928,30598,25442,46296,39502,8359,155,71
2021-07-01T23:59:59+02:00,143,122,8000,7758,13737,13078,17394,18033,24100,25651,30850,32152,24164,27021,16737,21380,4981,9425,2920,3107,5720,6709,7968,10056,15866,18508,23864,25734,20601,23097,15334,19596,4730,8854,209351,140370,30593,25430,46292,38471,8335,155,71
2021-06-30T23:59:59+02:00,126,109,7854,7642,13668,13029,17341,17980,24049,25598,30791,32106,24133,26999,16723,21362,4981,9420,2824,3028,5566,6566,7743,9835,14909,17639,23251,25184,20243,22703,15201,19435,4716,8820,208789,138839,30419,23157,46288,37348,8260,155,71
2021-06-29T23:59:59+02:00,111,96,7787,7549,13625,12990,17302,17935,23996,25537,30741,32047,24112,26973,16713,21346,4978,9416,2765,2984,5437,6468,7589,9701,14741,17467,23010,24950,19984,22378,15102,19335,4704,8800,208167,137720,30417,23145,46285,36258,8230,155,71
2021-06-28T23:59:59+02:00,106,90,7723,7478,13561,12931,17256,17884,23954,25492,30685,32003,24095,26945,16706,21336,4976,9414,2736,2952,5369,6421,7496,9630,14644,17386,22860,24736,19780,22132,15047,19266,4700,8786,207634,137125,30415,23135,46277,35463,8154,155,71
2021-06-27T23:59:59+02:00,92,85,7674,7415,13531,12895,17227,17851,23935,25457,30658,31975,24083,26937,16699,21330,4976,9412,2713,2937,5318,6396,7425,9585,14548,17323,22765,24649,19653,21991,15016,19215,4696,8777,207280,136617,30415,23124,46271,35089,8111,155,71
2021-06-26T23:59:59+02:00,88,82,7170,6859,13137,12596,17114,17748,23871,25398,30622,31940,24075,26920,16695,21319,4975,9411,2612,2828,5132,6208,7225,9395,14003,16868,22105,24016,19505,21848,14971,19162,4694,8769,205103,133009,30415,23124,46271,35069,8111,120,33
2021-06-25T23:59:59+02:00,87,79,6685,6375,12683,12223,16955,17630,23780,25332,30541,31899,24052,26893,16690,21309,4973,9409,2508,2673,4957,6016,6967,9098,13473,16337,21553,23432,19307,21639,14913,19095,4690,8757,202696,129313,30415,23124,46271,34857,8093,120,33
2021-06-24T23:59:59+02:00,77,67,6461,6158,12458,12072,16849,17547,23708,25279,30483,31851,24018,26851,16684,21299,4971,9402,2299,2434,4586,5638,6467,8607,12751,15622,20401,22431,18842,21158,14808,18964,4678,8742,201420,123364,30413,23112,46264,33906,8018,120,33
2021-06-23T23:59:59+02:00,72,65,5886,5658,12296,11960,16730,17433,23634,25232,30420,31801,23984,26828,16677,21285,4967,9398,2262,2382,4523,5516,6375,8456,12518,15333,20158,22172,18543,20829,14711,18850,4667,8725,200910,122343,29074,22963,46254,32718,7968,120,33
2021-06-22T23:59:59+02:00,68,60,5744,5528,12196,11855,16644,17358,23577,25170,30353,31723,23957,26796,16667,21264,4963,9396,2209,2347,4428,5434,6251,8309,11649,14671,19745,21765,18209,20476,14603,18712,4657,8705,199976,121420,29067,21269,46237,31533,7919,120,33
2021-06-21T23:59:59+02:00,65,57,5608,5415,12122,11762,16583,17272,23523,25096,30303,31665,23932,26768,16654,21249,4963,9392,2176,2311,4370,5337,6164,8182,10868,13967,19294,21356,17983,20249,14543,18617,4648,8689,199155,120627,29063,19484,46232,30755,7859,120,33
2021-06-20T23:59:59+02:00,63,55,5490,5289,11959,11579,16518,17148,23472,25031,30261,31609,23916,26747,16648,21234,4958,9387,2158,2282,4329,5297,6094,8133,10764,13887,19182,21229,17826,20058,14477,18534,4644,8682,198145,120091,29059,19481,46226,30161,7814,120,33
2021-06-19T23:59:59+02:00,59,51,5472,5269,11193,10915,16039,16757,23411,24987,30217,31566,23898,26727,16640,21222,4958,9387,2087,2164,4122,5068,5815,7852,10440,13553,18133,20377,17659,19873,14444,18469,4639,8670,195550,115895,29059,19481,46226,30147,7813,120,33
2021-06-18T23:59:59+02:00,56,50,5438,5243,10549,10333,15425,16194,23320,24918,30148,31503,23871,26697,16629,21207,4957,9385,2018,2076,3979,4926,5537,7582,10058,13189,16984,19168,17456,19636,14395,18405,4636,8660,192712,111489,29053,19480,46226,29895,7812,120,33
2021-06-17T23:59:59+02:00,49,41,5318,5140,9867,9825,14937,15803,23221,24830,30067,31409,23831,26651,16614,21186,4956,9382,1888,1969,3722,4680,5149,7218,9518,12699,15799,17977,16996,19146,14254,18231,4623,8636,190147,106365,29051,19472,46223,28979,7669,37,24
2021-06-16T23:59:59+02:00,47,33,5184,5004,9670,9664,14790,15673,23128,24736,29969,31333,23787,26606,16599,21174,4955,9372,1848,1928,3618,4595,5047,7100,8489,11848,15526,17683,16700,18810,14119,18060,4617,8603,188968,105483,29040,17596,46220,28033,7459,37,24
2021-06-15T23:59:59+02:00,41,27,4996,4817,9488,9509,14655,15531,23036,24646,29892,31247,23744,26533,16573,21141,4947,9357,1785,1870,3540,4500,4953,6988,8373,11706,15348,17456,16382,18500,13977,17891,4594,8545,187648,104725,29037,17592,46201,26814,7257,37,24
2021-06-14T23:59:59+02:00,39,24,4919,4753,9394,9400,14577,15442,22965,24572,29822,31186,23712,26494,16558,21123,4944,9351,1762,1847,3503,4476,4912,6956,8273,11643,15210,17322,16202,18296,13886,17794,4589,8538,186903,104499,29031,17589,46195,25992,7109,37,24
2021-06-13T23:59:59+02:00,38,23,4861,4705,9308,9325,14494,15375,22904,24521,29755,31133,23686,26466,16549,21113,4944,9349,1712,1832,3461,4452,4856,6913,8202,11606,15111,17227,16046,18112,13832,17721,4582,8531,186322,104218,29025,17587,46180,25386,6985,37,24
2021-06-12T23:59:59+02:00,36,22,4842,4690,9280,9302,14257,15198,22774,24392,29710,31088,23666,26449,16540,21105,4943,9347,1587,1710,3223,4241,4452,6610,7655,11174,13336,15538,15694,17741,13752,17619,4580,8517,185417,97517,29025,17587,46180,25322,6983,36,24
2021-06-11T23:59:59+02:00,32,21,4788,4636,9199,9249,13938,14975,22578,24244,29614,30997,23629,26404,16522,21093,4942,9344,1484,1575,3039,4030,4153,6246,7144,10629,11700,13654,15218,17166,13638,17472,4565,8503,184054,90607,29022,17586,46180,25091,6913,36,23
2021-06-10T23:59:59+02:00,26,18,4504,4408,8655,8918,12663,13956,22011,23794,29240,30693,23492,26246,16469,21025,4929,9329,1361,1482,2804,3849,3824,5962,6709,10237,10287,12325,14705,16591,13467,17264,4550,8477,178723,86069,29006,17583,46174,23786,6437,36,23
2021-06-09T23:59:59+02:00,23,14,4269,4244,8062,8626,11761,13296,21691,23579,29010,30539,23429,26183,16450,21001,4926,9325,1273,1428,2649,3778,3682,5882,6503,10145,10025,12146,14382,16241,13297,17084,4543,8456,176616,85737,27729,17481,46168,22398,5879,36,23
2021-06-08T23:59:59+02:00,19,11,4139,4144,7660,8400,11275,13006,21465,23400,28810,30386,23370,26109,16418,20959,4920,9316,1195,1401,2513,3720,3523,5815,5607,9397,9551,11783,14046,15832,13071,16845,4529,8434,174865,85382,27357,15327,46144,21129,5405,36,23
2021-06-07T23:59:59+02:00,15,9,4018,4065,7425,8294,10986,12828,21262,23286,28656,30268,23311,26056,16400,20934,4916,9308,1146,1281,2392,3660,3393,5752,5442,9322,9341,11656,13817,15574,12915,16676,4522,8416,173639,85193,27347,15322,46135,19891,4880,36,23
2021-06-06T23:59:59+02:00,13,9,3900,4006,7187,8172,10736,12667,21076,23197,28570,30178,23281,26022,16388,20916,4913,9304,1126,1264,2327,3624,3297,5700,5336,9247,9225,11555,13660,15420,12843,16582,4519,8409,172489,85003,27330,15318,46125,19239,4555,36,23
2021-06-05T23:59:59+02:00,13,9,3871,3969,7149,8132,10559,12511,20448,22688,28408,30031,23231,25977,16374,20897,4913,9300,1094,1163,2161,3171,3065,5161,5166,8915,8445,10605,13011,14580,12730,16435,4508,8399,170447,79620,27330,15318,46123,19106,4545,35,23
2021-06-04T23:59:59+02:00,13,9,3841,3943,7113,8107,10462,12419,20086,22361,28304,29935,23196,25939,16360,20887,4911,9299,1062,1096,2063,2861,2905,4684,5009,8545,7931,9947,11513,12864,12605,16238,4501,8381,169171,73245,27317,15317,46123,19084,4539,35,23
2021-06-03T23:59:59+02:00,8,6,3707,3841,6892,7970,9906,11997,18860,21431,27904,29625,23063,25797,16307,20825,4907,9285,1009,1052,1974,2749,2768,4529,4805,8245,7568,9498,11135,12468,12499,16125,4498,8368,164416,71463,27307,15314,46119,18039,4454,35,23
2021-06-02T23:59:59+02:00,8,6,3700,3833,6880,7953,9896,11986,18672,21251,27833,29576,23040,25775,16301,20816,4904,9283,1005,1045,1962,2719,2747,4510,4594,8061,7032,9010,11098,12427,12484,16110,4494,8362,164351,71355,26762,13821,46118,18017,4447,35,23
2021-06-01T23:59:59+02:00,7,5,3573,3757,6643,7805,9608,11793,18217,20904,27596,29381,22946,25673,16260,20763,4901,9271,968,997,1878,2649,2667,4438,4315,7827,6436,8478,10885,12214,12386,16007,4489,8350,162662,70916,25982,12528,46104,17200,4320,35,23
2021-05-31T23:59:59+02:00,7,5,3526,3712,6554,7737,9472,11694,18091,20813,27506,29305,22879,25612,16243,20735,4896,9264,939,973,1811,2609,2587,4395,4208,7763,6318,8403,10699,12046,12285,15891,4479,8342,161823,70556,25951,12523,46091,16498,4151,35,23
2021-05-30T23:59:59+02:00,7,4,3495,3688,6490,7682,9382,11604,18003,20733,27429,29234,22834,25567,16221,20708,4891,9254,934,966,1800,2599,2574,4382,4179,7738,6265,8361,10638,11967,12251,15848,4474,8333,161124,70513,25946,12520,46074,16209,4047,35,23
2021-05-29T23:59:59+02:00,7,4,3484,3669,6454,7655,9338,11567,17965,20694,27284,29128,22780,25493,16206,20688,4888,9250,898,947,1743,2553,2501,4297,3989,7483,5993,8064,8441,9311,12058,15506,4459,8304,160466,64275,25946,12518,46060,15686,4047,35,23
2021-05-28T23:59:59+02:00,7,4,3421,3614,6323,7578,9198,11436,17808,20563,27101,29005,22715,25416,16185,20671,4887,9249,885,933,1724,2533,2465,4243,3838,7186,5799,7802,5747,6206,11781,15110,4444,8255,159108,57414,25944,12518,46056,14960,4038,35,23
2021-05-27T23:59:59+02:00,7,4,3274,3484,6038,7398,8596,11103,17332,20226,26688,28657,22548,25251,16127,20608,4880,9231,835,875,1642,2438,2348,4109,3415,6216,5376,7205,5586,6033,11703,15036,4438,8238,155633,56932,25885,12471,46049,12219,3850,35,23
2021-05-26T23:59:59+02:00,7,4,3167,3401,5819,7232,8224,10817,16866,19920,26387,28421,22400,25118,16076,20534,4867,9211,818,867,1590,2413,2295,4079,3342,6142,5279,7133,5452,5906,11638,14970,4433,8226,152929,56858,25869,12469,46027,11624,3611,35,23
2021-05-25T23:59:59+02:00,7,4,3076,3338,5677,7118,8027,10655,15864,19142,26033,28067,22242,24964,16024,20454,4860,9201,798,849,1554,2369,2224,4020,3267,6073,5194,7069,5285,5736,11530,14890,4425,8215,151374,56791,23945,12281,46013,11017,3388,33,23
2021-05-24T23:59:59+02:00,7,4,3013,3320,5589,7074,7909,10593,14949,18453,25618,27755,22147,24860,15993,20418,4853,9189,789,847,1532,2352,2180,3984,3221,6025,5117,6989,5184,5629,11451,14814,4424,8209,150649,56757,21876,12205,46003,10581,3183,33,23
2021-05-23T23:59:59+02:00,7,4,3010,3316,5580,7067,7900,10585,14944,18452,25617,27754,22147,24860,15993,20418,4853,9189,787,844,1524,2345,2168,3971,3202,6010,5096,6956,5140,5577,11434,14790,4423,8207,150621,56749,21876,12205,46001,10334,3165,33,23
2021-05-22T23:59:59+02:00,6,4,2974,3274,5507,7021,7800,10498,14746,18291,25337,27511,22047,24774,15960,20375,4850,9185,765,824,1480,2294,2117,3892,3089,5889,4782,6388,4570,4835,10789,13968,4413,8168,149085,53505,21876,12205,46001,9367,3165,33,23
2021-05-21T23:59:59+02:00,4,4,2902,3199,5381,6925,7673,10352,14488,18061,25043,27276,21934,24666,15927,20327,4845,9176,734,771,1412,2166,2015,3626,2906,5556,4302,5489,4157,4296,10047,13027,4348,8042,147146,49764,21875,12205,45996,7769,3135,31,23
2021-05-20T23:59:59+02:00,4,4,2771,3036,5103,6670,7387,9984,14028,17578,24432,26726,21662,24369,15833,20207,4831,9146,720,761,1385,2141,1976,3593,2851,5501,4218,5411,4029,4193,9970,12964,4339,8030,143000,49671,21866,12194,45971,7292,2903,31,23
2021-05-19T23:59:59+02:00,4,4,2719,2984,5006,6531,7244,9802,12882,16542,24169,26439,21565,24239,15788,20146,4823,9139,701,735,1360,2093,1944,3508,2788,5354,4123,5304,3947,4103,9917,12899,4336,8026,141630,49643,19795,12130,45900,6673,2670,31,23
2021-05-18T23:59:59+02:00,4,4,2696,2961,4959,6499,7193,9771,12528,16267,23989,26286,21472,24150,15758,20093,4815,9127,672,677,1305,1964,1871,3306,2690,5146,3994,5107,3722,3826,9835,12819,4326,8016,141355,49623,18941,11131,45856,6111,2389,31,23
2021-05-17T23:59:59+02:00,4,4,2670,2940,4916,6429,7105,9663,12375,16089,23840,26126,21418,24099,15740,20070,4810,9119,664,663,1289,1928,1850,3257,2642,5038,3915,4993,3584,3674,9767,12756,4323,8007,140385,49600,18933,11121,45840,5379,2228,31,23
2021-05-16T23:59:59+02:00,4,4,2658,2926,4893,6362,7067,9580,12315,16015,23788,26066,21394,24082,15730,20056,4807,9116,659,657,1279,1925,1833,3248,2620,5026,3886,4971,3531,3608,9728,12724,4322,8005,139948,49588,18925,11110,45818,5161,2141,31,23
2021-05-15T23:59:59+02:00,4,4,2533,2788,4705,6157,6876,9394,11797,15597,23199,25516,21287,23964,15696,20013,4804,9108,609,594,1196,1838,1694,3094,2332,4718,3438,4460,3199,3180,9565,12519,4298,7976,136558,46626,18924,11110,45813,4836,2116,31,23
2021-05-14T23:59:59+02:00,4,4,2417,2612,4510,5932,6599,9081,11261,15087,22632,24949,21141,23824,15660,19955,4800,9097,546,516,1094,1718,1534,2879,2001,4316,2839,3871,2815,2742,9481,12372,4294,7972,132739,43702,18917,11108,45791,4071,2087,31,23
2021-05-13T23:59:59+02:00,4,4,2235,2325,4188,5549,6172,8607,10701,14399,21600,24038,20858,23550,15600,19856,4793,9082,542,516,1081,1702,1519,2860,1991,4290,2818,3845,2799,2725,9474,12368,4293,7972,126836,43629,18863,11100,45765,3978,2066,31,23
2021-05-12T23:59:59+02:00,4,4,2234,2322,4181,5548,6163,8601,10599,14278,21547,23999,20853,23539,15595,19848,4792,9082,534,494,1045,1647,1470,2781,1908,4203,2759,3786,2718,2630,9423,12295,4293,7972,126793,43626,18537,10272,45765,3975,2063,31,23
2021-05-11T23:59:59+02:00,4,4,2113,2283,4097,5483,6038,8487,10293,14027,21355,23837,20777,23467,15580,19815,4788,9077,509,470,984,1587,1401,2690,1808,4065,2686,3712,2564,2403,9359,12194,4292,7972,125850,43608,18200,9439,45482,3665,1962,31,23
2021-05-10T23:59:59+02:00,4,4,2072,2206,3990,5362,5903,8308,9502,13264,20976,23514,20687,23378,15541,19761,4778,9064,496,441,947,1523,1336,2601,1717,3903,2602,3617,2535,2379,9350,12176,4288,7967,124718,43581,16350,9258,45379,3181,1836,31,23
2021-05-09T23:59:59+02:00,4,4,2040,2191,3956,5322,5850,8260,9436,13195,20906,23441,20654,23337,15527,19734,4775,9050,489,432,926,1480,1310,2553,1683,3841,2564,3574,2526,2367,9340,12159,4288,7959,124275,43522,16346,9255,45284,2946,1746,31,23
2021-05-08T23:59:59+02:00,4,4,1977,2090,3772,5147,5576,8054,9125,12910,19771,22512,20458,23141,15494,19665,4770,9038,416,402,861,1440,1234,2480,1595,3739,2345,3361,1981,1940,9246,12074,4287,7959,120131,42054,16345,9254,45281,2304,1745,6,4
2021-05-07T23:59:59+02:00,4,4,1890,1978,3588,4976,5255,7758,8716,12539,18522,21239,20275,22929,15448,19607,4761,9019,324,343,752,1365,1103,2351,1461,3596,2170,3169,1613,1605,8758,11628,4286,7957,115187,40327,16343,9251,45261,1189,1711,6,4
2021-05-06T23:59:59+02:00,4,4,1706,1869,3302,4724,4804,7353,8074,11975,17281,19995,19941,22551,15341,19444,4751,9008,307,334,731,1336,1063,2305,1412,3512,2103,3101,1577,1550,8741,11597,4280,7954,109329,40307,16336,9245,45027,919,1429,6,4
2021-05-05T23:59:59+02:00,4,3,1636,1839,3221,4637,4727,7249,7943,11824,17125,19849,19821,22432,15265,19348,4729,8912,296,322,689,1284,1002,2230,1329,3362,1994,2984,1484,1451,8324,11029,4274,7936,108570,40270,16193,8117,44857,662,938,6,4
2021-05-04T23:59:59+02:00,4,3,1610,1810,3179,4563,4668,7139,7691,11530,16566,19270,19734,22302,15190,19251,4701,8802,280,309,666,1255,981,2176,1270,3242,1881,2827,1412,1345,8254,10926,4270,7918,107884,40245,14846,7842,44754,399,523,6,4
2021-05-03T23:59:59+02:00,4,3,1602,1806,3171,4549,4630,7117,7438,11298,15873,18675,19670,22217,15164,19217,4695,8792,265,288,644,1173,932,2088,1207,3103,1783,2690,1346,1265,8229,10891,4266,7909,107803,40235,13248,7635,44714,56,150,6,4
2021-05-02T23:59:59+02:00,4,3,1601,1804,3166,4547,4625,7114,7425,11288,15854,18663,19654,22209,15164,19215,4694,8792,265,285,641,1172,927,2085,1197,3097,1775,2683,1332,1258,8228,10886,4265,7909,107777,40212,13245,7633,44690,53,104,6,4
2021-05-01T23:59:59+02:00,4,3,1468,1662,2886,4297,4158,6754,6808,10805,13919,16783,19273,21813,15073,19099,4691,8776,263,285,638,1170,926,2082,1195,3095,1773,2679,1327,1254,8226,10884,4265,7909,100235,40181,13245,7633,44686,53,101,5,4
2021-04-30T23:59:59+02:00,3,3,1345,1512,2670,4074,3828,6358,6240,10210,12128,14744,18815,21273,14969,18957,4677,8766,258,284,631,1163,911,2074,1183,3085,1762,2666,1316,1245,8222,10879,4264,7908,92607,40135,13245,7633,44686,50,30,4,4
2021-04-29T23:59:59+02:00,2,3,1229,1447,2504,3948,3588,6154,5883,9907,10788,13467,18556,20996,14926,18887,4673,8760,257,280,626,1156,899,2068,1163,3080,1732,2630,1290,1221,8216,10870,4264,7908,87919,40103,13236,7500,44546,41,13,4,4
2021-04-28T23:59:59+02:00,2,3,1170,1441,2454,3929,3537,6130,5821,9874,10691,13399,18526,20962,14919,18871,4673,8757,257,279,624,1155,896,2066,1158,3076,1724,2629,1284,1203,7774,10350,4264,7908,87649,40082,13186,6514,44308,37,12,4,3
2021-04-27T23:59:59+02:00,2,3,1122,1414,2353,3885,3473,6103,5702,9819,10574,13323,18493,20923,14906,18856,4672,8755,256,279,622,1148,895,2064,1154,3073,1720,2625,1272,1186,7357,9768,4264,7908,87142,40063,13133,5483,44088,32,11,4,3
2021-04-26T23:59:59+02:00,2,3,1080,1385,2263,3793,3346,6003,5535,9699,10271,13064,18431,20869,14898,18838,4670,8755,255,278,621,1146,889,2061,1147,3070,1702,2615,1257,1173,7348,9748,4264,7908,85806,39976,13123,5462,43961,31,11,4,3
2021-04-25T23:59:59+02:00,2,3,1077,1383,2255,3791,3339,5999,5515,9692,10236,13034,18421,20857,14897,18832,4670,8754,254,278,621,1146,889,2061,1145,3070,1702,2615,1257,1173,7348,9746,4264,7908,85784,39974,13114,5460,43845,31,10,4,3
2021-04-24T23:59:59+02:00,2,2,1034,1266,2068,3253,3069,5384,5322,9280,9404,11989,17716,19961,14783,18673,4662,8743,252,277,620,1144,889,2060,1145,3069,1696,2610,1254,1168,7346,9745,4264,7907,79664,39948,13114,5456,43820,31,9,4,3
2021-04-23T23:59:59+02:00,1,2,1002,1182,1955,2906,2887,4833,5127,8851,8850,11267,16087,18104,14637,18467,4654,8720,252,277,619,1144,887,2058,1144,3069,1695,2609,1249,1163,7342,9743,4264,7906,72646,39934,13113,5445,43760,31,9,4,3
2021-04-22T23:59:59+02:00,1,2,997,1171,1935,2890,2867,4814,5070,8805,8738,11164,16017,18027,14611,18437,4652,8715,250,277,615,1143,884,2057,1136,3057,1680,2589,1225,1141,7337,9735,4264,7906,72599,39920,13057,5335,43244,30,9,4,3
2021-04-21T23:59:59+02:00,1,2,988,1163,1923,2877,2840,4788,5024,8750,8631,11041,15931,17943,14582,18403,4652,8710,245,274,605,1134,870,2027,1126,3032,1669,2564,1212,1128,7113,9417,4263,7906,72559,39913,13001,4632,42676,29,9,4,3
2021-04-20T23:59:59+02:00,1,2,961,1114,1871,2762,2767,4627,4931,8571,8457,10834,15700,17661,14523,18344,4645,8704,232,271,587,1113,844,1997,1098,3006,1634,2522,1192,1115,7105,9412,4262,7905,72523,39892,11872,4367,42067,25,9,4,3
2021-04-19T23:59:59+02:00,1,2,952,1105,1839,2742,2717,4602,4807,8510,8257,10723,15608,17563,14501,18325,4645,8698,226,263,569,1090,826,1965,1080,2963,1589,2467,1174,1096,7098,9409,4260,7904,72123,39858,11851,4087,41610,23,9,4,3
2021-04-18T23:59:59+02:00,1,2,949,1104,1834,2736,2709,4590,4789,8498,8217,10681,15559,17505,14491,18308,4644,8696,226,263,569,1089,825,1965,1080,2963,1589,2466,1174,1095,7096,9408,4259,7904,72077,39852,11848,4085,41375,23,9,4,3
2021-04-17T23:59:59+02:00,0,2,916,1090,1785,2698,2641,4511,4635,8358,7955,10452,13191,14605,14294,17956,4627,8660,224,263,569,1086,821,1959,1068,2956,1579,2446,1137,1053,6764,8992,4234,7856,65261,38899,11848,4074,41254,23,9,4,3
2021-04-16T23:59:59+02:00,0,2,910,1084,1773,2687,2599,4472,4543,8274,7775,10261,10362,11352,14020,17539,4608,8604,222,258,568,1083,816,1955,1058,2953,1571,2434,1126,1039,6758,8987,4231,7853,57991,38821,11846,4058,41015,23,9,4,2
2021-04-15T23:59:59+02:00,0,2,897,1079,1751,2673,2557,4439,4430,8213,7544,10060,10113,11133,13958,17473,4602,8590,220,258,568,1081,815,1953,1055,2950,1568,2431,1121,1035,6756,8985,4231,7853,57967,38807,11844,4041,39690,22,9,4,2
2021-04-14T23:59:59+02:00,0,2,878,1051,1693,2590,2468,4316,4239,8030,7270,9777,9739,10651,13809,17294,4596,8581,195,235,527,1030,792,1886,1019,2870,1518,2370,1095,1005,6752,8976,4231,7852,57934,38791,10895,3534,38142,19,9,4,1
2021-04-13T23:59:59+02:00,0,2,853,1029,1655,2538,2400,4233,4138,7893,7060,9562,9334,10133,13665,17127,4591,8569,159,211,492,981,752,1793,985,2760,1466,2300,1076,970,6736,8965,4230,7852,57890,38727,9949,2979,36930,13,9,4,1
2021-04-12T23:59:59+02:00,0,2,849,1027,1636,2535,2370,4220,4085,7842,6919,9391,9069,9819,13601,17068,4580,8553,148,197,464,941,729,1728,964,2688,1422,2250,1054,953,6720,8945,4227,7847,57832,38611,9919,2644,35802,13,9,4,1
2021-04-11T23:59:59+02:00,0,2,848,1026,1625,2535,2357,4218,4062,7830,6854,9330,8935,9654,13574,17020,4575,8544,148,197,464,939,729,1727,962,2688,1421,2250,1054,953,6718,8945,4227,7847,57820,38605,9917,2643,35239,12,9,4,1
2021-04-10T23:59:59+02:00,0,2,832,1021,1597,2506,2320,4189,3991,7772,6722,9213,8379,8919,12910,16167,4564,8502,145,197,462,936,723,1724,962,2681,1412,2243,1041,937,6249,8447,4212,7831,54486,37540,9916,2641,35191,12,9,4,1
2021-04-09T23:59:59+02:00,0,2,810,992,1557,2458,2253,4109,3838,7613,6375,8882,7857,8261,12096,15142,4494,8365,143,196,460,931,717,1717,954,2671,1397,2233,1019,916,6007,8177,4195,7804,50514,36879,9911,2637,34666,12,9,4,1
2021-04-08T23:59:59+02:00,0,2,801,982,1530,2434,2187,4060,3703,7526,6121,8582,7243,7606,11937,14942,4483,8348,143,193,455,929,712,1710,946,2661,1390,2220,1007,914,6004,8175,4194,7804,50481,36859,9887,2577,32106,12,9,4,1
2021-04-07T23:59:59+02:00,0,2,795,973,1504,2416,2129,4022,3616,7456,5890,8316,6690,6974,11330,14193,4471,8321,124,186,425,882,666,1641,890,2591,1340,2151,986,898,5996,8169,4193,7804,50454,36835,8729,2087,29903,12,8,4,1
2021-04-06T23:59:59+02:00,0,2,790,971,1490,2408,2100,4000,3543,7407,5709,8145,6243,6466,11129,13977,4456,8293,100,165,376,820,621,1566,847,2491,1288,2087,962,882,5978,8156,4191,7800,50383,36808,8546,1503,28189,12,7,4,1
2021-04-05T23:59:59+02:00,0,2,785,967,1474,2400,2076,3991,3492,7381,5566,8035,6041,6251,11062,13891,4450,8283,94,163,375,818,614,1557,839,2476,1275,2068,934,852,4886,6756,4112,7694,50185,34001,8542,1493,27409,12,7,4,1
2021-04-04T23:59:59+02:00,0,2,783,961,1472,2398,2072,3989,3475,7374,5556,8028,6030,6231,11048,13873,4448,8280,94,163,373,816,611,1552,832,2469,1260,2048,911,830,3884,5595,4046,7588,50170,31560,8540,1493,27299,12,7,4,1
2021-04-03T23:59:59+02:00,0,2,731,906,1390,2329,1949,3850,3214,7114,5096,7535,5687,5776,10877,13656,4422,8251,92,163,373,815,611,1550,831,2469,1260,2048,911,830,3884,5592,4046,7587,46937,31550,8540,1493,27297,12,7,4,1
2021-04-02T23:59:59+02:00,0,2,688,871,1335,2261,1851,3736,2958,6854,4582,7056,5297,5317,10780,13493,4417,8245,91,163,373,815,611,1550,829,2469,1258,2045,909,826,3881,5589,4045,7587,44015,31531,8539,1492,27179,12,6,4,1
2021-04-01T23:59:59+02:00,0,2,685,869,1324,2255,1831,3728,2929,6840,4508,6983,5188,5209,10741,13444,4416,8241,91,163,371,811,609,1547,829,2466,1254,2041,899,825,3877,5587,4044,7586,43999,31522,8395,1460,26789,12,6,4,1
2021-03-31T23:59:59+02:00,0,2,683,867,1317,2239,1823,3718,2901,6812,4445,6937,5049,5049,10232,12837,4412,8233,91,163,370,811,609,1547,829,2466,1252,2041,898,825,3877,5586,4044,7585,43987,31516,7268,1460,26292,12,6,3,1
2021-03-30T23:59:59+02:00,0,2,674,864,1299,2219,1793,3689,2866,6777,4360,6847,4882,4855,9707,12137,4405,8218,86,160,369,807,604,1544,824,2460,1244,2039,887,815,3869,5583,4043,7584,43962,31495,6083,1407,25540,10,6,3,1
2021-03-29T23:59:59+02:00,0,2,669,856,1286,2184,1776,3658,2835,6735,4290,6762,4683,4658,9622,12043,4402,8204,86,160,369,805,599,1540,822,2454,1240,2032,879,809,3861,5576,4043,7584,43895,31482,5866,1362,24895,9,6,3,1
2021-03-28T23:59:59+02:00,0,2,666,854,1283,2181,1761,3648,2820,6723,4256,6709,4587,4548,9585,11979,4397,8197,86,160,369,804,599,1540,820,2454,1238,2032,878,809,3860,5576,4043,7584,43873,31480,5857,1357,24457,9,6,3,1
2021-03-27T23:59:59+01:00,0,2,662,849,1274,2176,1745,3632,2792,6693,4093,6566,4011,4095,9356,11732,4384,8178,86,160,367,802,597,1538,818,2451,1230,2026,874,805,3682,5286,3942,7415,41931,30707,5853,1357,24447,9,6,3,1
2021-03-26T23:59:59+01:00,0,2,656,841,1266,2166,1725,3615,2766,6671,4017,6488,3606,3731,8759,11175,4371,8164,86,160,366,801,596,1535,814,2448,1221,2022,861,792,2965,4347,3733,7072,40001,28447,5840,1357,24170,9,6,2,1
2021-03-25T23:59:59+01:00,0,2,649,836,1253,2152,1706,3591,2707,6632,3934,6410,3431,3513,8649,11064,4366,8158,86,160,366,801,596,1535,814,2447,1220,2022,861,792,2964,4346,3732,7071,39988,28441,5733,1357,23324,9,6,2,1
2021-03-24T23:59:59+01:00,0,2,643,829,1220,2126,1661,3546,2629,6564,3778,6260,3113,3151,8242,10514,4357,8146,82,158,354,788,579,1517,781,2413,1170,1990,828,755,2955,4340,3732,7068,39966,28140,4976,1356,21831,8,6,2,1
2021-03-23T23:59:59+01:00,0,2,630,821,1195,2094,1619,3499,2549,6483,3629,6106,2734,2766,8026,10295,4350,8129,77,154,342,766,544,1486,720,2350,1068,1909,745,695,2919,4306,3728,7064,39924,27510,4686,1349,20309,8,6,2,1
2021-03-22T23:59:59+01:00,0,2,606,708,1159,2039,1586,3444,2496,6413,3489,5975,2492,2528,7696,9940,4334,8093,77,153,342,766,544,1484,719,2349,1065,1909,744,692,2915,4301,3727,7061,39456,27485,4362,1349,19174,8,6,2,1
2021-03-21T23:59:59+01:00,0,2,605,705,1153,2031,1575,3434,2479,6398,3452,5941,2350,2364,7603,9828,4326,8079,77,153,342,765,544,1484,719,2349,1065,1909,744,692,2915,4300,3727,7061,39452,27483,4348,1349,18517,8,6,2,1
2021-03-20T23:59:59+01:00,0,2,604,705,1151,2025,1568,3427,2473,6391,3435,5919,2318,2326,7113,9310,4310,8063,77,153,342,765,543,1484,717,2348,1065,1908,744,692,2915,4298,3725,7059,38413,27472,4336,1349,18383,8,6,2,1
2021-03-19T23:59:59+01:00,0,2,597,698,1137,2009,1533,3404,2403,6252,3372,5811,2135,2147,6806,8992,4291,8038,77,153,341,759,539,1481,712,2340,1054,1895,735,685,2492,3696,3311,6313,37809,25226,4320,1349,17490,2,6,2,1
2021-03-18T23:59:59+01:00,0,2,582,682,1117,1979,1506,3374,2363,6184,3299,5722,1983,1951,6688,8873,4285,8027,76,153,341,757,538,1481,711,2336,1051,1894,728,682,2442,3624,3284,6271,37789,25034,4309,1327,16511,2,6,2,1
2021-03-17T23:59:59+01:00,0,1,552,656,1072,1923,1469,3290,2285,6067,3147,5567,1727,1685,6522,8720,4275,8012,75,149,329,730,522,1437,689,2278,1013,1853,711,663,2203,3331,3203,6147,37717,24070,3786,1255,15460,2,6,1,1
2021-03-16T23:59:59+01:00,0,1,508,627,1032,1867,1418,3186,2220,5913,3031,5433,1531,1463,6388,8573,4265,7991,69,136,308,674,492,1360,660,2143,984,1725,662,613,2092,3197,3180,6063,37662,23327,3167,1024,14612,2,5,1,1
2021-03-15T23:59:59+01:00,0,1,496,616,1001,1821,1384,3118,2189,5828,2944,5349,1407,1328,5809,7887,4226,7928,66,129,293,616,477,1240,622,2013,944,1612,634,593,2055,3158,3167,6004,36429,22931,2812,690,14090,2,0,1,1
2021-03-14T23:59:59+01:00,0,1,491,610,991,1809,1381,3101,2173,5810,2910,5322,1364,1278,5417,7440,4203,7910,65,124,289,593,471,1213,616,1957,934,1587,634,593,2055,3158,3166,6002,35614,22925,2807,530,13789,2,0,1,1
2021-03-13T23:59:59+01:00,0,1,470,592,954,1762,1328,3037,1917,5221,2670,4910,1259,1165,4768,6593,4154,7835,65,124,288,590,469,1211,614,1955,933,1583,632,588,1694,2678,2643,5248,33946,20783,2803,530,11886,2,0,1,1
2021-03-12T23:59:59+01:00,0,1,454,571,934,1721,1298,2956,1713,4433,2463,4461,1189,1082,4072,5793,4107,7753,65,122,287,586,469,1208,612,1947,928,1577,629,581,1374,2140,2109,4455,32274,18558,2800,530,9926,1,0,1,1
2021-03-11T23:59:59+01:00,0,1,450,564,926,1710,1283,2939,1688,4399,2427,4425,1115,1027,4030,5757,4104,7749,65,114,281,564,455,1156,603,1898,909,1541,617,568,1368,2123,2100,4406,32242,18309,2706,458,9645,1,0,1,1
2021-03-10T23:59:59+01:00,0,1,429,553,881,1652,1229,2862,1615,4302,2361,4332,1082,1004,4014,5742,4103,7747,65,114,279,560,452,1149,598,1875,909,1536,611,560,1307,2037,2057,4350,32227,18025,2141,433,9540,1,0,1,1
2021-03-09T23:59:59+01:00,0,1,407,537,833,1602,1188,2799,1574,4219,2318,4279,1061,993,4008,5735,4102,7746,63,113,278,559,451,1138,596,1863,903,1531,609,554,1102,1728,1942,4178,32181,17201,1692,406,9528,1,0,1,1
2021-03-08T23:59:59+01:00,0,1,400,526,823,1588,1179,2783,1566,4194,2307,4266,1048,983,3971,5688,4100,7741,62,113,274,554,447,1132,595,1859,899,1529,609,554,1033,1637,1897,4135,32054,16946,1596,382,9513,1,0,1,1
2021-03-07T23:59:59+01:00,0,1,399,523,823,1587,1177,2781,1562,4188,2297,4261,1042,975,3965,5682,4099,7740,59,110,265,532,435,1106,580,1759,864,1454,608,554,929,1508,1847,4067,32038,16588,1557,89,9506,0,0,1,1
2021-03-06T23:59:59+01:00,0,1,391,507,804,1554,1154,2723,1521,4121,2104,3765,1013,938,3792,5411,4002,7579,59,110,265,532,435,1105,580,1759,864,1454,608,554,926,1507,1844,4066,31332,16579,1557,89,8490,0,0,1,1
2021-03-05T23:59:59+01:00,0,1,376,467,771,1450,1104,2506,1446,3908,1891,3095,983,893,3047,4452,3798,7240,59,109,264,529,432,1099,579,1754,860,1451,605,552,887,1448,1821,4028,29036,16388,1556,89,6835,0,0,1,1
2021-03-04T23:59:59+01:00,0,1,361,459,764,1430,1091,2483,1427,3879,1868,3076,970,889,3043,4448,3795,7238,59,108,261,526,428,1083,569,1732,859,1443,603,550,850,1394,1798,3993,29023,16230,1518,26,6680,0,0,1,1
2021-03-03T23:59:59+01:00,0,1,350,427,745,1379,1060,2400,1377,3725,1790,2979,937,845,3033,4442,3795,7235,58,107,258,524,427,1079,567,1723,856,1439,603,549,830,1341,1713,3848,28710,15898,1518,24,6291,0,0,1,1
2021-03-02T23:59:59+01:00,0,1,344,418,729,1355,1012,2355,1308,3641,1674,2883,849,779,2991,4405,3789,7230,58,107,257,520,426,1071,567,1717,856,1435,602,549,830,1341,1713,3848,28073,15873,1455,24,6234,0,0,1,1
2021-03-01T23:59:59+01:00,0,1,340,404,722,1308,999,2297,1288,3559,1648,2834,831,770,2983,4395,3789,7230,58,106,256,516,421,1057,563,1704,847,1427,601,547,734,1189,1659,3768,28033,15429,1406,24,5958,0,0,1,1
2021-02-28T23:59:59+01:00,0,1,335,391,714,1269,986,2221,1276,3472,1626,2755,827,760,2981,4391,3788,7228,58,106,256,516,421,1056,563,1704,845,1427,601,546,637,1065,1613,3688,28022,15079,1403,23,5595,0,0,1,1
2021-02-27T23:59:59+01:00,0,1,326,371,700,1244,966,2184,1241,3403,1603,2702,810,745,2978,4391,3787,7228,58,106,256,516,421,1056,562,1704,844,1427,601,546,637,1064,1613,3688,28020,15076,1403,23,5256,0,0,1,1
2021-02-26T23:59:59+01:00,0,1,301,318,652,1179,902,2066,1151,3237,1499,2563,781,722,2549,3786,3370,6462,58,106,253,514,421,1054,560,1702,841,1421,597,544,630,1052,1604,3669,25757,15003,1403,23,4378,0,0,1,1
2021-02-25T23:59:59+01:00,0,1,296,305,639,1147,881,2024,1132,3171,1481,2518,778,719,2503,3713,3340,6418,56,104,249,506,421,1050,555,1692,838,1410,591,539,553,942,1560,3613,25537,14658,1403,21,4125,0,0,1,1
2021-02-24T23:59:59+01:00,0,1,277,295,588,1101,834,1957,1074,3076,1437,2460,761,700,2264,3411,3258,6288,55,100,245,499,415,1032,546,1670,835,1391,584,528,540,922,1549,3591,24555,14487,1403,15,3823,0,0,1,1
2021-02-23T23:59:59+01:00,0,1,264,275,560,1044,797,1880,1006,2927,1365,2358,710,650,2153,3276,3235,6198,55,98,243,493,415,1016,536,1638,828,1369,575,522,525,875,1538,3547,23767,14258,1398,15,3533,0,0,1,1
2021-02-22T23:59:59+01:00,0,1,260,269,548,982,777,1804,981,2833,1329,2298,687,630,2126,3241,3227,6141,55,97,237,487,413,1003,527,1622,824,1344,561,510,507,850,1532,3497,23378,14051,1398,15,3357,0,0,1,1
2021-02-21T23:59:59+01:00,0,1,257,261,539,957,764,1767,973,2785,1299,2272,687,628,2124,3241,3226,6140,55,97,236,487,413,1003,527,1622,824,1343,561,509,507,850,1532,3496,23372,14047,1398,15,3150,0,0,1,1
2021-02-20T23:59:59+01:00,0,1,173,230,468,908,696,1690,903,2696,1214,2173,672,613,1756,2727,2677,5346,55,97,236,487,413,1003,527,1621,824,1343,561,509,507,850,1532,3496,21122,14046,1398,15,2422,0,0,1,1
2021-02-19T23:59:59+01:00,0,1,82,167,357,827,570,1557,770,2547,1078,2021,656,592,1454,2215,2142,4557,55,97,236,487,413,1002,527,1621,824,1342,561,509,500,847,1531,3490,18941,14028,1398,14,1253,0,0,1,1
2021-02-18T23:59:59+01:00,0,1,79,162,345,777,549,1468,737,2407,1045,1954,641,582,1445,2197,2133,4508,52,90,231,465,399,937,512,1541,805,1268,547,495,494,829,1530,3473,18704,13654,1373,14,952,0,0,1,1
2021-02-17T23:59:59+01:00,0,1,78,154,331,754,540,1435,708,2314,1009,1855,635,572,1387,2110,2087,4459,52,87,229,456,391,899,501,1476,786,1186,534,483,492,827,1530,3473,18446,13388,1300,14,682,0,0,1,1
2021-02-16T23:59:59+01:00,0,1,73,148,316,715,512,1362,676,2206,984,1750,625,565,1143,1766,1969,4282,51,78,228,451,385,869,488,1411,760,1119,513,470,490,827,1527,3472,17540,13137,1062,2,490,0,0,1,1
2021-02-15T23:59:59+01:00,0,1,68,132,290,612,477,1221,621,1993,934,1591,616,563,1060,1660,1918,4220,51,78,226,446,381,863,487,1407,757,1112,513,470,489,824,1526,3469,17215,13099,724,0,37,0,0,1,1
2021-02-14T23:59:59+01:00,0,1,67,125,285,587,472,1192,610,1939,920,1569,616,563,963,1537,1873,4164,51,78,226,446,381,863,487,1405,757,1112,513,470,489,824,1526,3469,16891,13097,569,0,22,0,0,1,1
2021-02-13T23:59:59+01:00,0,1,67,124,285,586,471,1188,609,1937,918,1566,615,562,962,1528,1869,4161,51,78,226,445,379,858,486,1400,755,1111,511,468,472,786,1271,3011,16857,12308,569,0,22,0,0,1,1
2021-02-12T23:59:59+01:00,0,1,66,124,284,585,467,1184,609,1934,915,1565,612,561,923,1477,1849,4121,51,78,226,441,376,849,481,1391,749,1105,504,460,454,747,925,2319,16688,11156,569,0,19,0,0,1,1
2021-02-11T23:59:59+01:00,0,1,66,117,281,574,454,1157,603,1908,908,1553,611,560,881,1419,1827,4084,51,75,211,411,362,802,465,1318,734,1073,501,459,454,747,924,2318,16512,10906,486,0,5,0,0,1,0
2021-02-10T23:59:59+01:00,0,1,65,117,277,571,452,1152,599,1892,903,1549,611,560,872,1403,1806,4040,50,65,177,334,308,699,415,1146,655,979,466,447,449,746,924,2317,16410,10178,458,0,1,0,0,1,0
2021-02-09T23:59:59+01:00,0,1,63,115,271,568,449,1139,598,1878,897,1543,610,559,860,1368,1741,3937,42,53,124,256,232,548,334,944,553,825,431,436,445,745,922,2317,16166,9208,430,0,0,0,0,1,0
2021-02-08T23:59:59+01:00,0,1,62,115,268,559,446,1132,597,1863,891,1535,609,557,759,1218,1687,3855,38,43,86,166,169,410,268,706,492,690,423,429,441,742,921,2317,15748,8342,405,0,0,0,0,1,0
2021-02-07T23:59:59+01:00,0,1,59,112,259,536,431,1101,581,1760,856,1456,608,556,656,1091,1640,3772,37,42,82,164,166,403,263,693,487,679,421,428,441,742,921,2316,15378,8286,96,0,0,0,0,1,0
2021-02-06T23:59:59+01:00,0,1,59,112,258,536,431,1101,579,1759,854,1453,605,554,654,1082,1634,3765,34,41,81,161,163,393,259,685,476,671,413,427,405,694,687,1935,15340,7526,96,0,0,0,0,1,0
2021-02-05T23:59:59+01:00,0,1,59,112,256,533,431,1099,578,1758,852,1451,603,554,644,1075,1628,3754,32,39,77,155,158,385,251,666,459,661,407,427,399,669,299,1313,15291,6398,96,0,0,0,0,1,0
2021-02-04T23:59:59+01:00,0,1,57,110,251,526,425,1083,562,1731,848,1437,596,545,560,958,1580,3696,31,36,73,150,152,374,237,645,442,647,402,421,394,662,297,1308,14937,6272,28,0,0,0,0,1,0
2021-02-03T23:59:59+01:00,0,1,56,105,247,519,424,1063,559,1716,846,1422,592,535,550,948,1577,3683,24,28,59,118,119,275,173,505,333,497,300,321,319,521,226,1047,14816,4866,26,0,0,0,0,1,0
2021-02-02T23:59:59+01:00,0,1,56,103,244,513,424,1045,547,1683,838,1398,579,526,539,903,1568,3639,17,21,40,77,83,181,121,341,218,358,211,215,203,327,162,693,14579,3269,26,0,0,0,0,1,0
2021-02-01T23:59:59+01:00,0,1,56,101,240,505,422,1029,539,1662,834,1375,571,520,522,874,1560,3595,7,11,20,40,45,93,64,168,94,161,99,98,85,152,70,307,14379,1514,26,0,0,0,0,1,0
2021-01-31T23:59:59+01:00,0,1,56,101,239,504,420,1025,537,1657,831,1372,571,519,522,874,1560,3594,7,11,18,36,40,79,60,142,81,146,95,98,84,151,68,306,14357,1422,25,0,0,0,0,1,0
2021-01-30T23:59:59+01:00,0,1,56,101,239,504,420,1025,537,1657,831,1372,571,519,522,874,1560,3594,7,11,18,36,40,79,60,142,81,146,95,97,84,151,68,306,14357,1421,25,0,0,0,0,1,0
2021-01-29T23:59:59+01:00,0,1,56,101,239,504,420,1025,537,1657,831,1372,571,519,522,874,1560,3594,7,11,18,36,40,79,60,142,81,146,95,97,84,151,68,306,14357,1421,25,0,0,0,0,1,0
2021-01-28T23:59:59+01:00,0,1,54,93,235,476,408,959,519,1571,809,1290,558,504,516,857,1558,3580,3,2,4,6,11,13,19,34,21,31,16,20,19,33,17,91,13968,340,19,0,0,0,0,1,0
2021-01-27T23:59:59+01:00,0,1,52,89,235,466,400,920,509,1505,789,1207,546,491,514,855,1558,3580,3,2,4,6,9,13,19,33,21,30,16,20,19,33,17,91,13699,336,17,0,0,0,0,1,0
2021-01-26T23:59:59+01:00,0,1,51,83,231,463,393,891,498,1437,764,1140,524,478,512,855,1558,3580,1,2,4,6,9,12,17,29,17,25,14,18,17,31,17,84,13442,303,16,0,0,0,0,1,0
2021-01-25T23:59:59+01:00,0,1,51,83,228,458,390,885,498,1434,762,1135,524,478,512,854,1558,3578,0,0,0,0,0,0,0,0,0,0,1,1,0,2,0,0,13413,4,15,0,0,0,0,1,0
2021-01-24T23:59:59+01:00,0,1,51,83,228,458,390,885,498,1433,762,1135,524,478,512,854,1558,3578,0,0,0,0,0,0,0,0,0,0,1,1,0,2,0,0,13412,4,15,0,0,0,0,1,0
2021-01-23T23:59:59+01:00,0,1,51,83,228,457,389,881,498,1427,761,1133,521,476,495,816,1305,3110,0,0,0,0,0,0,0,0,0,0,1,1,0,2,0,0,12616,4,15,0,0,0,0,1,0
2021-01-22T23:59:59+01:00,0,1,51,83,227,453,385,871,493,1417,756,1125,515,468,478,775,947,2395,0,0,0,0,0,0,0,0,0,0,1,1,0,2,0,0,11425,4,15,0,0,0,0,0,0
2021-01-21T23:59:59+01:00,0,1,51,80,209,420,358,815,466,1318,730,1091,511,468,478,775,946,2394,0,0,0,0,0,0,0,0,0,0,1,1,0,2,0,0,11096,4,15,0,0,0,0,0,0
2021-01-20T23:59:59+01:00,0,1,49,70,181,349,317,730,424,1164,660,1000,475,457,473,775,946,2393,0,0,0,0,0,0,0,0,0,0,1,1,0,2,0,0,10449,4,15,0,0,0,0,0,0
2021-01-19T23:59:59+01:00,0,1,43,57,135,272,244,571,347,982,570,860,440,445,469,773,946,2393,0,0,0,0,0,0,0,0,0,0,1,0,0,2,0,0,9541,3,7,0,0,0,0,0,0
2021-01-18T23:59:59+01:00,0,1,39,44,86,173,175,421,278,719,499,703,431,438,466,768,944,2393,0,0,0,0,0,0,0,0,0,0,0,0,0,1,0,0,8578,1,0,0,0,0,0,0,0
2021-01-17T23:59:59+01:00,0,1,37,43,83,169,171,413,274,708,494,690,429,438,466,768,944,2392,0,0,0,0,0,0,0,0,0,0,0,0,0,0,0,0,8520,0,0,0,0,0,0,0,0
2021-01-16T23:59:59+01:00,0,1,34,42,81,167,167,404,267,701,479,682,421,437,427,721,704,2007,0,0,0,0,0,0,0,0,0,0,0,0,0,0,0,0,7742,0,0,0,0,0,0,0,0
2021-01-15T23:59:59+01:00,0,1,32,40,78,160,164,398,260,684,465,674,415,436,422,697,310,1376,0,0,0,0,0,0,0,0,0,0,0,0,0,0,0,0,6612,0,0,0,0,0,0,0,0
2021-01-14T23:59:59+01:00,0,1,32,38,77,156,159,393,252,675,454,666,412,434,422,696,310,1376,0,0,0,0,0,0,0,0,0,0,0,0,0,0,0,0,6553,0,0,0,0,0,0,0,0
2021-01-13T23:59:59+01:00,0,0,24,31,61,123,124,298,192,541,346,523,315,333,348,551,239,1107,0,0,0,0,0,0,0,0,0,0,0,0,0,0,0,0,5156,0,0,0,0,0,0,0,0
2021-01-12T23:59:59+01:00,0,0,17,24,45,85,89,210,139,391,236,387,225,227,227,355,173,750,0,0,0,0,0,0,0,0,0,0,0,0,0,0,0,0,3580,0,0,0,0,0,0,0,0
2021-01-11T23:59:59+01:00,0,0,9,15,26,44,59,134,88,220,124,205,112,107,99,172,80,333,0,0,0,0,0,0,0,0,0,0,0,0,0,0,0,0,1827,0,0,0,0,0,0,0,0
2021-01-10T23:59:59+01:00,0,0,8,15,22,41,52,106,80,179,105,172,106,104,95,170,77,333,0,0,0,0,0,0,0,0,0,0,0,0,0,0,0,0,1665,0,0,0,0,0,0,0,0
2021-01-09T23:59:59+01:00,0,0,8,15,22,41,52,106,80,179,105,172,106,103,95,170,77,333,0,0,0,0,0,0,0,0,0,0,0,0,0,0,0,0,1664,0,0,0,0,0,0,0,0
2021-01-08T23:59:59+01:00,0,0,8,14,21,40,50,100,75,168,99,169,103,99,90,161,75,325,0,0,0,0,0,0,0,0,0,0,0,0,0,0,0,0,1597,0,0,0,0,0,0,0,0
2021-01-07T23:59:59+01:00,0,0,3,3,4,7,11,14,20,34,23,34,17,20,20,34,19,95,0,0,0,0,0,0,0,0,0,0,0,0,0,0,0,0,358,0,0,0,0,0,0,0,0
2021-01-06T23:59:59+01:00,0,0,3,2,4,6,9,13,20,33,21,31,17,20,20,34,19,94,0,0,0,0,0,0,0,0,0,0,0,0,0,0,0,0,346,0,0,0,0,0,0,0,0
2021-01-05T23:59:59+01:00,0,0,3,2,4,6,9,13,20,33,21,31,17,20,20,34,19,94,0,0,0,0,0,0,0,0,0,0,0,0,0,0,0,0,346,0,0,0,0,0,0,0,0
2021-01-04T23:59:59+01:00,0,0,0,0,0,0,0,0,1,0,0,0,1,1,0,2,0,0,0,0,0,0,0,0,0,0,0,0,0,0,0,0,0,0,5,0,0,0,0,0,0,0,0
2021-01-03T23:59:59+01:00,0,0,0,0,0,0,0,0,1,0,0,0,1,1,0,2,0,0,0,0,0,0,0,0,0,0,0,0,0,0,0,0,0,0,5,0,0,0,0,0,0,0,0
2021-01-02T23:59:59+01:00,0,0,0,0,0,0,0,0,1,0,0,0,1,1,0,2,0,0,0,0,0,0,0,0,0,0,0,0,0,0,0,0,0,0,5,0,0,0,0,0,0,0,0
2021-01-01T23:59:59+01:00,0,0,0,0,0,0,0,0,1,0,0,0,1,1,0,2,0,0,0,0,0,0,0,0,0,0,0,0,0,0,0,0,0,0,5,0,0,0,0,0,0,0,0
2020-12-31T23:59:59+01:00,0,0,0,0,0,0,0,0,1,0,0,0,1,1,0,2,0,0,0,0,0,0,0,0,0,0,0,0,0,0,0,0,0,0,5,0,0,0,0,0,0,0,0
2020-12-30T23:59:59+01:00,0,0,0,0,0,0,0,0,1,0,0,0,1,1,0,2,0,0,0,0,0,0,0,0,0,0,0,0,0,0,0,0,0,0,5,0,0,0,0,0,0,0,0
2020-12-29T23:59:59+01:00,0,0,0,0,0,0,0,0,1,0,0,0,1,0,0,2,0,0,0,0,0,0,0,0,0,0,0,0,0,0,0,0,0,0,4,0,0,0,0,0,0,0,0
2020-12-28T23:59:59+01:00,0,0,0,0,0,0,0,0,0,0,0,0,1,0,0,1,0,0,0,0,0,0,0,0,0,0,0,0,0,0,0,0,0,0,2,0,0,0,0,0,0,0,0
2020-12-27T23:59:59+01:00,0,0,0,0,0,0,0,0,0,0,0,0,0,0,0,0,0,0,0,0,0,0,0,0,0,0,0,0,0,0,0,0,0,0,0,0,0,0,0,0,0,0,0
