Datum,<15_1_m,<15_1_w,15-24_1_m,15-24_1_w,25-34_1_m,25-34_1_w,35-44_1_m,35-44_1_w,45-54_1_m,45-54_1_w,55-64_1_m,55-64_1_w,65-74_1_m,65-74_1_w,75-84_1_m,75-84_1_w,>84_1_m,>84_1_w,<15_2_m,<15_2_w,15-24_2_m,15-24_2_w,25-34_2_m,25-34_2_w,35-44_2_m,35-44_2_w,45-54_2_m,45-54_2_w,55-64_2_m,55-64_2_w,65-74_2_m,65-74_2_w,75-84_2_m,75-84_2_w,>84_2_m,>84_2_w,bp_1,bp_2,mo_1,mo_2,az_1,az_2,ja,unb_1,unb_2
2021-11-23T23:59:59+01:00,3116,2905,18669,17275,21375,19663,23896,23791,30135,30865,36017,36672,26472,29433,17881,22842,5417,10282,2101,1913,15052,14156,18199,16756,21182,21063,27427,28225,33810,34472,25598,28407,17352,22139,5230,9846,278162,248099,33216,31222,46634,44932,18640,86,35
2021-11-22T23:59:59+01:00,3081,2870,18631,17234,21331,19616,23863,23749,30107,30829,35986,36626,26447,29398,17875,22832,5415,10271,2096,1902,15019,14128,18159,16729,21146,21041,27391,28198,33783,34445,25587,28397,17344,22128,5230,9843,277639,247770,33213,31210,46633,44929,18622,86,35
2021-11-21T23:59:59+01:00,3054,2856,18592,17199,21295,19584,23828,23727,30077,30804,35950,36594,26437,29379,17870,22822,5412,10267,2094,1900,15001,14123,18143,16711,21136,21031,27377,28178,33768,34433,25579,28388,17342,22118,5229,9841,277238,247611,33213,31210,46632,44926,18610,86,35
2021-11-20T23:59:59+01:00,3019,2823,18490,17125,21213,19500,23733,23656,30011,30763,35921,36557,26420,29357,17865,22818,5411,10264,2092,1892,14969,14100,18089,16686,21114,21009,27356,28153,33746,34419,25568,28381,17340,22113,5229,9840,276438,247317,33212,31209,46632,44925,18610,86,35
2021-11-19T23:59:59+01:00,2949,2774,18330,16975,21088,19382,23625,23541,29904,30664,35848,36479,26393,29326,17854,22799,5410,10257,2067,1862,14823,14002,17974,16590,21023,20934,27244,28077,33679,34364,25555,28364,17329,22105,5229,9838,275128,246324,33180,31171,46632,44925,18604,86,35
2021-11-18T23:59:59+01:00,2900,2728,18215,16886,20955,19269,23544,23457,29829,30583,35771,36401,26365,29285,17834,22775,5404,10253,2050,1843,14758,13947,17906,16541,20966,20886,27199,28020,33619,34321,25540,28341,17320,22087,5226,9833,274081,245773,33138,31121,46632,44925,18549,86,35
2021-11-17T23:59:59+01:00,2851,2676,18104,16786,20855,19156,23448,23350,29749,30505,35709,36325,26317,29236,17817,22745,5398,10244,2034,1829,14708,13903,17862,16489,20922,20850,27154,27981,33577,34289,25519,28315,17312,22067,5223,9817,272945,245268,33118,31098,46629,44925,18525,86,35
2021-11-16T23:59:59+01:00,2809,2649,17980,16684,20737,19040,23334,23256,29665,30432,35639,36259,26285,29191,17796,22710,5395,10239,2018,1818,14672,13858,17822,16447,20881,20818,27127,27930,33535,34247,25502,28307,17302,22055,5222,9808,271810,244826,33096,31072,46629,44925,18511,86,35
2021-11-15T23:59:59+01:00,2787,2618,17897,16610,20646,18963,23272,23188,29600,30354,35585,36206,26267,29165,17783,22701,5394,10231,2009,1810,14624,13837,17790,16426,20865,20786,27097,27891,33517,34221,25491,28287,17295,22042,5213,9780,271004,244470,33090,31058,46626,44925,18493,86,35
2021-11-14T23:59:59+01:00,2768,2586,17849,16585,20595,18914,23230,23145,29565,30314,35562,36166,26255,29150,17779,22693,5391,10226,2004,1805,14601,13820,17765,16409,20847,20772,27076,27861,33496,34206,25481,28281,17289,22038,5210,9776,270555,244269,33088,31058,46624,44924,18451,86,35
2021-11-13T23:59:59+01:00,2718,2534,17635,16442,20403,18775,23116,23038,29447,30228,35487,36093,26242,29133,17771,22681,5389,10224,1999,1798,14568,13805,17737,16383,20818,20750,27052,27845,33472,34183,25473,28273,17285,22033,5210,9776,269141,243994,33087,31058,46624,44924,18449,86,35
2021-11-12T23:59:59+01:00,2658,2467,17353,16207,20182,18581,22953,22895,29284,30076,35364,35990,26217,29104,17756,22655,5383,10219,1991,1779,14485,13742,17645,16309,20736,20706,26978,27779,33433,34138,25468,28257,17284,22024,5210,9773,267200,243321,33035,31027,46623,44923,18431,86,35
2021-11-11T23:59:59+01:00,2596,2411,17158,16045,20021,18444,22805,22749,29148,29961,35291,35896,26179,29065,17738,22638,5380,10210,1976,1758,14408,13683,17577,16245,20666,20642,26915,27723,33380,34097,25450,28231,17279,22012,5206,9770,265746,242752,32957,30955,46623,44922,18354,86,35
2021-11-10T23:59:59+01:00,2547,2375,17027,15926,19874,18329,22701,22646,29047,29878,35221,35823,26153,29032,17729,22620,5376,10198,1967,1746,14372,13628,17531,16205,20621,20590,26865,27669,33341,34060,25423,28202,17263,22003,5206,9767,264581,242257,32924,30925,46622,44922,18320,86,35
2021-11-09T23:59:59+01:00,2528,2345,16913,15810,19768,18227,22590,22548,28969,29806,35153,35759,26131,29005,17715,22605,5374,10192,1960,1732,14346,13592,17506,16181,20595,20565,26833,27636,33306,34031,25411,28187,17255,21994,5206,9761,263555,241947,32901,30888,46622,44922,18305,86,35
2021-11-08T23:59:59+01:00,2423,2225,16681,15620,19643,18116,22484,22457,28875,29726,35076,35699,26106,28985,17702,22591,5372,10187,1949,1726,14298,13546,17480,16145,20571,20529,26803,27605,33279,33998,25399,28168,17253,21986,5202,9759,262127,241605,32900,30865,46616,44921,18270,86,35
2021-11-07T23:59:59+01:00,2409,2209,16634,15584,19585,18068,22438,22419,28833,29699,35038,35669,26097,28976,17696,22585,5372,10185,1938,1720,14280,13519,17461,16118,20552,20509,26792,27586,33258,33982,25390,28158,17246,21979,5201,9756,261694,241388,32898,30865,46613,44921,18236,86,35
2021-11-06T23:59:59+01:00,2371,2168,16418,15400,19415,17929,22306,22320,28712,29609,34973,35614,26083,28964,17691,22581,5371,10184,1933,1718,14255,13502,17437,16100,20540,20495,26778,27575,33252,33968,25386,28154,17244,21977,5201,9755,260309,241213,32896,30865,46613,44921,18236,86,35
2021-11-05T23:59:59+01:00,2298,2100,16105,15115,19175,17703,22096,22142,28546,29459,34867,35533,26067,28944,17684,22570,5371,10182,1916,1706,14174,13423,17379,16048,20486,20449,26736,27540,33230,33949,25380,28145,17239,21966,5201,9752,258315,240800,32835,30824,46613,44921,18139,86,35
2021-11-04T23:59:59+01:00,2262,2069,15956,14973,19028,17570,21990,22028,28438,29350,34787,35484,26054,28921,17681,22562,5370,10182,1896,1686,14114,13363,17319,15981,20436,20382,26692,27482,33186,33908,25367,28127,17226,21954,5201,9743,257292,240375,32789,30775,46608,44917,17961,86,35
2021-11-03T23:59:59+01:00,2244,2045,15835,14873,18929,17492,21892,21945,28354,29288,34730,35454,26034,28899,17674,22551,5368,10179,1878,1672,14078,13324,17281,15934,20399,20351,26656,27441,33145,33878,25352,28107,17217,21936,5200,9734,256416,239944,32783,30762,46607,44917,17925,86,35
2021-11-02T23:59:59+01:00,2235,2032,15764,14804,18844,17420,21818,21889,28288,29246,34695,35420,26022,28884,17669,22549,5367,10176,1858,1660,14034,13282,17234,15905,20363,20316,26627,27416,33113,33845,25342,28092,17212,21926,5198,9728,255815,239562,32754,30747,46607,44916,17891,86,35
2021-11-01T23:59:59+01:00,2228,2019,15706,14763,18779,17387,21774,21860,28251,29225,34675,35403,26016,28883,17667,22546,5367,10175,1846,1653,13996,13259,17212,15878,20342,20302,26607,27398,33101,33838,25334,28088,17209,21917,5197,9726,255442,239346,32754,30739,46605,44915,17868,86,35
2021-10-31T23:59:59+01:00,2228,2019,15706,14763,18779,17387,21774,21860,28250,29225,34675,35403,26016,28883,17667,22546,5367,10175,1846,1653,13996,13259,17212,15877,20342,20302,26606,27398,33101,33838,25334,28088,17209,21917,5197,9726,255442,239345,32754,30739,46605,44915,17867,86,35
2021-10-30T23:59:59+02:00,2226,2016,15703,14763,18779,17387,21772,21859,28249,29225,34675,35402,26016,28882,17667,22546,5367,10175,1844,1651,13995,13259,17212,15877,20342,20302,26606,27398,33100,33838,25334,28088,17209,21917,5197,9726,255429,239339,32753,30739,46605,44915,17867,86,35
2021-10-29T23:59:59+02:00,2202,1985,15571,14660,18633,17276,21650,21772,28130,29154,34608,35361,26005,28874,17662,22544,5367,10173,1831,1638,13930,13224,17161,15830,20293,20280,26569,27373,33081,33818,25331,28084,17207,21913,5197,9723,254516,239084,32704,30702,46605,44915,17747,86,35
2021-10-28T23:59:59+02:00,2179,1956,15434,14561,18449,17160,21529,21684,28032,29081,34547,35313,25992,28862,17658,22537,5367,10171,1817,1622,13852,13150,17066,15764,20232,20225,26521,27330,33042,33792,25309,28065,17200,21904,5193,9719,253675,238688,32619,30609,46604,44912,17559,86,35
2021-10-27T23:59:59+02:00,2154,1943,15373,14502,18401,17111,21472,21656,27998,29050,34520,35293,25987,28846,17651,22534,5367,10170,1805,1608,13820,13116,17045,15744,20217,20207,26502,27295,33019,33772,25291,28044,17192,21888,5189,9717,253225,238391,32616,30605,46604,44912,17528,86,35
2021-10-26T23:59:59+02:00,2141,1919,15331,14470,18363,17075,21442,21639,27980,29030,34501,35283,25980,28842,17648,22532,5367,10170,1796,1601,13796,13078,17020,15717,20195,20186,26485,27277,32997,33759,25281,28026,17182,21869,5185,9700,252922,238085,32610,30596,46604,44912,17522,86,35
2021-10-25T23:59:59+02:00,2134,1914,15298,14452,18341,17058,21427,21630,27967,29024,34497,35278,25980,28840,17648,22532,5367,10170,1795,1601,13792,13074,17017,15715,20195,20183,26484,27276,32994,33757,25281,28026,17182,21868,5185,9700,252770,238064,32606,30592,46604,44912,17522,86,35
2021-10-24T23:59:59+02:00,2124,1908,15283,14445,18326,17048,21415,21622,27955,29011,34489,35271,25979,28835,17646,22532,5367,10170,1789,1595,13779,13055,17010,15702,20188,20174,26474,27270,32989,33749,25277,28021,17180,21867,5184,9699,252647,237948,32606,30592,46603,44912,17515,86,35
2021-10-23T23:59:59+02:00,2124,1908,15283,14445,18325,17048,21415,21621,27955,29011,34489,35271,25979,28835,17646,22532,5367,10170,1789,1595,13779,13055,17010,15702,20188,20174,26474,27270,32988,33749,25277,28021,17180,21867,5184,9699,252645,237947,32606,30592,46603,44912,17515,86,35
2021-10-22T23:59:59+02:00,2109,1891,15216,14399,18233,16988,21348,21572,27901,28964,34458,35255,25979,28831,17645,22529,5366,10169,1772,1574,13726,12991,16965,15667,20157,20150,26454,27252,32968,33732,25269,28019,17180,21864,5184,9698,252172,237627,32546,30571,46603,44912,17477,86,35
2021-10-21T23:59:59+02:00,2079,1859,15097,14315,18113,16897,21257,21512,27828,28901,34393,35216,25965,28811,17639,22519,5365,10165,1745,1557,13648,12910,16897,15617,20099,20106,26399,27206,32920,33697,25252,28000,17169,21842,5183,9693,251414,237156,32491,30470,46603,44912,17367,86,35
2021-10-20T23:59:59+02:00,2066,1848,15051,14281,18063,16860,21209,21472,27797,28875,34365,35198,25958,28798,17631,22508,5364,10160,1723,1544,13619,12877,16864,15581,20069,20075,26368,27176,32897,33664,25232,27988,17158,21832,5183,9688,251013,236779,32477,30458,46603,44912,17354,86,35
2021-10-19T23:59:59+02:00,2057,1841,15031,14251,18041,16839,21193,21457,27784,28858,34347,35186,25946,28789,17629,22505,5364,10160,1709,1526,13599,12839,16827,15544,20039,20051,26344,27152,32866,33642,25215,27971,17152,21818,5179,9682,250801,236411,32477,30457,46603,44912,17340,86,35
2021-10-18T23:59:59+02:00,2052,1834,15009,14233,18024,16819,21168,21432,27770,28846,34334,35172,25944,28783,17627,22502,5361,10159,1695,1514,13572,12808,16812,15517,20018,20026,26326,27127,32851,33622,25203,27963,17148,21810,5176,9680,250616,236151,32466,30445,46603,44910,17327,86,35
2021-10-17T23:59:59+02:00,2048,1832,14984,14223,18021,16813,21164,21426,27764,28837,34331,35167,25939,28780,17625,22502,5360,10155,1693,1508,13545,12787,16792,15501,20004,20009,26310,27115,32841,33611,25194,27955,17144,21807,5171,9671,250528,235956,32465,30444,46603,44905,17318,86,35
2021-10-16T23:59:59+02:00,2048,1831,14984,14220,18021,16813,21163,21426,27764,28837,34331,35167,25939,28780,17625,22502,5360,10155,1693,1508,13545,12787,16792,15501,20004,20009,26310,27115,32841,33611,25194,27955,17144,21807,5171,9671,250523,235956,32465,30444,46603,44905,17318,86,35
2021-10-15T23:59:59+02:00,2043,1816,14955,14187,18001,16790,21139,21412,27749,28827,34316,35161,25939,28777,17624,22498,5360,10153,1676,1486,13475,12732,16758,15468,19967,19983,26288,27090,32830,33595,25191,27952,17139,21804,5170,9670,250356,235634,32440,30409,46603,44905,17291,86,35
2021-10-14T23:59:59+02:00,2015,1799,14860,14120,17940,16736,21101,21379,27712,28796,34287,35139,25931,28769,17620,22490,5359,10147,1649,1457,13376,12636,16693,15405,19921,19913,26230,27039,32787,33559,25173,27929,17125,21785,5168,9667,249946,235103,32384,30259,46603,44905,17210,86,35
2021-10-13T23:59:59+02:00,2000,1790,14828,14077,17915,16708,21085,21361,27688,28780,34266,35126,25924,28759,17612,22482,5358,10144,1634,1445,13331,12595,16663,15370,19883,19867,26202,27013,32758,33518,25153,27908,17116,21760,5163,9661,249668,234652,32382,30255,46603,44905,17193,86,35
2021-10-12T23:59:59+02:00,1991,1785,14796,14045,17896,16682,21059,21339,27669,28759,34247,35109,25919,28753,17610,22474,5357,10142,1620,1437,13290,12548,16639,15325,19849,19832,26177,26986,32730,33495,25135,27884,17105,21738,5153,9630,249407,234195,32380,30253,46603,44905,17185,86,35
2021-10-11T23:59:59+02:00,1985,1777,14773,14032,17882,16665,21045,21327,27657,28749,34238,35095,25915,28746,17606,22469,5357,10138,1616,1426,13256,12516,16623,15297,19830,19806,26158,26959,32705,33467,25117,27863,17098,21726,5152,9620,249247,233872,32380,30253,46602,44905,17170,86,35
2021-10-10T23:59:59+02:00,1972,1764,14755,14014,17864,16650,21036,21313,27651,28744,34228,35088,25915,28742,17605,22466,5355,10138,1596,1416,13228,12491,16596,15269,19810,19786,26142,26941,32692,33452,25109,27853,17093,21723,5150,9617,249105,233619,32380,30253,46602,44901,17156,86,35
2021-10-09T23:59:59+02:00,1972,1764,14755,14014,17863,16649,21035,21313,27651,28744,34227,35087,25915,28740,17605,22466,5355,10138,1596,1416,13228,12491,16595,15269,19809,19786,26142,26940,32691,33450,25109,27851,17093,21723,5150,9617,249104,233618,32380,30252,46602,44901,17150,86,35
2021-10-08T23:59:59+02:00,1955,1749,14718,13992,17835,16624,21012,21298,27632,28730,34212,35072,25910,28739,17605,22464,5354,10136,1573,1377,13151,12403,16539,15218,19756,19746,26113,26907,32670,33429,25098,27840,17088,21718,5148,9616,248908,233111,32362,30235,46602,44901,17108,86,35
2021-10-07T23:59:59+02:00,1933,1729,14649,13919,17767,16571,20967,21237,27584,28702,34163,35042,25886,28717,17597,22452,5353,10132,1533,1344,13055,12329,16475,15147,19707,19697,26039,26854,32621,33386,25073,27818,17070,21699,5140,9599,248450,232589,32305,30075,46601,44900,16987,86,35
2021-10-06T23:59:59+02:00,1925,1711,14613,13883,17743,16543,20948,21213,27555,28671,34130,35021,25872,28704,17594,22447,5350,10129,1516,1331,13028,12288,16450,15119,19682,19671,26011,26827,32598,33356,25061,27805,17060,21687,5138,9593,248148,232272,32305,30075,46601,44900,16939,86,35
2021-10-05T23:59:59+02:00,1918,1699,14589,13845,17710,16527,20927,21191,27533,28644,34110,34994,25855,28688,17585,22436,5350,10126,1499,1316,12995,12256,16424,15101,19661,19647,25990,26800,32576,33338,25053,27796,17053,21680,5134,9588,247847,231981,32304,30075,46600,44899,16917,86,35
2021-10-04T23:59:59+02:00,1906,1694,14540,13806,17678,16499,20905,21170,27509,28620,34094,34975,25848,28671,17582,22431,5349,10122,1477,1300,12958,12219,16404,15071,19647,19623,25965,26772,32558,33310,25042,27786,17047,21673,5132,9584,247594,231694,32277,30072,46599,44898,16869,86,35
2021-10-03T23:59:59+02:00,1894,1688,14522,13777,17660,16481,20893,21160,27499,28608,34084,34966,25839,28666,17575,22423,5348,10120,1466,1290,12936,12201,16380,15053,19636,19612,25955,26759,32547,33297,25031,27775,17047,21665,5132,9584,247456,231543,32267,30068,46596,44897,16823,86,35
2021-10-02T23:59:59+02:00,1893,1688,14520,13776,17659,16480,20893,21159,27499,28608,34083,34966,25839,28665,17575,22423,5348,10120,1466,1290,12936,12200,16380,15053,19636,19612,25955,26759,32547,33297,25031,27775,17047,21665,5132,9584,247447,231542,32267,30068,46596,44897,16823,86,35
2021-10-01T23:59:59+02:00,1880,1669,14456,13712,17597,16428,20850,21117,27463,28588,34058,34947,25831,28661,17575,22417,5348,10117,1431,1253,12833,12097,16298,14996,19577,19563,25919,26724,32516,33269,25016,27760,17043,21657,5131,9582,247116,230969,32235,30058,46596,44897,16706,86,35
2021-09-30T23:59:59+02:00,1867,1649,14358,13626,17533,16370,20788,21065,27407,28530,34001,34921,25809,28644,17566,22407,5346,10114,1407,1229,12727,12022,16225,14948,19526,19510,25865,26666,32462,33241,24995,27738,17037,21645,5128,9581,246748,230659,32107,29878,46593,44888,16492,86,35
2021-09-29T23:59:59+02:00,1852,1629,14333,13601,17510,16328,20751,21035,27380,28497,33976,34898,25790,28628,17560,22397,5346,10113,1389,1216,12695,11989,16205,14920,19512,19491,25849,26648,32443,33218,24980,27725,17027,21632,5125,9577,246401,230378,32106,29878,46593,44887,16463,86,35
2021-09-28T23:59:59+02:00,1835,1620,14303,13569,17481,16294,20724,21000,27348,28474,33949,34874,25776,28608,17550,22387,5343,10107,1364,1209,12655,11958,16184,14892,19497,19465,25830,26637,32430,33197,24974,27714,17024,21626,5123,9576,246047,230120,32105,29878,46593,44886,16436,86,35
2021-09-27T23:59:59+02:00,1827,1615,14274,13544,17461,16272,20697,20977,27326,28455,33930,34852,25768,28595,17548,22379,5343,10104,1350,1198,12616,11924,16162,14870,19469,19448,25810,26615,32421,33177,24966,27701,17018,21619,5121,9575,245828,229887,32105,29878,46593,44880,16380,86,35
2021-09-26T23:59:59+02:00,1823,1610,14258,13524,17441,16255,20686,20962,27310,28440,33922,34839,25757,28590,17544,22378,5342,10103,1343,1194,12600,11904,16147,14853,19456,19436,25801,26604,32410,33166,24960,27699,17015,21615,5120,9574,245676,229756,32105,29877,46593,44880,16349,86,35
2021-09-25T23:59:59+02:00,1820,1608,14245,13508,17419,16243,20665,20951,27291,28424,33909,34831,25750,28585,17539,22375,5341,10101,1341,1192,12589,11890,16128,14842,19436,19424,25786,26587,32398,33158,24954,27694,17010,21612,5120,9572,245633,229729,32105,29877,46593,44880,16212,86,35
2021-09-24T23:59:59+02:00,1802,1584,14163,13427,17350,16194,20610,20901,27252,28380,33869,34801,25732,28574,17529,22365,5339,10097,1312,1173,12492,11786,16045,14773,19382,19363,25739,26551,32350,33129,24931,27673,17001,21600,5118,9568,245239,229210,32086,29872,46593,44880,15989,86,35
2021-09-23T23:59:59+02:00,1780,1564,14059,13328,17257,16108,20519,20824,27170,28321,33819,34741,25706,28551,17517,22346,5335,10090,1299,1164,12403,11711,15975,14706,19308,19313,25679,26494,32304,33093,24911,27654,16995,21589,5115,9562,244746,228877,31985,29834,46592,44879,15650,86,35
2021-09-22T23:59:59+02:00,1761,1551,14022,13279,17207,16066,20466,20777,27131,28274,33768,34690,25676,28524,17509,22324,5331,10086,1282,1155,12361,11665,15929,14673,19278,19284,25650,26466,32254,33058,24883,27629,16989,21575,5112,9553,244323,228555,31960,29825,46592,44877,15504,86,35
2021-09-21T23:59:59+02:00,1748,1536,13960,13225,17185,16016,20433,20738,27100,28233,33732,34669,25663,28506,17497,22300,5323,10058,1257,1132,12314,11605,15899,14645,19245,19245,25623,26438,32229,33031,24862,27612,16986,21566,5110,9542,243829,228174,31956,29775,46592,44875,15482,86,35
2021-09-20T23:59:59+02:00,1738,1529,13909,13186,17148,15975,20392,20705,27058,28195,33697,34635,25643,28479,17489,22283,5312,10031,1238,1128,12258,11569,15866,14622,19216,19219,25594,26414,32207,33007,24848,27599,16984,21558,5105,9528,243388,227870,31956,29775,46592,44875,15405,86,35
2021-09-19T23:59:59+02:00,1733,1520,13884,13160,17117,15953,20366,20686,27037,28166,33684,34621,25635,28470,17486,22280,5311,10029,1234,1117,12234,11548,15844,14602,19203,19200,25581,26402,32197,32996,24841,27594,16978,21552,5104,9528,243159,227703,31954,29774,46592,44873,15370,86,35
2021-09-18T23:59:59+02:00,1730,1516,13872,13148,17106,15946,20356,20679,27030,28162,33678,34617,25635,28470,17486,22279,5311,10029,1234,1115,12227,11540,15834,14597,19193,19197,25574,26398,32192,32994,24841,27594,16978,21552,5104,9528,243122,227683,31941,29769,46592,44873,15332,86,35
2021-09-17T23:59:59+02:00,1707,1482,13771,13034,16998,15870,20275,20608,26959,28102,33625,34573,25612,28447,17474,22268,5310,10026,1217,1098,12142,11463,15733,14520,19105,19125,25504,26329,32129,32951,24822,27574,16968,21534,5103,9524,242657,227242,31894,29757,46592,44872,14935,86,35
2021-09-16T23:59:59+02:00,1680,1444,13672,12924,16910,15774,20182,20518,26858,28016,33548,34507,25580,28414,17460,22244,5303,10005,1193,1072,12052,11384,15663,14456,19023,19046,25416,26248,32068,32896,24780,27536,16958,21521,5100,9513,242039,226774,31797,29698,46592,44870,14548,86,35
2021-09-15T23:59:59+02:00,1662,1435,13612,12871,16858,15712,20136,20467,26802,27965,33496,34451,25554,28382,17445,22215,5296,9982,1173,1056,11992,11323,15607,14405,18971,18995,25355,26198,32010,32840,24748,27503,16942,21502,5096,9502,241619,226338,31776,29682,46588,44868,14295,86,35
2021-09-14T23:59:59+02:00,1646,1424,13549,12803,16785,15660,20076,20420,26752,27908,33446,34400,25531,28363,17432,22204,5292,9977,1145,1034,11930,11261,15534,14345,18916,18950,25307,26144,31953,32788,24717,27480,16928,21486,5096,9497,241217,225944,31724,29588,46588,44868,14076,86,35
2021-09-13T23:59:59+02:00,1624,1408,13510,12766,16757,15633,20057,20395,26730,27883,33424,34376,25520,28355,17427,22193,5292,9974,1128,1019,11887,11227,15500,14323,18892,18920,25283,26116,31927,32766,24706,27469,16915,21477,5093,9496,240933,225636,31723,29586,46583,44866,14021,86,35
2021-09-12T23:59:59+02:00,1613,1405,13477,12743,16715,15617,20043,20384,26719,27864,33418,34364,25514,28348,17426,22189,5292,9971,1116,1013,11843,11207,15454,14305,18868,18899,25267,26103,31913,32752,24698,27460,16912,21473,5092,9493,240773,225421,31723,29586,46581,44865,13961,86,35
2021-09-11T23:59:59+02:00,1602,1404,13461,12731,16701,15608,20033,20381,26707,27858,33414,34360,25510,28347,17425,22188,5290,9971,1037,951,11776,11156,15438,14297,18860,18888,25254,26092,31905,32739,24696,27458,16911,21472,5092,9493,240708,225097,31702,29584,46581,44865,13934,86,35
2021-09-10T23:59:59+02:00,1563,1358,13312,12604,16629,15531,19926,20296,26625,27794,33352,34306,25470,28316,17410,22165,5284,9966,1010,926,11655,11053,15353,14214,18751,18804,25161,26035,31831,32682,24654,27427,16895,21452,5087,9488,240110,224541,31684,29573,46581,44865,13464,86,35
2021-09-09T23:59:59+02:00,1540,1337,13242,12539,16575,15481,19873,20257,26572,27727,33310,34266,25442,28298,17405,22152,5280,9959,990,902,11591,10980,15301,14162,18698,18773,25105,25994,31783,32648,24632,27412,16882,21442,5084,9477,239739,224166,31609,29533,46581,44865,13257,86,35
2021-09-08T23:59:59+02:00,1525,1320,13213,12515,16559,15457,19853,20244,26556,27715,33297,34255,25430,28290,17399,22146,5277,9956,978,886,11547,10936,15276,14144,18686,18756,25087,25970,31761,32637,24618,27397,16880,21436,5084,9475,239519,223889,31609,29533,46577,44864,13233,86,35
2021-09-07T23:59:59+02:00,1492,1302,13155,12468,16519,15425,19830,20215,26519,27694,33263,34225,25405,28272,17393,22131,5272,9950,960,877,11488,10871,15222,14091,18649,18723,25040,25925,31709,32610,24590,27374,16872,21419,5079,9473,239285,223581,31525,29418,46577,44864,13074,86,35
2021-09-06T23:59:59+02:00,1477,1294,13125,12434,16498,15402,19811,20195,26502,27679,33252,34216,25403,28260,17390,22127,5269,9950,947,867,11466,10839,15204,14059,18627,18708,25024,25905,31687,32595,24580,27362,16871,21411,5076,9473,239068,223351,31525,29407,46577,44863,13045,86,35
2021-09-05T23:59:59+02:00,1467,1286,13108,12414,16482,15386,19800,20188,26496,27670,33242,34204,25401,28257,17388,22123,5269,9950,940,862,11447,10823,15179,14043,18616,18699,25017,25899,31678,32575,24577,27351,16868,21406,5074,9472,238940,223202,31525,29407,46577,44862,13020,86,35
2021-09-04T23:59:59+02:00,1467,1286,13107,12413,16482,15386,19798,20188,26495,27670,33242,34204,25401,28257,17388,22122,5269,9950,939,862,11447,10821,15177,14043,18611,18699,25016,25897,31678,32573,24576,27351,16868,21406,5074,9472,238938,223191,31525,29406,46577,44862,13016,86,35
2021-09-03T23:59:59+02:00,1440,1270,13005,12316,16425,15331,19760,20149,26453,27643,33205,34187,25383,28246,17384,22111,5267,9949,895,828,11307,10694,15114,13969,18540,18653,24945,25848,31619,32537,24543,27323,16855,21390,5071,9468,238436,222383,31525,29402,46577,44862,12917,86,35
2021-09-02T23:59:59+02:00,1425,1263,12941,12274,16382,15298,19725,20122,26419,27609,33180,34166,25368,28234,17379,22106,5267,9945,890,822,11230,10656,15066,13934,18502,18633,24912,25826,31581,32507,24524,27302,16849,21385,5071,9466,238212,222120,31461,29360,46573,44853,12788,86,35
2021-09-01T23:59:59+02:00,1402,1248,12905,12236,16361,15278,19706,20107,26401,27589,33158,34140,25358,28223,17373,22096,5264,9941,875,800,11189,10621,15046,13906,18482,18613,24891,25804,31556,32474,24509,27288,16841,21379,5069,9464,237912,221790,31461,29358,46572,44852,12772,86,35
2021-08-31T23:59:59+02:00,1370,1226,12850,12176,16315,15242,19673,20062,26355,27540,33118,34105,25342,28202,17367,22083,5260,9937,853,775,11117,10552,14998,13845,18430,18580,24841,25750,31499,32431,24478,27272,16832,21366,5066,9457,237601,221361,31398,29329,46572,44833,12584,85,35
2021-08-30T23:59:59+02:00,1346,1211,12805,12138,16290,15220,19653,20045,26332,27523,33097,34088,25331,28192,17367,22079,5258,9935,845,764,11039,10519,14970,13824,18408,18556,24813,25734,31473,32404,24467,27257,16826,21359,5063,9454,237346,221064,31398,29329,46572,44822,12525,85,35
2021-08-29T23:59:59+02:00,1340,1205,12791,12121,16279,15211,19644,20035,26329,27514,33090,34074,25326,28186,17365,22078,5258,9935,832,755,11021,10481,14959,13807,18392,18542,24800,25724,31464,32392,24458,27245,16824,21354,5063,9454,237241,220885,31398,29328,46572,44818,12501,85,35
2021-08-28T23:59:59+02:00,1333,1191,12759,12100,16264,15199,19633,20021,26322,27504,33081,34068,25324,28181,17364,22075,5258,9934,813,730,10945,10410,14924,13774,18345,18515,24764,25691,31421,32361,24441,27232,16815,21338,5063,9451,237078,220358,31398,29328,46572,44818,12494,85,35
2021-08-27T23:59:59+02:00,1314,1176,12696,12045,16218,15151,19575,19972,26267,27454,33038,34038,25306,28170,17360,22061,5258,9931,810,725,10908,10376,14883,13747,18329,18500,24729,25667,31393,32340,24428,27221,16812,21334,5063,9450,236654,220199,31398,29327,46572,44817,12337,85,35
2021-08-26T23:59:59+02:00,1294,1160,12627,11989,16172,15108,19531,19932,26213,27396,32987,33993,25276,28141,17353,22051,5255,9927,800,710,10840,10326,14835,13703,18282,18471,24684,25630,31347,32301,24406,27204,16805,21325,5063,9446,236284,219882,31339,29312,46572,44810,12139,85,35
2021-08-25T23:59:59+02:00,1277,1145,12604,11947,16151,15082,19509,19916,26186,27378,32952,33964,25257,28123,17346,22044,5254,9924,786,697,10790,10284,14804,13674,18249,18440,24661,25611,31314,32263,24393,27187,16798,21315,5061,9443,235969,219505,31339,29312,46566,44806,12112,85,35
2021-08-24T23:59:59+02:00,1250,1127,12545,11874,16094,15038,19464,19875,26139,27333,32907,33931,25237,28099,17334,22032,5253,9919,764,677,10712,10210,14760,13634,18203,18404,24611,25560,31272,32226,24369,27160,16783,21299,5060,9442,235658,219092,31212,29272,46566,44806,11941,85,35
2021-08-23T23:59:59+02:00,1237,1114,12507,11838,16069,15019,19441,19840,26119,27297,32877,33909,25223,28086,17330,22023,5253,9916,741,661,10656,10157,14730,13596,18165,18370,24584,25530,31237,32193,24356,27140,16776,21296,5058,9441,235357,218687,31211,29272,46565,44803,11890,85,35
2021-08-22T23:59:59+02:00,1229,1107,12492,11816,16054,15003,19434,19821,26107,27286,32866,33893,25211,28080,17328,22021,5250,9916,726,652,10627,10127,14709,13579,18144,18359,24571,25512,31222,32180,24347,27129,16774,21291,5057,9440,235192,218466,31211,29272,46565,44802,11871,85,35
2021-08-21T23:59:59+02:00,1141,1035,12417,11758,16042,14991,19423,19809,26097,27275,32856,33877,25206,28076,17325,22018,5250,9916,715,646,10603,10097,14691,13575,18135,18347,24562,25506,31215,32174,24344,27129,16773,21291,5057,9440,234818,218342,31205,29272,46565,44802,11849,85,35
2021-08-20T23:59:59+02:00,1121,1019,12356,11689,15982,14936,19360,19770,26043,27242,32806,33850,25191,28065,17316,22013,5249,9914,711,640,10548,10060,14649,13539,18095,18321,24527,25487,31185,32157,24335,27122,16767,21288,5057,9439,234317,218058,31205,29272,46565,44802,11760,85,35
2021-08-19T23:59:59+02:00,1095,995,12287,11633,15921,14903,19310,19719,25982,27193,32762,33815,25160,28042,17304,22002,5246,9912,702,628,10452,9982,14580,13501,18039,18283,24459,25445,31118,32113,24294,27103,16758,21271,5056,9436,234023,217623,31113,29263,46564,44793,11506,85,35
2021-08-18T23:59:59+02:00,1083,979,12247,11597,15892,14873,19281,19689,25951,27162,32725,33789,25141,28030,17299,21993,5244,9911,688,617,10397,9914,14531,13477,17989,18254,24412,25408,31059,32074,24272,27085,16752,21258,5052,9430,233703,217165,31112,29255,46563,44782,11433,85,34
2021-08-17T23:59:59+02:00,1056,954,12196,11556,15863,14831,19250,19657,25923,27139,32689,33751,25123,28010,17289,21976,5243,9905,673,593,10303,9832,14477,13429,17935,18199,24362,25367,30999,32031,24244,27061,16741,21238,5050,9423,233400,216566,30987,29195,46563,44778,11385,85,33
2021-08-16T23:59:59+02:00,1044,947,12164,11529,15845,14814,19231,19638,25900,27115,32670,33729,25103,27995,17281,21961,5240,9903,658,580,10247,9764,14452,13386,17910,18162,24318,25332,30962,32000,24217,27027,16726,21224,5050,9420,233170,216121,30986,29195,46563,44772,11314,85,33
2021-08-15T23:59:59+02:00,1036,947,12139,11513,15831,14797,19217,19623,25890,27105,32649,33714,25097,27986,17277,21950,5239,9903,651,572,10199,9729,14414,13363,17887,18139,24293,25318,30941,31974,24199,27019,16721,21216,5049,9418,233010,215827,30985,29195,46562,44767,11280,85,33
2021-08-14T23:59:59+02:00,1035,947,12138,11510,15831,14796,19214,19621,25889,27105,32649,33713,25097,27986,17277,21950,5239,9903,595,511,10033,9509,14308,13272,17812,18093,24244,25286,30901,31941,24184,27006,16718,21213,5047,9417,233002,214822,30985,29194,46562,44766,11275,85,33
2021-08-13T23:59:59+02:00,990,907,11988,11385,15779,14735,19149,19566,25818,27054,32597,33678,25072,27958,17266,21940,5238,9899,587,506,9978,9454,14268,13243,17772,18067,24212,25266,30877,31919,24173,26992,16712,21204,5047,9413,232176,214478,30984,29194,46562,44763,11222,84,33
2021-08-12T23:59:59+02:00,976,885,11931,11324,15730,14695,19112,19540,25772,27030,32551,33649,25047,27942,17257,21934,5238,9896,578,497,9886,9388,14195,13201,17710,18017,24145,25230,30823,31870,24145,26967,16696,21186,5045,9413,231944,214055,30959,29188,46562,44748,10968,84,33
2021-08-11T23:59:59+02:00,962,874,11898,11289,15711,14672,19079,19522,25751,27011,32526,33620,25028,27920,17253,21926,5237,9894,534,464,9812,9326,14141,13160,17663,17973,24105,25208,30783,31822,24115,26935,16680,21173,5044,9407,231650,213481,30959,29184,46561,44720,10927,84,33
2021-08-10T23:59:59+02:00,943,864,11810,11235,15659,14641,19034,19485,25697,26976,32469,33566,25011,27905,17246,21913,5236,9891,521,457,9716,9238,14089,13125,17630,17939,24058,25169,30730,31775,24082,26901,16673,21153,5040,9402,231268,212957,30825,29149,46559,44706,10853,84,33
2021-08-09T23:59:59+02:00,940,847,11782,11200,15643,14625,19012,19472,25665,26954,32440,33536,25003,27896,17240,21905,5236,9888,509,440,9661,9176,14048,13075,17593,17898,24027,25124,30695,31736,24068,26884,16668,21140,5038,9396,231028,212501,30825,29146,46558,44699,10797,84,33
2021-08-08T23:59:59+02:00,929,840,11746,11177,15620,14611,18992,19451,25640,26933,32417,33519,24995,27880,17233,21901,5235,9888,487,431,9584,9120,13999,13046,17566,17868,23994,25089,30663,31705,24055,26865,16660,21126,5037,9393,230833,212098,30825,29145,46558,44698,10714,84,33
2021-08-07T23:59:59+02:00,909,813,11649,11099,15576,14570,18950,19417,25601,26903,32371,33487,24978,27868,17224,21883,5234,9885,418,358,8963,8530,13555,12690,17352,17682,23843,24979,30510,31628,23997,26814,16639,21099,5032,9390,230244,208892,30825,29143,46558,44698,10713,84,33
2021-08-06T23:59:59+02:00,900,810,11619,11074,15562,14556,18939,19411,25586,26887,32362,33480,24974,27864,17219,21881,5234,9884,376,309,8376,7909,13041,12292,17123,17476,23697,24867,30415,31549,23966,26767,16627,21085,5029,9383,230194,205717,30704,29130,46558,44698,10709,84,33
2021-08-05T23:59:59+02:00,897,803,11579,11043,15519,14527,18900,19379,25540,26852,32314,33433,24933,27842,17217,21870,5234,9878,368,303,8321,7845,12992,12240,17074,17435,23633,24827,30339,31495,23919,26725,16613,21067,5027,9374,229967,205295,30703,29125,46556,44689,10455,84,33
2021-08-04T23:59:59+02:00,880,787,11549,11013,15500,14495,18866,19353,25513,26823,32268,33395,24918,27829,17212,21864,5232,9870,346,293,8231,7758,12936,12193,17021,17391,23576,24783,30279,31425,23882,26687,16603,21054,5025,9368,229699,204706,30701,29124,46554,44654,10334,84,33
2021-08-03T23:59:59+02:00,864,770,11502,10973,15476,14473,18834,19333,25487,26794,32233,33360,24898,27810,17202,21859,5228,9869,321,282,8149,7672,12866,12141,16952,17339,23516,24745,30236,31375,23846,26653,16588,21043,5022,9364,229363,204046,30699,29114,46553,44646,10271,84,33
2021-08-02T23:59:59+02:00,855,767,11466,10943,15453,14442,18807,19313,25458,26769,32201,33332,24884,27790,17194,21850,5227,9867,311,275,8052,7580,12788,12080,16893,17274,23459,24673,30185,31317,23827,26630,16567,21033,5020,9359,229082,203334,30698,29113,46553,44638,10205,84,33
2021-08-01T23:59:59+02:00,847,760,11440,10914,15440,14428,18792,19302,25438,26757,32184,33317,24880,27781,17193,21847,5225,9866,298,258,7985,7513,12726,12032,16847,17227,23422,24641,30158,31292,23811,26611,16563,21027,5018,9358,228935,202874,30694,29112,46553,44619,10149,84,33
2021-07-31T23:59:59+02:00,844,759,11437,10908,15438,14425,18788,19298,25437,26756,32181,33316,24880,27780,17193,21847,5225,9866,276,238,7832,7328,11956,11363,16291,16788,23326,24562,30093,31221,23781,26575,16551,21008,5017,9356,228905,199652,30693,29112,46553,44618,10147,84,33
2021-07-30T23:59:59+02:00,843,758,11424,10899,15435,14422,18781,19291,25430,26751,32171,33311,24879,27778,17193,21844,5225,9866,229,198,7551,7089,11413,10916,15812,16357,23188,24455,29984,31109,23744,26530,16534,20986,5017,9352,228837,196573,30692,29111,46551,44606,10141,84,33
2021-07-29T23:59:59+02:00,831,749,11385,10852,15396,14401,18741,19265,25393,26717,32118,33282,24861,27758,17182,21826,5225,9863,139,134,7179,6781,10748,10396,15295,15941,23011,24309,29836,30998,23689,26478,16505,20961,5013,9349,228518,193101,30690,29101,46551,44521,10006,84,33
2021-07-28T23:59:59+02:00,812,735,11338,10799,15372,14372,18710,19237,25367,26689,32091,33257,24845,27740,17177,21814,5224,9859,120,106,7014,6628,10601,10272,15182,15805,22918,24213,29734,30899,23647,26420,16486,20932,5012,9339,228188,191851,30690,29099,46546,44411,9934,84,33
2021-07-27T23:59:59+02:00,803,726,11293,10759,15329,14332,18669,19211,25338,26663,32056,33236,24829,27715,17170,21802,5223,9851,100,93,6793,6413,10439,10157,15037,15673,22814,24103,29627,30787,23595,26356,16470,20904,5009,9327,227867,190695,30690,28771,46545,44375,9823,84,33
2021-07-26T23:59:59+02:00,793,713,11243,10710,15302,14311,18651,19183,25310,26632,32023,33210,24814,27693,17158,21790,5222,9848,92,84,6677,6337,10343,10083,14970,15593,22731,24043,29562,30713,23562,26312,16458,20887,5005,9321,227565,189910,30688,28767,46544,44335,9728,84,33
2021-07-25T23:59:59+02:00,782,703,11214,10682,15281,14286,18631,19159,25283,26607,32002,33192,24797,27682,17154,21781,5221,9846,77,79,6601,6257,10275,10020,14896,15533,22677,23989,29506,30675,23531,26291,16446,20873,5005,9317,227366,189322,30688,28763,46543,44305,9625,84,33
2021-07-24T23:59:59+02:00,758,681,11137,10598,15242,14259,18607,19138,25263,26591,31990,33179,24797,27678,17151,21779,5221,9846,77,78,6202,5909,10125,9907,14520,15250,22453,23830,29388,30591,23495,26253,16429,20856,5002,9313,226986,186965,30687,28759,46543,44303,9618,84,33
2021-07-23T23:59:59+02:00,732,659,11069,10512,15212,14225,18579,19124,25242,26570,31975,33161,24786,27673,17149,21779,5221,9843,74,74,5830,5603,10005,9800,14173,14985,22256,23654,29268,30473,23443,26185,16418,20835,4998,9306,226598,184694,30686,28759,46543,44291,9603,84,33
2021-07-22T23:59:59+02:00,691,619,10914,10347,15114,14136,18492,19075,25162,26516,31902,33097,24750,27632,17135,21761,5217,9838,62,63,5513,5306,9736,9584,13589,14507,21935,23395,29036,30244,23342,26087,16376,20797,4994,9303,225642,181369,30685,28747,46542,44272,9448,84,33
2021-07-21T23:59:59+02:00,671,594,10849,10292,15077,14109,18452,19037,25122,26487,31862,33047,24725,27597,17119,21749,5214,9833,52,57,4905,4841,9293,9328,13205,14277,21702,23240,28849,30095,23277,26010,16350,20774,4992,9300,225211,179597,30675,27483,46539,44104,9330,84,33
2021-07-20T23:59:59+02:00,653,577,10791,10237,15051,14072,18417,19011,25091,26455,31827,33013,24705,27576,17114,21734,5211,9826,47,47,4764,4729,9144,9197,13038,14143,21589,23119,28719,29970,23197,25906,16327,20733,4985,9294,224830,178253,30675,27471,46537,43954,9237,84,33
2021-07-19T23:59:59+02:00,640,564,10752,10206,15020,14048,18393,19002,25062,26429,31794,32984,24687,27553,17108,21723,5209,9823,41,44,4684,4662,9046,9119,12920,14046,21491,23011,28620,29850,23141,25849,16301,20704,4980,9288,224580,177314,30675,27462,46528,43856,9132,84,33
2021-07-18T23:59:59+02:00,625,555,10699,10154,14985,14027,18368,18984,25042,26413,31771,32965,24677,27543,17102,21714,5208,9818,39,42,4576,4561,8910,8998,12793,13906,21404,22920,28547,29771,23112,25819,16292,20691,4977,9287,224304,176302,30675,27447,46528,43802,9061,84,33
2021-07-17T23:59:59+02:00,550,484,10409,9855,14870,13925,18276,18904,24936,26339,31663,32913,24643,27508,17089,21694,5206,9817,38,41,4530,4520,8856,8925,12558,13712,20978,22575,28415,29640,23075,25767,16283,20676,4976,9284,222738,174509,30675,27447,46526,43800,9060,84,33
2021-07-16T23:59:59+02:00,521,447,10274,9734,14810,13884,18224,18852,24900,26306,31643,32888,24634,27493,17086,21687,5206,9814,38,41,4484,4478,8780,8884,12187,13433,20433,22175,28280,29546,23025,25730,16274,20671,4974,9282,222070,172394,30675,27444,46525,43793,9051,84,33
2021-07-15T23:59:59+02:00,489,410,10136,9629,14742,13833,18167,18783,24845,26258,31593,32835,24609,27456,17068,21672,5199,9810,25,31,4271,4341,8451,8674,11671,13031,19325,21326,27863,29202,22855,25560,16209,20598,4964,9266,221336,167688,30673,27431,46524,43592,8919,84,33
2021-07-14T23:59:59+02:00,468,396,10105,9603,14704,13812,18137,18748,24806,26216,31542,32782,24579,27428,17057,21655,5198,9807,21,28,4147,4189,8192,8502,11440,12886,19147,21215,27715,29075,22790,25482,16175,20560,4959,9256,220960,166115,30673,27412,46523,43414,8805,84,33
2021-07-13T23:59:59+02:00,444,382,10055,9550,14674,13783,18110,18714,24769,26195,31506,32740,24563,27397,17046,21643,5197,9804,21,25,4052,4093,8016,8344,11239,12694,19011,21075,27560,28912,22693,25398,16140,20506,4955,9245,220548,164650,30673,27391,46522,43158,8747,84,33
2021-07-12T23:59:59+02:00,432,360,10009,9498,14646,13764,18080,18685,24732,26152,31473,32698,24539,27374,17031,21638,5194,9801,20,22,3946,3994,7844,8223,11080,12557,18895,20954,27438,28794,22620,25337,16113,20480,4954,9240,220173,163482,30672,27372,46521,42967,8657,84,33
2021-07-11T23:59:59+02:00,424,342,9978,9469,14625,13744,18062,18675,24710,26143,31452,32680,24527,27364,17029,21636,5194,9799,17,20,3877,3924,7727,8124,10931,12429,18769,20852,27337,28679,22576,25289,16092,20455,4952,9237,219976,162519,30669,27367,46520,42763,8605,84,33
2021-07-10T23:59:59+02:00,398,319,9865,9366,14571,13704,18011,18652,24685,26123,31433,32664,24519,27355,17025,21632,5192,9797,17,19,3842,3900,7668,8084,10896,12399,18740,20827,27308,28657,22568,25273,16088,20450,4952,9237,219448,162215,30667,27366,46517,42715,8596,84,33
2021-07-09T23:59:59+02:00,338,271,9606,9155,14469,13624,17932,18581,24599,26070,31384,32603,24496,27324,17011,21615,5192,9792,16,18,3775,3861,7530,7993,10677,12250,18514,20688,26892,28338,22383,25079,16033,20390,4949,9230,218224,160063,30667,27361,46516,42587,8572,84,33
2021-07-08T23:59:59+02:00,259,204,9411,9010,14368,13547,17837,18507,24540,26019,31301,32545,24468,27293,16998,21597,5188,9787,14,15,3617,3736,7219,7804,10325,12021,18167,20405,26587,28079,22208,24921,15965,20314,4942,9214,217118,157685,30664,27313,46503,42011,8511,84,33
2021-07-07T23:59:59+02:00,220,176,9323,8906,14329,13516,17800,18466,24487,25982,31259,32505,24443,27263,16985,21579,5188,9779,12,11,3440,3609,6900,7582,9386,11287,17579,19976,26185,27767,21969,24613,15886,20217,4928,9200,216480,155070,30661,25556,46501,41407,8481,84,33
2021-07-06T23:59:59+02:00,198,164,9244,8849,14278,13486,17764,18423,24445,25942,31198,32458,24407,27235,16970,21562,5186,9777,12,10,3323,3536,6696,7457,9115,11123,17333,19794,25908,27511,21812,24410,15805,20113,4915,9185,215912,153133,30647,25543,46498,40903,8446,84,33
2021-07-05T23:59:59+02:00,186,149,9157,8764,14237,13440,17729,18373,24407,25912,31153,32408,24384,27212,16961,21548,5185,9775,12,9,3271,3503,6569,7379,8966,11002,17185,19654,25736,27353,21669,24242,15756,20059,4904,9175,215357,152065,30647,25534,46496,40415,8397,84,33
2021-07-04T23:59:59+02:00,171,142,9105,8714,14204,13427,17702,18355,24381,25891,31132,32382,24369,27198,16955,21540,5184,9772,10,8,3222,3459,6503,7337,8877,10930,17099,19568,25606,27241,21544,24113,15714,20007,4902,9168,215079,151400,30646,25522,46481,40018,8335,84,33
2021-07-03T23:59:59+02:00,168,139,8599,8233,14045,13309,17601,18239,24285,25832,31068,32334,24348,27176,16943,21530,5182,9769,9,8,3162,3381,6383,7217,8703,10787,16880,19381,25217,26929,21428,23975,15684,19967,4899,9162,213274,149339,30645,25522,46481,39961,8317,84,33
2021-07-02T23:59:59+02:00,161,135,8031,7775,13902,13200,17509,18162,24216,25763,31008,32272,24310,27134,16937,21510,5180,9764,8,8,3051,3273,6112,7061,8444,10546,16509,19052,24737,26502,21201,23701,15615,19885,4893,9159,211449,146254,30645,25519,46478,39637,8314,84,33
2021-07-01T23:59:59+02:00,148,125,7903,7671,13818,13141,17440,18109,24148,25712,30956,32219,24282,27109,16927,21498,5179,9763,7,7,2863,3087,5764,6778,8004,10125,15919,18574,23967,25835,20712,23230,15488,19723,4881,9134,210662,141656,30640,25506,46471,38611,8292,84,33
2021-06-30T23:59:59+02:00,130,112,7758,7555,13754,13091,17386,18056,24095,25658,30896,32173,24251,27087,16913,21480,5179,9758,6,7,2767,3012,5608,6636,7777,9903,14960,17702,23351,25283,20352,22836,15355,19562,4867,9100,210096,140115,30465,23231,46467,37484,8221,84,33
2021-06-29T23:59:59+02:00,115,99,7691,7457,13707,13051,17349,18011,24042,25597,30845,32113,24231,27060,16902,21464,5176,9754,4,5,2709,2966,5477,6538,7623,9769,14791,17529,23105,25047,20092,22510,15254,19461,4855,9080,209467,138986,30461,23218,46464,36389,8189,84,33
2021-06-28T23:59:59+02:00,110,93,7626,7386,13639,12989,17302,17960,24000,25552,30788,32069,24214,27032,16895,21454,5174,9752,3,4,2678,2933,5408,6485,7532,9697,14694,17447,22953,24833,19890,22264,15198,19392,4851,9066,208923,138381,30459,23206,46456,35594,8114,84,33
2021-06-27T23:59:59+02:00,96,88,7578,7325,13607,12952,17273,17927,23981,25517,30761,32041,24202,27024,16888,21448,5174,9750,2,3,2656,2919,5360,6460,7459,9651,14597,17382,22857,24746,19763,22121,15167,19341,4847,9057,208569,137866,30458,23194,46450,35223,8072,84,33
2021-06-26T23:59:59+02:00,92,85,7077,6784,13214,12652,17158,17823,23916,25460,30725,32006,24193,27007,16884,21437,5173,9749,2,3,2556,2810,5170,6270,7259,9460,14050,16927,22194,24110,19615,21979,15122,19288,4845,9049,206392,134223,30456,23193,46450,35203,8072,66,18
2021-06-25T23:59:59+02:00,91,82,6597,6303,12760,12279,16997,17704,23826,25395,30644,31966,24170,26980,16879,21427,5171,9746,2,3,2455,2656,4994,6075,6999,9162,13517,16393,21641,23522,19419,21769,15063,19221,4841,9037,203991,130515,30456,23193,46450,34988,8055,66,18
2021-06-24T23:59:59+02:00,81,70,6375,6092,12537,12127,16891,17622,23753,25342,30586,31918,24136,26938,16873,21417,5169,9739,2,3,2251,2422,4624,5694,6499,8673,12792,15678,20488,22517,18955,21287,14958,19090,4829,9022,202723,124566,30454,23182,46443,34037,7981,66,18
2021-06-23T23:59:59+02:00,76,68,5807,5595,12375,12016,16772,17510,23678,25294,30522,31868,24103,26915,16866,21403,5165,9735,2,3,2213,2369,4560,5574,6407,8523,12558,15389,20243,22255,18656,20956,14861,18976,4818,9005,202212,123538,29126,23033,46433,32847,7932,66,18
2021-06-22T23:59:59+02:00,70,63,5667,5465,12274,11910,16684,17436,23618,25232,30453,31789,24075,26882,16856,21382,5161,9733,2,2,2161,2332,4466,5492,6282,8376,11686,14729,19829,21847,18320,20601,14752,18838,4808,8984,201270,122613,29119,21340,46414,31654,7882,66,18
2021-06-21T23:59:59+02:00,67,60,5533,5352,12197,11817,16619,17349,23561,25158,30403,31731,24050,26854,16843,21367,5161,9729,2,2,2128,2297,4406,5395,6195,8248,10904,14020,19375,21437,18092,20371,14690,18741,4799,8967,200444,121808,29113,19552,46409,30871,7820,66,18
2021-06-20T23:59:59+02:00,65,58,5416,5228,12030,11640,16553,17226,23512,25092,30361,31675,24034,26832,16837,21352,5156,9724,2,2,2110,2267,4364,5354,6124,8197,10801,13941,19264,21312,17935,20181,14624,18657,4795,8960,199441,121274,29109,19549,46403,30276,7773,66,18
2021-06-19T23:59:59+02:00,61,54,5399,5209,11261,10976,16073,16831,23450,25047,30317,31632,24016,26812,16829,21340,5156,9724,2,2,2037,2146,4159,5119,5840,7913,10472,13604,18206,20452,17761,19988,14591,18591,4790,8948,196839,117024,29109,19549,46402,30258,7772,66,18
2021-06-18T23:59:59+02:00,58,53,5363,5181,10618,10392,15462,16266,23357,24978,30247,31569,23988,26782,16818,21325,5155,9722,2,2,1967,2056,4017,4976,5562,7642,10090,13239,17052,19238,17558,19749,14542,18526,4787,8938,193996,112603,29101,19548,46402,30004,7770,66,18
2021-06-17T23:59:59+02:00,51,44,5248,5077,9939,9888,14973,15877,23257,24890,30165,31475,23948,26736,16804,21304,5154,9719,2,2,1838,1950,3760,4729,5173,7275,9549,12752,15863,18044,17097,19259,14401,18351,4774,8914,191402,107467,29098,19539,46399,29083,7632,19,12
2021-06-16T23:59:59+02:00,49,36,5117,4946,9741,9722,14827,15747,23163,24796,30066,31399,23905,26692,16789,21292,5153,9709,2,2,1796,1909,3652,4639,5068,7154,8516,11899,15590,17745,16802,18922,14266,18181,4768,8881,190225,106566,29086,17660,46397,28131,7423,19,12
2021-06-15T23:59:59+02:00,43,29,4935,4764,9557,9568,14690,15603,23071,24705,29990,31314,23862,26618,16762,21259,5145,9694,2,2,1737,1853,3569,4543,4974,7036,8400,11756,15408,17515,16483,18611,14124,18012,4745,8822,188906,105791,29083,17656,46378,26909,7224,19,12
2021-06-14T23:59:59+02:00,41,26,4858,4702,9466,9459,14613,15513,22999,24633,29919,31251,23830,26579,16747,21241,5142,9688,2,2,1717,1830,3534,4516,4933,7003,8299,11693,15272,17381,16303,18406,14031,17914,4740,8814,188160,105563,29077,17654,46372,26081,7080,19,12
2021-06-13T23:59:59+02:00,40,25,4801,4653,9383,9385,14528,15447,22937,24582,29852,31198,23804,26551,16738,21231,5142,9686,2,2,1670,1817,3490,4492,4878,6960,8226,11655,15172,17285,16146,18222,13977,17840,4733,8807,187581,105280,29070,17652,46356,25472,6958,19,12
2021-06-12T23:59:59+02:00,38,23,4782,4638,9355,9361,14289,15269,22807,24451,29807,31153,23783,26534,16729,21223,5141,9684,2,2,1548,1694,3254,4282,4471,6660,7678,11224,13394,15595,15792,17849,13896,17738,4731,8792,186668,98575,29070,17651,46356,25408,6956,18,12
2021-06-11T23:59:59+02:00,34,22,4729,4587,9274,9310,13969,15047,22611,24303,29711,31062,23746,26489,16711,21211,5140,9681,2,2,1448,1561,3063,4067,4175,6294,7167,10678,11748,13701,15310,17269,13783,17590,4716,8778,185312,91633,29065,17650,46354,25168,6889,18,12
2021-06-10T23:59:59+02:00,28,19,4444,4364,8727,8982,12692,14022,22043,23850,29337,30757,23610,26330,16659,21143,5127,9666,2,2,1328,1473,2827,3885,3849,6010,6730,10287,10328,12368,14796,16691,13611,17382,4701,8751,179969,87079,29048,17647,46349,23864,6419,16,12
2021-06-09T23:59:59+02:00,25,15,4211,4203,8134,8691,11793,13360,21721,23638,29108,30606,23546,26267,16639,21118,5124,9662,2,2,1243,1419,2671,3812,3708,5929,6521,10193,10062,12189,14470,16339,13439,17202,4694,8730,177858,86738,27779,17542,46343,22467,5866,16,12
2021-06-08T23:59:59+02:00,21,12,4083,4104,7733,8463,11306,13069,21495,23457,28908,30451,23488,26194,16607,21076,5118,9653,2,2,1166,1392,2534,3753,3549,5858,5625,9441,9589,11822,14132,15930,13213,16961,4680,8708,176106,86372,27408,15387,46318,21195,5391,16,12
2021-06-07T23:59:59+02:00,16,10,3963,4028,7493,8357,11016,12890,21291,23344,28754,30332,23430,26140,16589,21051,5114,9645,2,2,1118,1277,2413,3689,3419,5795,5459,9366,9378,11693,13901,15670,13056,16792,4673,8689,174872,86181,27397,15382,46310,19948,4869,16,12
2021-06-06T23:59:59+02:00,14,10,3846,3970,7256,8238,10766,12726,21104,23256,28668,30241,23399,26106,16577,21033,5111,9640,2,2,1098,1260,2349,3654,3322,5740,5352,9291,9259,11593,13746,15514,12983,16698,4670,8682,173721,85985,27379,15376,46300,19296,4546,16,12
2021-06-05T23:59:59+02:00,14,10,3817,3933,7217,8198,10589,12574,20476,22745,28506,30097,23349,26061,16563,21014,5111,9636,2,1,1066,1161,2181,3200,3089,5200,5183,8958,8479,10635,13092,14673,12871,16551,4659,8672,171682,80589,27379,15376,46299,19160,4536,15,12
2021-06-04T23:59:59+02:00,14,10,3787,3906,7178,8171,10491,12482,20111,22415,28402,30000,23314,26023,16549,21005,5109,9635,2,1,1034,1094,2083,2888,2929,4722,5026,8586,7963,9977,11590,12953,12744,16354,4652,8654,170395,74199,27366,15375,46298,19137,4529,15,12
2021-06-03T23:59:59+02:00,9,6,3651,3805,6959,8030,9935,12058,18889,21483,28004,29688,23183,25882,16496,20943,5105,9621,2,1,984,1049,1995,2777,2790,4564,4822,8276,7597,9528,11210,12552,12633,16240,4649,8641,165640,72407,27355,15372,46293,18074,4445,15,12
2021-06-02T23:59:59+02:00,9,6,3643,3797,6946,8013,9923,12047,18700,21302,27932,29639,23160,25861,16490,20934,5102,9619,2,1,979,1041,1983,2748,2767,4545,4609,8091,7060,9039,11173,12510,12618,16225,4645,8635,165569,72296,26810,13877,46293,18049,4437,15,12
2021-06-01T23:59:59+02:00,8,5,3517,3722,6704,7864,9639,11853,18243,20957,27694,29443,23067,25759,16449,20881,5099,9607,2,1,942,993,1897,2678,2687,4470,4330,7857,6461,8504,10959,12296,12520,16124,4640,8623,163874,71847,26032,12585,46277,17226,4314,15,12
2021-05-31T23:59:59+02:00,8,5,3471,3678,6613,7797,9503,11751,18117,20867,27602,29366,23000,25697,16432,20852,5094,9600,2,1,913,965,1827,2635,2607,4427,4222,7793,6339,8426,10771,12126,12419,16008,4630,8615,163027,71478,26003,12578,46264,16514,4145,15,11
2021-05-30T23:59:59+02:00,8,4,3440,3653,6548,7741,9411,11657,18028,20788,27526,29294,22955,25652,16410,20824,5088,9590,2,1,906,957,1816,2626,2593,4413,4193,7768,6286,8384,10710,12046,12385,15964,4625,8606,162316,71433,25997,12575,46247,16219,4043,15,11
2021-05-29T23:59:59+02:00,8,4,3429,3636,6513,7713,9368,11618,17990,20748,27378,29188,22899,25578,16395,20804,5085,9586,1,1,870,938,1759,2580,2521,4329,4002,7512,6011,8085,8499,9381,12192,15622,4610,8577,161653,65170,25997,12573,46234,15694,4042,15,11
2021-05-28T23:59:59+02:00,8,4,3366,3581,6382,7636,9228,11486,17832,20616,27195,29065,22838,25500,16375,20787,5084,9585,1,1,857,925,1740,2557,2483,4274,3850,7216,5816,7821,5782,6253,11920,15222,4594,8528,160296,58262,25995,12573,46230,14961,4033,15,11
2021-05-27T23:59:59+02:00,8,4,3222,3458,6096,7456,8625,11153,17355,20276,26782,28717,22670,25335,16317,20724,5077,9567,1,1,810,868,1654,2460,2364,4140,3427,6244,5392,7221,5621,6077,11839,15147,4588,8511,156826,57771,25935,12526,46222,12212,3845,15,11
2021-05-26T23:59:59+02:00,8,4,3116,3374,5875,7289,8255,10868,16891,19969,26481,28480,22520,25202,16265,20650,5064,9547,1,1,794,858,1601,2434,2311,4108,3353,6168,5294,7149,5485,5950,11773,15079,4583,8499,154127,57686,25916,12524,46200,11618,3602,14,11
2021-05-25T23:59:59+02:00,8,4,3025,3312,5733,7172,8059,10704,15888,19191,26127,28126,22362,25044,16212,20570,5057,9537,1,1,775,841,1564,2387,2240,4048,3276,6096,5208,7084,5318,5780,11665,14998,4575,8487,152564,57614,23997,12334,46182,11009,3376,13,11
2021-05-24T23:59:59+02:00,8,4,2960,3296,5647,7127,7943,10642,14973,18500,25713,27815,22268,24940,16181,20534,5050,9525,1,1,766,839,1543,2370,2198,4011,3231,6048,5131,7004,5216,5673,11583,14923,4574,8481,151842,57576,21924,12258,46172,10572,3176,13,11
2021-05-23T23:59:59+02:00,8,3,2957,3291,5638,7119,7933,10634,14967,18499,25712,27814,22268,24940,16181,20534,5050,9525,1,1,764,836,1535,2363,2185,3998,3212,6033,5110,6971,5171,5621,11567,14900,4573,8479,151809,57568,21924,12258,46170,10325,3158,13,11
2021-05-22T23:59:59+02:00,7,3,2920,3247,5561,7069,7833,10548,14768,18336,25429,27568,22169,24854,16149,20490,5047,9520,1,1,742,816,1488,2310,2133,3917,3099,5911,4793,6396,4599,4871,10918,14075,4563,8440,150274,54317,21924,12257,46170,9350,3138,13,11
2021-05-21T23:59:59+02:00,5,3,2848,3175,5434,6968,7704,10401,14509,18107,25133,27332,22054,24746,16116,20442,5043,9511,1,1,715,763,1419,2181,2031,3648,2915,5578,4313,5501,4182,4330,10172,13134,4497,8314,148327,50566,21922,12257,46164,7755,3106,13,11
2021-05-20T23:59:59+02:00,5,3,2716,3019,5151,6713,7420,10030,14047,17622,24523,26780,21781,24450,16022,20321,5029,9481,0,1,702,753,1393,2157,1994,3614,2861,5521,4231,5422,4054,4226,10095,13071,4488,8302,144170,50469,21912,12246,46139,7279,2880,13,11
2021-05-19T23:59:59+02:00,5,3,2663,2966,5053,6571,7277,9849,12905,16586,24260,26489,21684,24323,15979,20261,5020,9474,0,1,685,727,1367,2109,1961,3528,2798,5374,4138,5313,3973,4137,10043,13007,4485,8298,142788,50438,19846,12179,46068,6662,2654,13,11
2021-05-18T23:59:59+02:00,5,3,2636,2941,5004,6538,7223,9817,12550,16312,24080,26336,21592,24235,15949,20208,5013,9462,0,1,656,669,1311,1981,1886,3327,2699,5165,4009,5117,3750,3860,9959,12927,4476,8288,142500,50413,18994,11177,46023,6105,2375,13,11
2021-05-17T23:59:59+02:00,5,3,2610,2922,4959,6468,7135,9708,12398,16133,23930,26173,21541,24185,15930,20186,5008,9455,0,1,648,655,1295,1945,1865,3277,2650,5058,3930,5002,3614,3708,9890,12864,4473,8281,141525,50386,18986,11167,46006,5372,2220,13,11
2021-05-16T23:59:59+02:00,5,3,2598,2909,4937,6401,7098,9625,12340,16060,23878,26113,21517,24168,15920,20172,5005,9452,0,1,643,651,1285,1941,1849,3268,2628,5047,3900,4979,3560,3641,9851,12832,4472,8279,141090,50369,18976,11156,45986,5155,2136,13,11
2021-05-15T23:59:59+02:00,4,3,2475,2773,4749,6195,6907,9437,11821,15641,23287,25560,21410,24050,15886,20129,5002,9444,0,1,594,588,1203,1851,1714,3115,2343,4738,3448,4470,3229,3213,9687,12628,4448,8250,137693,47413,18975,11156,45981,4829,2111,13,11
2021-05-14T23:59:59+02:00,4,3,2362,2597,4553,5972,6629,9125,11283,15129,22720,24990,21264,23910,15850,20071,4998,9433,0,1,531,512,1100,1730,1553,2899,2013,4333,2847,3882,2842,2774,9602,12479,4444,8246,133872,44476,18968,11153,45958,4066,2082,13,11
2021-05-13T23:59:59+02:00,4,3,2185,2313,4230,5587,6203,8654,10721,14439,21683,24075,20982,23636,15790,19972,4991,9418,0,1,527,512,1087,1715,1538,2881,2003,4309,2830,3861,2825,2760,9595,12475,4443,8246,127971,44424,18912,11144,45932,3971,2058,13,11
2021-05-12T23:59:59+02:00,4,3,2184,2311,4219,5584,6194,8648,10618,14317,21628,24035,20977,23625,15785,19964,4990,9418,0,1,520,490,1051,1661,1488,2802,1919,4222,2771,3802,2744,2665,9544,12402,4443,8246,127916,44420,18588,10317,45932,3968,2055,13,11
2021-05-11T23:59:59+02:00,4,3,2063,2272,4134,5521,6067,8533,10309,14066,21435,23873,20899,23553,15769,19932,4986,9413,0,1,495,466,990,1601,1418,2711,1820,4082,2698,3727,2590,2437,9479,12301,4442,8246,126967,44402,18251,9479,45648,3659,1953,13,11
2021-05-10T23:59:59+02:00,4,3,2024,2196,4027,5398,5929,8355,9518,13301,21056,23552,20808,23463,15729,19878,4976,9400,0,1,483,438,954,1538,1353,2620,1732,3921,2616,3635,2564,2418,9469,12283,4438,8241,125824,44389,16406,9300,45544,3173,1831,12,11
2021-05-09T23:59:59+02:00,4,3,1992,2183,3989,5360,5875,8306,9449,13232,20986,23479,20771,23422,15714,19851,4973,9386,0,1,476,431,931,1494,1327,2571,1698,3859,2578,3592,2555,2405,9458,12266,4438,8233,125374,44329,16401,9297,45446,2934,1742,12,11
2021-05-08T23:59:59+02:00,4,3,1929,2081,3807,5185,5601,8098,9139,12946,19852,22551,20576,23229,15681,19782,4968,9374,0,1,407,402,867,1454,1250,2497,1610,3758,2359,3379,2007,1977,9363,12180,4437,8233,121218,42841,16400,9296,45443,2298,1740,5,6
2021-05-07T23:59:59+02:00,4,3,1843,1968,3626,5016,5281,7802,8727,12571,18600,21276,20392,23016,15637,19725,4959,9355,0,1,321,347,755,1379,1118,2368,1476,3616,2183,3185,1635,1635,8873,11731,4436,8231,116271,41097,16396,9291,45421,1188,1708,5,6
2021-05-06T23:59:59+02:00,4,3,1659,1858,3341,4760,4831,7394,8085,12010,17354,20034,20059,22638,15529,19560,4949,9344,0,1,304,337,736,1349,1078,2321,1427,3531,2115,3117,1600,1579,8856,11700,4430,8228,110409,41075,16389,9285,45184,918,1425,5,6
2021-05-05T23:59:59+02:00,4,3,1589,1828,3255,4672,4752,7287,7954,11859,17200,19889,19939,22517,15453,19463,4927,9248,0,1,294,326,693,1297,1015,2245,1344,3382,2007,3001,1507,1480,8439,11132,4424,8211,109636,41034,16246,8156,45012,662,940,5,6
2021-05-04T23:59:59+02:00,4,3,1562,1798,3206,4593,4692,7176,7704,11563,16637,19307,19851,22384,15377,19365,4897,9134,0,1,278,314,670,1267,994,2191,1286,3262,1894,2842,1434,1373,8368,11028,4419,8193,108920,41007,14897,7880,44907,397,524,5,6
2021-05-03T23:59:59+02:00,4,3,1554,1794,3196,4577,4654,7151,7450,11329,15943,18710,19787,22299,15351,19331,4891,9124,0,1,263,294,648,1183,944,2103,1222,3123,1797,2705,1367,1293,8343,10993,4415,8184,108825,40996,13298,7672,44867,51,153,5,6
2021-05-02T23:59:59+02:00,4,3,1553,1792,3189,4575,4649,7146,7436,11318,15924,18698,19770,22291,15351,19329,4890,9124,0,1,263,291,645,1182,939,2100,1212,3117,1789,2698,1353,1286,8342,10988,4414,8184,108795,40973,13294,7670,44841,48,107,5,6
2021-05-01T23:59:59+02:00,4,3,1423,1649,2912,4326,4182,6790,6817,10837,13987,16817,19388,21892,15260,19213,4887,9108,0,1,261,291,642,1180,938,2097,1210,3115,1787,2694,1348,1281,8340,10986,4414,8184,101258,40941,13294,7670,44835,48,104,4,6
2021-04-30T23:59:59+02:00,3,3,1303,1504,2694,4105,3853,6394,6251,10244,12199,14783,18930,21351,15156,19072,4873,9097,0,1,256,290,635,1173,922,2089,1197,3105,1776,2680,1338,1272,8336,10981,4413,8183,93650,40895,13294,7670,44835,44,32,4,6
2021-04-29T23:59:59+02:00,2,3,1190,1442,2527,3980,3614,6190,5894,9943,10857,13502,18670,21073,15113,19002,4869,9091,0,1,255,286,630,1165,910,2083,1177,3100,1745,2643,1312,1248,8330,10972,4413,8183,88963,40862,13285,7536,44695,34,15,4,6
2021-04-28T23:59:59+02:00,2,3,1137,1436,2476,3960,3563,6166,5831,9910,10758,13433,18638,21039,15105,18986,4869,9088,0,1,255,285,627,1164,907,2081,1172,3096,1737,2642,1305,1229,7884,10450,4413,8183,88692,40838,13235,6544,44455,30,14,4,5
2021-04-27T23:59:59+02:00,2,3,1092,1409,2370,3915,3498,6137,5712,9853,10641,13355,18604,20999,15092,18971,4867,9086,0,1,254,285,625,1156,906,2079,1167,3093,1733,2638,1293,1212,7466,9867,4413,8183,88177,40818,13181,5510,44231,25,13,4,5
2021-04-26T23:59:59+02:00,2,3,1052,1380,2279,3822,3371,6036,5543,9732,10337,13095,18542,20944,15083,18953,4865,9086,0,1,253,284,624,1154,900,2074,1160,3090,1715,2629,1278,1199,7457,9847,4413,8183,86836,40730,13170,5489,44102,24,13,4,5
2021-04-25T23:59:59+02:00,2,3,1049,1378,2271,3818,3364,6031,5523,9723,10302,13064,18532,20931,15082,18947,4865,9085,0,1,252,284,624,1153,900,2074,1158,3090,1715,2629,1278,1199,7457,9845,4413,8183,86809,40728,13162,5486,43983,24,12,4,5
2021-04-24T23:59:59+02:00,2,2,1007,1265,2083,3280,3093,5415,5331,9310,9466,12017,17823,20034,14969,18787,4857,9074,0,1,251,283,623,1152,900,2073,1158,3089,1709,2624,1275,1194,7455,9843,4413,8182,80680,40703,13162,5482,43958,24,11,4,5
2021-04-23T23:59:59+02:00,1,2,974,1181,1971,2934,2910,4863,5135,8881,8910,11295,16191,18170,14820,18581,4849,9051,0,1,251,283,622,1152,898,2071,1157,3089,1708,2623,1270,1189,7451,9841,4413,8181,73645,40689,13161,5471,43898,24,11,4,5
2021-04-22T23:59:59+02:00,1,2,969,1169,1952,2918,2890,4843,5078,8835,8795,11190,16118,18092,14793,18551,4847,9046,0,1,249,283,618,1151,895,2070,1149,3077,1692,2603,1246,1167,7446,9833,4413,8181,73592,40675,13103,5360,43379,23,11,4,5
2021-04-21T23:59:59+02:00,1,2,959,1161,1938,2906,2862,4817,5030,8780,8687,11067,16031,18007,14764,18517,4847,9041,0,1,245,280,608,1142,881,2040,1138,3052,1682,2576,1233,1153,7220,9514,4412,8181,73547,40665,13045,4655,42810,22,11,4,5
2021-04-20T23:59:59+02:00,1,2,932,1113,1886,2792,2789,4654,4936,8601,8513,10858,15798,17725,14705,18458,4840,9035,0,1,232,277,590,1121,855,2008,1109,3026,1647,2535,1213,1139,7211,9509,4411,8181,73508,40644,11916,4388,42199,18,11,4,4
2021-04-19T23:59:59+02:00,1,2,923,1105,1852,2772,2739,4629,4812,8540,8313,10746,15706,17627,14683,18439,4840,9029,0,1,226,269,572,1100,836,1975,1091,2983,1601,2480,1195,1120,7204,9506,4409,8180,73107,40608,11895,4109,41741,16,11,4,4
2021-04-18T23:59:59+02:00,1,2,920,1104,1847,2766,2731,4617,4794,8529,8273,10703,15656,17568,14673,18422,4839,9027,0,1,226,269,572,1099,835,1975,1090,2983,1601,2479,1195,1119,7202,9505,4408,8180,73061,40601,11891,4107,41505,16,11,4,4
2021-04-17T23:59:59+02:00,0,2,888,1089,1798,2727,2663,4538,4639,8384,8008,10474,13284,14666,14474,18068,4822,8993,0,1,224,269,572,1096,831,1968,1078,2976,1591,2459,1155,1076,6869,9090,4383,8132,66228,39643,11891,4096,41383,16,11,4,4
2021-04-16T23:59:59+02:00,0,2,882,1083,1786,2717,2621,4498,4547,8300,7828,10280,10444,11410,14204,17650,4803,8938,0,1,223,265,570,1092,826,1964,1069,2973,1583,2446,1142,1061,6863,9084,4381,8129,58946,39562,11888,4079,41144,16,11,4,4
2021-04-15T23:59:59+02:00,0,2,870,1078,1764,2703,2578,4464,4429,8240,7597,10079,10193,11191,14142,17584,4796,8924,0,1,221,264,570,1090,825,1962,1066,2970,1580,2443,1136,1056,6861,9082,4381,8129,58920,39547,11886,4060,39813,15,11,4,4
2021-04-14T23:59:59+02:00,0,2,852,1051,1705,2622,2488,4340,4239,8056,7322,9795,9819,10706,13993,17403,4790,8912,0,1,197,239,529,1037,802,1895,1030,2890,1529,2380,1110,1026,6856,9074,4381,8128,58883,39531,10939,3545,38258,13,11,4,4
2021-04-13T23:59:59+02:00,0,2,828,1029,1668,2569,2419,4256,4138,7917,7109,9575,9411,10187,13847,17236,4785,8898,0,1,162,216,494,989,761,1801,995,2780,1476,2310,1091,991,6840,9063,4380,8128,58830,39466,9989,2990,37040,7,11,4,4
2021-04-12T23:59:59+02:00,0,2,823,1027,1649,2565,2390,4243,4086,7866,6968,9403,9144,9872,13784,17176,4774,8881,0,1,151,202,466,949,739,1737,975,2708,1432,2260,1069,974,6823,9043,4377,8123,58771,39349,9958,2658,35909,7,11,4,4
2021-04-11T23:59:59+02:00,0,2,822,1026,1638,2565,2376,4240,4063,7854,6903,9341,9011,9707,13757,17128,4769,8872,0,1,151,202,466,947,737,1735,973,2708,1430,2260,1069,974,6821,9043,4377,8123,58757,39339,9956,2657,35346,6,11,4,4
2021-04-10T23:59:59+02:00,0,2,806,1022,1609,2536,2339,4211,3993,7795,6770,9224,8452,8973,13090,16274,4758,8830,0,1,148,201,464,944,731,1732,973,2701,1421,2253,1055,958,6349,8543,4361,8107,55419,38266,9954,2655,35296,6,11,4,4
2021-04-09T23:59:59+02:00,0,2,785,994,1568,2487,2273,4131,3840,7635,6423,8891,7925,8314,12268,15250,4686,8691,0,1,146,199,462,938,724,1724,965,2691,1406,2242,1033,935,6107,8270,4341,8080,51431,37592,9947,2651,34770,6,11,4,4
2021-04-08T23:59:59+02:00,0,2,775,984,1541,2463,2207,4083,3707,7546,6167,8589,7307,7659,12105,15050,4675,8675,0,1,146,197,457,934,719,1717,957,2680,1397,2229,1021,932,6104,8268,4340,8080,51396,37569,9922,2589,32202,6,11,4,4
2021-04-07T23:59:59+02:00,0,2,768,975,1515,2445,2148,4045,3620,7476,5936,8324,6750,7024,11495,14303,4662,8647,0,1,127,190,425,887,673,1648,900,2610,1347,2160,1000,916,6096,8261,4339,8080,51366,37544,8766,2096,29989,6,10,4,4
2021-04-06T23:59:59+02:00,0,2,763,973,1503,2437,2119,4022,3547,7427,5755,8152,6304,6516,11291,14086,4647,8616,0,1,104,169,377,827,628,1573,856,2510,1294,2096,974,899,6076,8246,4337,8076,51297,37512,8581,1512,28269,6,9,4,4
2021-04-05T23:59:59+02:00,0,2,758,969,1487,2429,2093,4012,3496,7401,5611,8041,6099,6298,11224,13999,4641,8606,0,1,98,166,376,825,621,1564,847,2495,1281,2077,946,868,4969,6844,4260,7970,51097,34687,8577,1502,27479,6,9,4,4
2021-04-04T23:59:59+02:00,0,2,756,962,1485,2427,2089,4010,3478,7394,5601,8034,6088,6278,11209,13981,4639,8603,0,1,98,166,374,823,618,1559,840,2488,1266,2058,923,846,3959,5682,4194,7864,51081,32238,8575,1502,27367,6,9,4,4
2021-04-03T23:59:59+02:00,0,2,705,906,1403,2356,1966,3871,3219,7133,5139,7543,5743,5822,11037,13763,4611,8575,0,1,94,166,374,821,618,1557,839,2488,1266,2058,923,846,3959,5679,4194,7863,47842,32225,8575,1502,27364,6,9,4,4
2021-04-02T23:59:59+02:00,0,2,661,872,1347,2288,1868,3757,2966,6872,4621,7064,5350,5361,10935,13597,4606,8569,0,1,94,166,374,821,618,1557,838,2488,1264,2057,922,844,3957,5676,4193,7863,44905,32214,8574,1501,27245,6,8,4,4
2021-04-01T23:59:59+02:00,0,2,658,869,1338,2283,1848,3749,2937,6858,4546,6991,5241,5251,10896,13548,4605,8564,0,1,94,166,372,817,616,1553,838,2485,1260,2053,912,843,3952,5673,4192,7862,44888,32202,8430,1469,26854,6,8,4,4
2021-03-31T23:59:59+02:00,0,2,656,867,1330,2267,1840,3739,2909,6830,4483,6945,5101,5089,10381,12939,4601,8556,0,1,94,166,371,817,616,1553,838,2485,1258,2053,911,843,3952,5672,4192,7861,44875,32196,7297,1469,26352,6,8,3,4
2021-03-30T23:59:59+02:00,0,2,647,864,1311,2247,1811,3710,2872,6795,4397,6856,4932,4896,9854,12237,4594,8542,0,1,89,164,370,813,611,1551,833,2479,1250,2050,901,833,3944,5669,4191,7860,44851,32175,6108,1416,25597,6,8,3,4
2021-03-29T23:59:59+02:00,0,2,642,855,1298,2214,1793,3679,2841,6753,4325,6770,4732,4698,9768,12143,4591,8528,0,1,89,164,369,811,605,1547,830,2472,1244,2042,893,827,3936,5661,4191,7860,44781,32156,5890,1369,24950,5,8,3,4
2021-03-28T23:59:59+02:00,0,2,639,853,1295,2211,1778,3669,2825,6741,4290,6718,4637,4588,9732,12079,4586,8521,0,1,89,164,369,809,605,1547,827,2472,1242,2042,892,827,3935,5661,4191,7860,44759,32154,5881,1362,24513,5,8,3,4
2021-03-27T23:59:59+01:00,0,2,635,848,1285,2207,1761,3652,2797,6711,4127,6574,4058,4133,9503,11833,4573,8502,0,1,89,164,367,807,603,1545,825,2469,1234,2036,888,823,3756,5371,4084,7687,42813,31370,5877,1362,24500,5,8,3,4
2021-03-26T23:59:59+01:00,0,2,630,840,1277,2196,1739,3635,2772,6689,4051,6496,3649,3767,8901,11274,4560,8488,0,1,89,164,367,806,602,1542,821,2466,1225,2032,875,810,3028,4427,3875,7339,40872,29090,5864,1362,24219,5,8,3,4
2021-03-25T23:59:59+01:00,0,2,623,835,1264,2182,1720,3611,2713,6650,3967,6418,3475,3549,8790,11163,4554,8482,0,1,89,164,367,806,602,1541,821,2465,1223,2032,875,809,3027,4426,3874,7338,40858,29082,5756,1362,23373,4,8,3,4
2021-03-24T23:59:59+01:00,0,2,618,827,1231,2156,1675,3566,2635,6581,3810,6266,3156,3185,8379,10612,4545,8469,0,1,85,162,355,793,586,1523,788,2431,1173,1999,841,771,3018,4420,3874,7335,40834,28778,4997,1361,21871,4,8,3,4
2021-03-23T23:59:59+01:00,0,2,606,819,1206,2124,1633,3518,2553,6502,3661,6112,2775,2801,8162,10394,4537,8450,0,1,80,158,343,773,551,1492,727,2367,1072,1917,758,711,2981,4385,3870,7331,40789,28147,4706,1354,20350,4,8,2,4
2021-03-22T23:59:59+01:00,0,2,582,709,1169,2071,1600,3462,2500,6432,3520,5982,2532,2562,7831,10039,4521,8414,0,1,80,157,343,773,551,1490,725,2365,1069,1917,756,707,2977,4379,3868,7328,40320,28116,4384,1354,19214,4,8,2,4
2021-03-21T23:59:59+01:00,0,2,581,706,1163,2062,1588,3452,2483,6417,3482,5948,2390,2397,7738,9927,4512,8399,0,1,80,157,343,772,551,1490,724,2364,1069,1917,756,707,2977,4378,3868,7327,40315,28111,4370,1354,18552,4,8,2,4
2021-03-20T23:59:59+01:00,0,2,580,706,1161,2055,1581,3445,2477,6410,3464,5925,2357,2359,7246,9408,4495,8382,0,1,80,157,343,772,550,1490,722,2363,1069,1915,756,707,2977,4376,3866,7325,39270,28099,4358,1354,18415,4,8,2,4
2021-03-19T23:59:59+01:00,0,2,573,698,1142,2035,1546,3421,2409,6272,3400,5818,2175,2178,6937,9088,4473,8357,0,1,80,157,342,767,546,1487,717,2355,1061,1902,747,700,2547,3775,3443,6571,38661,25831,4341,1354,17512,1,8,2,4
2021-03-18T23:59:59+01:00,0,2,558,681,1122,2006,1519,3391,2369,6204,3325,5729,2021,1982,6816,8969,4467,8346,0,1,79,157,342,766,545,1487,716,2351,1057,1901,740,697,2497,3703,3416,6529,38640,25640,4329,1332,16529,1,7,2,4
2021-03-17T23:59:59+01:00,0,1,529,652,1077,1949,1482,3306,2292,6086,3172,5573,1766,1717,6650,8815,4457,8331,0,1,78,153,330,738,529,1443,694,2293,1019,1860,723,678,2255,3409,3329,6399,38567,24659,3802,1260,15477,1,7,2,4
2021-03-16T23:59:59+01:00,0,1,486,624,1037,1894,1430,3200,2227,5932,3056,5439,1566,1492,6515,8667,4446,8308,0,1,72,138,309,682,499,1367,665,2158,989,1732,673,628,2140,3271,3303,6312,38507,23900,3185,1028,14620,1,6,2,4
2021-03-15T23:59:59+01:00,0,1,474,612,1004,1844,1397,3133,2196,5847,2970,5355,1440,1358,5929,7978,4406,8244,0,1,69,131,295,624,484,1247,626,2027,948,1618,643,607,2102,3232,3288,6248,37265,23493,2833,694,14088,1,0,2,2
2021-03-14T23:59:59+01:00,0,1,469,605,995,1832,1393,3115,2180,5829,2935,5328,1397,1307,5533,7529,4383,8226,0,1,68,126,291,601,478,1220,620,1971,938,1593,643,607,2102,3232,3287,6246,36441,23487,2828,534,13786,1,0,2,2
2021-03-13T23:59:59+01:00,0,1,449,586,958,1782,1340,3051,1923,5242,2694,4914,1291,1194,4871,6679,4335,8152,0,1,68,126,290,598,476,1218,618,1969,937,1589,641,602,1739,2746,2760,5483,34753,21324,2824,534,11883,1,0,2,2
2021-03-12T23:59:59+01:00,0,1,433,565,937,1739,1309,2968,1720,4455,2488,4465,1219,1110,4170,5881,4288,8070,0,1,68,124,289,594,476,1215,616,1961,933,1583,638,596,1410,2198,2216,4687,33072,19068,2821,534,9923,1,0,2,2
2021-03-11T23:59:59+01:00,0,1,429,558,927,1725,1294,2949,1695,4419,2451,4428,1145,1054,4125,5844,4285,8066,0,1,68,116,283,572,461,1163,607,1912,914,1547,626,583,1404,2180,2207,4636,33033,18816,2724,462,9636,1,0,2,1
2021-03-10T23:59:59+01:00,0,1,410,546,881,1666,1238,2871,1621,4322,2384,4335,1111,1031,4109,5827,4284,8064,0,1,68,116,281,568,458,1156,602,1889,914,1542,621,575,1343,2093,2161,4579,33018,18528,2153,437,9528,1,0,2,1
2021-03-09T23:59:59+01:00,0,1,389,530,836,1617,1195,2807,1579,4239,2341,4282,1090,1020,4103,5820,4283,8063,0,1,66,115,280,567,457,1145,600,1876,907,1537,618,569,1137,1781,2043,4400,32972,17689,1707,408,9514,1,0,2,1
2021-03-08T23:59:59+01:00,0,1,382,519,825,1601,1186,2790,1571,4212,2328,4269,1077,1008,4066,5772,4281,8058,0,1,65,115,276,562,453,1139,598,1872,903,1535,618,569,1067,1690,1998,4355,32838,17430,1610,384,9496,1,0,2,1
2021-03-07T23:59:59+01:00,0,1,381,516,824,1600,1184,2788,1568,4205,2318,4264,1070,1000,4060,5766,4280,8057,0,1,63,112,267,540,441,1113,582,1772,868,1460,617,569,962,1559,1946,4284,32821,17063,1570,92,9489,0,0,2,1
2021-03-06T23:59:59+01:00,0,1,373,500,805,1567,1160,2730,1527,4137,2125,3767,1040,963,3887,5493,4178,7892,0,1,63,112,267,540,441,1112,582,1772,868,1460,617,569,959,1558,1943,4283,32103,17054,1570,92,8470,0,0,2,1
2021-03-05T23:59:59+01:00,0,1,360,461,773,1463,1110,2514,1452,3924,1911,3102,1009,918,3130,4527,3973,7548,0,1,63,111,266,537,438,1106,581,1767,864,1457,614,567,920,1500,1920,4241,29782,16860,1569,92,6823,0,0,2,1
2021-03-04T23:59:59+01:00,0,1,347,452,765,1443,1097,2491,1433,3895,1889,3083,995,914,3126,4523,3970,7546,0,1,62,109,263,534,434,1090,571,1745,863,1449,612,565,883,1446,1897,4204,29769,16698,1530,29,6669,0,0,2,1
2021-03-03T23:59:59+01:00,0,1,338,421,746,1392,1067,2408,1383,3740,1809,2986,962,868,3116,4517,3970,7543,0,1,61,108,260,531,433,1086,569,1736,860,1445,612,564,863,1393,1809,4057,29453,16360,1530,27,6282,0,0,2,1
2021-03-02T23:59:59+01:00,0,1,332,413,731,1369,1019,2363,1315,3655,1693,2887,874,803,3073,4478,3964,7538,0,1,61,108,259,527,432,1078,569,1730,860,1441,611,564,863,1393,1809,4057,28814,16335,1466,27,6226,0,0,2,1
2021-03-01T23:59:59+01:00,0,1,328,399,724,1322,1006,2305,1295,3572,1666,2837,855,794,3065,4468,3963,7538,0,1,61,107,258,523,427,1064,565,1717,851,1433,610,562,766,1238,1752,3977,28773,15884,1414,27,5949,0,0,2,1
2021-02-28T23:59:59+01:00,0,1,323,387,716,1283,992,2228,1281,3484,1643,2758,851,784,3063,4464,3962,7535,0,1,61,107,257,523,427,1063,565,1717,849,1433,610,561,669,1113,1704,3896,28757,15529,1410,26,5586,0,0,2,1
2021-02-27T23:59:59+01:00,0,1,314,366,702,1256,973,2192,1246,3415,1620,2705,833,768,3060,4464,3961,7535,0,1,60,107,257,523,427,1063,564,1717,847,1433,610,561,669,1113,1704,3896,28753,15525,1410,26,5246,0,0,2,1
2021-02-26T23:59:59+01:00,0,1,288,315,655,1192,909,2073,1156,3248,1515,2568,804,745,2623,3858,3534,6757,0,1,60,107,254,520,427,1061,562,1715,844,1427,606,559,662,1101,1695,3877,26459,15451,1410,26,4370,0,0,2,1
2021-02-25T23:59:59+01:00,0,1,283,302,641,1162,888,2031,1137,3182,1497,2523,801,741,2576,3786,3504,6713,0,1,58,104,250,512,427,1057,557,1705,841,1416,600,555,585,992,1648,3819,26240,15102,1410,24,4116,0,0,2,1
2021-02-24T23:59:59+01:00,0,1,264,292,590,1116,841,1963,1079,3087,1453,2465,784,722,2335,3484,3414,6575,0,1,57,99,245,505,421,1038,548,1683,838,1396,593,543,571,972,1637,3796,25239,14926,1410,16,3814,0,0,2,1
2021-02-23T23:59:59+01:00,0,1,252,271,561,1060,804,1888,1011,2937,1379,2363,732,672,2220,3344,3388,6482,0,1,57,97,243,499,421,1022,538,1651,830,1374,584,536,555,921,1625,3743,24433,14680,1405,16,3525,0,0,2,1
2021-02-22T23:59:59+01:00,0,1,248,265,548,997,784,1812,985,2843,1343,2303,707,650,2190,3307,3379,6419,0,1,57,96,237,493,419,1009,529,1633,826,1349,570,522,532,895,1619,3688,24027,14459,1405,15,3347,0,0,2,1
2021-02-21T23:59:59+01:00,0,1,245,258,539,972,771,1775,977,2795,1313,2277,707,648,2188,3307,3378,6418,0,1,57,96,236,493,419,1009,529,1633,826,1348,570,521,532,895,1619,3687,24021,14455,1405,15,3141,0,0,2,1
2021-02-20T23:59:59+01:00,0,1,167,228,470,923,702,1698,907,2706,1228,2178,692,633,1814,2789,2822,5614,0,1,57,96,236,493,419,1009,529,1632,826,1348,570,521,532,895,1618,3687,21743,14453,1405,15,2422,0,0,2,1
2021-02-19T23:59:59+01:00,0,1,84,167,358,842,575,1566,776,2557,1092,2025,676,611,1506,2274,2273,4822,0,1,57,96,236,493,419,1008,529,1632,826,1348,570,521,527,893,1616,3681,19535,14437,1405,15,1263,0,0,2,1
2021-02-18T23:59:59+01:00,0,1,81,162,346,792,554,1477,743,2417,1059,1957,660,599,1497,2255,2264,4770,0,1,54,89,230,471,405,941,514,1552,806,1274,556,507,521,875,1613,3659,19291,14052,1379,15,962,0,0,2,1
2021-02-17T23:59:59+01:00,0,1,80,154,332,769,545,1444,714,2324,1022,1857,655,589,1439,2167,2216,4720,0,1,54,86,228,462,397,903,503,1487,787,1192,543,495,519,873,1613,3659,19030,13786,1306,15,690,0,0,2,1
2021-02-16T23:59:59+01:00,0,1,75,149,317,729,517,1370,682,2216,997,1752,644,582,1194,1820,2092,4537,0,1,53,77,227,455,391,873,490,1422,761,1126,522,482,517,873,1610,3658,18108,13535,1067,2,497,0,0,2,1
2021-02-15T23:59:59+01:00,0,1,70,133,291,624,482,1228,624,2003,946,1592,635,580,1110,1713,2040,4472,0,1,53,77,225,450,387,867,489,1418,759,1119,522,482,516,868,1609,3655,17776,13496,729,0,39,0,0,0,1
2021-02-14T23:59:59+01:00,0,1,69,126,286,597,477,1199,613,1949,932,1570,635,580,1011,1589,1993,4415,0,1,53,77,225,450,387,867,489,1416,759,1119,522,482,516,868,1609,3655,17446,13494,573,0,23,0,0,0,1
2021-02-13T23:59:59+01:00,0,1,69,125,286,596,476,1195,612,1947,930,1567,634,579,1010,1580,1989,4412,0,1,53,77,225,449,385,862,488,1411,757,1118,520,480,499,830,1350,3183,17412,12687,573,0,23,0,0,0,1
2021-02-12T23:59:59+01:00,0,1,68,125,285,595,472,1191,612,1944,927,1566,631,578,971,1528,1969,4372,0,1,53,77,225,445,381,853,483,1402,751,1111,513,472,481,789,986,2469,17242,11491,573,0,20,0,0,0,1
2021-02-11T23:59:59+01:00,0,1,67,117,282,582,459,1164,606,1918,920,1554,630,577,928,1470,1947,4333,0,1,53,74,210,414,367,806,466,1328,736,1079,510,471,481,789,985,2468,17061,11238,490,0,4,0,0,0,0
2021-02-10T23:59:59+01:00,0,1,66,117,279,579,457,1159,602,1901,915,1550,630,577,919,1454,1926,4288,0,1,52,64,177,336,313,704,416,1156,656,984,476,459,476,788,985,2467,16957,10510,462,0,1,0,0,0,0
2021-02-09T23:59:59+01:00,0,1,64,115,273,575,454,1146,601,1886,907,1544,629,576,907,1418,1856,4183,0,1,43,53,126,257,237,554,334,954,554,830,440,448,472,787,982,2467,16704,9539,431,0,0,0,0,0,0
2021-02-08T23:59:59+01:00,0,1,63,115,270,566,451,1139,599,1871,900,1536,627,573,804,1265,1799,4101,0,1,38,43,88,168,174,417,271,717,495,695,433,442,469,784,981,2467,16274,8683,406,0,0,0,0,0,0
2021-02-07T23:59:59+01:00,0,1,61,112,260,544,437,1108,583,1768,865,1457,626,572,702,1140,1750,4017,0,1,37,42,84,165,171,410,266,704,490,684,431,441,469,784,981,2466,15904,8626,99,0,0,0,0,0,0
2021-02-06T23:59:59+01:00,0,1,60,112,259,544,437,1108,581,1767,862,1454,623,570,700,1132,1744,4010,0,1,34,41,83,162,168,400,262,696,479,675,423,440,433,736,741,2074,15865,7848,99,0,0,0,0,0,0
2021-02-05T23:59:59+01:00,0,1,60,112,257,540,437,1106,580,1766,860,1452,621,570,690,1125,1738,3997,0,1,32,39,79,158,163,392,254,677,462,665,417,440,427,711,337,1441,15813,6695,99,0,0,0,0,0,0
2021-02-04T23:59:59+01:00,0,1,59,110,252,534,431,1090,564,1739,856,1438,614,560,604,1008,1687,3936,0,1,31,36,74,152,157,381,239,653,445,651,411,432,422,704,335,1434,15452,6558,31,0,0,0,0,0,0
2021-02-03T23:59:59+01:00,0,1,58,105,248,527,430,1071,561,1723,854,1423,610,550,593,998,1684,3922,0,1,24,28,60,121,123,280,175,511,335,501,305,330,337,547,257,1150,15329,5085,29,0,0,0,0,0,0
2021-02-02T23:59:59+01:00,0,1,58,103,245,522,430,1053,549,1691,846,1399,597,540,581,949,1674,3871,0,1,17,21,41,78,87,186,122,345,219,362,215,220,217,344,184,755,15080,3414,29,0,0,0,0,0,0
2021-02-01T23:59:59+01:00,0,1,58,101,241,514,428,1037,541,1669,842,1376,590,534,559,920,1666,3824,0,0,7,11,21,42,48,98,65,168,95,166,101,103,90,160,77,329,14872,1581,29,0,0,0,0,0,0
2021-01-31T23:59:59+01:00,0,1,58,101,240,513,426,1033,539,1664,840,1373,590,533,559,920,1666,3823,0,0,7,11,19,38,43,84,61,142,81,150,96,101,89,159,75,327,14850,1483,29,0,0,0,0,0,0
2021-01-30T23:59:59+01:00,0,1,58,101,240,513,426,1033,539,1664,840,1373,590,533,559,920,1666,3823,0,0,7,11,19,38,43,84,61,142,81,150,96,100,89,159,75,327,14850,1482,29,0,0,0,0,0,0
2021-01-29T23:59:59+01:00,0,1,58,101,240,513,426,1033,539,1664,840,1373,590,533,559,920,1666,3823,0,0,7,11,19,38,43,84,61,142,81,150,96,100,89,159,75,327,14850,1482,29,0,0,0,0,0,0
2021-01-28T23:59:59+01:00,0,1,56,93,236,484,414,966,521,1578,816,1292,577,518,553,903,1663,3804,0,0,3,2,5,6,11,16,19,34,22,33,17,22,21,34,19,99,14452,363,23,0,0,0,0,0,0
2021-01-27T23:59:59+01:00,0,1,54,89,236,474,406,927,511,1512,796,1209,565,505,551,901,1663,3804,0,0,3,2,5,6,9,16,19,33,21,31,17,21,21,34,19,99,14183,356,21,0,0,0,0,0,0
2021-01-26T23:59:59+01:00,0,1,53,83,231,471,399,898,500,1445,771,1142,543,492,549,901,1663,3804,0,0,1,2,5,6,9,15,17,29,17,26,15,18,19,32,19,91,13927,321,19,0,0,0,0,0,0
2021-01-25T23:59:59+01:00,0,1,53,83,228,465,396,892,500,1442,770,1137,543,492,549,898,1663,3802,0,0,0,0,0,0,0,2,0,0,0,0,1,1,0,2,0,0,13897,6,17,0,0,0,0,0,0
2021-01-24T23:59:59+01:00,0,1,53,83,228,465,396,892,500,1441,770,1137,543,492,549,898,1663,3802,0,0,0,0,0,0,0,2,0,0,0,0,1,1,0,2,0,0,13896,6,17,0,0,0,0,0,0
2021-01-23T23:59:59+01:00,0,1,53,83,228,464,395,888,500,1435,769,1135,540,490,532,860,1403,3324,0,0,0,0,0,0,0,1,0,0,0,0,1,1,0,2,0,0,13083,5,17,0,0,0,0,0,0
2021-01-22T23:59:59+01:00,0,1,53,83,227,460,390,878,495,1425,764,1128,534,481,515,818,1024,2583,0,0,0,0,0,0,0,1,0,0,0,0,1,1,0,2,0,0,11843,5,16,0,0,0,0,0,0
2021-01-21T23:59:59+01:00,0,1,53,80,208,426,363,822,467,1325,737,1093,530,481,515,818,1023,2582,0,0,0,0,0,0,0,1,0,0,0,0,1,1,0,2,0,0,11508,5,16,0,0,0,0,0,0
2021-01-20T23:59:59+01:00,0,1,51,70,181,354,322,737,424,1172,667,1003,494,470,510,818,1023,2581,0,0,0,0,0,0,0,1,0,0,0,0,1,1,0,2,0,0,10862,5,16,0,0,0,0,0,0
2021-01-19T23:59:59+01:00,0,1,44,57,137,276,248,579,347,990,577,863,459,458,506,816,1023,2581,0,0,0,0,0,0,0,0,0,0,0,0,1,0,0,2,0,0,9954,3,8,0,0,0,0,0,0
2021-01-18T23:59:59+01:00,0,1,40,44,88,175,179,429,280,727,505,706,451,451,503,812,1021,2581,0,0,0,0,0,0,0,0,0,0,0,0,0,0,0,1,0,0,8993,1,0,0,0,0,0,0,0
2021-01-17T23:59:59+01:00,0,1,37,43,85,172,175,421,276,716,500,693,449,451,503,812,1021,2580,0,0,0,0,0,0,0,0,0,0,0,0,0,0,0,0,0,0,8935,0,0,0,0,0,0,0,0
2021-01-16T23:59:59+01:00,0,1,34,42,83,170,171,412,269,709,485,684,440,449,464,765,774,2183,0,0,0,0,0,0,0,0,0,0,0,0,0,0,0,0,0,0,8135,0,0,0,0,0,0,0,0
2021-01-15T23:59:59+01:00,0,1,32,40,80,165,168,406,262,692,471,676,434,448,459,741,361,1541,0,0,0,0,0,0,0,0,0,0,0,0,0,0,0,0,0,0,6977,0,0,0,0,0,0,0,0
2021-01-14T23:59:59+01:00,0,1,32,38,78,159,163,401,254,679,460,668,431,445,459,740,361,1541,0,0,0,0,0,0,0,0,0,0,0,0,0,0,0,0,0,0,6910,0,0,0,0,0,0,0,0
2021-01-13T23:59:59+01:00,0,0,24,31,62,127,128,304,194,545,351,525,328,343,374,577,282,1246,0,0,0,0,0,0,0,0,0,0,0,0,0,0,0,0,0,0,5441,0,0,0,0,0,0,0,0
2021-01-12T23:59:59+01:00,0,0,17,24,46,88,93,216,140,393,238,389,236,235,247,371,205,845,0,0,0,0,0,0,0,0,0,0,0,0,0,0,0,0,0,0,3783,0,0,0,0,0,0,0,0
2021-01-11T23:59:59+01:00,0,0,9,15,27,48,62,139,88,220,125,208,116,112,106,179,93,374,0,0,0,0,0,0,0,0,0,0,0,0,0,0,0,0,0,0,1921,0,0,0,0,0,0,0,0
2021-01-10T23:59:59+01:00,0,0,8,15,23,44,55,110,80,179,105,175,110,108,102,177,90,374,0,0,0,0,0,0,0,0,0,0,0,0,0,0,0,0,0,0,1755,0,0,0,0,0,0,0,0
2021-01-09T23:59:59+01:00,0,0,8,15,23,44,55,110,80,179,105,175,110,107,102,177,90,374,0,0,0,0,0,0,0,0,0,0,0,0,0,0,0,0,0,0,1754,0,0,0,0,0,0,0,0
2021-01-08T23:59:59+01:00,0,0,8,14,22,43,52,103,75,168,99,172,107,103,97,168,88,364,0,0,0,0,0,0,0,0,0,0,0,0,0,0,0,0,0,0,1683,0,0,0,0,0,0,0,0
2021-01-07T23:59:59+01:00,0,0,3,3,5,7,11,17,20,34,24,36,17,22,23,35,23,107,0,0,0,0,0,0,0,0,0,0,0,0,0,0,0,0,0,0,387,0,0,0,0,0,0,0,0
2021-01-06T23:59:59+01:00,0,0,3,2,5,6,9,16,20,33,21,32,17,21,23,35,23,106,0,0,0,0,0,0,0,0,0,0,0,0,0,0,0,0,0,0,372,0,0,0,0,0,0,0,0
2021-01-05T23:59:59+01:00,0,0,3,2,5,6,9,16,20,33,21,32,17,21,23,35,23,106,0,0,0,0,0,0,0,0,0,0,0,0,0,0,0,0,0,0,372,0,0,0,0,0,0,0,0
2021-01-04T23:59:59+01:00,0,0,0,0,0,0,0,2,1,0,0,0,1,1,0,2,0,0,0,0,0,0,0,0,0,0,0,0,0,0,0,0,0,0,0,0,7,0,0,0,0,0,0,0,0
2021-01-03T23:59:59+01:00,0,0,0,0,0,0,0,2,1,0,0,0,1,1,0,2,0,0,0,0,0,0,0,0,0,0,0,0,0,0,0,0,0,0,0,0,7,0,0,0,0,0,0,0,0
2021-01-02T23:59:59+01:00,0,0,0,0,0,0,0,1,1,0,0,0,1,1,0,2,0,0,0,0,0,0,0,0,0,0,0,0,0,0,0,0,0,0,0,0,6,0,0,0,0,0,0,0,0
2021-01-01T23:59:59+01:00,0,0,0,0,0,0,0,1,1,0,0,0,1,1,0,2,0,0,0,0,0,0,0,0,0,0,0,0,0,0,0,0,0,0,0,0,6,0,0,0,0,0,0,0,0
2020-12-31T23:59:59+01:00,0,0,0,0,0,0,0,1,1,0,0,0,1,1,0,2,0,0,0,0,0,0,0,0,0,0,0,0,0,0,0,0,0,0,0,0,6,0,0,0,0,0,0,0,0
2020-12-30T23:59:59+01:00,0,0,0,0,0,0,0,1,1,0,0,0,1,1,0,2,0,0,0,0,0,0,0,0,0,0,0,0,0,0,0,0,0,0,0,0,6,0,0,0,0,0,0,0,0
2020-12-29T23:59:59+01:00,0,0,0,0,0,0,0,1,1,0,0,0,1,0,0,2,0,0,0,0,0,0,0,0,0,0,0,0,0,0,0,0,0,0,0,0,5,0,0,0,0,0,0,0,0
2020-12-28T23:59:59+01:00,0,0,0,0,0,0,0,1,0,0,0,0,1,0,0,1,0,0,0,0,0,0,0,0,0,0,0,0,0,0,0,0,0,0,0,0,3,0,0,0,0,0,0,0,0
2020-12-27T23:59:59+01:00,0,0,0,0,0,0,0,0,0,0,0,0,0,0,0,0,0,0,0,0,0,0,0,0,0,0,0,0,0,0,0,0,0,0,0,0,0,0,0,0,0,0,0,0,0
