Datum,<15_1_m,<15_1_w,15-24_1_m,15-24_1_w,25-34_1_m,25-34_1_w,35-44_1_m,35-44_1_w,45-54_1_m,45-54_1_w,55-64_1_m,55-64_1_w,65-74_1_m,65-74_1_w,75-84_1_m,75-84_1_w,>84_1_m,>84_1_w,<15_2_m,<15_2_w,15-24_2_m,15-24_2_w,25-34_2_m,25-34_2_w,35-44_2_m,35-44_2_w,45-54_2_m,45-54_2_w,55-64_2_m,55-64_2_w,65-74_2_m,65-74_2_w,75-84_2_m,75-84_2_w,>84_2_m,>84_2_w,bp_1,bp_2,mo_1,mo_2,az_1,az_2,ja,unb_1,unb_2
2021-11-29T23:59:59+01:00,3414,3180,18998,17535,21676,19987,24133,24047,30375,31091,36258,36905,26592,29597,17946,22945,5428,10329,2256,2038,15672,14706,18773,17231,21657,21449,27897,28586,34133,34778,25693,28527,17393,22214,5240,9879,281775,253074,33278,31389,46649,44942,18682,84,35
2021-11-28T23:59:59+01:00,3387,3145,18963,17517,21650,19958,24112,24025,30346,31067,36237,36884,26580,29583,17940,22937,5426,10324,2242,2023,15633,14676,18717,17191,21635,21420,27852,28564,34093,34752,25687,28512,17390,22205,5239,9875,281424,252667,33278,31388,46649,44938,18678,84,35
2021-11-27T23:59:59+01:00,3332,3101,18931,17486,21612,19921,24079,23999,30320,31050,36220,36862,26577,29573,17937,22933,5426,10323,2207,1999,15484,14541,18601,17081,21527,21358,27753,28506,34046,34703,25675,28504,17386,22201,5238,9875,281026,251646,33277,31388,46649,44938,18678,84,35
2021-11-26T23:59:59+01:00,3283,3064,18848,17429,21543,19860,24041,23939,30276,31022,36186,36825,26560,29550,17929,22920,5425,10316,2169,1966,15287,14366,18443,16979,21395,21256,27642,28407,33976,34636,25655,28484,17381,22194,5237,9872,280374,250332,33264,31363,46649,44938,18677,84,35
2021-11-25T23:59:59+01:00,3204,2996,18790,17368,21485,19791,24001,23893,30226,30965,36141,36766,26533,29519,17912,22901,5424,10305,2136,1941,15208,14300,18353,16897,21325,21189,27562,28345,33921,34573,25640,28467,17377,22178,5233,9867,279615,249562,33237,31310,46649,44938,18667,84,35
2021-11-24T23:59:59+01:00,3163,2951,18744,17317,21438,19740,23958,23845,30192,30920,36081,36715,26506,29481,17898,22876,5420,10296,2115,1924,15127,14227,18269,16825,21249,21120,27497,28284,33870,34525,25623,28441,17364,22159,5230,9861,278956,248815,33230,31268,46649,44938,18654,84,35
2021-11-23T23:59:59+01:00,3119,2909,18686,17284,21393,19676,23918,23805,30147,30875,36042,36679,26489,29451,17889,22849,5418,10287,2103,1913,15064,14163,18210,16765,21197,21075,27438,28237,33830,34478,25611,28420,17357,22142,5230,9852,278345,248234,33224,31232,46649,44938,18646,84,35
2021-11-22T23:59:59+01:00,3083,2873,18646,17242,21345,19628,23881,23762,30115,30836,36004,36633,26461,29415,17880,22839,5416,10276,2098,1902,15031,14134,18170,16735,21159,21050,27402,28210,33804,34450,25600,28410,17349,22132,5230,9847,277785,247893,33221,31221,46648,44935,18629,84,35
2021-11-21T23:59:59+01:00,3056,2857,18603,17206,21305,19594,23845,23738,30084,30811,35968,36601,26450,29395,17875,22829,5413,10271,2096,1900,15012,14129,18154,16716,21150,21039,27388,28190,33790,34438,25592,28401,17347,22122,5229,9844,277364,247732,33221,31221,46647,44932,18617,84,35
2021-11-20T23:59:59+01:00,3021,2824,18501,17132,21223,19510,23750,23667,30018,30770,35939,36564,26433,29373,17870,22825,5412,10268,2094,1892,14980,14106,18100,16691,21128,21017,27367,28165,33768,34424,25581,28394,17345,22117,5229,9843,276564,247438,33220,31220,46647,44931,18617,84,35
2021-11-19T23:59:59+01:00,2950,2774,18341,16982,21098,19392,23642,23552,29911,30671,35866,36486,26407,29342,17859,22806,5411,10261,2069,1862,14833,14008,17985,16595,21037,20942,27254,28089,33701,34369,25568,28377,17334,22109,5229,9841,275253,246443,33188,31182,46647,44931,18611,84,35
2021-11-18T23:59:59+01:00,2900,2728,18226,16892,20965,19279,23561,23468,29836,30589,35789,36408,26379,29302,17839,22782,5405,10257,2052,1843,14767,13953,17917,16546,20980,20894,27209,28032,33641,34326,25553,28355,17325,22091,5226,9836,274204,245892,33146,31132,46647,44931,18556,84,35
2021-11-17T23:59:59+01:00,2851,2676,18115,16792,20865,19166,23464,23361,29756,30511,35727,36332,26331,29253,17822,22752,5399,10248,2036,1829,14717,13909,17873,16494,20936,20858,27164,27993,33599,34294,25532,28329,17317,22071,5223,9819,273067,245386,33126,31109,46644,44931,18532,84,35
2021-11-16T23:59:59+01:00,2809,2649,17990,16690,20747,19050,23348,23266,29672,30438,35657,36266,26298,29208,17801,22717,5396,10243,2020,1818,14681,13864,17833,16452,20895,20826,27137,27942,33557,34252,25515,28321,17307,22059,5222,9810,271927,244944,33104,31083,46644,44931,18518,84,35
2021-11-15T23:59:59+01:00,2787,2618,17906,16616,20656,18973,23286,23198,29607,30360,35603,36213,26280,29182,17788,22708,5395,10235,2011,1810,14633,13843,17801,16431,20879,20794,27107,27903,33539,34226,25504,28301,17300,22047,5213,9782,271120,244589,33098,31069,46641,44931,18500,84,35
2021-11-14T23:59:59+01:00,2768,2586,17858,16590,20606,18924,23243,23155,29572,30320,35580,36173,26267,29167,17784,22700,5392,10230,2006,1805,14610,13826,17776,16414,20861,20780,27086,27873,33517,34211,25494,28295,17294,22044,5210,9778,270669,244388,33096,31069,46639,44930,18458,84,35
2021-11-13T23:59:59+01:00,2718,2533,17643,16447,20414,18785,23129,23047,29454,30234,35505,36101,26254,29151,17776,22689,5390,10228,2001,1798,14577,13811,17748,16388,20832,20757,27062,27857,33493,34188,25486,28287,17290,22039,5210,9778,269255,244112,33095,31069,46639,44930,18456,84,35
2021-11-12T23:59:59+01:00,2658,2466,17361,16212,20193,18591,22966,22904,29291,30082,35382,35998,26229,29122,17761,22663,5384,10223,1993,1779,14494,13748,17656,16314,20750,20713,26988,27791,33455,34143,25481,28271,17289,22029,5210,9775,267314,243439,33043,31038,46638,44929,18438,84,35
2021-11-11T23:59:59+01:00,2596,2410,17165,16050,20031,18454,22818,22759,29155,29966,35309,35904,26191,29083,17743,22646,5381,10214,1978,1758,14417,13689,17588,16250,20680,20648,26924,27735,33402,34102,25463,28245,17284,22017,5206,9772,265858,242868,32965,30966,46638,44928,18361,84,35
2021-11-10T23:59:59+01:00,2547,2374,17034,15931,19884,18339,22714,22656,29054,29883,35239,35831,26165,29050,17734,22627,5377,10202,1969,1745,14381,13634,17542,16210,20635,20596,26874,27681,33363,34065,25436,28216,17268,22008,5206,9769,264692,242372,32932,30936,46637,44928,18327,84,35
2021-11-09T23:59:59+01:00,2528,2344,16920,15815,19778,18237,22603,22558,28976,29811,35171,35767,26143,29023,17720,22612,5375,10196,1962,1731,14355,13598,17517,16186,20609,20571,26842,27648,33328,34036,25424,28201,17260,21999,5206,9763,263666,242062,32909,30899,46637,44928,18312,84,35
2021-11-08T23:59:59+01:00,2423,2224,16688,15625,19653,18126,22496,22467,28882,29731,35094,35707,26118,29004,17707,22598,5373,10191,1951,1725,14307,13552,17490,16150,20585,20535,26812,27617,33301,34003,25412,28182,17258,21991,5202,9761,262238,241719,32908,30876,46631,44927,18277,84,35
2021-11-07T23:59:59+01:00,2409,2208,16640,15589,19595,18077,22450,22429,28840,29704,35056,35677,26109,28996,17700,22592,5373,10189,1940,1719,14289,13525,17471,16123,20566,20515,26801,27598,33280,33987,25403,28172,17251,21984,5201,9758,261803,241502,32906,30876,46628,44927,18243,84,35
2021-11-06T23:59:59+01:00,2371,2167,16424,15404,19425,17937,22318,22330,28720,29615,34991,35622,26095,28984,17695,22588,5372,10188,1935,1717,14264,13508,17447,16105,20554,20501,26787,27587,33274,33973,25399,28168,17249,21982,5201,9757,260418,241327,32904,30876,46628,44927,18243,84,35
2021-11-05T23:59:59+01:00,2298,2099,16111,15119,19185,17710,22108,22151,28555,29465,34884,35541,26079,28964,17688,22577,5372,10186,1918,1705,14183,13429,17389,16053,20500,20455,26745,27552,33252,33954,25393,28159,17244,21971,5201,9754,258422,240914,32843,30835,46628,44927,18146,84,35
2021-11-04T23:59:59+01:00,2262,2068,15963,14977,19037,17576,22002,22036,28447,29356,34803,35492,26066,28940,17685,22568,5371,10185,1898,1685,14123,13369,17329,15986,20449,20388,26701,27494,33208,33913,25380,28141,17231,21959,5201,9745,257394,240489,32797,30786,46623,44923,17967,84,35
2021-11-03T23:59:59+01:00,2244,2044,15842,14877,18938,17499,21904,21952,28363,29294,34746,35462,26046,28918,17678,22557,5369,10182,1880,1671,14087,13329,17291,15939,20412,20357,26665,27453,33167,33883,25365,28121,17222,21942,5200,9736,256518,240058,32791,30773,46622,44923,17931,84,35
2021-11-02T23:59:59+01:00,2235,2031,15771,14808,18852,17427,21829,21895,28297,29252,34710,35428,26034,28902,17673,22555,5368,10179,1860,1659,14043,13287,17244,15910,20376,20322,26636,27428,33134,33850,25355,28106,17217,21932,5198,9730,255912,239675,32762,30758,46622,44922,17897,84,35
2021-11-01T23:59:59+01:00,2228,2018,15713,14766,18787,17394,21785,21866,28260,29231,34690,35411,26028,28901,17671,22552,5368,10178,1848,1652,14005,13264,17222,15883,20355,20308,26615,27410,33122,33843,25347,28102,17214,21923,5197,9728,255538,239458,32762,30750,46620,44921,17874,84,35
2021-10-31T23:59:59+01:00,2228,2018,15713,14766,18787,17394,21785,21866,28259,29231,34690,35411,26028,28901,17671,22552,5368,10178,1848,1652,14005,13264,17222,15882,20355,20308,26614,27410,33122,33843,25347,28102,17214,21923,5197,9728,255538,239457,32762,30750,46620,44921,17873,84,35
2021-10-30T23:59:59+02:00,2226,2015,15710,14766,18787,17394,21783,21865,28258,29231,34690,35410,26028,28900,17671,22552,5368,10178,1846,1651,14004,13264,17222,15882,20355,20308,26614,27410,33121,33843,25347,28102,17214,21923,5197,9728,255525,239452,32761,30750,46620,44921,17873,84,35
2021-10-29T23:59:59+02:00,2202,1984,15578,14663,18641,17283,21661,21779,28139,29160,34623,35370,26017,28892,17666,22550,5368,10176,1833,1638,13939,13229,17171,15835,20306,20286,26577,27385,33102,33823,25344,28098,17212,21919,5197,9725,254614,239197,32712,30713,46620,44921,17753,84,35
2021-10-28T23:59:59+02:00,2179,1955,15439,14564,18457,17167,21540,21691,28041,29087,34561,35322,26004,28880,17662,22543,5368,10174,1819,1622,13860,13155,17076,15769,20245,20231,26529,27342,33063,33797,25322,28079,17205,21910,5193,9721,253771,238801,32627,30620,46619,44918,17564,84,35
2021-10-27T23:59:59+02:00,2154,1942,15378,14505,18409,17118,21483,21663,28007,29056,34534,35302,25999,28864,17655,22540,5368,10173,1807,1608,13828,13121,17055,15749,20230,20213,26510,27307,33040,33777,25304,28058,17197,21894,5189,9719,253321,238504,32624,30616,46619,44918,17533,84,35
2021-10-26T23:59:59+02:00,2141,1918,15336,14473,18371,17082,21453,21646,27989,29036,34515,35292,25992,28860,17652,22538,5368,10173,1798,1601,13803,13083,17030,15722,20208,20192,26493,27289,33018,33764,25294,28040,17187,21875,5185,9702,253018,238197,32618,30607,46619,44918,17527,84,35
2021-10-25T23:59:59+02:00,2134,1913,15303,14455,18349,17065,21438,21637,27976,29030,34511,35287,25992,28858,17652,22538,5368,10173,1797,1601,13799,13079,17027,15720,20208,20189,26492,27288,33015,33762,25294,28040,17187,21874,5185,9702,252866,238176,32614,30603,46619,44918,17527,84,35
2021-10-24T23:59:59+02:00,2124,1907,15288,14448,18334,17055,21425,21629,27964,29017,34503,35280,25991,28853,17650,22538,5368,10173,1791,1595,13786,13060,17020,15707,20200,20180,26482,27282,33010,33754,25290,28035,17185,21873,5184,9701,252743,238060,32614,30603,46618,44918,17519,84,35
2021-10-23T23:59:59+02:00,2124,1907,15288,14448,18333,17055,21425,21628,27964,29017,34503,35280,25991,28853,17650,22538,5368,10173,1791,1595,13786,13060,17020,15707,20200,20180,26482,27282,33009,33754,25290,28035,17185,21873,5184,9701,252741,238059,32614,30603,46618,44918,17519,84,35
2021-10-22T23:59:59+02:00,2109,1890,15221,14402,18241,16995,21358,21579,27910,28970,34472,35264,25991,28849,17649,22535,5367,10172,1774,1574,13733,12996,16975,15672,20169,20156,26462,27264,32989,33737,25282,28033,17185,21870,5184,9700,252268,237739,32554,30582,46618,44918,17481,84,35
2021-10-21T23:59:59+02:00,2079,1858,15101,14318,18121,16904,21267,21519,27837,28907,34407,35225,25977,28829,17643,22525,5366,10168,1747,1557,13654,12915,16907,15622,20111,20112,26407,27218,32941,33702,25265,28014,17174,21847,5183,9695,251510,237267,32499,30481,46618,44918,17370,84,35
2021-10-20T23:59:59+02:00,2066,1847,15055,14284,18071,16867,21219,21479,27806,28881,34379,35207,25970,28816,17635,22514,5365,10163,1725,1544,13625,12882,16874,15586,20081,20081,26376,27188,32918,33669,25245,28002,17163,21837,5183,9690,251109,236890,32485,30469,46618,44918,17357,84,35
2021-10-19T23:59:59+02:00,2057,1840,15035,14254,18049,16846,21203,21464,27793,28864,34361,35195,25958,28807,17633,22511,5365,10163,1711,1526,13605,12844,16837,15549,20051,20057,26352,27164,32887,33647,25228,27985,17157,21823,5179,9684,250897,236522,32485,30468,46618,44918,17343,84,35
2021-10-18T23:59:59+02:00,2052,1833,15013,14236,18032,16826,21178,21439,27779,28852,34348,35181,25956,28801,17631,22508,5362,10162,1697,1514,13578,12813,16822,15522,20030,20032,26334,27139,32872,33627,25216,27976,17153,21815,5176,9682,250712,236261,32474,30456,46618,44916,17330,84,35
2021-10-17T23:59:59+02:00,2048,1831,14988,14226,18029,16820,21174,21433,27773,28843,34345,35176,25951,28798,17629,22508,5361,10158,1695,1508,13551,12792,16802,15506,20016,20015,26318,27127,32862,33616,25207,27968,17149,21812,5171,9673,250624,236066,32473,30455,46618,44911,17321,84,35
2021-10-16T23:59:59+02:00,2048,1830,14988,14223,18029,16820,21173,21433,27773,28843,34345,35176,25951,28798,17629,22508,5361,10158,1695,1508,13551,12792,16802,15506,20016,20015,26318,27127,32862,33616,25207,27968,17149,21812,5171,9673,250619,236066,32473,30455,46618,44911,17321,84,35
2021-10-15T23:59:59+02:00,2043,1815,14959,14190,18009,16797,21149,21419,27758,28833,34330,35170,25951,28795,17628,22504,5361,10156,1678,1486,13481,12737,16768,15473,19979,19989,26296,27102,32851,33600,25204,27965,17144,21809,5170,9672,250452,235744,32448,30420,46618,44911,17294,84,35
2021-10-14T23:59:59+02:00,2015,1798,14864,14123,17948,16743,21111,21386,27721,28802,34301,35148,25943,28787,17624,22496,5360,10150,1651,1457,13382,12641,16703,15410,19933,19919,26238,27050,32808,33565,25186,27942,17130,21790,5168,9669,250042,235213,32392,30270,46618,44911,17213,84,35
2021-10-13T23:59:59+02:00,2000,1789,14832,14080,17923,16715,21096,21368,27697,28786,34280,35135,25936,28777,17616,22488,5359,10147,1636,1445,13337,12600,16673,15375,19895,19873,26210,27024,32779,33524,25166,27921,17121,21765,5163,9663,249765,234762,32390,30266,46618,44911,17196,84,35
2021-10-12T23:59:59+02:00,1991,1784,14800,14048,17904,16689,21070,21346,27678,28765,34261,35118,25931,28771,17614,22480,5358,10145,1622,1437,13296,12553,16649,15330,19861,19838,26185,26997,32751,33501,25148,27897,17110,21744,5153,9632,249504,234306,32388,30264,46618,44911,17188,84,35
2021-10-11T23:59:59+02:00,1985,1776,14777,14035,17890,16672,21056,21334,27666,28755,34252,35104,25927,28764,17610,22475,5358,10141,1618,1426,13262,12521,16632,15302,19842,19812,26166,26970,32726,33472,25130,27876,17103,21732,5152,9622,249344,233981,32388,30264,46617,44911,17173,84,35
2021-10-10T23:59:59+02:00,1972,1763,14759,14017,17872,16657,21047,21320,27660,28750,34242,35097,25927,28760,17609,22472,5356,10141,1598,1416,13234,12495,16605,15273,19822,19792,26150,26951,32713,33457,25122,27866,17098,21729,5150,9619,249202,233725,32388,30264,46617,44907,17159,84,35
2021-10-09T23:59:59+02:00,1972,1763,14759,14017,17871,16656,21046,21320,27660,28750,34241,35096,25927,28758,17609,22472,5356,10141,1598,1416,13234,12495,16604,15273,19821,19792,26150,26950,32712,33455,25122,27864,17098,21729,5150,9619,249201,233724,32388,30263,46617,44907,17153,84,35
2021-10-08T23:59:59+02:00,1955,1748,14722,13995,17843,16631,21023,21305,27641,28736,34226,35081,25922,28757,17609,22470,5355,10139,1575,1377,13157,12407,16548,15222,19768,19752,26121,26917,32691,33434,25111,27853,17093,21724,5148,9618,249005,233217,32370,30246,46617,44907,17111,84,35
2021-10-07T23:59:59+02:00,1933,1728,14653,13922,17775,16578,20978,21244,27593,28708,34176,35051,25898,28735,17601,22458,5354,10135,1535,1344,13061,12333,16484,15151,19719,19703,26047,26864,32642,33391,25086,27831,17075,21705,5141,9602,248546,232697,32313,30086,46616,44906,16990,84,35
2021-10-06T23:59:59+02:00,1925,1710,14617,13886,17751,16550,20959,21220,27564,28677,34143,35030,25884,28722,17598,22453,5351,10132,1518,1331,13034,12292,16459,15123,19694,19677,26019,26837,32619,33361,25074,27818,17065,21693,5139,9596,248244,232380,32313,30086,46616,44906,16942,84,35
2021-10-05T23:59:59+02:00,1918,1698,14593,13848,17718,16534,20938,21199,27542,28650,34123,35003,25867,28706,17589,22442,5351,10129,1501,1316,13001,12260,16433,15105,19673,19654,25998,26810,32597,33343,25066,27809,17058,21686,5135,9591,247943,232089,32312,30086,46615,44905,16921,84,35
2021-10-04T23:59:59+02:00,1906,1693,14544,13809,17686,16506,20916,21178,27518,28626,34107,34984,25860,28689,17586,22437,5350,10126,1479,1300,12964,12223,16413,15075,19659,19630,25973,26782,32579,33315,25055,27799,17052,21679,5133,9587,247691,231802,32285,30083,46614,44904,16873,84,35
2021-10-03T23:59:59+02:00,1894,1687,14526,13780,17667,16488,20904,21168,27507,28614,34097,34975,25851,28684,17579,22429,5349,10124,1468,1290,12942,12205,16388,15057,19648,19619,25963,26769,32568,33302,25044,27788,17052,21671,5133,9587,247552,231651,32275,30079,46611,44903,16826,84,35
2021-10-02T23:59:59+02:00,1893,1687,14524,13779,17666,16487,20904,21167,27507,28614,34096,34975,25851,28683,17579,22429,5349,10124,1468,1290,12942,12204,16388,15057,19648,19619,25963,26769,32568,33302,25044,27788,17052,21671,5133,9587,247543,231650,32275,30079,46611,44903,16826,84,35
2021-10-01T23:59:59+02:00,1880,1668,14460,13715,17604,16435,20861,21125,27471,28594,34071,34956,25843,28679,17579,22423,5349,10121,1433,1253,12839,12101,16306,15000,19589,19570,25927,26734,32537,33274,25029,27773,17048,21663,5132,9585,247212,231077,32243,30069,46611,44903,16709,84,35
2021-09-30T23:59:59+02:00,1867,1648,14362,13629,17540,16377,20799,21073,27415,28536,34014,34930,25821,28662,17570,22413,5347,10118,1409,1229,12733,12026,16233,14952,19538,19517,25873,26676,32483,33246,25008,27751,17042,21651,5129,9584,246844,230767,32115,29889,46608,44894,16495,84,35
2021-09-29T23:59:59+02:00,1852,1628,14337,13604,17517,16335,20762,21043,27388,28503,33989,34907,25802,28646,17564,22403,5347,10117,1391,1216,12701,11993,16213,14924,19524,19498,25857,26658,32464,33223,24993,27738,17032,21638,5126,9580,246497,230486,32114,29889,46608,44893,16466,84,35
2021-09-28T23:59:59+02:00,1835,1619,14306,13572,17488,16301,20735,21007,27356,28480,33962,34883,25788,28626,17554,22393,5344,10111,1366,1209,12661,11962,16192,14896,19508,19472,25837,26647,32451,33202,24987,27727,17029,21632,5124,9579,246141,230226,32113,29889,46608,44892,16439,84,35
2021-09-27T23:59:59+02:00,1827,1614,14277,13546,17467,16278,20708,20984,27334,28460,33943,34861,25780,28613,17552,22385,5344,10108,1352,1198,12622,11928,16170,14874,19480,19455,25817,26624,32442,33182,24979,27714,17023,21625,5122,9578,245918,229992,32113,29889,46608,44886,16383,84,35
2021-09-26T23:59:59+02:00,1823,1609,14261,13526,17447,16261,20697,20969,27318,28445,33935,34848,25769,28608,17548,22384,5343,10107,1345,1194,12606,11908,16155,14857,19467,19443,25808,26613,32431,33171,24973,27712,17020,21621,5121,9577,245766,229861,32113,29888,46608,44886,16352,84,35
2021-09-25T23:59:59+02:00,1820,1607,14248,13510,17425,16249,20676,20958,27299,28429,33922,34840,25762,28603,17543,22381,5342,10105,1343,1192,12595,11894,16136,14846,19447,19431,25793,26596,32419,33163,24967,27707,17015,21618,5121,9575,245723,229834,32113,29888,46608,44886,16215,84,35
2021-09-24T23:59:59+02:00,1802,1583,14166,13429,17356,16200,20621,20908,27260,28385,33882,34809,25744,28592,17533,22371,5340,10101,1314,1173,12498,11790,16053,14777,19393,19370,25746,26560,32371,33133,24944,27686,17006,21606,5119,9571,245329,229315,32094,29883,46608,44886,15991,84,35
2021-09-23T23:59:59+02:00,1780,1563,14062,13330,17263,16114,20530,20831,27178,28325,33832,34749,25718,28569,17521,22352,5336,10094,1301,1164,12409,11715,15983,14710,19319,19320,25686,26503,32325,33097,24924,27667,17000,21595,5116,9565,244835,228982,31993,29845,46607,44885,15652,84,35
2021-09-22T23:59:59+02:00,1761,1550,14025,13281,17213,16072,20477,20784,27139,28278,33781,34698,25688,28542,17513,22330,5332,10090,1284,1155,12367,11669,15937,14677,19289,19291,25657,26475,32275,33062,24896,27642,16994,21581,5113,9556,244412,228660,31968,29836,46607,44883,15506,84,35
2021-09-21T23:59:59+02:00,1748,1535,13963,13227,17191,16022,20444,20745,27108,28237,33745,34677,25675,28524,17501,22306,5324,10062,1259,1132,12320,11609,15907,14649,19256,19252,25630,26447,32250,33035,24875,27625,16991,21572,5111,9545,243918,228279,31964,29786,46607,44881,15484,84,35
2021-09-20T23:59:59+02:00,1738,1528,13912,13188,17154,15981,20403,20712,27066,28199,33710,34642,25656,28497,17493,22289,5313,10035,1240,1128,12264,11573,15874,14626,19227,19225,25601,26423,32228,33011,24862,27612,16989,21564,5106,9531,243476,227974,31964,29786,46607,44881,15408,84,35
2021-09-19T23:59:59+02:00,1733,1519,13887,13162,17123,15959,20377,20693,27045,28170,33697,34628,25648,28488,17490,22286,5312,10033,1236,1117,12240,11552,15851,14606,19214,19206,25588,26411,32218,33000,24855,27607,16983,21558,5105,9531,243247,227806,31962,29785,46607,44879,15373,84,35
2021-09-18T23:59:59+02:00,1730,1515,13875,13150,17112,15952,20367,20686,27038,28166,33691,34624,25648,28488,17490,22285,5312,10033,1236,1115,12233,11544,15841,14601,19204,19203,25581,26407,32213,32998,24855,27607,16983,21558,5105,9531,243210,227786,31949,29780,46607,44879,15335,84,35
2021-09-17T23:59:59+02:00,1707,1481,13774,13036,17004,15876,20286,20615,26967,28106,33638,34580,25625,28465,17478,22274,5311,10030,1219,1098,12148,11467,15740,14524,19116,19131,25511,26338,32150,32955,24836,27587,16973,21540,5104,9527,242745,227345,31902,29768,46607,44878,14938,84,35
2021-09-16T23:59:59+02:00,1680,1443,13675,12926,16916,15780,20193,20525,26866,28020,33561,34514,25593,28432,17464,22250,5304,10009,1195,1072,12058,11388,15670,14460,19034,19052,25423,26257,32089,32900,24794,27549,16963,21527,5101,9516,242127,226877,31805,29709,46607,44876,14551,84,35
2021-09-15T23:59:59+02:00,1662,1434,13615,12873,16864,15718,20147,20474,26810,27969,33509,34458,25567,28400,17449,22221,5297,9986,1175,1056,11998,11327,15614,14409,18982,19001,25362,26207,32031,32844,24762,27516,16947,21508,5097,9505,241707,226441,31784,29693,46603,44874,14298,84,35
2021-09-14T23:59:59+02:00,1646,1423,13552,12805,16791,15666,20087,20427,26760,27912,33459,34407,25544,28381,17436,22210,5293,9981,1147,1034,11936,11265,15541,14349,18927,18956,25314,26153,31974,32792,24731,27493,16933,21492,5097,9500,241305,226047,31732,29599,46603,44874,14079,84,35
2021-09-13T23:59:59+02:00,1624,1407,13513,12768,16763,15639,20068,20402,26738,27887,33437,34383,25533,28373,17431,22199,5293,9978,1130,1019,11893,11231,15507,14327,18903,18926,25290,26125,31948,32770,24720,27482,16920,21483,5094,9499,241021,225739,31731,29597,46598,44872,14024,84,35
2021-09-12T23:59:59+02:00,1613,1404,13480,12745,16721,15623,20054,20391,26727,27868,33431,34371,25527,28366,17430,22195,5293,9975,1118,1013,11849,11211,15461,14309,18879,18905,25274,26112,31934,32756,24712,27473,16917,21479,5093,9496,240861,225524,31731,29597,46596,44871,13964,84,35
2021-09-11T23:59:59+02:00,1602,1403,13464,12733,16707,15614,20044,20388,26715,27862,33427,34367,25523,28365,17429,22194,5291,9975,1039,951,11782,11160,15445,14301,18871,18894,25261,26101,31926,32743,24710,27471,16916,21478,5093,9496,240796,225200,31710,29595,46596,44871,13937,84,35
2021-09-10T23:59:59+02:00,1563,1357,13315,12606,16635,15537,19937,20303,26633,27798,33365,34313,25483,28335,17414,22171,5285,9970,1012,926,11661,11057,15360,14218,18762,18810,25168,26044,31852,32686,24668,27441,16900,21458,5088,9491,240198,224644,31692,29584,46596,44871,13468,84,35
2021-09-09T23:59:59+02:00,1540,1336,13245,12541,16581,15487,19884,20264,26580,27731,33323,34273,25455,28317,17409,22158,5281,9963,992,902,11597,10984,15308,14166,18707,18779,25112,26003,31804,32652,24646,27426,16887,21448,5085,9480,239827,224267,31617,29544,46596,44871,13261,84,35
2021-09-08T23:59:59+02:00,1525,1319,13216,12517,16565,15463,19864,20251,26564,27719,33310,34262,25443,28309,17403,22152,5278,9960,980,886,11553,10940,15283,14148,18695,18762,25094,25979,31781,32641,24632,27411,16885,21442,5085,9478,239607,223989,31617,29544,46592,44870,13237,84,35
2021-09-07T23:59:59+02:00,1492,1301,13158,12470,16525,15431,19841,20222,26527,27698,33276,34232,25418,28291,17397,22137,5273,9954,962,877,11494,10875,15229,14095,18658,18729,25047,25934,31729,32614,24604,27388,16877,21425,5080,9476,239373,223681,31533,29429,46592,44870,13078,84,35
2021-09-06T23:59:59+02:00,1477,1293,13128,12436,16504,15408,19822,20202,26510,27683,33265,34223,25416,28279,17394,22133,5270,9954,949,867,11472,10843,15211,14063,18636,18714,25031,25914,31707,32599,24594,27376,16876,21417,5077,9476,239156,223451,31533,29418,46592,44869,13049,84,35
2021-09-05T23:59:59+02:00,1467,1285,13111,12416,16488,15392,19811,20195,26504,27674,33255,34211,25414,28276,17392,22129,5270,9954,942,862,11453,10827,15186,14047,18625,18705,25024,25908,31698,32579,24591,27365,16873,21412,5075,9475,239028,223302,31533,29418,46592,44868,13024,84,35
2021-09-04T23:59:59+02:00,1467,1285,13110,12415,16488,15392,19809,20195,26503,27674,33255,34211,25414,28276,17392,22128,5270,9954,941,862,11453,10825,15184,14047,18620,18705,25023,25906,31698,32577,24590,27365,16873,21412,5075,9475,239026,223291,31533,29417,46592,44868,13020,84,35
2021-09-03T23:59:59+02:00,1440,1269,13008,12318,16431,15337,19771,20156,26461,27647,33218,34194,25396,28265,17388,22117,5268,9953,897,828,11313,10698,15121,13973,18549,18659,24952,25857,31639,32541,24557,27337,16860,21396,5072,9471,238524,222483,31533,29413,46592,44868,12921,84,35
2021-09-02T23:59:59+02:00,1425,1262,12944,12276,16388,15304,19736,20129,26427,27613,33193,34173,25381,28253,17383,22112,5268,9949,892,822,11236,10660,15073,13938,18511,18639,24919,25835,31601,32511,24538,27316,16854,21391,5072,9469,238300,222220,31469,29371,46588,44859,12792,84,35
2021-09-01T23:59:59+02:00,1402,1247,12908,12238,16367,15284,19717,20114,26409,27593,33171,34147,25371,28242,17377,22102,5265,9945,877,800,11195,10625,15053,13910,18491,18619,24898,25813,31576,32478,24523,27302,16846,21385,5070,9467,238000,221890,31469,29369,46587,44858,12776,84,35
2021-08-31T23:59:59+02:00,1370,1225,12853,12178,16321,15248,19684,20069,26363,27544,33131,34112,25355,28221,17371,22089,5261,9941,855,775,11123,10556,15005,13849,18439,18586,24848,25759,31519,32435,24492,27286,16837,21372,5067,9460,237689,221461,31406,29340,46587,44839,12588,83,35
2021-08-30T23:59:59+02:00,1346,1210,12808,12140,16296,15226,19664,20052,26339,27527,33110,34095,25344,28211,17371,22085,5259,9939,847,764,11045,10523,14977,13828,18417,18562,24820,25743,31493,32408,24481,27271,16831,21365,5064,9457,237433,221164,31406,29340,46587,44828,12529,83,35
2021-08-29T23:59:59+02:00,1340,1204,12794,12123,16285,15217,19655,20042,26336,27518,33103,34081,25339,28205,17369,22084,5259,9939,834,755,11027,10485,14966,13811,18401,18548,24807,25733,31484,32396,24472,27259,16829,21359,5064,9457,237328,220984,31406,29339,46587,44824,12505,83,35
2021-08-28T23:59:59+02:00,1333,1190,12762,12102,16270,15205,19644,20028,26329,27508,33094,34075,25337,28200,17368,22081,5259,9938,815,730,10951,10414,14931,13778,18354,18521,24771,25700,31441,32365,24455,27246,16820,21343,5064,9454,237165,220457,31406,29339,46587,44824,12498,83,35
2021-08-27T23:59:59+02:00,1314,1175,12699,12047,16224,15157,19586,19979,26274,27457,33051,34045,25319,28189,17364,22067,5259,9935,812,725,10914,10380,14890,13751,18338,18506,24736,25675,31413,32344,24442,27235,16817,21339,5064,9453,236741,220298,31406,29338,46587,44823,12340,83,35
2021-08-26T23:59:59+02:00,1294,1159,12630,11991,16178,15114,19542,19939,26220,27399,33000,34000,25289,28160,17357,22057,5256,9931,802,710,10846,10330,14842,13707,18291,18477,24691,25638,31367,32305,24420,27218,16810,21330,5064,9449,236371,219981,31347,29323,46587,44816,12142,83,35
2021-08-25T23:59:59+02:00,1277,1144,12607,11949,16157,15088,19520,19923,26193,27381,32965,33971,25270,28142,17350,22050,5255,9928,788,697,10796,10288,14811,13678,18258,18446,24668,25619,31334,32267,24407,27201,16803,21320,5062,9446,236056,219604,31347,29323,46581,44812,12115,83,35
2021-08-24T23:59:59+02:00,1250,1126,12548,11876,16100,15044,19475,19882,26146,27336,32920,33938,25250,28118,17338,22038,5254,9923,766,677,10718,10214,14767,13638,18212,18410,24618,25568,31292,32230,24383,27174,16788,21304,5061,9445,235745,219191,31220,29283,46581,44812,11944,83,35
2021-08-23T23:59:59+02:00,1237,1113,12510,11840,16075,15025,19452,19847,26126,27300,32890,33916,25236,28106,17334,22029,5254,9920,743,661,10662,10161,14737,13600,18174,18376,24591,25538,31257,32197,24370,27154,16781,21301,5059,9444,235445,218786,31219,29283,46580,44809,11893,83,35
2021-08-22T23:59:59+02:00,1229,1106,12495,11818,16060,15009,19445,19828,26114,27289,32879,33900,25224,28100,17332,22027,5251,9920,728,652,10633,10131,14716,13583,18153,18365,24577,25520,31242,32184,24361,27143,16779,21296,5058,9443,235280,218564,31219,29283,46580,44808,11874,83,35
2021-08-21T23:59:59+02:00,1141,1034,12420,11760,16048,14997,19434,19816,26104,27278,32869,33884,25219,28096,17329,22024,5251,9920,717,646,10609,10101,14698,13579,18144,18353,24568,25514,31235,32178,24358,27143,16778,21296,5058,9443,234906,218440,31213,29283,46580,44808,11852,83,35
2021-08-20T23:59:59+02:00,1121,1018,12359,11691,15988,14942,19371,19777,26050,27245,32819,33857,25204,28085,17320,22019,5250,9918,713,640,10554,10064,14656,13543,18104,18327,24533,25495,31205,32161,24349,27136,16772,21293,5058,9442,234405,218156,31213,29283,46580,44808,11763,83,35
2021-08-19T23:59:59+02:00,1095,994,12290,11635,15927,14909,19321,19726,25989,27196,32775,33822,25173,28062,17308,22008,5247,9916,704,628,10458,9986,14587,13505,18048,18289,24465,25453,31138,32117,24308,27117,16763,21276,5057,9439,234111,217721,31121,29274,46579,44799,11509,83,35
2021-08-18T23:59:59+02:00,1083,978,12250,11599,15898,14879,19292,19696,25958,27165,32738,33796,25154,28050,17303,21999,5245,9915,690,617,10403,9918,14538,13481,17998,18260,24418,25416,31079,32078,24286,27099,16757,21263,5053,9433,233791,217263,31120,29266,46578,44788,11436,83,34
2021-08-17T23:59:59+02:00,1056,953,12199,11558,15869,14837,19261,19664,25930,27142,32702,33758,25136,28030,17293,21982,5244,9909,675,593,10309,9836,14484,13433,17944,18205,24368,25375,31019,32035,24258,27075,16746,21243,5051,9426,233488,216664,30995,29206,46578,44784,11388,83,33
2021-08-16T23:59:59+02:00,1044,946,12167,11531,15851,14820,19242,19645,25907,27118,32683,33736,25117,28015,17285,21967,5241,9907,660,580,10253,9768,14459,13390,17919,18167,24324,25340,30982,32004,24232,27041,16731,21229,5051,9423,233258,216218,30994,29206,46578,44778,11318,83,33
2021-08-15T23:59:59+02:00,1036,946,12142,11515,15837,14803,19228,19630,25897,27108,32662,33721,25111,28006,17281,21956,5240,9907,653,572,10205,9733,14421,13367,17896,18144,24299,25326,30961,31978,24214,27033,16726,21221,5050,9421,233098,215924,30993,29206,46577,44773,11284,83,33
2021-08-14T23:59:59+02:00,1035,946,12141,11512,15837,14802,19225,19628,25896,27108,32662,33720,25111,28006,17281,21956,5240,9907,597,511,10039,9513,14315,13276,17821,18098,24250,25294,30921,31945,24199,27020,16723,21218,5048,9420,233090,214919,30993,29205,46577,44772,11279,83,33
2021-08-13T23:59:59+02:00,990,906,11991,11387,15785,14741,19160,19573,25825,27057,32610,33685,25086,27978,17270,21946,5239,9903,589,506,9984,9458,14275,13247,17781,18072,24218,25274,30897,31923,24188,27006,16717,21209,5048,9416,232264,214575,30992,29205,46577,44769,11226,82,33
2021-08-12T23:59:59+02:00,976,884,11934,11326,15736,14701,19123,19547,25779,27033,32564,33656,25061,27962,17261,21940,5239,9900,580,497,9892,9392,14202,13205,17719,18022,24151,25238,30843,31874,24160,26981,16701,21191,5046,9416,232032,214152,30967,29199,46577,44754,10972,82,33
2021-08-11T23:59:59+02:00,962,873,11901,11291,15717,14678,19090,19529,25758,27014,32539,33627,25042,27940,17257,21932,5238,9898,536,464,9818,9330,14148,13164,17672,17978,24111,25216,30803,31826,24130,26949,16685,21178,5045,9410,231738,213578,30967,29195,46576,44726,10931,82,33
2021-08-10T23:59:59+02:00,943,863,11813,11237,15665,14647,19045,19492,25704,26979,32482,33573,25025,27925,17250,21919,5237,9895,523,457,9722,9242,14096,13129,17639,17944,24064,25177,30750,31779,24097,26915,16678,21158,5041,9405,231356,213054,30833,29160,46574,44712,10857,82,33
2021-08-09T23:59:59+02:00,940,846,11785,11202,15649,14631,19023,19479,25672,26957,32453,33543,25017,27916,17244,21911,5237,9892,511,440,9667,9180,14055,13079,17602,17903,24033,25132,30715,31740,24083,26898,16673,21145,5039,9399,231116,212598,30833,29157,46573,44705,10801,82,33
2021-08-08T23:59:59+02:00,929,839,11749,11179,15626,14617,19003,19458,25647,26936,32430,33526,25009,27900,17237,21906,5236,9892,489,431,9590,9124,14006,13050,17575,17873,24000,25097,30683,31709,24070,26879,16665,21131,5038,9396,230920,212195,30833,29156,46573,44704,10718,82,33
2021-08-07T23:59:59+02:00,909,812,11652,11101,15582,14576,18961,19424,25608,26906,32384,33494,24992,27888,17228,21888,5235,9889,420,358,8968,8534,13562,12694,17361,17687,23849,24987,30530,31632,24012,26828,16644,21104,5033,9393,230331,208988,30833,29154,46573,44704,10717,82,33
2021-08-06T23:59:59+02:00,900,809,11622,11076,15568,14562,18950,19418,25593,26890,32375,33487,24988,27884,17223,21886,5235,9888,378,309,8380,7913,13048,12296,17132,17482,23703,24875,30435,31553,23981,26781,16632,21090,5030,9386,230281,205813,30712,29141,46573,44704,10713,82,33
2021-08-05T23:59:59+02:00,897,802,11582,11045,15525,14533,18911,19386,25547,26855,32327,33440,24947,27862,17221,21875,5235,9882,370,303,8325,7849,12999,12244,17083,17441,23639,24835,30359,31499,23934,26739,16618,21072,5028,9377,230054,205391,30711,29136,46571,44695,10459,82,33
2021-08-04T23:59:59+02:00,880,786,11552,11015,15506,14501,18877,19360,25520,26826,32281,33402,24932,27849,17216,21869,5233,9874,348,293,8235,7762,12943,12197,17030,17397,23582,24791,30299,31429,23897,26701,16608,21059,5026,9371,229786,204802,30709,29135,46569,44660,10338,82,33
2021-08-03T23:59:59+02:00,864,769,11505,10975,15481,14479,18844,19339,25494,26797,32246,33367,24912,27830,17206,21864,5229,9873,323,282,8153,7676,12873,12145,16961,17345,23522,24753,30256,31379,23861,26667,16593,21048,5023,9367,229447,204142,30707,29125,46568,44652,10275,82,33
2021-08-02T23:59:59+02:00,855,766,11469,10945,15458,14448,18817,19319,25465,26772,32214,33339,24898,27810,17198,21855,5228,9871,313,275,8056,7584,12795,12084,16902,17280,23465,24681,30205,31321,23842,26644,16572,21038,5021,9362,229166,203430,30706,29124,46568,44644,10209,82,33
2021-08-01T23:59:59+02:00,847,759,11443,10916,15445,14434,18802,19308,25444,26760,32197,33324,24894,27801,17197,21852,5226,9870,300,258,7989,7517,12733,12036,16856,17233,23428,24649,30178,31296,23826,26625,16568,21032,5019,9361,229018,202970,30702,29123,46568,44625,10153,82,33
2021-07-31T23:59:59+02:00,844,758,11440,10910,15443,14431,18798,19304,25443,26759,32194,33323,24894,27800,17197,21852,5226,9870,278,238,7836,7332,11962,11367,16300,16794,23332,24570,30113,31225,23796,26589,16556,21013,5018,9359,228988,199747,30701,29123,46568,44624,10151,82,33
2021-07-30T23:59:59+02:00,843,757,11427,10901,15440,14428,18791,19297,25436,26754,32184,33318,24893,27798,17197,21849,5226,9870,231,198,7555,7093,11419,10920,15821,16363,23194,24463,30004,31113,23759,26544,16539,20991,5018,9355,228920,196668,30700,29122,46566,44612,10145,82,33
2021-07-29T23:59:59+02:00,831,748,11388,10854,15401,14407,18751,19271,25399,26720,32131,33289,24875,27778,17186,21831,5226,9867,141,134,7183,6785,10754,10400,15304,15947,23017,24317,29857,31002,23704,26492,16510,20966,5014,9352,228601,193197,30698,29112,46566,44527,10010,82,33
2021-07-28T23:59:59+02:00,812,734,11341,10801,15377,14378,18720,19243,25373,26692,32104,33264,24859,27760,17181,21819,5225,9863,122,106,7018,6632,10607,10276,15191,15810,22924,24221,29755,30903,23662,26434,16491,20937,5013,9342,228271,191947,30698,29110,46561,44416,9938,82,33
2021-07-27T23:59:59+02:00,803,725,11296,10761,15334,14338,18679,19217,25344,26666,32069,33243,24843,27735,17174,21807,5224,9855,102,93,6797,6417,10445,10161,15046,15678,22820,24111,29648,30791,23610,26370,16475,20909,5010,9330,227950,190791,30698,28782,46560,44380,9827,82,33
2021-07-26T23:59:59+02:00,793,712,11246,10712,15307,14317,18661,19189,25316,26635,32036,33217,24828,27713,17162,21795,5223,9852,94,84,6681,6341,10349,10086,14979,15598,22737,24051,29583,30717,23577,26326,16463,20892,5006,9324,227648,190005,30696,28778,46559,44340,9732,82,33
2021-07-25T23:59:59+02:00,782,702,11217,10684,15286,14292,18641,19165,25289,26610,32015,33199,24811,27702,17158,21786,5222,9850,79,79,6605,6260,10280,10023,14905,15538,22683,23997,29527,30679,23546,26305,16451,20878,5006,9320,227449,189415,30696,28774,46558,44310,9629,82,33
2021-07-24T23:59:59+02:00,758,680,11140,10600,15247,14265,18617,19144,25269,26594,32003,33186,24811,27698,17155,21784,5222,9850,78,78,6203,5912,10129,9909,14529,15255,22459,23838,29408,30595,23510,26267,16434,20860,5003,9316,227069,187050,30695,28770,46558,44308,9622,82,33
2021-07-23T23:59:59+02:00,732,658,11072,10514,15217,14231,18589,19130,25248,26573,31988,33168,24800,27693,17153,21784,5222,9847,75,74,5831,5606,10009,9802,14182,14990,22262,23662,29287,30477,23458,26199,16423,20839,4999,9309,226681,184778,30694,28770,46558,44296,9607,82,33
2021-07-22T23:59:59+02:00,691,618,10917,10349,15119,14142,18502,19081,25168,26519,31915,33104,24764,27652,17139,21766,5218,9842,63,63,5514,5309,9740,9586,13598,14512,21940,23402,29055,30248,23357,26101,16381,20801,4995,9306,225725,181451,30693,28758,46557,44277,9452,82,33
2021-07-21T23:59:59+02:00,671,593,10852,10294,15082,14115,18462,19043,25128,26490,31875,33054,24739,27617,17123,21754,5215,9837,53,57,4906,4844,9297,9330,13214,14282,21707,23246,28868,30100,23292,26024,16355,20778,4993,9303,225294,179679,30683,27493,46554,44110,9334,82,33
2021-07-20T23:59:59+02:00,653,576,10794,10239,15056,14078,18427,19017,25097,26458,31840,33020,24719,27596,17118,21739,5212,9830,48,47,4765,4732,9148,9199,13047,14148,21594,23125,28738,29975,23212,25920,16332,20737,4986,9297,224913,178335,30683,27481,46552,43960,9241,82,33
2021-07-19T23:59:59+02:00,640,563,10755,10208,15025,14054,18403,19008,25068,26432,31807,32991,24701,27573,17112,21728,5210,9827,42,44,4685,4664,9050,9121,12929,14051,21496,23017,28639,29855,23156,25863,16306,20708,4981,9291,224663,177395,30683,27472,46543,43862,9136,82,33
2021-07-18T23:59:59+02:00,625,554,10702,10156,14990,14033,18378,18991,25048,26416,31784,32972,24691,27563,17106,21719,5209,9822,40,42,4577,4563,8914,9000,12802,13910,21409,22926,28566,29776,23127,25833,16297,20695,4978,9290,224388,176382,30683,27457,46543,43808,9065,82,33
2021-07-17T23:59:59+02:00,550,483,10412,9857,14875,13931,18286,18911,24942,26342,31676,32920,24657,27528,17093,21699,5207,9821,39,41,4531,4522,8860,8927,12567,13716,20983,22581,28434,29645,23090,25781,16288,20680,4977,9287,222822,174589,30683,27457,46541,43806,9064,82,33
2021-07-16T23:59:59+02:00,521,446,10277,9736,14815,13890,18234,18859,24906,26309,31656,32895,24648,27513,17090,21692,5207,9818,39,41,4485,4480,8784,8886,12196,13437,20438,22180,28299,29551,23040,25744,16279,20675,4975,9285,222154,172473,30683,27454,46540,43799,9055,82,33
2021-07-15T23:59:59+02:00,489,409,10139,9631,14748,13840,18178,18791,24851,26261,31606,32842,24623,27476,17072,21677,5200,9814,26,31,4272,4343,8456,8676,11681,13036,19330,21331,27881,29207,22869,25573,16214,20602,4965,9269,221420,167763,30681,27441,46539,43598,8927,82,33
2021-07-14T23:59:59+02:00,468,395,10108,9605,14710,13819,18147,18756,24812,26219,31555,32789,24593,27448,17061,21660,5199,9811,22,28,4148,4191,8197,8504,11450,12891,19152,21220,27733,29080,22804,25495,16180,20564,4960,9259,221043,166190,30681,27422,46538,43420,8813,82,33
2021-07-13T23:59:59+02:00,444,381,10058,9552,14680,13790,18120,18722,24775,26198,31519,32747,24577,27417,17050,21648,5198,9808,22,25,4053,4095,8021,8346,11249,12699,19016,21080,27577,28917,22707,25412,16145,20510,4956,9248,220631,164724,30681,27401,46537,43165,8755,82,33
2021-07-12T23:59:59+02:00,432,359,10012,9500,14652,13771,18090,18693,24738,26155,31486,32704,24553,27394,17035,21643,5195,9805,21,22,3947,3996,7849,8225,11090,12562,18900,20959,27455,28798,22634,25351,16118,20484,4955,9243,220256,163556,30680,27382,46536,42974,8664,82,33
2021-07-11T23:59:59+02:00,424,341,9981,9471,14631,13751,18072,18683,24716,26146,31465,32686,24541,27384,17033,21641,5195,9803,18,20,3878,3926,7732,8125,10941,12434,18774,20857,27354,28683,22590,25302,16097,20459,4953,9240,220059,162592,30677,27377,46535,42769,8612,82,33
2021-07-10T23:59:59+02:00,398,318,9868,9368,14577,13711,18021,18660,24691,26126,31446,32670,24533,27375,17029,21637,5193,9801,18,19,3843,3902,7673,8085,10906,12404,18745,20832,27325,28661,22582,25286,16093,20454,4953,9240,219531,162288,30675,27376,46532,42721,8603,82,33
2021-07-09T23:59:59+02:00,338,270,9609,9157,14475,13631,17942,18589,24605,26073,31397,32609,24510,27344,17015,21620,5193,9796,17,18,3776,3863,7535,7994,10687,12255,18519,20693,26908,28342,22397,25092,16038,20394,4950,9233,218307,160135,30675,27371,46531,42593,8579,82,33
2021-07-08T23:59:59+02:00,259,203,9414,9012,14374,13554,17847,18515,24546,26022,31314,32551,24482,27313,17002,21602,5189,9791,15,15,3618,3738,7224,7805,10335,12026,18172,20410,26603,28083,22222,24934,15970,20318,4943,9217,217201,157757,30672,27323,46518,42017,8518,82,33
2021-07-07T23:59:59+02:00,220,175,9326,8908,14335,13523,17810,18474,24493,25985,31272,32511,24457,27283,16989,21584,5189,9783,13,11,3441,3611,6904,7583,9396,11292,17584,19981,26201,27771,21983,24626,15891,20221,4929,9203,216563,155141,30669,25566,46516,41413,8488,82,33
2021-07-06T23:59:59+02:00,198,163,9247,8851,14284,13493,17774,18431,24451,25945,31211,32464,24421,27255,16974,21567,5187,9781,13,10,3324,3538,6700,7458,9125,11128,17338,19799,25924,27515,21826,24423,15810,20117,4916,9188,215995,153204,30655,25553,46513,40909,8453,82,33
2021-07-05T23:59:59+02:00,186,148,9160,8766,14243,13447,17739,18381,24413,25915,31166,32414,24398,27232,16965,21553,5186,9779,13,9,3272,3505,6573,7380,8975,11007,17190,19659,25752,27357,21683,24254,15761,20063,4905,9178,215440,152134,30655,25544,46511,40421,8404,82,33
2021-07-04T23:59:59+02:00,171,141,9108,8716,14210,13434,17712,18363,24387,25894,31144,32388,24383,27218,16959,21545,5185,9776,11,8,3223,3461,6507,7338,8886,10935,17104,19573,25621,27245,21558,24126,15719,20011,4903,9171,215162,151469,30654,25532,46496,40025,8341,82,33
2021-07-03T23:59:59+02:00,168,138,8601,8235,14051,13315,17611,18247,24291,25835,31079,32340,24362,27196,16947,21534,5183,9773,10,8,3164,3383,6387,7218,8712,10791,16885,19386,25232,26933,21442,23988,15689,19971,4900,9165,213353,149408,30653,25532,46496,39968,8323,82,33
2021-07-02T23:59:59+02:00,161,134,8033,7777,13908,13206,17519,18170,24222,25766,31019,32278,24324,27154,16941,21514,5181,9768,9,8,3053,3275,6116,7062,8453,10550,16514,19057,24752,26506,21215,23714,15620,19889,4894,9162,211528,146323,30653,25529,46493,39644,8320,82,33
2021-07-01T23:59:59+02:00,148,124,7905,7674,13824,13147,17450,18117,24154,25715,30967,32225,24296,27129,16931,21502,5180,9767,8,7,2865,3089,5767,6779,8013,10129,15924,18579,23981,25839,20726,23242,15493,19727,4882,9137,210742,141723,30648,25516,46486,38617,8298,82,33
2021-06-30T23:59:59+02:00,130,111,7760,7558,13760,13097,17396,18064,24101,25661,30907,32179,24265,27107,16917,21484,5180,9762,7,7,2769,3014,5611,6637,7786,9907,14965,17707,23365,25287,20366,22848,15360,19566,4868,9103,210176,140182,30473,23241,46482,37490,8227,82,33
2021-06-29T23:59:59+02:00,115,98,7693,7460,13713,13057,17359,18019,24048,25600,30856,32119,24245,27080,16906,21468,5177,9758,5,5,2711,2968,5480,6539,7632,9773,14796,17534,23119,25051,20105,22522,15259,19465,4856,9083,209547,139053,30469,23228,46479,36394,8195,82,33
2021-06-28T23:59:59+02:00,110,92,7628,7389,13645,12994,17312,17968,24006,25555,30799,32075,24228,27052,16899,21458,5175,9756,4,4,2680,2935,5411,6486,7541,9701,14699,17452,22966,24837,19903,22276,15203,19396,4852,9069,209002,138447,30467,23216,46471,35599,8120,82,33
2021-06-27T23:59:59+02:00,96,87,7580,7328,13613,12957,17283,17935,23987,25520,30771,32047,24216,27044,16892,21452,5175,9754,3,3,2658,2921,5363,6461,7468,9655,14602,17387,22869,24750,19776,22133,15172,19345,4848,9060,208648,137932,30466,23204,46465,35228,8077,82,33
2021-06-26T23:59:59+02:00,92,84,7079,6787,13220,12657,17168,17831,23922,25463,30735,32012,24207,27027,16888,21441,5174,9753,3,3,2558,2812,5173,6271,7268,9464,14056,16932,22206,24114,19628,21991,15127,19292,4846,9052,206470,134289,30464,23203,46465,35208,8077,65,19
2021-06-25T23:59:59+02:00,91,82,6599,6306,12766,12284,17007,17712,23832,25398,30654,31972,24184,27000,16883,21431,5172,9750,3,3,2457,2658,4997,6076,7008,9166,13523,16398,21653,23526,19432,21781,15068,19225,4842,9040,204070,130581,30464,23203,46465,34993,8060,65,19
2021-06-24T23:59:59+02:00,81,70,6376,6095,12543,12131,16901,17630,23759,25345,30596,31924,24149,26957,16877,21421,5170,9743,3,3,2253,2424,4627,5695,6509,8678,12799,15683,20500,22521,18968,21299,14963,19094,4830,9025,202798,124631,30462,23192,46458,34046,7986,65,19
2021-06-23T23:59:59+02:00,76,68,5808,5598,12380,12020,16782,17518,23684,25297,30532,31874,24116,26934,16870,21407,5166,9739,3,3,2215,2371,4562,5575,6417,8528,12565,15394,20255,22259,18669,20968,14866,18980,4819,9008,202287,123603,29134,23043,46448,32856,7936,65,19
2021-06-22T23:59:59+02:00,70,63,5668,5468,12279,11914,16694,17443,23624,25235,30463,31795,24088,26901,16860,21386,5162,9737,3,2,2163,2333,4468,5493,6291,8381,11693,14734,19841,21852,18333,20613,14757,18841,4809,8987,201344,122677,29127,21350,46429,31662,7886,65,19
2021-06-21T23:59:59+02:00,67,60,5534,5355,12202,11821,16629,17356,23568,25161,30413,31737,24063,26873,16847,21371,5162,9733,3,2,2130,2298,4408,5396,6204,8253,10912,14025,19387,21442,18105,20383,14695,18744,4800,8970,200518,121872,29121,19562,46424,30879,7825,65,19
2021-06-20T23:59:59+02:00,65,58,5417,5231,12035,11644,16563,17233,23519,25095,30371,31681,24047,26851,16841,21356,5157,9728,3,2,2112,2268,4366,5355,6133,8202,10809,13946,19276,21317,17948,20193,14629,18660,4796,8963,199515,121338,29117,19559,46418,30284,7778,65,19
2021-06-19T23:59:59+02:00,61,54,5400,5212,11265,10980,16083,16838,23457,25050,30327,31638,24029,26831,16833,21344,5157,9728,3,2,2039,2147,4161,5120,5849,7918,10480,13609,18216,20455,17773,19999,14596,18594,4791,8951,196912,117082,29117,19559,46417,30266,7777,65,19
2021-06-18T23:59:59+02:00,58,53,5364,5184,10622,10396,15472,16273,23364,24981,30257,31575,24001,26801,16822,21329,5156,9726,3,2,1969,2057,4019,4977,5571,7647,10098,13244,17061,19242,17570,19760,14547,18528,4788,8941,194069,112660,29109,19558,46417,30012,7775,65,19
2021-06-17T23:59:59+02:00,51,44,5249,5080,9943,9892,14983,15884,23264,24893,30174,31481,23961,26755,16808,21308,5155,9723,3,2,1840,1951,3762,4730,5182,7280,9557,12757,15872,18048,17109,19270,14406,18353,4775,8917,191473,107524,29106,19549,46414,29091,7637,19,13
2021-06-16T23:59:59+02:00,49,36,5118,4949,9745,9726,14837,15754,23170,24799,30075,31405,23917,26711,16793,21296,5154,9713,3,2,1798,1910,3654,4640,5077,7159,8522,11903,15599,17749,16813,18933,14271,18182,4769,8883,190296,106621,29094,17667,46412,28139,7427,19,13
2021-06-15T23:59:59+02:00,43,29,4936,4767,9561,9572,14700,15610,23078,24708,29999,31320,23874,26637,16766,21263,5146,9698,3,2,1739,1854,3571,4544,4983,7041,8406,11760,15417,17519,16494,18622,14129,18013,4746,8824,188977,105846,29091,17663,46393,26917,7228,19,13
2021-06-14T23:59:59+02:00,41,26,4859,4705,9470,9463,14623,15520,23006,24636,29928,31257,23842,26598,16751,21245,5143,9692,3,2,1719,1831,3536,4517,4942,7007,8305,11697,15281,17385,16313,18417,14036,17915,4741,8816,188231,105617,29085,17661,46387,26088,7084,19,13
2021-06-13T23:59:59+02:00,40,25,4802,4656,9386,9389,14538,15454,22944,24585,29861,31204,23816,26570,16742,21235,5143,9690,3,2,1672,1818,3492,4493,4887,6964,8232,11659,15181,17289,16156,18233,13982,17841,4734,8809,187651,105334,29078,17659,46371,25479,6962,19,13
2021-06-12T23:59:59+02:00,38,23,4783,4641,9358,9365,14299,15276,22814,24454,29816,31159,23795,26553,16733,21227,5142,9688,3,2,1550,1695,3256,4283,4480,6664,7684,11228,13402,15599,15802,17860,13901,17739,4732,8794,186738,98628,29078,17658,46371,25415,6960,18,13
2021-06-11T23:59:59+02:00,34,22,4730,4590,9277,9314,13978,15052,22618,24306,29719,31068,23758,26508,16715,21215,5141,9685,3,2,1450,1562,3065,4068,4183,6296,7173,10682,11753,13705,15319,17280,13788,17591,4717,8780,185381,91682,29073,17657,46369,25175,6890,18,13
2021-06-10T23:59:59+02:00,28,19,4445,4368,8730,8986,12701,14027,22049,23852,29345,30763,23622,26349,16663,21147,5128,9670,3,2,1330,1474,2829,3886,3856,6012,6736,10291,10332,12372,14805,16703,13616,17383,4701,8753,180037,87127,29056,17654,46364,23870,6420,16,13
2021-06-09T23:59:59+02:00,25,15,4212,4207,8135,8695,11802,13365,21727,23640,29116,30612,23558,26286,16643,21122,5125,9666,3,2,1245,1420,2673,3813,3715,5931,6527,10197,10065,12193,14479,16351,13444,17203,4694,8732,177924,86784,27787,17549,46358,22474,5867,16,13
2021-06-08T23:59:59+02:00,21,12,4084,4107,7734,8467,11315,13074,21501,23459,28916,30457,23500,26213,16611,21081,5119,9657,3,2,1168,1393,2536,3754,3555,5860,5631,9444,9592,11826,14141,15942,13217,16963,4680,8710,176171,86418,27416,15391,46333,21202,5393,16,13
2021-06-07T23:59:59+02:00,16,10,3964,4031,7494,8360,11024,12895,21297,23346,28761,30338,23442,26159,16593,21056,5115,9649,3,2,1120,1278,2415,3690,3425,5797,5465,9369,9381,11697,13910,15682,13060,16795,4673,8691,174934,86227,27405,15386,46325,19956,4871,16,13
2021-06-06T23:59:59+02:00,14,10,3847,3973,7257,8241,10774,12731,21110,23258,28675,30247,23411,26125,16581,21038,5112,9644,3,2,1100,1261,2351,3655,3328,5742,5358,9294,9262,11597,13754,15526,12987,16701,4670,8684,173783,86031,27387,15380,46315,19303,4548,16,13
2021-06-05T23:59:59+02:00,14,10,3818,3936,7218,8201,10597,12579,20482,22747,28513,30103,23361,26080,16567,21019,5112,9640,3,1,1068,1162,2182,3202,3095,5202,5189,8961,8482,10640,13100,14685,12875,16554,4659,8674,171744,80636,27387,15380,46314,19167,4538,15,13
2021-06-04T23:59:59+02:00,14,10,3788,3909,7179,8174,10499,12487,20117,22417,28409,30007,23326,26042,16553,21010,5110,9639,3,1,1036,1095,2084,2890,2935,4724,5032,8589,7966,9981,11596,12966,12748,16357,4652,8656,170457,74245,27374,15379,46314,19143,4531,15,13
2021-06-03T23:59:59+02:00,9,6,3652,3808,6960,8033,9943,12063,18895,21484,28010,29695,23195,25902,16500,20948,5106,9625,3,1,986,1049,1996,2779,2796,4566,4828,8280,7600,9530,11216,12564,12637,16242,4649,8643,165701,72450,27363,15376,46309,18079,4447,15,13
2021-06-02T23:59:59+02:00,9,6,3643,3800,6947,8016,9931,12052,18706,21303,27938,29646,23172,25881,16494,20939,5103,9623,3,1,980,1041,1984,2750,2773,4547,4615,8095,7062,9041,11179,12522,12622,16227,4645,8637,165630,72339,26818,13880,46309,18054,4438,15,13
2021-06-01T23:59:59+02:00,8,5,3517,3724,6705,7867,9647,11858,18250,20958,27700,29450,23079,25779,16453,20886,5100,9611,3,1,943,993,1898,2680,2693,4472,4336,7861,6464,8505,10965,12308,12524,16127,4640,8625,163934,71890,26041,12587,46293,17233,4315,15,13
2021-05-31T23:59:59+02:00,8,5,3471,3680,6614,7799,9511,11756,18124,20868,27608,29373,23012,25717,16436,20857,5095,9604,3,1,914,965,1828,2637,2613,4429,4228,7797,6342,8427,10777,12137,12423,16011,4630,8617,163086,71521,26012,12580,46280,16520,4146,15,12
2021-05-30T23:59:59+02:00,8,4,3440,3655,6549,7743,9419,11662,18034,20789,27532,29301,22967,25672,16414,20829,5089,9594,3,1,907,957,1817,2628,2599,4415,4198,7772,6289,8385,10716,12057,12389,15967,4625,8608,162375,71476,26006,12577,46263,16225,4043,15,12
2021-05-29T23:59:59+02:00,8,4,3429,3638,6514,7715,9376,11623,17996,20749,27384,29195,22911,25598,16399,20809,5086,9590,2,1,871,938,1760,2582,2527,4331,4007,7516,6014,8086,8502,9387,12195,15625,4610,8577,161712,65202,26006,12575,46250,15700,4042,15,12
2021-05-28T23:59:59+02:00,8,4,3366,3583,6383,7638,9235,11491,17838,20617,27201,29072,22850,25520,16379,20792,5085,9589,2,1,858,925,1741,2558,2489,4276,3855,7220,5819,7821,5784,6256,11923,15223,4594,8528,160354,58286,26004,12575,46246,14967,4033,15,12
2021-05-27T23:59:59+02:00,8,4,3222,3460,6097,7458,8632,11158,17361,20277,26788,28724,22682,25354,16321,20729,5078,9571,2,1,811,868,1655,2461,2370,4142,3431,6247,5395,7221,5622,6080,11842,15148,4588,8511,156883,57794,25944,12528,46238,12216,3845,15,12
2021-05-26T23:59:59+02:00,8,4,3116,3376,5876,7291,8263,10873,16897,19970,26488,28487,22532,25221,16269,20655,5065,9551,2,1,795,858,1602,2435,2318,4110,3357,6171,5298,7149,5486,5953,11776,15080,4583,8499,154184,57709,25925,12526,46216,11622,3604,14,12
2021-05-25T23:59:59+02:00,8,4,3025,3314,5734,7174,8067,10709,15894,19192,26134,28133,22374,25063,16216,20575,5058,9541,2,1,776,841,1565,2388,2246,4049,3280,6099,5212,7084,5319,5783,11668,14999,4575,8487,152621,57635,24006,12336,46198,11013,3378,13,12
2021-05-24T23:59:59+02:00,8,4,2960,3297,5648,7129,7951,10647,14979,18502,25720,27822,22280,24960,16185,20539,5051,9529,2,1,767,839,1545,2371,2204,4012,3235,6050,5136,7005,5217,5676,11586,14924,4574,8481,151899,57596,21933,12260,46188,10579,3179,13,11
2021-05-23T23:59:59+02:00,8,3,2957,3292,5639,7121,7941,10639,14973,18501,25719,27821,22280,24960,16185,20539,5051,9529,2,1,765,836,1537,2364,2191,3999,3216,6035,5115,6972,5172,5624,11570,14901,4573,8479,151866,57588,21933,12260,46186,10332,3161,13,11
2021-05-22T23:59:59+02:00,7,3,2920,3248,5562,7071,7841,10553,14774,18338,25436,27575,22181,24874,16153,20495,5048,9524,2,1,743,816,1490,2311,2139,3918,3103,5912,4797,6396,4600,4874,10921,14078,4563,8440,150331,54339,21933,12259,46186,9354,3141,13,11
2021-05-21T23:59:59+02:00,5,3,2848,3176,5435,6970,7712,10406,14515,18110,25140,27339,22066,24766,16120,20447,5044,9515,2,1,716,763,1421,2182,2037,3649,2918,5578,4316,5501,4182,4333,10175,13137,4497,8314,148385,50585,21931,12259,46180,7758,3109,13,11
2021-05-20T23:59:59+02:00,5,3,2716,3020,5152,6715,7427,10035,14053,17625,24530,26787,21793,24470,16026,20326,5030,9485,1,1,703,753,1395,2158,1999,3615,2864,5521,4234,5422,4054,4229,10097,13074,4488,8302,144228,50488,21921,12248,46155,7281,2882,13,11
2021-05-19T23:59:59+02:00,5,3,2663,2967,5055,6573,7284,9853,12909,16588,24267,26496,21696,24343,15983,20266,5021,9478,1,1,686,727,1369,2110,1966,3529,2801,5375,4141,5313,3973,4140,10045,13010,4485,8298,142847,50457,19852,12181,46083,6665,2656,13,11
2021-05-18T23:59:59+02:00,5,3,2636,2942,5006,6540,7229,9821,12554,16314,24087,26343,21604,24255,15953,20213,5014,9466,1,1,657,669,1313,1982,1890,3328,2702,5166,4011,5116,3750,3862,9961,12930,4476,8288,142559,50431,19000,11179,46038,6106,2376,13,11
2021-05-17T23:59:59+02:00,5,3,2610,2923,4961,6470,7141,9712,12402,16135,23937,26180,21553,24205,15934,20191,5009,9459,0,1,649,655,1297,1946,1869,3278,2653,5059,3932,5001,3614,3709,9891,12867,4473,8281,141584,50403,18992,11169,46021,5371,2221,13,11
2021-05-16T23:59:59+02:00,5,3,2598,2910,4939,6403,7104,9629,12344,16062,23885,26120,21529,24188,15924,20177,5006,9456,0,1,644,651,1287,1942,1852,3269,2631,5048,3902,4978,3560,3642,9852,12835,4472,8279,141149,50385,18982,11158,46001,5154,2137,13,11
2021-05-15T23:59:59+02:00,4,3,2475,2774,4751,6197,6913,9441,11825,15643,23293,25567,21422,24070,15890,20134,5003,9448,0,1,595,588,1204,1852,1717,3117,2345,4739,3450,4468,3230,3214,9688,12631,4448,8250,137751,47428,18981,11158,45996,4828,2112,13,11
2021-05-14T23:59:59+02:00,4,3,2362,2598,4554,5974,6635,9129,11287,15131,22726,24997,21276,23930,15854,20076,4999,9437,0,1,532,512,1101,1731,1556,2901,2015,4334,2849,3880,2843,2775,9603,12482,4444,8246,133929,44491,18974,11155,45973,4065,2083,13,11
2021-05-13T23:59:59+02:00,4,3,2185,2314,4231,5589,6209,8658,10725,14441,21690,24082,20994,23656,15794,19977,4992,9422,0,1,528,512,1088,1716,1539,2883,2005,4310,2832,3859,2826,2761,9596,12478,4443,8246,128029,44438,18918,11146,45947,3969,2059,13,11
2021-05-12T23:59:59+02:00,4,3,2184,2312,4220,5586,6200,8652,10622,14319,21635,24042,20989,23645,15789,19969,4991,9422,0,1,521,490,1052,1662,1489,2804,1921,4223,2773,3800,2745,2666,9545,12405,4443,8246,127974,44434,18594,10319,45947,3966,2056,13,11
2021-05-11T23:59:59+02:00,4,3,2063,2273,4135,5523,6072,8537,10313,14068,21442,23880,20911,23573,15773,19937,4987,9417,0,1,496,466,991,1602,1419,2713,1822,4083,2700,3725,2591,2438,9480,12304,4442,8246,127025,44416,18257,9481,45662,3657,1954,13,11
2021-05-10T23:59:59+02:00,4,3,2024,2197,4028,5400,5934,8359,9522,13303,21063,23559,20820,23483,15732,19883,4977,9404,0,1,484,438,955,1539,1354,2622,1733,3922,2618,3633,2565,2419,9470,12286,4438,8241,125882,44402,16411,9302,45558,3171,1832,12,11
2021-05-09T23:59:59+02:00,4,3,1992,2184,3990,5362,5880,8310,9453,13234,20993,23486,20783,23442,15717,19856,4974,9390,0,1,477,431,932,1495,1328,2573,1699,3860,2580,3590,2556,2406,9459,12269,4438,8233,125432,44342,16406,9299,45460,2932,1743,12,11
2021-05-08T23:59:59+02:00,4,3,1929,2082,3808,5187,5606,8102,9143,12948,19858,22556,20587,23248,15684,19787,4969,9378,0,1,408,402,868,1455,1251,2499,1611,3759,2361,3377,2008,1976,9364,12183,4437,8233,121270,42852,16405,9298,45457,2296,1741,6,6
2021-05-07T23:59:59+02:00,4,3,1843,1969,3627,5018,5286,7806,8731,12573,18605,21281,20403,23035,15640,19730,4960,9359,0,1,322,347,756,1380,1119,2370,1477,3617,2185,3183,1636,1634,8875,11734,4436,8231,116322,41109,16401,9293,45435,1186,1709,6,6
2021-05-06T23:59:59+02:00,4,3,1659,1859,3342,4762,4835,7398,8089,12012,17359,20039,20069,22657,15532,19565,4950,9348,0,1,305,337,737,1350,1079,2323,1428,3532,2117,3115,1601,1578,8858,11703,4430,8228,110459,41087,16394,9287,45197,916,1426,6,6
2021-05-05T23:59:59+02:00,4,3,1589,1829,3256,4674,4756,7291,7958,11861,17205,19894,19949,22536,15456,19468,4928,9252,0,1,295,326,694,1298,1016,2247,1345,3383,2009,2999,1508,1479,8441,11135,4424,8211,109686,41046,16251,8158,45025,660,941,6,6
2021-05-04T23:59:59+02:00,4,3,1562,1799,3207,4595,4695,7179,7708,11565,16642,19311,19861,22403,15380,19370,4898,9138,0,1,279,314,671,1268,995,2193,1287,3263,1896,2840,1435,1372,8370,11031,4419,8193,108968,41019,14901,7882,44920,395,525,6,6
2021-05-03T23:59:59+02:00,4,3,1554,1795,3197,4579,4657,7153,7454,11331,15947,18714,19797,22318,15354,19336,4892,9128,0,1,264,294,649,1184,945,2105,1223,3124,1799,2703,1368,1292,8345,10996,4415,8184,108872,41008,13301,7674,44880,49,154,6,6
2021-05-02T23:59:59+02:00,4,3,1553,1793,3190,4577,4652,7148,7440,11320,15928,18702,19780,22310,15354,19334,4891,9128,0,1,264,291,646,1183,940,2102,1213,3118,1791,2696,1354,1285,8344,10991,4414,8184,108842,40985,13297,7672,44854,46,108,6,6
2021-05-01T23:59:59+02:00,4,3,1423,1650,2913,4328,4185,6792,6821,10839,13991,16821,19398,21911,15263,19218,4888,9112,0,1,262,291,643,1181,939,2099,1211,3116,1789,2692,1349,1280,8342,10989,4414,8184,101305,40953,13297,7672,44848,46,105,5,6
2021-04-30T23:59:59+02:00,3,3,1303,1505,2695,4107,3856,6396,6255,10246,12201,14787,18939,21370,15159,19077,4874,9101,0,1,257,290,636,1174,923,2091,1198,3106,1778,2678,1339,1271,8338,10984,4413,8183,93694,40907,13297,7672,44848,42,33,5,6
2021-04-29T23:59:59+02:00,2,3,1190,1443,2528,3982,3617,6192,5898,9945,10859,13506,18678,21092,15116,19007,4870,9095,0,1,256,286,631,1166,911,2085,1178,3100,1747,2641,1313,1247,8332,10975,4413,8183,89006,40874,13288,7537,44708,32,16,5,6
2021-04-28T23:59:59+02:00,2,3,1137,1437,2477,3962,3566,6168,5835,9912,10759,13438,18646,21058,15108,18991,4870,9092,0,1,256,285,628,1165,908,2083,1173,3096,1739,2640,1306,1228,7886,10453,4413,8183,88734,40850,13238,6545,44469,28,15,5,5
2021-04-27T23:59:59+02:00,2,3,1092,1410,2371,3917,3501,6139,5716,9855,10642,13360,18612,21018,15095,18976,4868,9090,0,1,255,285,626,1157,907,2081,1168,3093,1735,2636,1294,1211,7468,9870,4413,8183,88219,40830,13184,5511,44245,23,14,5,5
2021-04-26T23:59:59+02:00,2,3,1052,1380,2280,3824,3374,6038,5547,9734,10338,13099,18550,20963,15086,18958,4866,9090,0,1,254,284,625,1155,901,2076,1161,3090,1717,2627,1279,1198,7459,9850,4413,8183,86876,40742,13173,5490,44116,22,14,5,5
2021-04-25T23:59:59+02:00,2,3,1049,1378,2272,3820,3367,6033,5527,9725,10303,13068,18540,20949,15085,18952,4866,9089,0,1,253,284,625,1154,901,2075,1159,3090,1717,2627,1279,1198,7458,9848,4413,8183,86849,40738,13165,5487,43997,22,13,4,5
2021-04-24T23:59:59+02:00,2,2,1007,1265,2084,3282,3096,5417,5335,9312,9467,12022,17832,20052,14972,18792,4858,9078,0,1,251,283,623,1153,900,2074,1159,3089,1711,2622,1276,1193,7456,9846,4413,8182,80722,40710,13165,5483,43972,22,12,4,5
2021-04-23T23:59:59+02:00,1,2,974,1181,1972,2936,2913,4865,5138,8883,8911,11300,16198,18188,14823,18586,4850,9055,0,1,251,283,622,1153,898,2072,1157,3089,1710,2621,1271,1188,7452,9844,4413,8181,73685,40696,13164,5472,43912,22,11,4,5
2021-04-22T23:59:59+02:00,1,2,969,1169,1953,2920,2892,4845,5081,8837,8796,11195,16125,18110,14796,18556,4848,9050,0,1,249,283,618,1152,895,2071,1149,3077,1694,2601,1247,1166,7447,9836,4413,8181,73631,40682,13106,5361,43393,21,11,4,5
2021-04-21T23:59:59+02:00,1,2,959,1161,1939,2908,2864,4819,5033,8782,8688,11072,16037,18025,14767,18522,4848,9045,0,1,245,280,608,1143,881,2041,1138,3052,1684,2574,1234,1152,7221,9517,4412,8181,73586,40672,13048,4656,42823,20,11,4,5
2021-04-20T23:59:59+02:00,1,2,932,1113,1887,2794,2791,4656,4939,8603,8514,10863,15804,17743,14708,18463,4841,9039,0,1,232,277,590,1122,855,2009,1109,3026,1649,2533,1214,1138,7212,9512,4411,8181,73547,40651,11919,4389,42212,16,11,4,4
2021-04-19T23:59:59+02:00,1,2,923,1105,1853,2774,2741,4631,4815,8542,8314,10751,15712,17645,14686,18444,4841,9033,0,1,226,269,572,1101,836,1976,1091,2983,1603,2478,1196,1119,7205,9509,4409,8180,73146,40615,11898,4110,41754,14,11,4,4
2021-04-18T23:59:59+02:00,1,2,920,1104,1848,2768,2733,4619,4797,8531,8274,10708,15662,17586,14676,18427,4840,9031,0,1,226,269,572,1100,835,1976,1090,2983,1603,2477,1196,1118,7203,9508,4408,8180,73100,40608,11894,4108,41518,14,11,4,4
2021-04-17T23:59:59+02:00,0,2,888,1089,1799,2729,2665,4540,4642,8386,8009,10479,13286,14678,14477,18073,4823,8995,0,1,224,269,572,1097,831,1969,1078,2976,1593,2457,1156,1075,6870,9093,4383,8132,66255,39650,11894,4097,41396,14,11,4,4
2021-04-16T23:59:59+02:00,0,2,882,1083,1787,2718,2623,4500,4550,8302,7829,10284,10445,11416,14207,17654,4804,8940,0,1,223,265,570,1093,826,1965,1069,2973,1585,2444,1143,1061,6864,9087,4381,8129,58963,39570,11891,4080,41157,14,11,4,4
2021-04-15T23:59:59+02:00,0,2,870,1078,1765,2704,2580,4466,4432,8242,7598,10083,10194,11197,14145,17588,4797,8926,0,1,221,264,570,1091,825,1963,1066,2970,1582,2441,1137,1056,6862,9085,4381,8129,58937,39555,11889,4061,39826,13,11,4,4
2021-04-14T23:59:59+02:00,0,2,852,1051,1706,2623,2490,4342,4242,8058,7323,9799,9820,10712,13996,17407,4791,8914,0,1,197,239,529,1038,802,1896,1030,2890,1531,2378,1111,1026,6857,9077,4381,8128,58900,39539,10942,3546,38271,11,11,4,4
2021-04-13T23:59:59+02:00,0,2,828,1029,1669,2570,2421,4258,4141,7919,7110,9579,9412,10192,13850,17240,4786,8900,0,1,162,216,494,990,761,1802,995,2780,1478,2308,1092,991,6841,9066,4380,8128,58846,39474,9992,2991,37053,5,11,4,4
2021-04-12T23:59:59+02:00,0,2,823,1027,1650,2566,2392,4245,4088,7868,6969,9407,9145,9877,13787,17180,4775,8883,0,1,151,202,466,950,739,1738,975,2708,1434,2258,1070,974,6824,9046,4377,8123,58786,39357,9961,2659,35922,5,11,4,4
2021-04-11T23:59:59+02:00,0,2,822,1026,1639,2566,2378,4242,4065,7856,6904,9345,9012,9712,13760,17132,4770,8874,0,1,151,202,466,948,737,1736,973,2708,1432,2258,1070,974,6822,9046,4377,8123,58772,39347,9959,2658,35359,4,11,4,4
2021-04-10T23:59:59+02:00,0,2,806,1022,1610,2537,2341,4213,3995,7797,6771,9228,8453,8978,13093,16278,4759,8832,0,1,148,201,464,945,731,1733,973,2701,1423,2251,1056,958,6350,8546,4361,8107,55434,38274,9957,2656,35309,4,11,4,4
2021-04-09T23:59:59+02:00,0,2,785,994,1569,2488,2275,4133,3841,7636,6424,8895,7925,8318,12271,15254,4687,8693,0,1,146,199,462,939,724,1725,965,2691,1408,2240,1034,935,6108,8272,4341,8080,51442,37599,9950,2652,34783,4,11,4,4
2021-04-08T23:59:59+02:00,0,2,775,984,1542,2464,2209,4085,3708,7547,6168,8593,7307,7663,12108,15054,4676,8677,0,1,146,197,457,935,719,1718,957,2680,1399,2227,1022,932,6105,8270,4340,8080,51407,37576,9925,2590,32215,4,11,4,4
2021-04-07T23:59:59+02:00,0,2,768,975,1516,2446,2150,4046,3621,7477,5937,8328,6750,7028,11498,14305,4663,8649,0,1,127,190,425,888,673,1649,900,2610,1349,2158,1001,916,6097,8263,4339,8080,51376,37551,8768,2097,30001,4,10,4,4
2021-04-06T23:59:59+02:00,0,2,763,973,1504,2438,2121,4023,3548,7428,5756,8156,6304,6520,11294,14088,4648,8618,0,1,104,169,377,828,628,1574,856,2510,1296,2094,975,899,6077,8248,4337,8076,51307,37519,8583,1513,28281,4,9,4,4
2021-04-05T23:59:59+02:00,0,2,758,969,1488,2430,2095,4013,3497,7402,5612,8045,6099,6302,11227,14001,4642,8608,0,1,98,166,376,826,621,1565,847,2495,1283,2075,947,868,4970,6846,4261,7970,51107,34695,8579,1503,27491,4,9,4,4
2021-04-04T23:59:59+02:00,0,2,756,962,1486,2428,2091,4011,3479,7395,5602,8038,6088,6282,11212,13983,4640,8605,0,1,98,166,374,824,618,1560,840,2488,1268,2056,924,846,3960,5684,4195,7864,51091,32246,8577,1503,27379,4,9,4,4
2021-04-03T23:59:59+02:00,0,2,705,906,1404,2357,1968,3872,3219,7134,5140,7546,5743,5826,11039,13765,4612,8577,0,1,94,166,374,822,618,1558,839,2488,1268,2056,924,846,3960,5681,4195,7863,47849,32233,8577,1503,27376,4,9,4,4
2021-04-02T23:59:59+02:00,0,2,661,872,1348,2289,1870,3758,2966,6873,4622,7067,5350,5365,10937,13599,4607,8571,0,1,94,166,374,822,618,1558,838,2488,1266,2055,923,844,3958,5678,4194,7863,44912,32222,8576,1502,27257,4,8,4,4
2021-04-01T23:59:59+02:00,0,2,658,869,1339,2284,1850,3750,2937,6858,4547,6994,5241,5255,10898,13550,4606,8566,0,1,94,166,372,818,616,1554,838,2485,1262,2051,913,843,3953,5675,4193,7862,44895,32210,8431,1470,26866,4,8,4,4
2021-03-31T23:59:59+02:00,0,2,656,867,1331,2268,1842,3740,2909,6830,4484,6948,5101,5093,10383,12941,4602,8558,0,1,94,166,371,818,616,1554,838,2485,1260,2051,912,843,3953,5674,4193,7861,44882,32204,7298,1470,26364,4,8,3,4
2021-03-30T23:59:59+02:00,0,2,647,864,1312,2248,1813,3711,2872,6795,4398,6859,4932,4899,9856,12239,4595,8544,0,1,89,164,370,814,611,1552,833,2479,1252,2048,902,833,3945,5671,4192,7860,44858,32183,6109,1417,25608,4,8,3,4
2021-03-29T23:59:59+02:00,0,2,642,855,1299,2215,1795,3680,2841,6753,4326,6773,4732,4701,9770,12145,4592,8530,0,1,89,164,369,812,605,1548,830,2472,1246,2040,894,827,3937,5663,4192,7860,44788,32164,5891,1370,24961,3,8,3,4
2021-03-28T23:59:59+02:00,0,2,639,853,1296,2212,1780,3670,2825,6741,4291,6721,4637,4591,9734,12081,4587,8523,0,1,89,164,369,810,605,1548,827,2472,1244,2040,893,827,3936,5663,4192,7860,44766,32162,5882,1363,24524,3,8,3,4
2021-03-27T23:59:59+01:00,0,2,635,848,1286,2208,1763,3653,2797,6711,4128,6577,4058,4135,9505,11835,4574,8504,0,1,89,164,367,808,603,1546,825,2469,1236,2034,889,823,3756,5373,4085,7687,42819,31377,5878,1363,24511,3,8,3,4
2021-03-26T23:59:59+01:00,0,2,630,840,1278,2197,1741,3636,2772,6689,4052,6499,3649,3769,8903,11276,4561,8490,0,1,89,164,367,807,602,1543,821,2466,1227,2030,876,810,3028,4429,3876,7339,40878,29097,5865,1363,24230,3,8,3,4
2021-03-25T23:59:59+01:00,0,2,623,835,1265,2183,1722,3612,2713,6650,3968,6421,3475,3552,8792,11165,4555,8484,0,1,89,164,367,807,602,1542,821,2465,1225,2030,876,809,3027,4428,3875,7338,40864,29089,5757,1363,23385,2,8,3,4
2021-03-24T23:59:59+01:00,0,2,618,827,1232,2157,1677,3567,2635,6581,3811,6269,3156,3188,8381,10614,4546,8471,0,1,85,162,355,794,586,1524,788,2431,1175,1997,842,771,3018,4422,3875,7335,40840,28785,4998,1362,21883,2,8,3,4
2021-03-23T23:59:59+01:00,0,2,606,819,1207,2125,1635,3519,2553,6502,3662,6115,2775,2804,8164,10396,4538,8452,0,1,80,158,343,774,551,1493,727,2367,1074,1915,759,711,2981,4387,3871,7331,40795,28154,4707,1355,20362,2,8,2,4
2021-03-22T23:59:59+01:00,0,2,582,709,1170,2072,1602,3463,2500,6432,3521,5985,2532,2565,7832,10041,4522,8416,0,1,80,157,343,774,551,1491,725,2365,1071,1915,757,707,2977,4381,3869,7328,40326,28123,4385,1355,19225,2,8,2,4
2021-03-21T23:59:59+01:00,0,2,581,706,1164,2063,1590,3453,2483,6417,3483,5951,2390,2400,7739,9929,4513,8401,0,1,80,157,343,773,551,1491,724,2364,1071,1915,757,707,2977,4380,3869,7327,40321,28118,4371,1355,18563,2,8,2,4
2021-03-20T23:59:59+01:00,0,2,580,706,1162,2056,1583,3446,2477,6410,3465,5928,2357,2362,7247,9410,4496,8384,0,1,80,157,343,773,550,1491,722,2363,1071,1913,757,707,2977,4378,3867,7325,39276,28106,4359,1355,18426,2,8,2,4
2021-03-19T23:59:59+01:00,0,2,573,698,1143,2036,1548,3422,2409,6271,3401,5821,2175,2180,6938,9089,4474,8359,0,1,80,157,342,768,546,1488,717,2355,1063,1901,748,700,2547,3776,3444,6571,38666,25837,4342,1355,17521,0,8,2,4
2021-03-18T23:59:59+01:00,0,2,558,681,1123,2007,1521,3392,2369,6203,3326,5732,2021,1984,6817,8970,4468,8348,0,1,79,157,342,767,545,1488,716,2351,1059,1900,741,697,2497,3704,3417,6529,38645,25646,4330,1333,16538,0,7,2,4
2021-03-17T23:59:59+01:00,0,1,529,652,1078,1950,1484,3307,2292,6085,3173,5576,1766,1719,6651,8816,4458,8333,0,1,78,153,330,739,529,1444,694,2293,1021,1859,724,678,2255,3410,3330,6399,38572,24665,3803,1261,15486,0,7,2,4
2021-03-16T23:59:59+01:00,0,1,486,624,1038,1895,1432,3201,2227,5931,3057,5442,1566,1494,6515,8668,4447,8310,0,1,72,138,309,683,499,1368,665,2158,991,1731,674,628,2140,3272,3304,6312,38512,23906,3186,1029,14628,0,6,2,4
2021-03-15T23:59:59+01:00,0,1,474,612,1005,1845,1399,3134,2197,5846,2971,5358,1440,1358,5930,7979,4407,8246,0,1,69,131,295,625,484,1248,626,2027,950,1618,644,607,2102,3233,3289,6248,37271,23500,2833,695,14096,0,0,2,2
2021-03-14T23:59:59+01:00,0,1,469,605,996,1833,1395,3116,2181,5828,2936,5331,1397,1307,5534,7530,4384,8228,0,1,68,126,291,602,478,1221,620,1971,940,1593,644,607,2102,3233,3288,6246,36447,23494,2828,535,13794,0,0,2,2
2021-03-13T23:59:59+01:00,0,1,449,586,959,1783,1342,3052,1924,5241,2695,4917,1291,1194,4872,6680,4336,8154,0,1,68,126,290,599,476,1219,618,1969,939,1589,642,602,1739,2747,2761,5483,34759,21331,2824,535,11891,0,0,2,2
2021-03-12T23:59:59+01:00,0,1,433,565,938,1740,1311,2969,1721,4455,2489,4467,1219,1110,4171,5882,4289,8072,0,1,68,124,289,595,476,1216,616,1961,935,1583,639,596,1410,2199,2216,4687,33079,19074,2821,535,9930,0,0,2,2
2021-03-11T23:59:59+01:00,0,1,429,558,928,1726,1295,2950,1696,4419,2452,4430,1145,1054,4126,5845,4286,8068,0,1,68,116,283,573,461,1164,607,1912,916,1547,627,583,1404,2181,2207,4636,33040,18822,2724,463,9642,0,0,2,1
2021-03-10T23:59:59+01:00,0,1,410,546,882,1667,1239,2872,1622,4322,2385,4337,1111,1031,4110,5828,4285,8066,0,1,68,116,281,569,458,1157,602,1889,916,1542,622,575,1343,2094,2161,4579,33025,18534,2153,438,9534,0,0,2,1
2021-03-09T23:59:59+01:00,0,1,389,530,837,1618,1196,2808,1580,4239,2341,4284,1090,1020,4104,5821,4284,8065,0,1,66,115,280,568,457,1146,600,1876,909,1537,619,569,1137,1782,2043,4400,32979,17695,1707,409,9519,0,0,2,1
2021-03-08T23:59:59+01:00,0,1,382,519,826,1602,1187,2791,1572,4212,2328,4271,1077,1008,4067,5773,4282,8060,0,1,65,115,276,563,453,1140,598,1872,905,1535,619,569,1067,1691,1998,4355,32845,17436,1610,385,9501,0,0,2,1
2021-03-07T23:59:59+01:00,0,1,381,516,825,1601,1185,2789,1569,4205,2318,4266,1070,1000,4061,5767,4281,8059,0,1,63,112,267,541,441,1114,582,1772,870,1460,618,569,962,1560,1946,4284,32828,17069,1570,92,9494,0,0,2,1
2021-03-06T23:59:59+01:00,0,1,373,500,806,1568,1161,2731,1528,4137,2125,3769,1040,963,3887,5494,4179,7894,0,1,63,112,267,541,441,1113,582,1772,870,1460,618,569,959,1559,1943,4283,32109,17060,1570,92,8475,0,0,2,1
2021-03-05T23:59:59+01:00,0,1,360,461,774,1464,1111,2515,1453,3924,1911,3104,1009,918,3130,4527,3974,7550,0,1,63,111,266,538,438,1107,581,1767,866,1456,615,567,920,1501,1920,4241,29788,16865,1569,92,6827,0,0,2,1
2021-03-04T23:59:59+01:00,0,1,347,452,766,1444,1098,2492,1434,3895,1889,3085,995,914,3126,4523,3971,7548,0,1,62,109,263,535,434,1091,571,1745,865,1448,613,565,883,1447,1897,4204,29775,16703,1530,29,6673,0,0,2,1
2021-03-03T23:59:59+01:00,0,1,338,421,747,1393,1068,2409,1384,3740,1809,2988,962,868,3116,4517,3971,7545,0,1,61,108,260,532,433,1087,569,1736,862,1444,613,564,863,1394,1809,4057,29459,16365,1530,27,6286,0,0,2,1
2021-03-02T23:59:59+01:00,0,1,332,413,731,1370,1020,2364,1316,3655,1693,2889,874,803,3073,4478,3965,7540,0,1,61,108,259,528,432,1079,569,1730,862,1440,612,564,863,1394,1809,4057,28820,16340,1466,27,6229,0,0,2,1
2021-03-01T23:59:59+01:00,0,1,328,399,724,1323,1007,2306,1296,3572,1666,2839,855,794,3065,4468,3964,7540,0,1,61,107,258,524,427,1065,565,1717,853,1432,611,562,766,1239,1752,3977,28779,15889,1414,27,5952,0,0,2,1
2021-02-28T23:59:59+01:00,0,1,323,387,716,1284,993,2229,1282,3484,1643,2760,851,784,3063,4464,3963,7537,0,1,61,107,257,524,427,1064,565,1717,851,1432,611,561,669,1114,1704,3896,28763,15534,1410,26,5589,0,0,2,1
2021-02-27T23:59:59+01:00,0,1,314,366,702,1257,974,2193,1247,3415,1620,2707,833,768,3060,4464,3962,7537,0,1,60,107,257,524,427,1064,564,1717,849,1432,611,561,669,1114,1704,3896,28759,15530,1410,26,5249,0,0,2,1
2021-02-26T23:59:59+01:00,0,1,288,315,655,1193,910,2074,1157,3248,1515,2569,804,745,2623,3858,3535,6760,0,1,60,107,254,521,427,1062,562,1715,846,1426,607,559,662,1102,1695,3877,26466,15456,1410,26,4372,0,0,2,1
2021-02-25T23:59:59+01:00,0,1,283,302,641,1163,888,2032,1138,3182,1497,2524,801,741,2576,3786,3505,6716,0,1,58,104,250,513,427,1058,557,1705,843,1415,601,555,585,993,1648,3819,26247,15107,1410,24,4117,0,0,2,1
2021-02-24T23:59:59+01:00,0,1,264,292,590,1117,841,1964,1080,3087,1453,2466,784,722,2335,3484,3415,6578,0,1,57,99,245,506,421,1039,548,1683,840,1395,594,543,571,973,1637,3796,25246,14931,1410,16,3815,0,0,2,1
2021-02-23T23:59:59+01:00,0,1,252,271,561,1061,804,1889,1012,2937,1379,2364,732,672,2220,3344,3389,6485,0,1,57,97,243,500,421,1023,538,1651,832,1373,585,536,555,922,1625,3743,24440,14685,1405,16,3526,0,0,2,1
2021-02-22T23:59:59+01:00,0,1,248,265,548,998,784,1813,986,2843,1343,2304,707,650,2190,3307,3380,6422,0,1,57,96,237,494,419,1010,529,1633,828,1348,571,522,532,896,1619,3687,24034,14463,1405,15,3348,0,0,2,1
2021-02-21T23:59:59+01:00,0,1,245,258,539,973,771,1776,978,2795,1313,2278,707,648,2188,3307,3379,6421,0,1,57,96,236,494,419,1010,529,1633,828,1347,571,521,532,896,1619,3686,24028,14459,1405,15,3142,0,0,2,1
2021-02-20T23:59:59+01:00,0,1,167,228,470,924,702,1699,908,2706,1228,2179,692,633,1814,2789,2823,5617,0,1,57,96,236,494,419,1010,529,1632,828,1347,571,521,532,896,1618,3686,21750,14457,1405,15,2423,0,0,2,1
2021-02-19T23:59:59+01:00,0,1,84,167,358,843,575,1567,776,2557,1092,2026,676,611,1506,2274,2273,4825,0,1,57,96,236,494,419,1009,529,1632,828,1347,571,521,527,894,1616,3680,19541,14441,1405,15,1263,0,0,2,1
2021-02-18T23:59:59+01:00,0,1,81,162,346,793,554,1478,743,2417,1059,1958,660,599,1497,2255,2264,4773,0,1,54,89,230,472,405,942,514,1552,808,1273,557,507,521,876,1613,3658,19297,14056,1379,15,962,0,0,2,1
2021-02-17T23:59:59+01:00,0,1,80,154,332,770,545,1445,714,2324,1022,1858,655,589,1439,2167,2216,4723,0,1,54,86,228,463,397,904,503,1487,789,1191,544,495,519,874,1613,3658,19036,13790,1306,15,690,0,0,2,1
2021-02-16T23:59:59+01:00,0,1,75,149,317,730,517,1371,682,2216,997,1753,644,582,1194,1820,2092,4540,0,1,53,77,227,456,391,874,490,1422,763,1125,523,482,517,874,1610,3657,18114,13539,1067,2,497,0,0,2,1
2021-02-15T23:59:59+01:00,0,1,70,133,291,625,482,1229,624,2003,946,1593,635,580,1110,1713,2040,4475,0,1,53,77,225,451,387,868,489,1418,761,1118,523,482,516,869,1609,3654,17782,13500,729,0,39,0,0,0,1
2021-02-14T23:59:59+01:00,0,1,69,126,286,598,477,1200,613,1949,932,1571,635,580,1011,1589,1993,4418,0,1,53,77,225,451,387,868,489,1416,761,1118,523,482,516,869,1609,3654,17452,13498,573,0,23,0,0,0,1
2021-02-13T23:59:59+01:00,0,1,69,125,286,597,476,1196,612,1947,930,1567,634,579,1010,1580,1989,4415,0,1,53,77,225,450,385,863,488,1411,759,1117,521,480,499,831,1350,3183,17417,12692,573,0,23,0,0,0,1
2021-02-12T23:59:59+01:00,0,1,68,125,285,596,472,1192,612,1944,927,1566,631,578,971,1528,1969,4373,0,1,53,77,225,446,381,854,483,1402,753,1110,514,472,481,790,986,2470,17245,11497,573,0,20,0,0,0,1
2021-02-11T23:59:59+01:00,0,1,67,117,282,583,459,1165,606,1918,920,1554,630,577,928,1470,1947,4334,0,1,53,74,210,415,367,807,466,1328,738,1078,511,471,481,790,985,2469,17064,11244,490,0,4,0,0,0,0
2021-02-10T23:59:59+01:00,0,1,66,117,279,580,457,1160,602,1901,915,1550,630,577,919,1454,1926,4289,0,1,52,64,177,337,313,705,416,1156,658,983,477,459,476,789,985,2468,16960,10516,462,0,1,0,0,0,0
2021-02-09T23:59:59+01:00,0,1,64,115,273,576,454,1147,601,1886,907,1544,629,576,907,1418,1856,4183,0,1,43,53,126,258,237,555,334,954,555,829,441,448,472,788,982,2468,16706,9544,431,0,0,0,0,0,0
2021-02-08T23:59:59+01:00,0,1,63,115,270,567,451,1140,599,1871,900,1536,627,573,804,1265,1799,4101,0,1,38,43,88,169,174,418,271,717,496,694,434,442,469,785,981,2468,16276,8688,406,0,0,0,0,0,0
2021-02-07T23:59:59+01:00,0,1,61,112,260,545,437,1109,583,1768,865,1457,626,572,702,1140,1750,4017,0,1,37,42,84,166,171,410,266,704,491,683,432,441,469,785,981,2467,15906,8630,99,0,0,0,0,0,0
2021-02-06T23:59:59+01:00,0,1,60,112,259,545,437,1109,581,1767,862,1454,623,570,700,1132,1744,4010,0,1,34,41,83,163,168,400,262,696,480,674,424,440,433,737,741,2074,15867,7851,99,0,0,0,0,0,0
2021-02-05T23:59:59+01:00,0,1,60,112,257,541,437,1107,580,1766,860,1452,621,570,690,1125,1738,3997,0,1,32,39,79,159,163,392,254,677,463,664,418,440,427,712,337,1441,15815,6698,99,0,0,0,0,0,0
2021-02-04T23:59:59+01:00,0,1,59,110,252,535,431,1091,564,1739,856,1438,614,560,604,1008,1687,3936,0,1,31,36,74,153,157,381,239,653,446,650,412,432,422,705,334,1434,15454,6560,31,0,0,0,0,0,0
2021-02-03T23:59:59+01:00,0,1,58,105,248,528,430,1072,561,1723,854,1423,610,550,593,998,1684,3922,0,1,24,28,60,122,123,280,175,511,336,500,306,330,337,548,256,1150,15331,5087,29,0,0,0,0,0,0
2021-02-02T23:59:59+01:00,0,1,58,103,245,523,430,1054,549,1691,846,1399,597,540,581,949,1674,3871,0,1,17,21,41,79,87,186,122,345,219,361,215,220,217,344,183,755,15082,3413,29,0,0,0,0,0,0
2021-02-01T23:59:59+01:00,0,1,58,101,241,515,428,1038,541,1669,842,1376,590,534,559,920,1666,3824,0,0,7,11,21,43,48,98,65,168,95,166,101,103,90,160,76,329,14874,1581,29,0,0,0,0,0,0
2021-01-31T23:59:59+01:00,0,1,58,101,240,514,426,1034,539,1664,840,1373,590,533,559,920,1666,3823,0,0,7,11,19,38,43,84,61,142,81,150,96,101,89,159,74,327,14852,1482,29,0,0,0,0,0,0
2021-01-30T23:59:59+01:00,0,1,58,101,240,514,426,1034,539,1664,840,1373,590,533,559,920,1666,3823,0,0,7,11,19,38,43,84,61,142,81,150,96,100,89,159,74,327,14852,1481,29,0,0,0,0,0,0
2021-01-29T23:59:59+01:00,0,1,58,101,240,514,426,1034,539,1664,840,1373,590,533,559,920,1666,3823,0,0,7,11,19,38,43,84,61,142,81,150,96,100,89,159,74,327,14852,1481,29,0,0,0,0,0,0
2021-01-28T23:59:59+01:00,0,1,56,93,236,485,414,967,521,1578,816,1292,577,518,553,903,1663,3804,0,0,3,2,5,6,11,16,19,34,22,33,17,22,21,34,19,99,14454,363,23,0,0,0,0,0,0
2021-01-27T23:59:59+01:00,0,1,54,89,236,475,406,928,511,1512,796,1209,565,505,551,901,1663,3804,0,0,3,2,5,6,9,16,19,33,21,31,17,21,21,34,19,99,14185,356,21,0,0,0,0,0,0
2021-01-26T23:59:59+01:00,0,1,53,83,231,472,399,899,500,1445,771,1142,543,492,549,901,1663,3804,0,0,1,2,5,6,9,15,17,29,17,26,15,18,19,32,19,91,13929,321,19,0,0,0,0,0,0
2021-01-25T23:59:59+01:00,0,1,53,83,228,466,396,893,500,1442,770,1137,543,492,549,898,1663,3802,0,0,0,0,0,0,0,2,0,0,0,0,1,1,0,2,0,0,13899,6,17,0,0,0,0,0,0
2021-01-24T23:59:59+01:00,0,1,53,83,228,466,396,893,500,1441,770,1137,543,492,549,898,1663,3802,0,0,0,0,0,0,0,2,0,0,0,0,1,1,0,2,0,0,13898,6,17,0,0,0,0,0,0
2021-01-23T23:59:59+01:00,0,1,53,83,228,465,395,889,500,1435,769,1135,540,490,532,860,1403,3324,0,0,0,0,0,0,0,1,0,0,0,0,1,1,0,2,0,0,13085,5,17,0,0,0,0,0,0
2021-01-22T23:59:59+01:00,0,1,53,83,227,461,390,879,495,1425,764,1128,534,481,515,818,1024,2583,0,0,0,0,0,0,0,1,0,0,0,0,1,1,0,2,0,0,11845,5,16,0,0,0,0,0,0
2021-01-21T23:59:59+01:00,0,1,53,80,208,427,363,823,467,1325,737,1093,530,481,515,818,1023,2582,0,0,0,0,0,0,0,1,0,0,0,0,1,1,0,2,0,0,11510,5,16,0,0,0,0,0,0
2021-01-20T23:59:59+01:00,0,1,51,70,181,355,322,738,424,1172,667,1003,494,470,510,818,1023,2581,0,0,0,0,0,0,0,1,0,0,0,0,1,1,0,2,0,0,10864,5,16,0,0,0,0,0,0
2021-01-19T23:59:59+01:00,0,1,44,57,137,277,248,580,347,990,577,863,459,458,506,816,1023,2581,0,0,0,0,0,0,0,0,0,0,0,0,1,0,0,2,0,0,9956,3,8,0,0,0,0,0,0
2021-01-18T23:59:59+01:00,0,1,40,44,88,176,179,430,280,727,505,706,451,451,503,812,1021,2581,0,0,0,0,0,0,0,0,0,0,0,0,0,0,0,1,0,0,8995,1,0,0,0,0,0,0,0
2021-01-17T23:59:59+01:00,0,1,37,43,85,173,175,421,276,716,500,693,449,451,503,812,1021,2580,0,0,0,0,0,0,0,0,0,0,0,0,0,0,0,0,0,0,8936,0,0,0,0,0,0,0,0
2021-01-16T23:59:59+01:00,0,1,34,42,83,171,171,412,269,709,485,684,440,449,464,765,774,2183,0,0,0,0,0,0,0,0,0,0,0,0,0,0,0,0,0,0,8136,0,0,0,0,0,0,0,0
2021-01-15T23:59:59+01:00,0,1,32,40,80,166,168,406,262,692,471,676,434,448,459,741,361,1541,0,0,0,0,0,0,0,0,0,0,0,0,0,0,0,0,0,0,6978,0,0,0,0,0,0,0,0
2021-01-14T23:59:59+01:00,0,1,32,38,78,160,163,401,254,679,460,668,431,445,459,740,361,1541,0,0,0,0,0,0,0,0,0,0,0,0,0,0,0,0,0,0,6911,0,0,0,0,0,0,0,0
2021-01-13T23:59:59+01:00,0,0,24,31,62,128,128,304,194,545,351,525,328,343,374,577,282,1246,0,0,0,0,0,0,0,0,0,0,0,0,0,0,0,0,0,0,5442,0,0,0,0,0,0,0,0
2021-01-12T23:59:59+01:00,0,0,17,24,46,89,93,216,140,393,238,389,236,235,247,371,205,845,0,0,0,0,0,0,0,0,0,0,0,0,0,0,0,0,0,0,3784,0,0,0,0,0,0,0,0
2021-01-11T23:59:59+01:00,0,0,9,15,27,49,62,139,88,220,125,208,116,112,106,179,93,374,0,0,0,0,0,0,0,0,0,0,0,0,0,0,0,0,0,0,1922,0,0,0,0,0,0,0,0
2021-01-10T23:59:59+01:00,0,0,8,15,23,44,55,110,80,179,105,175,110,108,102,177,90,374,0,0,0,0,0,0,0,0,0,0,0,0,0,0,0,0,0,0,1755,0,0,0,0,0,0,0,0
2021-01-09T23:59:59+01:00,0,0,8,15,23,44,55,110,80,179,105,175,110,107,102,177,90,374,0,0,0,0,0,0,0,0,0,0,0,0,0,0,0,0,0,0,1754,0,0,0,0,0,0,0,0
2021-01-08T23:59:59+01:00,0,0,8,14,22,43,52,103,75,168,99,172,107,103,97,168,88,364,0,0,0,0,0,0,0,0,0,0,0,0,0,0,0,0,0,0,1683,0,0,0,0,0,0,0,0
2021-01-07T23:59:59+01:00,0,0,3,3,5,7,11,17,20,34,24,36,17,22,23,35,23,107,0,0,0,0,0,0,0,0,0,0,0,0,0,0,0,0,0,0,387,0,0,0,0,0,0,0,0
2021-01-06T23:59:59+01:00,0,0,3,2,5,6,9,16,20,33,21,32,17,21,23,35,23,106,0,0,0,0,0,0,0,0,0,0,0,0,0,0,0,0,0,0,372,0,0,0,0,0,0,0,0
2021-01-05T23:59:59+01:00,0,0,3,2,5,6,9,16,20,33,21,32,17,21,23,35,23,106,0,0,0,0,0,0,0,0,0,0,0,0,0,0,0,0,0,0,372,0,0,0,0,0,0,0,0
2021-01-04T23:59:59+01:00,0,0,0,0,0,0,0,2,1,0,0,0,1,1,0,2,0,0,0,0,0,0,0,0,0,0,0,0,0,0,0,0,0,0,0,0,7,0,0,0,0,0,0,0,0
2021-01-03T23:59:59+01:00,0,0,0,0,0,0,0,2,1,0,0,0,1,1,0,2,0,0,0,0,0,0,0,0,0,0,0,0,0,0,0,0,0,0,0,0,7,0,0,0,0,0,0,0,0
2021-01-02T23:59:59+01:00,0,0,0,0,0,0,0,1,1,0,0,0,1,1,0,2,0,0,0,0,0,0,0,0,0,0,0,0,0,0,0,0,0,0,0,0,6,0,0,0,0,0,0,0,0
2021-01-01T23:59:59+01:00,0,0,0,0,0,0,0,1,1,0,0,0,1,1,0,2,0,0,0,0,0,0,0,0,0,0,0,0,0,0,0,0,0,0,0,0,6,0,0,0,0,0,0,0,0
2020-12-31T23:59:59+01:00,0,0,0,0,0,0,0,1,1,0,0,0,1,1,0,2,0,0,0,0,0,0,0,0,0,0,0,0,0,0,0,0,0,0,0,0,6,0,0,0,0,0,0,0,0
2020-12-30T23:59:59+01:00,0,0,0,0,0,0,0,1,1,0,0,0,1,1,0,2,0,0,0,0,0,0,0,0,0,0,0,0,0,0,0,0,0,0,0,0,6,0,0,0,0,0,0,0,0
2020-12-29T23:59:59+01:00,0,0,0,0,0,0,0,1,1,0,0,0,1,0,0,2,0,0,0,0,0,0,0,0,0,0,0,0,0,0,0,0,0,0,0,0,5,0,0,0,0,0,0,0,0
2020-12-28T23:59:59+01:00,0,0,0,0,0,0,0,1,0,0,0,0,1,0,0,1,0,0,0,0,0,0,0,0,0,0,0,0,0,0,0,0,0,0,0,0,3,0,0,0,0,0,0,0,0
2020-12-27T23:59:59+01:00,0,0,0,0,0,0,0,0,0,0,0,0,0,0,0,0,0,0,0,0,0,0,0,0,0,0,0,0,0,0,0,0,0,0,0,0,0,0,0,0,0,0,0,0,0
