Datum,<15_1_m,<15_1_w,15-24_1_m,15-24_1_w,25-34_1_m,25-34_1_w,35-44_1_m,35-44_1_w,45-54_1_m,45-54_1_w,55-64_1_m,55-64_1_w,65-74_1_m,65-74_1_w,75-84_1_m,75-84_1_w,>84_1_m,>84_1_w,<15_2_m,<15_2_w,15-24_2_m,15-24_2_w,25-34_2_m,25-34_2_w,35-44_2_m,35-44_2_w,45-54_2_m,45-54_2_w,55-64_2_m,55-64_2_w,65-74_2_m,65-74_2_w,75-84_2_m,75-84_2_w,>84_2_m,>84_2_w,bp_1,bp_2,mo_1,mo_2,az_1,az_2,ja,unb_1,unb_2
2021-12-05T23:59:59+01:00,4205,3927,19197,17753,21870,20240,24309,24298,30571,31307,36433,37129,26694,29726,18015,23044,5451,10371,2486,2261,16392,15350,19387,17800,22148,21959,28418,29072,34547,35144,25831,28711,17468,22309,5263,9920,285810,259178,33301,31577,46666,44959,18713,83,39
2021-12-04T23:59:59+01:00,4099,3826,19179,17732,21853,20226,24295,24287,30559,31287,36419,37118,26683,29722,18013,23039,5449,10369,2450,2246,16258,15257,19280,17718,22080,21907,28358,29009,34507,35099,25824,28701,17461,22299,5262,9918,285425,258346,33301,31577,46666,44959,18713,83,39
2021-12-03T23:59:59+01:00,3872,3611,19149,17692,21828,20192,24277,24265,30536,31259,36404,37090,26675,29713,18009,23029,5448,10369,2397,2202,16056,15103,19154,17593,21990,21801,28239,28914,34416,35030,25798,28678,17453,22283,5259,9913,284696,257032,33293,31536,46666,44959,18713,83,39
2021-12-02T23:59:59+01:00,3748,3488,19087,17631,21776,20138,24233,24204,30486,31209,36370,37033,26649,29695,17996,23008,5446,10359,2338,2134,15917,14957,19036,17490,21892,21681,28118,28795,34335,34944,25765,28631,17428,22266,5255,9907,283863,255716,33278,31477,46666,44959,18699,83,38
2021-12-01T23:59:59+01:00,3650,3395,19050,17591,21730,20075,24193,24170,30443,31177,36331,36994,26628,29663,17982,22985,5442,10350,2306,2105,15820,14854,18923,17392,21806,21602,28021,28718,34263,34881,25740,28598,17421,22245,5253,9897,283180,254722,33274,31449,46666,44957,18679,83,38
2021-11-30T23:59:59+01:00,3543,3299,19012,17549,21696,20033,24165,24113,30409,31134,36298,36946,26601,29633,17961,22967,5438,10338,2278,2073,15738,14759,18814,17296,21733,21528,27956,28656,34192,34824,25711,28563,17414,22229,5249,9887,282474,253817,33271,31414,46666,44957,18674,83,38
2021-11-29T23:59:59+01:00,3414,3185,18984,17524,21666,20000,24138,24087,30389,31106,36277,36920,26586,29604,17953,22952,5433,10334,2259,2042,15666,14696,18762,17242,21668,21480,27904,28608,34143,34789,25696,28541,17404,22217,5246,9881,281899,253196,33269,31386,46666,44957,18667,83,38
2021-11-28T23:59:59+01:00,3387,3147,18952,17504,21640,19970,24118,24063,30359,31082,36253,36898,26574,29589,17947,22943,5431,10327,2245,2025,15624,14663,18706,17199,21645,21451,27859,28584,34104,34763,25690,28526,17400,22208,5246,9878,281535,252776,33269,31386,46666,44953,18663,83,38
2021-11-27T23:59:59+01:00,3332,3103,18920,17474,21602,19934,24085,24037,30333,31065,36236,36876,26571,29579,17944,22939,5431,10326,2210,2001,15475,14528,18589,17089,21537,21389,27760,28525,34057,34714,25678,28517,17396,22204,5245,9878,281139,251752,33268,31386,46666,44953,18663,83,38
2021-11-26T23:59:59+01:00,3282,3065,18833,17416,21530,19873,24045,23976,30289,31036,36202,36839,26554,29556,17936,22926,5430,10319,2171,1968,15277,14352,18430,16987,21404,21287,27649,28424,33986,34645,25658,28497,17391,22197,5244,9875,280473,250428,33255,31361,46666,44953,18662,83,38
2021-11-25T23:59:59+01:00,3204,2997,18775,17355,21472,19805,24004,23930,30241,30979,36157,36780,26526,29525,17919,22907,5429,10308,2138,1942,15199,14286,18340,16905,21334,21220,27570,28362,33931,34582,25643,28480,17387,22181,5240,9870,279714,249657,33230,31310,46666,44953,18652,83,38
2021-11-24T23:59:59+01:00,3163,2952,18729,17304,21425,19753,23959,23880,30207,30934,36097,36729,26499,29487,17905,22882,5425,10299,2117,1925,15115,14213,18256,16833,21258,21151,27504,28301,33880,34536,25627,28454,17374,22162,5237,9864,279050,248909,33223,31268,46666,44953,18639,83,38
2021-11-23T23:59:59+01:00,3119,2910,18670,17271,21380,19689,23920,23840,30162,30889,36058,36693,26482,29458,17896,22855,5423,10290,2105,1913,15053,14149,18197,16773,21206,21107,27445,28254,33840,34489,25615,28434,17367,22145,5237,9855,278439,248329,33217,31232,46666,44953,18632,83,38
2021-11-22T23:59:59+01:00,3083,2874,18628,17229,21333,19641,23883,23797,30128,30850,36019,36646,26454,29422,17887,22844,5421,10279,2100,1902,15018,14120,18156,16743,21168,21082,27409,28226,33812,34462,25604,28424,17359,22135,5237,9850,277873,247983,33214,31221,46665,44950,18615,83,38
2021-11-21T23:59:59+01:00,3056,2858,18585,17194,21293,19607,23847,23773,30097,30824,35983,36614,26443,29401,17882,22834,5418,10274,2098,1900,15000,14116,18140,16724,21159,21071,27395,28206,33798,34450,25596,28415,17357,22126,5236,9847,277451,247825,33214,31221,46664,44947,18603,83,38
2021-11-20T23:59:59+01:00,3021,2825,18487,17120,21209,19522,23752,23702,30031,30783,35954,36577,26426,29379,17877,22829,5417,10271,2096,1892,14968,14093,18086,16699,21137,21049,27374,28181,33776,34436,25585,28408,17355,22121,5236,9846,276651,247531,33213,31220,46664,44946,18603,83,38
2021-11-19T23:59:59+01:00,2950,2775,18324,16969,21082,19401,23644,23589,29925,30684,35881,36499,26400,29348,17866,22810,5416,10264,2071,1862,14821,13995,17970,16603,21046,20973,27263,28105,33709,34381,25572,28391,17344,22113,5236,9844,275333,246537,33181,31180,46664,44946,18598,83,38
2021-11-18T23:59:59+01:00,2900,2728,18206,16878,20949,19287,23563,23504,29850,30604,35804,36420,26372,29308,17846,22786,5410,10260,2054,1843,14754,13941,17902,16554,20989,20925,27218,28049,33649,34338,25557,28369,17335,22095,5233,9839,274278,245987,33139,31130,46664,44946,18543,83,38
2021-11-17T23:59:59+01:00,2851,2676,18096,16778,20851,19174,23466,23397,29770,30525,35742,36343,26323,29259,17829,22756,5404,10251,2038,1829,14704,13896,17858,16502,20945,20889,27172,28010,33607,34306,25536,28343,17327,22075,5230,9822,273141,245479,33119,31107,46661,44946,18519,83,38
2021-11-16T23:59:59+01:00,2807,2649,17968,16677,20735,19057,23350,23302,29685,30453,35672,36277,26290,29214,17808,22721,5401,10246,2022,1818,14668,13851,17819,16460,20903,20857,27145,27960,33566,34264,25519,28335,17317,22063,5229,9813,271997,245038,33097,31081,46661,44946,18506,83,38
2021-11-15T23:59:59+01:00,2786,2618,17883,16604,20645,18980,23289,23235,29620,30376,35618,36224,26272,29188,17795,22712,5400,10238,2013,1810,14617,13830,17787,16439,20887,20824,27114,27921,33548,34238,25508,28315,17310,22051,5220,9786,271195,244679,33091,31067,46658,44946,18488,83,38
2021-11-14T23:59:59+01:00,2767,2587,17835,16578,20594,18932,23247,23193,29584,30336,35595,36184,26259,29173,17791,22704,5397,10233,2008,1805,14594,13814,17762,16422,20869,20810,27093,27891,33526,34223,25498,28309,17304,22048,5217,9782,270746,244479,33089,31067,46656,44945,18446,83,38
2021-11-13T23:59:59+01:00,2717,2534,17622,16434,20399,18793,23133,23086,29466,30249,35520,36112,26246,29158,17783,22693,5395,10231,2003,1798,14562,13799,17734,16396,20840,20787,27069,27875,33502,34200,25490,28301,17300,22043,5217,9782,269330,244203,33088,31067,46656,44945,18445,83,38
2021-11-12T23:59:59+01:00,2657,2467,17338,16198,20179,18598,22968,22943,29303,30097,35398,36010,26221,29129,17768,22666,5389,10226,1995,1779,14479,13736,17642,16322,20758,20744,26995,27809,33464,34155,25485,28285,17299,22033,5217,9779,267384,243531,33037,31036,46655,44944,18427,83,38
2021-11-11T23:59:59+01:00,2595,2411,17146,16036,20018,18462,22820,22795,29167,29981,35324,35915,26183,29089,17750,22649,5386,10216,1980,1758,14402,13677,17573,16258,20688,20679,26931,27753,33411,34115,25467,28259,17294,22021,5213,9776,265927,242961,32959,30963,46655,44943,18350,83,38
2021-11-10T23:59:59+01:00,2546,2375,17014,15916,19870,18346,22717,22692,29066,29897,35253,35841,26156,29056,17741,22630,5382,10204,1971,1745,14366,13623,17528,16218,20643,20627,26881,27699,33372,34078,25440,28230,17278,22012,5213,9773,264754,242467,32926,30933,46654,44943,18316,83,38
2021-11-09T23:59:59+01:00,2527,2345,16899,15802,19763,18244,22606,22591,28988,29825,35184,35777,26134,29029,17726,22615,5380,10197,1964,1731,14340,13587,17504,16194,20617,20601,26850,27666,33337,34049,25428,28215,17270,22003,5213,9767,263721,242158,32904,30896,46654,44943,18301,83,38
2021-11-08T23:59:59+01:00,2422,2225,16664,15614,19637,18133,22499,22500,28894,29745,35107,35717,26109,29010,17713,22600,5378,10192,1953,1725,14294,13541,17477,16158,20593,20565,26820,27635,33310,34016,25416,28197,17268,21995,5209,9765,262289,241817,32903,30873,46648,44942,18267,83,38
2021-11-07T23:59:59+01:00,2408,2209,16615,15577,19580,18083,22453,22461,28850,29717,35067,35686,26100,29002,17706,22594,5378,10190,1942,1719,14276,13514,17458,16131,20574,20545,26809,27616,33289,34000,25407,28187,17261,21988,5208,9762,261844,241600,32902,30873,46645,44942,18233,83,38
2021-11-06T23:59:59+01:00,2370,2168,16399,15392,19409,17942,22321,22362,28730,29628,35002,35631,26087,28990,17701,22590,5377,10189,1937,1717,14251,13497,17434,16113,20562,20531,26794,27604,33283,33986,25403,28183,17259,21986,5208,9761,260458,241423,32900,30873,46645,44942,18233,83,38
2021-11-05T23:59:59+01:00,2297,2099,16087,15107,19169,17715,22112,22182,28565,29477,34893,35549,26071,28970,17694,22579,5377,10187,1920,1705,14170,13418,17376,16061,20509,20485,26752,27569,33261,33967,25397,28174,17254,21975,5208,9758,258457,241010,32839,30832,46645,44942,18137,83,38
2021-11-04T23:59:59+01:00,2261,2068,15941,14965,19020,17581,22006,22067,28457,29368,34812,35500,26058,28946,17691,22570,5376,10186,1900,1685,14111,13356,17315,15994,20458,20418,26708,27511,33217,33926,25384,28156,17241,21963,5208,9749,257429,240582,32793,30783,46640,44938,17959,83,38
2021-11-03T23:59:59+01:00,2243,2044,15820,14864,18921,17504,21908,21984,28372,29305,34755,35470,26038,28924,17684,22559,5374,10183,1882,1671,14074,13316,17277,15947,20422,20387,26672,27470,33176,33896,25369,28136,17232,21946,5207,9740,256551,240152,32787,30769,46639,44938,17923,83,38
2021-11-02T23:59:59+01:00,2234,2031,15749,14793,18834,17433,21833,21927,28305,29263,34719,35436,26026,28908,17679,22557,5373,10180,1862,1659,14030,13274,17229,15918,20386,20352,26643,27445,33143,33863,25359,28121,17227,21936,5205,9734,255943,239768,32757,30754,46639,44937,17889,83,38
2021-11-01T23:59:59+01:00,2227,2018,15691,14751,18769,17400,21790,21898,28268,29242,34699,35419,26020,28907,17677,22554,5373,10179,1850,1652,13993,13251,17207,15891,20366,20338,26622,27427,33131,33856,25351,28117,17224,21927,5204,9732,255569,239552,32757,30746,46637,44936,17867,83,38
2021-10-31T23:59:59+01:00,2227,2018,15691,14751,18769,17400,21790,21898,28267,29242,34698,35419,26020,28907,17677,22554,5373,10179,1850,1652,13993,13251,17207,15890,20366,20338,26621,27427,33131,33856,25351,28117,17224,21927,5204,9732,255568,239551,32757,30746,46637,44936,17866,83,38
2021-10-30T23:59:59+02:00,2225,2015,15688,14751,18769,17400,21788,21897,28266,29242,34698,35418,26020,28906,17677,22554,5373,10179,1848,1651,13992,13251,17207,15890,20366,20338,26621,27427,33130,33856,25351,28117,17224,21927,5204,9732,255555,239546,32756,30746,46637,44936,17866,83,38
2021-10-29T23:59:59+02:00,2201,1984,15558,14648,18624,17289,21667,21811,28149,29171,34630,35378,26009,28898,17672,22552,5373,10177,1835,1638,13927,13216,17156,15843,20317,20316,26584,27402,33111,33836,25348,28113,17222,21923,5204,9729,254648,239291,32708,30709,46637,44936,17746,83,38
2021-10-28T23:59:59+02:00,2178,1955,15419,14549,18441,17172,21546,21723,28051,29098,34568,35330,25996,28886,17668,22545,5373,10175,1821,1622,13848,13144,17062,15777,20256,20260,26536,27359,33072,33810,25326,28094,17214,21913,5200,9725,253805,238896,32623,30615,46636,44933,17557,83,38
2021-10-27T23:59:59+02:00,2153,1942,15359,14489,18393,17122,21489,21695,28017,29067,34541,35310,25991,28870,17661,22542,5373,10174,1809,1608,13816,13111,17041,15756,20241,20242,26517,27324,33049,33790,25308,28073,17206,21897,5196,9723,253354,238599,32620,30611,46636,44933,17526,83,38
2021-10-26T23:59:59+02:00,2140,1918,15317,14458,18356,17086,21458,21678,27999,29047,34522,35300,25984,28866,17658,22540,5373,10174,1800,1601,13791,13073,17017,15728,20219,20221,26500,27306,33027,33777,25298,28055,17196,21878,5192,9706,253052,238292,32614,30602,46636,44933,17520,83,38
2021-10-25T23:59:59+02:00,2134,1913,15284,14440,18334,17069,21443,21669,27986,29041,34518,35295,25984,28864,17658,22540,5373,10174,1799,1601,13787,13069,17014,15726,20219,20218,26499,27305,33024,33775,25298,28055,17196,21877,5192,9706,252901,238271,32610,30598,46636,44933,17520,83,38
2021-10-24T23:59:59+02:00,2124,1907,15269,14433,18318,17059,21430,21661,27973,29028,34510,35288,25983,28859,17656,22540,5373,10174,1793,1595,13774,13050,17006,15713,20211,20209,26489,27299,33019,33767,25294,28050,17194,21876,5191,9705,252777,238155,32610,30598,46635,44933,17511,83,38
2021-10-23T23:59:59+02:00,2124,1907,15269,14433,18317,17059,21430,21660,27973,29028,34510,35288,25983,28859,17656,22540,5373,10174,1793,1595,13774,13050,17006,15713,20211,20209,26489,27299,33018,33767,25294,28050,17194,21876,5191,9705,252775,238154,32610,30598,46635,44933,17511,83,38
2021-10-22T23:59:59+02:00,2109,1890,15202,14387,18223,17000,21362,21610,27919,28981,34479,35272,25983,28855,17655,22537,5372,10173,1776,1574,13721,12986,16960,15678,20178,20185,26468,27281,32998,33750,25286,28048,17194,21873,5191,9704,252303,237833,32549,30577,46635,44933,17470,83,38
2021-10-21T23:59:59+02:00,2079,1858,15083,14303,18103,16909,21271,21550,27845,28918,34414,35233,25969,28835,17649,22527,5371,10169,1749,1557,13642,12905,16893,15628,20120,20140,26413,27235,32950,33715,25269,28029,17183,21850,5190,9699,251545,237359,32493,30477,46635,44933,17360,83,38
2021-10-20T23:59:59+02:00,2067,1847,15032,14270,18054,16872,21223,21510,27814,28892,34386,35215,25962,28822,17641,22516,5370,10164,1727,1544,13612,12871,16860,15592,20089,20109,26382,27205,32927,33682,25249,28017,17172,21840,5190,9694,251143,236980,32479,30465,46635,44933,17346,83,38
2021-10-19T23:59:59+02:00,2058,1840,15012,14240,18032,16851,21207,21495,27801,28876,34368,35203,25950,28813,17639,22513,5370,10164,1713,1526,13591,12833,16824,15555,20059,20085,26357,27181,32896,33660,25232,28000,17166,21826,5186,9688,250932,236611,32479,30464,46635,44933,17332,83,38
2021-10-18T23:59:59+02:00,2053,1833,14990,14222,18015,16831,21182,21470,27786,28864,34355,35189,25948,28807,17637,22510,5367,10163,1699,1514,13564,12802,16809,15527,20038,20060,26339,27156,32881,33641,25220,27991,17162,21818,5183,9686,250746,236350,32468,30452,46635,44931,17319,83,38
2021-10-17T23:59:59+02:00,2049,1831,14969,14212,18012,16825,21178,21464,27780,28855,34352,35184,25943,28804,17635,22510,5366,10159,1697,1508,13537,12781,16789,15511,20024,20043,26323,27144,32871,33630,25211,27983,17158,21815,5178,9677,250662,236155,32467,30451,46635,44926,17310,83,38
2021-10-16T23:59:59+02:00,2049,1830,14969,14209,18012,16825,21177,21464,27780,28855,34352,35184,25943,28804,17635,22510,5366,10159,1697,1508,13537,12781,16789,15511,20024,20043,26323,27144,32871,33630,25211,27983,17158,21815,5178,9677,250657,236155,32467,30451,46635,44926,17310,83,38
2021-10-15T23:59:59+02:00,2044,1815,14940,14175,17992,16802,21153,21450,27764,28844,34337,35178,25943,28801,17634,22506,5366,10157,1680,1486,13467,12726,16755,15478,19987,20017,26301,27119,32860,33614,25208,27980,17153,21812,5177,9676,250487,235833,32442,30416,46635,44926,17283,83,38
2021-10-14T23:59:59+02:00,2016,1798,14850,14106,17931,16748,21115,21417,27727,28813,34308,35156,25935,28793,17630,22498,5365,10151,1653,1457,13370,12630,16690,15415,19941,19947,26243,27067,32817,33579,25190,27958,17139,21793,5175,9673,250079,235304,32386,30266,46635,44926,17203,83,38
2021-10-13T23:59:59+02:00,2001,1789,14818,14063,17906,16720,21100,21398,27703,28797,34287,35143,25928,28783,17622,22490,5364,10148,1638,1445,13325,12590,16660,15380,19903,19901,26215,27041,32788,33538,25170,27937,17130,21768,5170,9667,249801,234854,32384,30262,46635,44926,17186,83,38
2021-10-12T23:59:59+02:00,1992,1784,14786,14032,17887,16694,21075,21376,27684,28776,34268,35126,25923,28777,17620,22482,5363,10146,1624,1437,13284,12543,16636,15335,19869,19866,26190,27014,32760,33515,25152,27913,17118,21747,5160,9636,249542,234397,32382,30260,46635,44926,17178,83,38
2021-10-11T23:59:59+02:00,1986,1776,14763,14019,17873,16677,21061,21364,27672,28766,34259,35112,25919,28770,17616,22477,5363,10142,1620,1426,13250,12511,16619,15308,19850,19840,26171,26987,32735,33486,25134,27892,17111,21735,5159,9626,249382,234073,32382,30260,46634,44926,17163,83,38
2021-10-10T23:59:59+02:00,1973,1763,14745,14001,17855,16662,21053,21350,27666,28761,34249,35105,25919,28766,17615,22474,5361,10142,1600,1416,13222,12485,16592,15279,19830,19820,26155,26968,32722,33471,25126,27882,17106,21732,5157,9623,249241,233817,32382,30260,46634,44922,17149,83,38
2021-10-09T23:59:59+02:00,1973,1763,14745,14001,17854,16661,21052,21349,27666,28761,34248,35104,25919,28764,17615,22474,5361,10142,1600,1416,13222,12485,16591,15279,19829,19820,26155,26967,32721,33469,25126,27880,17106,21732,5157,9623,249239,233816,32382,30259,46634,44922,17143,83,38
2021-10-08T23:59:59+02:00,1956,1748,14708,13979,17826,16636,21029,21334,27647,28746,34233,35089,25914,28763,17615,22472,5360,10140,1577,1377,13145,12397,16535,15227,19776,19780,26126,26933,32700,33448,25115,27869,17101,21727,5155,9622,249043,233308,32364,30242,46634,44922,17100,83,38
2021-10-07T23:59:59+02:00,1934,1728,14637,13906,17757,16584,20983,21273,27599,28718,34183,35059,25890,28741,17607,22460,5359,10136,1537,1344,13047,12323,16472,15155,19726,19731,26052,26880,32651,33405,25090,27847,17083,21708,5148,9606,248584,232788,32307,30082,46633,44921,16976,83,38
2021-10-06T23:59:59+02:00,1926,1710,14601,13871,17733,16556,20964,21249,27570,28687,34150,35038,25876,28728,17604,22455,5356,10133,1520,1331,13020,12284,16447,15127,19701,19705,26024,26853,32628,33375,25078,27834,17073,21696,5146,9600,248282,232472,32307,30082,46633,44921,16929,83,38
2021-10-05T23:59:59+02:00,1919,1698,14577,13834,17701,16540,20943,21228,27548,28660,34130,35011,25859,28712,17595,22444,5356,10130,1503,1316,12987,12252,16421,15109,19680,19682,26003,26826,32606,33357,25070,27825,17066,21689,5142,9595,247983,232181,32306,30082,46632,44920,16908,83,38
2021-10-04T23:59:59+02:00,1907,1693,14528,13796,17669,16511,20922,21207,27524,28636,34115,34992,25852,28695,17592,22439,5355,10127,1481,1300,12949,12215,16401,15079,19666,19658,25978,26798,32588,33329,25059,27815,17060,21682,5140,9591,247733,231893,32279,30079,46631,44919,16860,83,38
2021-10-03T23:59:59+02:00,1895,1687,14509,13767,17650,16493,20910,21197,27513,28624,34105,34983,25843,28690,17585,22431,5354,10125,1470,1290,12927,12197,16376,15061,19655,19647,25968,26785,32577,33316,25048,27804,17060,21674,5140,9591,247594,231742,32268,30075,46628,44918,16813,83,38
2021-10-02T23:59:59+02:00,1894,1687,14507,13766,17649,16492,20910,21196,27513,28624,34104,34983,25843,28689,17585,22431,5354,10125,1470,1290,12927,12196,16376,15061,19655,19647,25968,26785,32577,33316,25048,27804,17060,21674,5140,9591,247585,231741,32268,30075,46628,44918,16813,83,38
2021-10-01T23:59:59+02:00,1881,1668,14441,13702,17587,16440,20867,21154,27476,28604,34079,34964,25835,28685,17585,22425,5354,10122,1435,1253,12825,12094,16294,15004,19596,19598,25932,26750,32546,33288,25033,27789,17056,21666,5139,9589,247251,231170,32236,30065,46628,44918,16696,83,38
2021-09-30T23:59:59+02:00,1868,1648,14341,13616,17524,16382,20808,21103,27421,28546,34022,34938,25813,28668,17576,22415,5352,10119,1411,1229,12719,12019,16222,14954,19546,19545,25879,26692,32492,33260,25012,27767,17050,21654,5136,9588,246881,230857,32109,29884,46625,44909,16487,83,38
2021-09-29T23:59:59+02:00,1853,1628,14316,13591,17501,16340,20771,21073,27394,28513,33997,34915,25794,28652,17570,22405,5352,10118,1393,1216,12687,11986,16202,14926,19532,19526,25863,26674,32474,33237,24997,27754,17040,21641,5133,9584,246534,230577,32108,29884,46625,44908,16458,83,38
2021-09-28T23:59:59+02:00,1836,1619,14284,13559,17474,16305,20744,21037,27361,28490,33970,34891,25780,28632,17560,22395,5349,10112,1368,1210,12648,11955,16182,14899,19516,19500,25843,26663,32461,33216,24991,27743,17037,21635,5131,9583,246176,230320,32107,29884,46625,44907,16432,83,38
2021-09-27T23:59:59+02:00,1828,1614,14255,13532,17452,16282,20717,21014,27339,28470,33951,34869,25772,28619,17558,22387,5349,10109,1354,1199,12608,11920,16158,14877,19488,19482,25823,26640,32452,33196,24983,27730,17031,21627,5129,9582,245952,230081,32107,29884,46625,44901,16375,83,38
2021-09-26T23:59:59+02:00,1824,1609,14239,13512,17432,16265,20706,20999,27323,28455,33943,34856,25761,28614,17554,22386,5348,10108,1347,1195,12592,11900,16143,14860,19476,19470,25814,26629,32441,33185,24977,27728,17028,21623,5128,9581,245800,229951,32107,29883,46625,44901,16344,83,38
2021-09-25T23:59:59+02:00,1821,1607,14226,13495,17410,16253,20685,20988,27304,28439,33930,34848,25753,28609,17549,22383,5347,10106,1345,1193,12581,11885,16124,14849,19456,19458,25799,26612,32429,33177,24970,27723,17023,21620,5128,9579,245757,229924,32107,29883,46625,44901,16205,83,38
2021-09-24T23:59:59+02:00,1803,1583,14144,13415,17341,16204,20630,20938,27265,28395,33890,34817,25735,28598,17539,22373,5345,10102,1316,1174,12487,11781,16041,14780,19403,19397,25752,26576,32381,33147,24947,27702,17014,21608,5126,9575,245364,229409,32088,29878,46625,44901,15981,83,38
2021-09-23T23:59:59+02:00,1781,1563,14041,13316,17249,16118,20539,20861,27183,28335,33840,34757,25709,28575,17527,22354,5341,10095,1303,1165,12399,11706,15971,14713,19329,19347,25692,26519,32335,33111,24927,27683,17008,21597,5123,9569,244870,229076,31988,29840,46624,44900,15643,83,38
2021-09-22T23:59:59+02:00,1762,1550,14004,13268,17199,16075,20485,20813,27144,28288,33789,34706,25679,28548,17519,22332,5337,10091,1286,1156,12357,11660,15924,14679,19298,19318,25663,26491,32285,33076,24899,27658,17002,21583,5120,9560,244448,228753,31962,29831,46624,44898,15495,83,38
2021-09-21T23:59:59+02:00,1749,1535,13943,13214,17176,16025,20452,20773,27113,28247,33753,34685,25666,28530,17507,22308,5329,10063,1261,1133,12310,11600,15893,14651,19265,19279,25636,26463,32260,33049,24878,27640,16999,21574,5118,9549,243954,228371,31958,29781,46624,44896,15472,83,38
2021-09-20T23:59:59+02:00,1739,1528,13890,13176,17140,15984,20413,20740,27072,28209,33718,34650,25647,28503,17499,22291,5318,10036,1242,1129,12251,11566,15861,14628,19237,19252,25608,26439,32238,33025,24865,27627,16997,21566,5113,9535,243512,228065,31958,29781,46624,44896,15399,83,38
2021-09-19T23:59:59+02:00,1734,1519,13865,13150,17109,15962,20388,20721,27051,28180,33705,34636,25639,28494,17496,22288,5317,10034,1238,1118,12227,11545,15838,14608,19225,19233,25595,26427,32228,33014,24858,27622,16991,21560,5112,9535,243283,227897,31956,29780,46624,44894,15365,83,38
2021-09-18T23:59:59+02:00,1731,1515,13853,13138,17098,15955,20378,20714,27044,28176,33699,34632,25639,28494,17496,22287,5317,10034,1238,1116,12220,11537,15828,14603,19215,19230,25588,26423,32223,33012,24858,27622,16991,21560,5112,9535,243246,227877,31943,29775,46624,44894,15327,83,38
2021-09-17T23:59:59+02:00,1708,1481,13753,13024,16990,15879,20297,20643,26973,28116,33646,34588,25616,28471,17484,22276,5316,10031,1221,1099,12135,11460,15727,14526,19127,19158,25519,26354,32160,32969,24839,27602,16981,21542,5111,9531,242782,227436,31896,29763,46624,44894,14930,83,38
2021-09-16T23:59:59+02:00,1681,1443,13655,12914,16903,15782,20204,20552,26872,28030,33569,34522,25584,28438,17470,22252,5309,10010,1197,1073,12046,11381,15657,14461,19045,19078,25431,26273,32099,32914,24797,27564,16971,21529,5108,9520,242164,226967,31799,29704,46624,44892,14543,83,38
2021-09-15T23:59:59+02:00,1663,1434,13594,12862,16851,15720,20158,20500,26816,27979,33518,34467,25558,28406,17455,22223,5302,9987,1177,1057,11985,11320,15600,14408,18993,19026,25370,26223,32042,32859,24765,27531,16955,21510,5104,9509,241745,226528,31778,29688,46620,44890,14290,83,38
2021-09-14T23:59:59+02:00,1647,1423,13532,12794,16779,15668,20098,20453,26766,27923,33468,34416,25536,28387,17442,22212,5298,9982,1149,1035,11924,11258,15528,14348,18938,18982,25323,26170,31985,32807,24735,27508,16941,21494,5104,9504,241343,226136,31726,29594,46620,44890,14075,83,38
2021-09-13T23:59:59+02:00,1625,1407,13492,12757,16751,15641,20080,20428,26744,27898,33446,34392,25525,28379,17437,22201,5298,9979,1132,1020,11880,11225,15494,14326,18915,18952,25299,26142,31958,32785,24724,27497,16928,21485,5101,9503,241058,225827,31725,29592,46615,44888,14021,83,38
2021-09-12T23:59:59+02:00,1614,1404,13458,12734,16711,15625,20066,20417,26733,27879,33440,34380,25519,28372,17436,22197,5298,9976,1120,1014,11836,11205,15450,14307,18891,18931,25283,26129,31944,32771,24716,27488,16925,21481,5100,9500,240898,225611,31725,29592,46612,44887,13963,83,38
2021-09-11T23:59:59+02:00,1603,1403,13442,12722,16697,15616,20056,20414,26721,27873,33436,34376,25515,28371,17435,22196,5296,9976,1041,952,11769,11154,15434,14299,18883,18920,25270,26117,31936,32758,24714,27486,16924,21480,5100,9500,240833,225286,31704,29590,46612,44887,13936,83,38
2021-09-10T23:59:59+02:00,1564,1357,13294,12596,16625,15539,19948,20329,26639,27809,33374,34322,25475,28341,17419,22173,5290,9971,1014,927,11648,11051,15348,14216,18774,18836,25177,26060,31862,32701,24672,27456,16907,21460,5095,9495,240235,224729,31687,29579,46612,44887,13466,83,38
2021-09-09T23:59:59+02:00,1541,1336,13224,12531,16571,15489,19895,20290,26587,27742,33332,34282,25447,28323,17414,22160,5286,9964,994,903,11584,10978,15296,14165,18719,18805,25122,26019,31814,32667,24650,27441,16894,21450,5092,9484,239864,224353,31612,29539,46612,44887,13260,83,38
2021-09-08T23:59:59+02:00,1526,1319,13195,12507,16555,15465,19875,20277,26571,27730,33319,34271,25435,28315,17408,22154,5283,9961,982,887,11540,10934,15271,14147,18707,18788,25104,25995,31791,32656,24636,27426,16892,21444,5092,9482,239644,224075,31612,29539,46608,44886,13236,83,38
2021-09-07T23:59:59+02:00,1493,1301,13137,12460,16515,15433,19852,20248,26534,27709,33285,34241,25410,28297,17402,22139,5278,9955,964,878,11481,10869,15217,14094,18670,18755,25057,25950,31739,32629,24608,27403,16884,21427,5087,9480,239410,223767,31528,29424,46608,44886,13077,83,38
2021-09-06T23:59:59+02:00,1478,1293,13107,12425,16495,15410,19834,20228,26517,27694,33274,34232,25408,28285,17399,22134,5275,9955,951,868,11459,10837,15200,14063,18649,18740,25041,25930,31718,32614,24598,27391,16883,21419,5084,9480,239192,223540,31528,29413,46608,44885,13049,83,38
2021-09-05T23:59:59+02:00,1468,1285,13090,12405,16481,15393,19823,20221,26511,27685,33264,34220,25406,28282,17397,22130,5275,9955,944,863,11440,10821,15177,14047,18637,18730,25034,25924,31709,32594,24595,27380,16880,21414,5082,9479,239063,223389,31528,29413,46608,44884,13026,83,38
2021-09-04T23:59:59+02:00,1468,1285,13089,12404,16481,15393,19821,20221,26510,27685,33264,34220,25406,28282,17397,22129,5275,9955,943,863,11440,10819,15175,14047,18632,18730,25033,25922,31709,32592,24594,27380,16880,21414,5082,9479,239061,223378,31528,29412,46608,44884,13022,83,38
2021-09-03T23:59:59+02:00,1441,1269,12991,12307,16424,15338,19784,20182,26468,27658,33227,34203,25388,28271,17393,22118,5273,9954,899,829,11300,10692,15113,13973,18560,18684,24962,25873,31649,32556,24561,27352,16867,21398,5079,9475,238564,222568,31528,29409,46608,44884,12923,83,38
2021-09-02T23:59:59+02:00,1426,1262,12927,12265,16381,15304,19748,20154,26434,27624,33202,34182,25373,28259,17388,22113,5273,9950,894,823,11223,10654,15065,13938,18523,18663,24929,25851,31611,32526,24542,27331,16861,21393,5079,9473,238338,222306,31463,29366,46604,44875,12794,83,38
2021-09-01T23:59:59+02:00,1403,1247,12891,12227,16360,15284,19729,20139,26416,27604,33180,34156,25363,28248,17382,22103,5270,9946,878,801,11182,10619,15045,13910,18503,18643,24908,25829,31586,32493,24527,27317,16853,21387,5077,9471,238038,221976,31463,29363,46603,44874,12778,83,38
2021-08-31T23:59:59+02:00,1371,1226,12836,12167,16314,15248,19695,20094,26370,27555,33140,34121,25347,28227,17376,22090,5266,9942,856,776,11110,10550,14997,13849,18450,18610,24858,25775,31529,32450,24496,27301,16844,21374,5074,9464,237728,221547,31400,29334,46603,44855,12589,82,38
2021-08-30T23:59:59+02:00,1347,1211,12790,12129,16287,15226,19675,20077,26346,27538,33119,34104,25336,28217,17376,22086,5264,9940,848,765,11031,10517,14969,13828,18428,18586,24830,25759,31503,32423,24485,27286,16838,21367,5071,9461,237469,221249,31400,29334,46603,44844,12530,82,38
2021-08-29T23:59:59+02:00,1341,1205,12776,12112,16276,15217,19666,20067,26343,27529,33112,34090,25331,28211,17374,22085,5264,9940,835,756,11013,10479,14958,13811,18412,18572,24817,25749,31494,32411,24476,27274,16836,21361,5071,9461,237364,221069,31400,29333,46603,44840,12506,82,38
2021-08-28T23:59:59+02:00,1334,1191,12744,12091,16262,15205,19655,20053,26336,27519,33103,34084,25329,28206,17373,22082,5264,9939,816,731,10937,10408,14923,13778,18365,18545,24781,25716,31451,32380,24459,27261,16827,21345,5071,9458,237202,220542,31400,29333,46603,44840,12499,82,38
2021-08-27T23:59:59+02:00,1315,1176,12681,12036,16216,15157,19597,20004,26282,27468,33060,34054,25311,28195,17369,22068,5264,9936,813,725,10900,10373,14882,13751,18349,18530,24746,25691,31423,32358,24446,27250,16824,21341,5071,9457,236779,220380,31400,29332,46603,44839,12341,82,38
2021-08-26T23:59:59+02:00,1295,1160,12613,11980,16170,15114,19553,19964,26228,27410,33009,34009,25281,28166,17362,22058,5261,9932,803,710,10833,10323,14834,13707,18302,18501,24701,25654,31377,32319,24424,27233,16817,21332,5071,9453,236409,220063,31341,29317,46603,44832,12144,82,38
2021-08-25T23:59:59+02:00,1278,1145,12590,11938,16149,15087,19531,19948,26201,27392,32974,33980,25262,28147,17355,22051,5260,9929,789,697,10784,10281,14804,13678,18268,18470,24678,25635,31344,32281,24411,27216,16810,21322,5069,9450,236092,219687,31341,29317,46597,44828,12117,82,38
2021-08-24T23:59:59+02:00,1251,1127,12531,11865,16092,15043,19486,19907,26154,27347,32929,33947,25242,28123,17343,22039,5259,9924,767,677,10706,10207,14760,13638,18222,18434,24628,25584,31302,32244,24387,27189,16795,21306,5068,9449,235781,219274,31214,29277,46597,44828,11946,82,38
2021-08-23T23:59:59+02:00,1238,1114,12492,11829,16066,15024,19463,19872,26134,27311,32898,33924,25228,28111,17339,22030,5259,9921,744,661,10650,10153,14730,13597,18184,18400,24601,25554,31267,32210,24374,27169,16788,21303,5066,9448,235478,218865,31213,29277,46596,44825,11894,82,38
2021-08-22T23:59:59+02:00,1230,1107,12477,11808,16051,15008,19456,19853,26122,27300,32887,33908,25216,28105,17337,22028,5256,9921,729,652,10621,10124,14709,13580,18163,18389,24587,25536,31252,32197,24365,27158,16786,21298,5065,9447,235314,218644,31213,29277,46596,44824,11875,82,38
2021-08-21T23:59:59+02:00,1142,1035,12402,11750,16039,14996,19445,19841,26112,27288,32877,33892,25211,28101,17334,22025,5256,9921,718,646,10597,10094,14691,13576,18154,18375,24578,25530,31245,32191,24362,27158,16785,21298,5065,9447,234939,218520,31207,29275,46596,44824,11853,82,38
2021-08-20T23:59:59+02:00,1122,1019,12341,11681,15980,14941,19382,19802,26058,27255,32827,33865,25196,28090,17325,22020,5255,9919,714,640,10542,10057,14650,13541,18114,18349,24542,25511,31215,32174,24353,27151,16779,21295,5065,9446,234438,218236,31207,29275,46596,44824,11765,82,38
2021-08-19T23:59:59+02:00,1096,995,12271,11625,15919,14908,19332,19751,25997,27206,32783,33830,25165,28067,17313,22009,5252,9917,705,628,10445,9979,14581,13502,18058,18311,24474,25470,31148,32130,24312,27132,16770,21278,5064,9443,234145,217803,31115,29266,46595,44814,11509,82,38
2021-08-18T23:59:59+02:00,1084,979,12231,11589,15891,14878,19304,19722,25967,27175,32746,33804,25146,28055,17308,22000,5250,9916,691,617,10390,9911,14534,13479,18008,18282,24427,25432,31089,32091,24290,27114,16764,21265,5060,9437,233827,217345,31114,29258,46594,44803,11438,82,37
2021-08-17T23:59:59+02:00,1057,954,12180,11548,15863,14836,19272,19690,25939,27152,32710,33766,25128,28035,17298,21983,5249,9910,676,593,10296,9829,14480,13432,17953,18227,24377,25390,31029,32048,24261,27090,16753,21245,5057,9430,233525,216745,30989,29198,46594,44799,11389,82,35
2021-08-16T23:59:59+02:00,1045,947,12148,11521,15845,14820,19253,19671,25916,27128,32691,33744,25109,28020,17290,21968,5246,9908,660,580,10240,9761,14455,13389,17928,18189,24333,25355,30992,32017,24235,27056,16738,21231,5057,9427,233296,216298,30988,29198,46594,44793,11319,82,35
2021-08-15T23:59:59+02:00,1037,947,12123,11505,15831,14803,19239,19656,25905,27118,32670,33729,25103,28011,17286,21957,5245,9908,653,572,10192,9726,14416,13366,17905,18165,24307,25341,30971,31991,24218,27048,16733,21223,5056,9425,233136,216003,30987,29198,46593,44788,11284,82,35
2021-08-14T23:59:59+02:00,1036,947,12122,11502,15831,14802,19236,19654,25904,27118,32670,33728,25103,28011,17286,21957,5245,9908,597,511,10026,9506,14311,13275,17830,18119,24258,25309,30931,31958,24203,27035,16730,21220,5054,9424,233128,214999,30987,29197,46593,44787,11279,82,35
2021-08-13T23:59:59+02:00,991,907,11972,11377,15778,14741,19171,19599,25833,27068,32617,33693,25078,27983,17275,21947,5244,9904,589,506,9971,9452,14271,13246,17790,18093,24226,25290,30907,31936,24192,27021,16724,21211,5054,9420,232300,214656,30986,29197,46593,44784,11227,81,35
2021-08-12T23:59:59+02:00,977,885,11915,11316,15729,14701,19134,19573,25787,27044,32571,33664,25053,27967,17266,21941,5244,9901,580,497,9879,9384,14198,13204,17729,18043,24159,25254,30853,31887,24164,26996,16708,21193,5052,9420,232068,214232,30961,29191,46593,44769,10973,81,35
2021-08-11T23:59:59+02:00,963,874,11882,11281,15710,14678,19102,19555,25765,27025,32546,33635,25034,27945,17262,21933,5243,9899,536,464,9805,9322,14144,13163,17681,17998,24118,25232,30813,31839,24134,26964,16693,21180,5051,9414,231775,213657,30961,29187,46592,44741,10931,81,35
2021-08-10T23:59:59+02:00,944,864,11794,11227,15657,14647,19057,19518,25711,26990,32489,33581,25017,27930,17255,21920,5242,9896,523,457,9709,9234,14092,13128,17648,17964,24071,25193,30760,31792,24101,26930,16686,21160,5047,9409,231393,213133,30826,29152,46590,44727,10857,81,35
2021-08-09T23:59:59+02:00,941,847,11766,11192,15641,14631,19035,19504,25679,26969,32460,33551,25009,27921,17249,21912,5242,9893,511,441,9653,9174,14049,13078,17611,17923,24040,25147,30725,31753,24087,26913,16681,21147,5045,9403,231153,212675,30826,29149,46589,44721,10801,81,35
2021-08-08T23:59:59+02:00,930,840,11729,11169,15617,14616,19015,19483,25654,26948,32437,33534,25001,27905,17242,21907,5241,9893,489,432,9575,9118,14000,13050,17584,17893,24007,25112,30693,31722,24074,26894,16673,21133,5044,9400,230955,212273,30826,29148,46589,44720,10717,81,35
2021-08-07T23:59:59+02:00,910,813,11632,11091,15573,14575,18974,19449,25615,26918,32391,33502,24984,27893,17233,21889,5240,9890,420,359,8952,8528,13554,12693,17372,17707,23856,25001,30540,31645,24016,26843,16652,21106,5039,9397,230366,209062,30826,29146,46589,44720,10717,81,35
2021-08-06T23:59:59+02:00,901,810,11602,11066,15559,14561,18963,19442,25600,26902,32382,33495,24980,27889,17228,21887,5240,9889,378,310,8364,7909,13042,12297,17142,17502,23711,24890,30445,31566,23985,26796,16640,21092,5036,9390,230316,205895,30704,29133,46589,44719,10713,81,35
2021-08-05T23:59:59+02:00,898,803,11562,11035,15516,14532,18924,19410,25553,26867,32334,33448,24939,27867,17226,21876,5240,9883,370,304,8310,7845,12993,12242,17093,17461,23646,24850,30369,31512,23938,26754,16626,21074,5034,9381,230089,205471,30703,29128,46587,44710,10458,81,35
2021-08-04T23:59:59+02:00,880,787,11532,11005,15497,14500,18890,19384,25527,26838,32288,33410,24924,27854,17221,21870,5238,9875,348,294,8220,7757,12937,12196,17039,17415,23590,24806,30309,31442,23901,26716,16616,21061,5032,9375,229821,204880,30700,29126,46585,44675,10338,81,35
2021-08-03T23:59:59+02:00,864,770,11485,10966,15473,14478,18857,19363,25501,26809,32253,33375,24904,27835,17211,21865,5234,9874,323,283,8138,7669,12868,12143,16970,17363,23530,24768,30266,31392,23865,26682,16601,21050,5029,9371,229483,204217,30698,29116,46584,44667,10276,81,35
2021-08-02T23:59:59+02:00,855,767,11449,10936,15450,14447,18830,19343,25472,26784,32221,33347,24890,27815,17203,21856,5233,9872,313,276,8041,7577,12790,12082,16911,17297,23473,24696,30215,31334,23846,26659,16580,21040,5027,9366,229202,203504,30697,29115,46584,44659,10210,81,35
2021-08-01T23:59:59+02:00,847,760,11423,10908,15437,14433,18814,19331,25451,26772,32204,33332,24886,27806,17202,21853,5231,9871,300,259,7974,7509,12728,12035,16865,17249,23436,24664,30188,31309,23830,26640,16576,21034,5025,9365,229053,203044,30693,29114,46584,44639,10154,81,35
2021-07-31T23:59:59+02:00,844,759,11420,10902,15435,14430,18810,19327,25450,26771,32201,33331,24886,27805,17202,21853,5231,9871,278,238,7820,7324,11958,11367,16310,16810,23339,24585,30123,31238,23800,26604,16564,21015,5024,9363,229023,199822,30692,29114,46584,44637,10152,81,35
2021-07-30T23:59:59+02:00,843,758,11407,10893,15432,14427,18802,19320,25443,26766,32191,33326,24885,27803,17202,21850,5231,9871,231,198,7539,7085,11415,10921,15831,16378,23200,24479,30014,31126,23763,26559,16547,20993,5024,9359,228954,196745,30691,29113,46582,44623,10146,81,35
2021-07-29T23:59:59+02:00,831,749,11368,10846,15393,14406,18762,19294,25406,26732,32138,33297,24867,27783,17191,21832,5231,9868,141,134,7167,6778,10749,10404,15315,15961,23023,24332,29867,31015,23708,26507,16518,20968,5020,9356,228635,193276,30689,29103,46582,44538,10011,81,35
2021-07-28T23:59:59+02:00,812,735,11321,10793,15370,14377,18731,19266,25380,26704,32111,33272,24851,27765,17186,21820,5230,9864,122,106,7002,6628,10602,10279,15202,15824,22930,24235,29765,30916,23665,26449,16499,20939,5019,9346,228306,192027,30689,29101,46577,44426,9939,81,35
2021-07-27T23:59:59+02:00,803,726,11276,10753,15327,14338,18690,19240,25351,26678,32076,33251,24835,27740,17180,21809,5228,9856,102,93,6781,6412,10442,10164,15057,15691,22825,24125,29657,30804,23613,26384,16484,20912,5016,9333,227985,190866,30689,28774,46576,44390,9830,81,35
2021-07-26T23:59:59+02:00,793,713,11226,10705,15300,14317,18672,19212,25323,26647,32043,33225,24820,27718,17168,21797,5227,9853,94,84,6665,6337,10347,10090,14989,15611,22742,24064,29592,30730,23580,26340,16472,20895,5012,9327,227683,190081,30687,28770,46575,44349,9736,81,35
2021-07-25T23:59:59+02:00,781,703,11196,10677,15279,14292,18652,19188,25296,26622,32022,33207,24804,27707,17164,21788,5226,9851,79,79,6588,6256,10279,10027,14915,15551,22688,24010,29536,30693,23549,26319,16460,20881,5012,9323,227484,189493,30687,28766,46574,44319,9632,81,35
2021-07-24T23:59:59+02:00,757,681,11119,10592,15241,14262,18628,19167,25276,26606,32010,33194,24804,27703,17161,21786,5226,9851,78,78,6186,5910,10130,9913,14539,15268,22464,23852,29417,30609,23513,26281,16443,20863,5009,9319,227100,187132,30686,28762,46574,44317,9626,81,35
2021-07-23T23:59:59+02:00,731,659,11051,10506,15212,14228,18600,19153,25255,26584,31995,33176,24793,27698,17159,21786,5226,9848,75,74,5817,5604,10009,9803,14192,15003,22268,23675,29296,30491,23461,26213,16432,20842,5005,9312,226713,184861,30685,28762,46574,44305,9610,81,34
2021-07-22T23:59:59+02:00,690,619,10896,10340,15114,14139,18513,19104,25175,26530,31923,33112,24757,27657,17145,21768,5222,9843,63,63,5500,5307,9741,9588,13608,14525,21946,23415,29065,30262,23361,26116,16390,20804,5001,9309,225757,181538,30684,28751,46573,44286,9455,81,34
2021-07-21T23:59:59+02:00,670,594,10831,10285,15077,14112,18473,19066,25135,26501,31883,33062,24732,27622,17129,21756,5219,9838,53,57,4892,4845,9298,9332,13224,14295,21711,23259,28878,30113,23296,26039,16364,20781,4999,9306,225327,179764,30673,27489,46570,44118,9337,81,34
2021-07-20T23:59:59+02:00,652,577,10773,10230,15050,14075,18437,19040,25104,26469,31848,33028,24712,27601,17124,21741,5216,9831,48,47,4751,4733,9148,9200,13056,14161,21598,23138,28748,29987,23216,25935,16341,20740,4992,9300,224944,178417,30673,27476,46568,43968,9244,81,34
2021-07-19T23:59:59+02:00,639,564,10734,10199,15019,14051,18413,19031,25075,26443,31815,32999,24694,27578,17118,21730,5214,9828,42,44,4670,4665,9049,9122,12938,14064,21500,23030,28649,29867,23160,25878,16315,20711,4987,9294,224694,177475,30673,27467,46559,43870,9139,81,34
2021-07-18T23:59:59+02:00,624,554,10680,10147,14983,14029,18388,19014,25055,26427,31792,32980,24684,27568,17113,21721,5213,9823,40,42,4563,4564,8912,9000,12812,13924,21413,22939,28576,29788,23131,25848,16306,20698,4984,9293,224418,176464,30673,27453,46559,43816,9066,81,34
2021-07-17T23:59:59+02:00,549,483,10389,9849,14866,13927,18296,18933,24949,26352,31684,32928,24650,27533,17100,21701,5211,9822,39,41,4517,4523,8858,8927,12577,13731,20987,22593,28444,29657,23094,25796,16297,20683,4983,9290,222849,174670,30672,27453,46557,43815,9065,81,34
2021-07-16T23:59:59+02:00,520,446,10254,9728,14806,13887,18244,18881,24913,26319,31664,32903,24641,27518,17097,21694,5211,9819,39,41,4471,4481,8782,8886,12207,13452,20442,22192,28309,29563,23044,25759,16288,20678,4981,9288,222182,172555,30672,27450,46556,43808,9056,81,34
2021-07-15T23:59:59+02:00,488,409,10116,9623,14739,13837,18189,18813,24858,26271,31614,32850,24616,27481,17079,21679,5204,9815,26,31,4258,4343,8455,8676,11692,13050,19335,21343,27891,29219,22873,25588,16223,20605,4971,9272,221448,167844,30670,27437,46555,43607,8929,81,34
2021-07-14T23:59:59+02:00,467,396,10085,9597,14701,13816,18157,18778,24819,26229,31563,32797,24586,27453,17068,21662,5203,9812,22,28,4134,4191,8197,8504,11460,12905,19157,21232,27743,29092,22806,25510,16189,20567,4966,9262,221071,166269,30670,27418,46554,43429,8815,81,34
2021-07-13T23:59:59+02:00,443,382,10035,9544,14671,13787,18130,18744,24784,26208,31527,32755,24570,27422,17057,21650,5202,9809,22,25,4039,4096,8023,8346,11261,12713,19022,21092,27587,28928,22709,25427,16154,20513,4962,9251,220659,164805,30670,27398,46553,43174,8759,81,34
2021-07-12T23:59:59+02:00,431,360,9988,9492,14643,13768,18099,18715,24747,26166,31495,32712,24546,27399,17042,21645,5199,9807,21,22,3934,3998,7851,8225,11101,12576,18906,20972,27466,28809,22634,25366,16127,20487,4961,9247,220283,163639,30669,27379,46552,42981,8670,81,34
2021-07-11T23:59:59+02:00,423,342,9957,9462,14622,13748,18081,18704,24725,26157,31474,32694,24534,27389,17040,21643,5199,9805,18,20,3864,3928,7734,8125,10952,12448,18780,20870,27365,28694,22590,25317,16106,20462,4959,9244,220084,162674,30666,27374,46551,42776,8618,81,34
2021-07-10T23:59:59+02:00,397,318,9844,9359,14567,13708,18030,18682,24700,26137,31455,32678,24526,27380,17036,21639,5197,9803,18,19,3829,3904,7675,8085,10917,12418,18751,20845,27336,28672,22582,25301,16102,20457,4959,9244,219555,162370,30664,27373,46548,42728,8609,81,34
2021-07-09T23:59:59+02:00,337,270,9586,9147,14465,13628,17951,18611,24613,26085,31406,32617,24503,27349,17022,21622,5197,9798,17,18,3762,3866,7537,7993,10699,12270,18526,20706,26919,28354,22397,25107,16047,20397,4956,9237,218331,160220,30664,27368,46547,42601,8585,81,34
2021-07-08T23:59:59+02:00,258,203,9391,9001,14362,13553,17856,18536,24554,26034,31323,32559,24475,27318,17009,21604,5194,9793,15,15,3603,3742,7225,7804,10347,12041,18178,20423,26613,28093,22220,24947,15979,20321,4949,9221,217226,157838,30660,27319,46534,42022,8523,81,34
2021-07-07T23:59:59+02:00,219,175,9304,8896,14323,13523,17820,18495,24500,25997,31281,32519,24450,27288,16996,21586,5194,9785,13,11,3427,3615,6907,7581,9409,11307,17588,19994,26210,27781,21982,24639,15900,20224,4935,9207,216588,155223,30657,25560,46532,41419,8494,81,34
2021-07-06T23:59:59+02:00,197,163,9225,8838,14272,13492,17784,18452,24458,25957,31220,32472,24414,27260,16981,21569,5192,9782,13,10,3311,3542,6701,7458,9138,11143,17341,19811,25933,27526,21825,24436,15819,20120,4922,9192,216017,153287,30643,25547,46529,40914,8459,81,34
2021-07-05T23:59:59+02:00,185,148,9138,8752,14230,13447,17749,18401,24420,25927,31175,32422,24390,27237,16972,21555,5191,9780,13,9,3258,3509,6573,7381,8988,11022,17192,19671,25761,27367,21682,24267,15770,20066,4911,9182,215459,152214,30643,25538,46527,40426,8410,81,34
2021-07-04T23:59:59+02:00,170,141,9087,8702,14197,13433,17722,18383,24394,25906,31153,32396,24375,27223,16966,21547,5190,9777,11,8,3210,3466,6507,7338,8899,10950,17108,19585,25630,27255,21557,24139,15728,20014,4909,9175,215182,151550,30642,25526,46512,40033,8346,81,34
2021-07-03T23:59:59+02:00,167,138,8581,8223,14038,13315,17621,18266,24298,25846,31089,32348,24354,27202,16954,21536,5188,9774,10,8,3151,3388,6387,7219,8725,10805,16889,19397,25241,26942,21441,24001,15698,19974,4905,9169,213379,149488,30641,25526,46512,39976,8326,81,34
2021-07-02T23:59:59+02:00,160,134,8015,7766,13896,13206,17529,18189,24229,25777,31029,32286,24316,27160,16948,21516,5186,9769,9,8,3040,3279,6116,7063,8465,10563,16518,19068,24762,26516,21213,23726,15629,19892,4899,9166,211558,146400,30641,25522,46509,39653,8323,81,34
2021-07-01T23:59:59+02:00,147,124,7887,7662,13812,13146,17460,18136,24163,25727,30977,32233,24288,27135,16938,21504,5185,9768,8,7,2853,3093,5766,6778,8024,10141,15928,18589,23990,25851,20724,23253,15502,19730,4887,9141,210774,141796,30636,25509,46502,38626,8300,81,34
2021-06-30T23:59:59+02:00,129,111,7741,7546,13746,13096,17405,18082,24110,25673,30917,32187,24257,27113,16924,21486,5185,9763,7,7,2756,3017,5608,6636,7797,9920,14969,17718,23374,25297,20364,22859,15369,19569,4873,9107,210207,140256,30460,23236,46498,37495,8226,81,34
2021-06-29T23:59:59+02:00,114,98,7674,7450,13697,13056,17368,18037,24057,25612,30866,32127,24237,27086,16913,21470,5182,9759,5,5,2698,2970,5479,6537,7643,9785,14799,17544,23128,25061,20103,22533,15268,19468,4861,9087,209578,139124,30456,23223,46495,36399,8194,81,34
2021-06-28T23:59:59+02:00,109,92,7610,7379,13628,12994,17321,17986,24015,25567,30809,32083,24220,27058,16906,21460,5180,9757,4,4,2667,2936,5411,6485,7552,9713,14702,17462,22975,24847,19901,22287,15212,19399,4857,9073,209033,138517,30454,23213,46487,35603,8120,81,34
2021-06-27T23:59:59+02:00,95,87,7562,7318,13596,12957,17292,17953,23996,25532,30781,32055,24208,27050,16899,21454,5180,9755,3,3,2645,2922,5362,6460,7479,9667,14605,17396,22878,24761,19774,22144,15181,19348,4853,9064,208679,138001,30453,23201,46481,35232,8077,81,34
2021-06-26T23:59:59+02:00,91,84,7061,6778,13204,12656,17178,17848,23930,25475,30745,32020,24199,27033,16895,21443,5179,9754,3,3,2546,2813,5172,6270,7279,9476,14058,16941,22217,24123,19626,22002,15135,19295,4851,9056,206501,134357,30451,23200,46481,35212,8077,64,20
2021-06-25T23:59:59+02:00,90,82,6581,6297,12750,12286,17017,17729,23840,25410,30664,31980,24176,27006,16890,21433,5177,9751,3,3,2445,2659,4998,6076,7018,9178,13525,16407,21663,23536,19430,21793,15076,19228,4847,9044,204104,130652,30451,23200,46481,34997,8060,64,20
2021-06-24T23:59:59+02:00,80,70,6358,6086,12527,12131,16911,17646,23767,25357,30606,31932,24141,26963,16884,21423,5175,9744,3,3,2240,2424,4629,5696,6519,8689,12801,15691,20510,22531,18967,21311,14970,19097,4835,9029,202829,124699,30449,23190,46474,34050,7986,64,20
2021-06-23T23:59:59+02:00,75,68,5791,5592,12364,12021,16792,17534,23692,25309,30542,31882,24108,26940,16877,21409,5171,9740,3,3,2204,2371,4564,5576,6425,8539,12566,15402,20265,22268,18668,20980,14873,18983,4824,9012,202319,123668,29125,23043,46464,32859,7936,64,20
2021-06-22T23:59:59+02:00,69,63,5651,5462,12263,11914,16704,17458,23632,25247,30473,31803,24079,26907,16867,21388,5167,9738,3,2,2152,2333,4470,5494,6299,8393,11692,14740,19852,21861,18333,20625,14763,18843,4814,8991,201373,122739,29118,21350,46445,31665,7886,64,20
2021-06-21T23:59:59+02:00,66,60,5518,5349,12186,11821,16639,17371,23575,25173,30424,31744,24054,26879,16854,21373,5167,9734,3,2,2119,2298,4410,5397,6212,8264,10911,14031,19398,21451,18105,20393,14701,18746,4805,8974,200547,121933,29112,19562,46440,30880,7825,64,20
2021-06-20T23:59:59+02:00,64,58,5400,5225,12021,11644,16572,17248,23526,25107,30382,31688,24038,26857,16848,21358,5162,9729,3,2,2101,2268,4368,5356,6142,8213,10808,13952,19287,21326,17948,20203,14635,18662,4801,8967,199544,121400,29108,19559,46434,30285,7778,64,20
2021-06-19T23:59:59+02:00,60,54,5382,5206,11251,10982,16092,16853,23464,25062,30338,31645,24020,26837,16840,21346,5162,9729,3,2,2028,2147,4164,5121,5855,7929,10481,13615,18228,20463,17773,20009,14602,18596,4796,8955,196942,117144,29108,19559,46433,30267,7777,64,20
2021-06-18T23:59:59+02:00,57,53,5346,5178,10610,10399,15482,16288,23371,24993,30268,31582,23992,26807,16829,21331,5161,9727,3,2,1958,2058,4022,4979,5576,7659,10099,13251,17073,19248,17571,19770,14553,18530,4793,8945,194103,112723,29100,19559,46433,30013,7775,64,20
2021-06-17T23:59:59+02:00,50,44,5232,5076,9929,9896,14995,15898,23271,24905,30185,31488,23952,26761,16815,21310,5160,9724,3,2,1831,1951,3767,4732,5189,7291,9557,12764,15885,18055,17109,19281,14412,18355,4780,8921,191507,107589,29097,19550,46430,29095,7637,21,14
2021-06-16T23:59:59+02:00,48,36,5100,4946,9734,9730,14848,15768,23176,24811,30086,31412,23908,26717,16800,21298,5159,9714,3,2,1789,1910,3660,4642,5083,7170,8522,11911,15611,17758,16815,18944,14278,18182,4774,8887,190330,106682,29085,17668,46428,28149,7428,21,14
2021-06-15T23:59:59+02:00,42,29,4919,4763,9552,9576,14710,15623,23084,24720,30010,31326,23865,26643,16773,21265,5151,9699,3,2,1730,1853,3577,4546,4989,7051,8406,11766,15429,17528,16496,18633,14136,18013,4751,8828,189010,105906,29082,17663,46409,26925,7229,21,14
2021-06-14T23:59:59+02:00,40,26,4842,4701,9461,9467,14632,15533,23012,24648,29939,31263,23833,26604,16758,21247,5148,9693,3,2,1710,1830,3542,4519,4947,7017,8305,11702,15293,17394,16315,18428,14043,17915,4746,8820,188263,105676,29076,17660,46403,26096,7085,21,14
2021-06-13T23:59:59+02:00,39,25,4786,4653,9379,9394,14547,15467,22950,24597,29872,31210,23807,26576,16749,21237,5148,9691,3,2,1664,1817,3498,4496,4891,6974,8232,11664,15193,17298,16158,18244,13989,17841,4739,8813,187686,105392,29069,17658,46387,25487,6965,21,14
2021-06-12T23:59:59+02:00,37,23,4767,4638,9351,9370,14308,15289,22820,24466,29827,31165,23787,26559,16740,21229,5147,9689,3,2,1541,1692,3262,4286,4483,6673,7684,11233,13414,15606,15804,17871,13908,17739,4737,8798,186774,98678,29069,17657,46387,25424,6963,20,14
2021-06-11T23:59:59+02:00,33,22,4714,4588,9270,9318,13987,15064,22623,24318,29730,31074,23750,26514,16722,21217,5146,9686,3,2,1441,1559,3071,4071,4185,6306,7173,10688,11763,13711,15319,17290,13795,17591,4722,8784,185416,91728,29064,17656,46385,25184,6892,20,14
2021-06-10T23:59:59+02:00,27,19,4431,4366,8721,8990,12710,14039,22053,23864,29356,30769,23615,26355,16671,21149,5133,9671,3,2,1321,1473,2836,3889,3858,6023,6736,10297,10342,12380,14806,16714,13624,17383,4706,8757,180071,87179,29048,17653,46380,23881,6423,18,14
2021-06-09T23:59:59+02:00,24,15,4199,4206,8127,8699,11811,13378,21731,23653,29126,30618,23551,26292,16651,21124,5130,9667,3,2,1237,1419,2681,3816,3718,5942,6527,10204,10074,12201,14480,16361,13452,17203,4699,8736,177959,86836,27779,17548,46374,22484,5873,18,14
2021-06-08T23:59:59+02:00,20,12,4071,4106,7728,8471,11325,13088,21505,23472,28926,30462,23493,26219,16619,21083,5124,9658,3,2,1161,1392,2543,3757,3558,5871,5631,9452,9601,11835,14143,15952,13225,16962,4685,8714,176209,86471,27408,15391,46349,21212,5399,18,14
2021-06-07T23:59:59+02:00,15,10,3950,4030,7489,8364,11034,12909,21298,23359,28771,30343,23435,26165,16601,21059,5120,9650,3,2,1112,1277,2422,3693,3428,5808,5465,9377,9390,11706,13912,15691,13068,16795,4678,8695,174969,86279,27397,15386,46341,19964,4879,17,14
2021-06-06T23:59:59+02:00,13,10,3833,3972,7249,8245,10784,12745,21111,23271,28685,30252,23404,26131,16589,21041,5117,9645,3,2,1092,1259,2357,3658,3331,5753,5358,9302,9269,11605,13756,15535,12995,16701,4675,8688,173818,86081,27378,15380,46331,19310,4554,17,14
2021-06-05T23:59:59+02:00,13,10,3804,3935,7209,8205,10607,12594,20483,22760,28523,30108,23354,26086,16575,21022,5117,9641,3,1,1060,1160,2188,3205,3098,5212,5189,8969,8489,10647,13102,14693,12883,16554,4664,8678,171779,80683,27378,15380,46330,19174,4544,16,14
2021-06-04T23:59:59+02:00,13,10,3774,3907,7170,8178,10509,12502,20118,22429,28419,30012,23319,26048,16561,21013,5115,9640,3,1,1029,1093,2089,2892,2939,4734,5033,8596,7972,9987,11599,12974,12756,16357,4657,8660,170491,74292,27364,15379,46330,19149,4537,16,14
2021-06-03T23:59:59+02:00,8,6,3639,3805,6951,8037,9953,12078,18898,21497,28020,29700,23188,25908,16508,20951,5111,9626,3,1,980,1046,1999,2780,2800,4576,4828,8287,7605,9536,11219,12571,12645,16242,4654,8647,165738,72494,27353,15376,46325,18082,4453,16,14
2021-06-02T23:59:59+02:00,8,6,3630,3797,6938,8020,9941,12067,18709,21316,27948,29651,23164,25887,16502,20942,5108,9624,3,1,974,1038,1987,2751,2777,4557,4615,8102,7068,9047,11182,12529,12630,16227,4650,8641,165666,72384,26808,13880,46325,18057,4444,16,14
2021-06-01T23:59:59+02:00,7,5,3505,3721,6697,7871,9659,11873,18252,20972,27710,29455,23071,25785,16461,20889,5105,9612,3,1,937,990,1901,2681,2697,4482,4335,7868,6470,8511,10968,12315,12532,16127,4645,8629,163973,71934,26032,12587,46309,17236,4321,16,14
2021-05-31T23:59:59+02:00,7,5,3459,3676,6607,7803,9524,11772,18126,20882,27618,29378,23004,25723,16444,20860,5100,9605,3,1,906,962,1831,2638,2617,4439,4227,7804,6348,8432,10780,12144,12431,16011,4635,8621,163126,71563,26004,12580,46296,16522,4152,16,13
2021-05-30T23:59:59+02:00,7,4,3428,3651,6542,7747,9431,11678,18036,20803,27542,29306,22959,25678,16422,20832,5094,9595,3,1,899,954,1820,2629,2601,4425,4197,7779,6295,8389,10719,12064,12397,15967,4630,8612,162415,71518,25998,12577,46279,16225,4048,16,13
2021-05-29T23:59:59+02:00,7,4,3417,3634,6507,7719,9388,11639,17998,20763,27394,29201,22903,25604,16407,20812,5091,9591,2,1,863,935,1763,2583,2529,4341,4006,7523,6020,8090,8503,9395,12203,15625,4615,8581,161753,65243,25998,12575,46266,15700,4047,16,13
2021-05-28T23:59:59+02:00,7,4,3354,3580,6376,7642,9247,11507,17840,20631,27211,29078,22842,25527,16387,20795,5090,9590,2,1,850,922,1744,2559,2491,4287,3854,7227,5824,7825,5783,6260,11929,15223,4599,8532,160397,58318,25996,12575,46262,14968,4038,16,13
2021-05-27T23:59:59+02:00,7,4,3210,3457,6091,7461,8645,11174,17363,20291,26797,28730,22674,25361,16329,20732,5083,9572,2,1,804,865,1658,2462,2372,4152,3430,6254,5399,7224,5622,6084,11847,15148,4593,8515,156926,57822,25936,12528,46253,12218,3851,16,13
2021-05-26T23:59:59+02:00,7,4,3105,3374,5872,7294,8275,10889,16900,19984,26497,28492,22524,25228,16277,20658,5070,9552,2,1,789,855,1605,2436,2319,4120,3356,6178,5302,7152,5486,5957,11781,15080,4588,8503,154230,57737,25917,12526,46231,11624,3610,15,13
2021-05-25T23:59:59+02:00,7,4,3014,3312,5732,7177,8079,10725,15896,19207,26142,28138,22366,25070,16224,20578,5063,9542,2,1,769,838,1568,2388,2247,4059,3279,6106,5216,7087,5319,5787,11672,14999,4580,8491,152668,57662,23998,12335,46213,11014,3384,14,13
2021-05-24T23:59:59+02:00,7,4,2948,3296,5645,7132,7962,10662,14981,18517,25728,27827,22272,24966,16193,20542,5056,9530,2,1,760,836,1547,2370,2204,4021,3234,6057,5140,7007,5217,5679,11590,14924,4579,8485,151946,57621,21926,12259,46202,10580,3181,14,12
2021-05-23T23:59:59+02:00,7,3,2945,3291,5636,7124,7951,10654,14975,18515,25727,27825,22272,24966,16193,20542,5056,9530,2,1,758,833,1539,2363,2190,4008,3215,6042,5119,6974,5172,5627,11574,14901,4578,8483,151910,57613,21926,12259,46200,10332,3163,14,12
2021-05-22T23:59:59+02:00,6,3,2909,3248,5559,7074,7850,10569,14776,18352,25444,27578,22173,24880,16160,20498,5053,9525,2,1,737,814,1492,2310,2138,3927,3102,5919,4798,6398,4600,4877,10926,14079,4568,8444,150374,54365,21926,12258,46200,9353,3144,14,12
2021-05-21T23:59:59+02:00,4,3,2837,3176,5432,6973,7720,10422,14518,18124,25145,27341,22057,24771,16127,20450,5048,9516,2,1,710,761,1423,2180,2036,3658,2917,5585,4317,5502,4182,4336,10180,13138,4502,8317,148422,50611,21924,12258,46193,7754,3112,14,12
2021-05-20T23:59:59+02:00,4,3,2704,3020,5150,6716,7434,10051,14056,17639,24535,26789,21782,24475,16033,20329,5034,9486,1,1,697,751,1396,2156,1997,3624,2863,5528,4235,5422,4054,4232,10102,13075,4493,8305,144261,50513,21914,12246,46167,7276,2885,14,12
2021-05-19T23:59:59+02:00,4,3,2652,2967,5053,6574,7289,9868,12912,16603,24272,26497,21685,24347,15990,20269,5025,9479,1,1,680,726,1370,2109,1964,3538,2800,5381,4142,5313,3973,4142,10050,13011,4490,8301,142876,50482,19847,12179,46095,6661,2658,14,12
2021-05-18T23:59:59+02:00,4,3,2625,2942,5004,6541,7234,9835,12556,16329,24092,26344,21593,24259,15960,20216,5018,9467,1,1,652,668,1314,1981,1888,3336,2701,5172,4012,5116,3749,3864,9966,12931,4481,8291,142586,50454,18995,11178,46050,6102,2378,14,12
2021-05-17T23:59:59+02:00,4,3,2599,2923,4959,6471,7145,9725,12404,16149,23942,26180,21542,24209,15941,20194,5013,9460,0,1,644,654,1298,1945,1867,3285,2652,5064,3933,5001,3613,3710,9896,12868,4478,8284,141609,50424,18986,11168,46033,5367,2222,14,12
2021-05-16T23:59:59+02:00,4,3,2587,2910,4936,6405,7108,9642,12346,16076,23890,26120,21518,24192,15931,20180,5010,9457,0,1,639,650,1288,1942,1849,3275,2630,5053,3903,4978,3559,3643,9857,12836,4477,8282,141174,50405,18976,11156,46012,5150,2139,14,12
2021-05-15T23:59:59+02:00,3,3,2464,2774,4748,6199,6917,9454,11827,15657,23300,25566,21411,24074,15897,20137,5007,9449,0,1,590,587,1205,1852,1714,3123,2344,4744,3451,4469,3229,3214,9693,12632,4453,8253,137777,47448,18975,11156,46007,4824,2114,14,12
2021-05-14T23:59:59+02:00,3,3,2352,2598,4552,5976,6637,9141,11289,15145,22733,24996,21265,23934,15861,20079,5003,9438,0,1,527,511,1102,1731,1554,2907,2014,4339,2849,3880,2842,2775,9608,12483,4449,8249,133956,44511,18969,11153,45981,4060,2085,14,12
2021-05-13T23:59:59+02:00,3,3,2175,2313,4230,5592,6213,8669,10727,14455,21696,24081,20984,23660,15800,19979,4996,9423,0,1,523,511,1089,1716,1537,2889,2004,4315,2832,3859,2825,2761,9601,12479,4448,8249,128056,44458,18914,11144,45954,3964,2061,14,12
2021-05-12T23:59:59+02:00,3,3,2174,2311,4221,5588,6204,8663,10624,14333,21641,24041,20979,23649,15795,19971,4995,9423,0,1,517,488,1053,1662,1487,2810,1920,4228,2773,3800,2744,2666,9550,12406,4448,8249,128002,44454,18590,10317,45954,3961,2058,14,12
2021-05-11T23:59:59+02:00,3,3,2052,2272,4136,5525,6077,8547,10315,14081,21447,23879,20901,23577,15779,19938,4991,9418,0,1,492,464,991,1603,1418,2719,1820,4088,2699,3725,2590,2438,9484,12306,4447,8249,127052,44433,18252,9481,45667,3652,1956,14,12
2021-05-10T23:59:59+02:00,3,3,2012,2197,4029,5402,5939,8369,9521,13315,21069,23558,20810,23487,15738,19884,4981,9405,0,1,480,436,955,1540,1353,2628,1731,3926,2617,3633,2564,2419,9474,12288,4443,8244,125906,44418,16407,9302,45562,3166,1834,13,12
2021-05-09T23:59:59+02:00,3,3,1980,2184,3991,5364,5885,8320,9451,13245,20999,23485,20774,23446,15723,19857,4978,9391,0,1,473,429,932,1496,1327,2579,1697,3864,2579,3590,2555,2406,9463,12271,4443,8236,125455,44358,16402,9299,45465,2927,1745,12,12
2021-05-08T23:59:59+02:00,3,3,1917,2082,3809,5190,5609,8112,9141,12959,19864,22554,20578,23252,15690,19788,4973,9379,0,1,406,400,868,1456,1250,2505,1609,3763,2360,3377,2007,1976,9368,12185,4442,8236,121291,42868,16401,9298,45462,2293,1743,6,7
2021-05-07T23:59:59+02:00,3,3,1831,1970,3628,5022,5288,7817,8729,12584,18611,21278,20394,23039,15646,19731,4964,9360,0,1,321,347,756,1381,1118,2376,1475,3621,2184,3183,1636,1634,8879,11737,4441,8234,116344,41127,16397,9293,45440,1186,1711,6,7
2021-05-06T23:59:59+02:00,3,3,1648,1859,3343,4766,4839,7409,8087,12022,17366,20035,20059,22663,15538,19566,4954,9349,0,1,304,337,737,1351,1078,2329,1426,3535,2116,3115,1601,1578,8862,11706,4435,8231,110483,41105,16390,9287,45202,915,1428,6,7
2021-05-05T23:59:59+02:00,3,3,1579,1829,3258,4678,4760,7302,7955,11870,17212,19890,19939,22542,15462,19469,4932,9253,0,1,295,326,693,1299,1015,2253,1343,3386,2008,2999,1508,1480,8446,11138,4429,8214,109709,41065,16247,8158,45030,659,944,6,7
2021-05-04T23:59:59+02:00,3,3,1553,1798,3209,4599,4699,7190,7705,11573,16648,19307,19851,22409,15385,19371,4902,9140,0,1,279,314,670,1269,994,2199,1285,3266,1895,2840,1435,1374,8374,11034,4424,8196,108991,41039,14897,7882,44924,394,527,6,7
2021-05-03T23:59:59+02:00,3,3,1545,1794,3199,4583,4661,7164,7451,11339,15953,18710,19787,22323,15359,19337,4896,9130,0,1,264,294,648,1185,944,2113,1221,3127,1798,2702,1368,1294,8349,10999,4420,8187,108894,41027,13297,7674,44884,50,156,6,7
2021-05-02T23:59:59+02:00,3,3,1544,1792,3192,4581,4656,7159,7437,11328,15934,18698,19769,22315,15359,19335,4895,9130,0,1,264,291,645,1184,939,2110,1211,3121,1790,2695,1353,1286,8348,10994,4419,8187,108864,41004,13293,7672,44858,47,109,6,6
2021-05-01T23:59:59+02:00,3,3,1414,1646,2916,4331,4189,6802,6818,10846,13997,16815,19387,21916,15268,19219,4892,9114,0,1,262,291,642,1182,938,2107,1209,3119,1788,2691,1348,1281,8346,10992,4419,8187,101321,40972,13293,7672,44851,47,106,5,6
2021-04-30T23:59:59+02:00,2,3,1294,1501,2698,4111,3860,6406,6252,10254,12206,14783,18928,21374,15164,19078,4878,9103,0,1,257,290,635,1174,922,2099,1196,3109,1777,2677,1338,1272,8342,10987,4418,8186,93712,40925,13293,7672,44851,43,34,5,6
2021-04-29T23:59:59+02:00,1,3,1180,1440,2530,3986,3621,6203,5896,9954,10865,13502,18667,21096,15121,19008,4874,9097,0,1,256,286,630,1166,910,2093,1176,3103,1746,2640,1312,1248,8336,10978,4418,8186,89025,40892,13283,7537,44714,33,17,5,6
2021-04-28T23:59:59+02:00,1,3,1127,1434,2481,3966,3570,6179,5832,9921,10765,13434,18635,21062,15113,18992,4874,9094,0,1,256,285,627,1165,907,2089,1171,3099,1738,2639,1305,1229,7890,10456,4418,8186,88754,40866,13233,6545,44475,29,16,5,5
2021-04-27T23:59:59+02:00,1,3,1082,1407,2375,3921,3505,6150,5713,9864,10647,13357,18602,21022,15100,18977,4872,9092,0,1,255,285,625,1158,906,2086,1166,3096,1734,2635,1293,1212,7471,9873,4418,8186,88240,40846,13179,5511,44251,23,15,5,5
2021-04-26T23:59:59+02:00,1,3,1043,1377,2283,3828,3378,6049,5544,9743,10344,13098,18539,20967,15091,18959,4870,9092,0,1,254,284,624,1156,900,2081,1159,3093,1716,2626,1278,1199,7462,9853,4418,8186,86899,40758,13168,5490,44122,22,15,5,5
2021-04-25T23:59:59+02:00,1,3,1040,1375,2275,3824,3371,6043,5524,9734,10309,13067,18529,20953,15090,18953,4870,9091,0,1,253,284,624,1155,900,2080,1157,3093,1716,2626,1278,1199,7461,9851,4418,8186,86871,40754,13160,5487,44003,22,14,4,5
2021-04-24T23:59:59+02:00,1,2,998,1262,2086,3286,3100,5426,5332,9322,9473,12021,17822,20055,14977,18793,4862,9080,0,1,251,283,622,1154,899,2079,1157,3092,1710,2621,1275,1194,7459,9849,4418,8185,80743,40726,13160,5483,43978,22,13,4,5
2021-04-23T23:59:59+02:00,1,2,966,1178,1974,2940,2918,4874,5137,8893,8916,11299,16189,18193,14828,18587,4854,9057,0,1,251,283,621,1154,897,2077,1155,3092,1708,2620,1270,1189,7455,9847,4418,8184,73713,40712,13159,5471,43918,22,12,4,5
2021-04-22T23:59:59+02:00,1,2,961,1166,1955,2923,2896,4854,5080,8847,8800,11193,16116,18115,14801,18557,4852,9052,0,1,249,283,617,1152,894,2076,1147,3080,1692,2600,1246,1167,7450,9839,4418,8184,73659,40697,13100,5360,43396,21,12,4,5
2021-04-21T23:59:59+02:00,1,2,951,1158,1941,2910,2867,4828,5032,8792,8692,11070,16028,18030,14772,18523,4852,9047,0,1,245,280,607,1143,880,2046,1136,3055,1682,2573,1233,1153,7224,9520,4417,8184,73613,40687,13042,4655,42825,20,12,4,5
2021-04-20T23:59:59+02:00,1,2,925,1110,1889,2795,2794,4665,4938,8614,8518,10861,15796,17748,14713,18464,4845,9041,0,1,232,277,589,1122,854,2013,1107,3029,1647,2532,1213,1139,7216,9515,4416,8184,73573,40667,11916,4387,42214,16,12,4,4
2021-04-19T23:59:59+02:00,1,2,916,1102,1855,2775,2744,4640,4814,8552,8318,10749,15703,17651,14691,18445,4845,9035,0,1,226,269,571,1101,835,1980,1089,2986,1601,2477,1195,1120,7209,9512,4413,8183,73171,40630,11895,4108,41756,14,12,4,4
2021-04-18T23:59:59+02:00,1,2,913,1101,1850,2769,2735,4627,4796,8540,8278,10705,15653,17592,14681,18428,4844,9033,0,1,226,269,571,1100,834,1980,1088,2986,1601,2476,1195,1119,7207,9511,4412,8183,73124,40623,11891,4106,41517,14,12,4,4
2021-04-17T23:59:59+02:00,0,2,881,1086,1801,2730,2667,4548,4641,8395,8012,10476,13277,14684,14482,18074,4827,8997,0,1,224,269,571,1097,830,1973,1076,2979,1591,2456,1155,1076,6874,9096,4387,8135,66278,39665,11891,4095,41395,14,12,4,4
2021-04-16T23:59:59+02:00,0,2,875,1080,1789,2719,2625,4508,4549,8311,7831,10281,10436,11419,14210,17655,4808,8942,0,1,223,265,569,1095,825,1970,1067,2976,1583,2443,1142,1062,6868,9090,4385,8132,58980,39588,11888,4078,41156,14,12,4,4
2021-04-15T23:59:59+02:00,0,2,864,1075,1767,2705,2582,4474,4433,8251,7599,10082,10183,11199,14148,17589,4801,8928,0,1,221,264,569,1093,824,1968,1064,2973,1580,2440,1136,1057,6866,9088,4385,8132,58953,39573,11886,4059,39827,13,12,4,4
2021-04-14T23:59:59+02:00,0,2,846,1049,1709,2624,2492,4350,4243,8067,7324,9800,9809,10715,14000,17408,4795,8916,0,1,197,239,528,1041,801,1900,1028,2893,1529,2377,1110,1027,6861,9080,4385,8131,58918,39556,10941,3545,38274,11,12,4,4
2021-04-13T23:59:59+02:00,0,2,822,1027,1671,2572,2422,4266,4141,7928,7112,9580,9402,10195,13852,17241,4790,8902,0,1,162,216,493,993,760,1806,993,2783,1476,2307,1091,992,6845,9069,4384,8131,58863,39491,9992,2990,37054,5,12,4,4
2021-04-12T23:59:59+02:00,0,2,817,1024,1652,2567,2393,4252,4088,7877,6971,9408,9135,9880,13789,17181,4779,8885,0,1,151,202,465,953,738,1742,973,2711,1432,2257,1069,975,6828,9049,4381,8126,58800,39374,9961,2658,35923,5,12,4,4
2021-04-11T23:59:59+02:00,0,2,816,1023,1641,2567,2378,4249,4065,7865,6906,9346,9002,9715,13762,17133,4774,8876,0,1,151,202,465,951,736,1740,971,2710,1430,2257,1069,975,6826,9049,4381,8126,58786,39363,9959,2657,35359,4,12,4,4
2021-04-10T23:59:59+02:00,0,2,801,1019,1612,2538,2341,4220,3995,7806,6773,9229,8443,8981,13095,16280,4763,8834,0,1,148,201,463,948,730,1737,971,2703,1422,2250,1055,959,6354,8549,4365,8110,55450,38291,9957,2655,35309,4,12,4,4
2021-04-09T23:59:59+02:00,0,2,780,991,1571,2488,2275,4140,3842,7645,6425,8896,7916,8321,12273,15256,4691,8695,0,1,146,199,460,941,723,1729,963,2693,1407,2239,1033,936,6112,8273,4345,8083,51458,37612,9950,2651,34783,4,12,4,4
2021-04-08T23:59:59+02:00,0,2,770,981,1545,2464,2209,4092,3709,7556,6169,8595,7298,7666,12110,15056,4680,8679,0,1,146,197,454,937,718,1722,955,2682,1398,2226,1021,933,6109,8271,4344,8083,51422,37589,9925,2588,32218,4,12,4,4
2021-04-07T23:59:59+02:00,0,2,765,971,1518,2446,2150,4052,3621,7486,5939,8329,6742,7031,11500,14307,4667,8651,0,1,127,190,422,890,672,1653,898,2612,1348,2157,1000,916,6101,8264,4343,8083,51389,37562,8768,2096,30005,4,11,4,4
2021-04-06T23:59:59+02:00,0,2,761,969,1504,2438,2121,4028,3548,7437,5758,8156,6297,6525,11297,14089,4652,8620,0,1,104,169,374,830,627,1578,855,2512,1295,2093,974,899,6081,8249,4341,8079,51318,37530,8582,1513,28288,4,10,4,4
2021-04-05T23:59:59+02:00,0,2,756,965,1488,2430,2095,4017,3497,7411,5614,8045,6092,6305,11230,14002,4646,8610,0,1,98,166,373,828,620,1569,846,2497,1282,2074,946,868,4974,6848,4265,7973,51116,34707,8578,1503,27497,4,10,4,4
2021-04-04T23:59:59+02:00,0,2,754,958,1486,2428,2091,4015,3479,7404,5604,8038,6081,6285,11215,13984,4644,8607,0,1,98,166,371,826,617,1564,839,2490,1267,2055,923,846,3964,5686,4199,7868,51100,32259,8576,1503,27385,4,10,4,4
2021-04-03T23:59:59+02:00,0,2,703,902,1404,2357,1968,3876,3219,7143,5142,7547,5737,5829,11042,13766,4616,8579,0,1,94,166,371,824,617,1562,838,2490,1267,2055,923,846,3964,5683,4199,7867,47860,32246,8576,1503,27382,4,10,4,4
2021-04-02T23:59:59+02:00,0,2,659,868,1348,2289,1871,3762,2966,6882,4623,7068,5345,5368,10940,13600,4611,8573,0,1,94,166,371,824,617,1562,837,2490,1265,2054,922,844,3962,5680,4198,7867,44923,32235,8575,1502,27264,4,9,4,4
2021-04-01T23:59:59+02:00,0,2,656,865,1339,2284,1851,3754,2937,6867,4548,6995,5236,5258,10901,13551,4610,8568,0,1,94,166,369,820,615,1558,837,2487,1261,2050,912,843,3957,5677,4197,7866,44906,32223,8430,1470,26873,4,9,4,4
2021-03-31T23:59:59+02:00,0,2,654,863,1331,2267,1843,3744,2909,6839,4485,6950,5097,5096,10386,12942,4606,8560,0,1,94,166,368,819,615,1558,837,2487,1259,2050,911,843,3957,5676,4197,7865,44893,32217,7297,1470,26373,4,8,3,4
2021-03-30T23:59:59+02:00,0,2,645,860,1312,2248,1814,3714,2872,6804,4399,6861,4928,4902,9856,12240,4599,8546,0,1,89,164,367,815,610,1556,832,2481,1251,2047,901,833,3949,5673,4196,7864,44868,32196,6108,1417,25615,4,8,3,4
2021-03-29T23:59:59+02:00,0,2,640,851,1299,2215,1796,3683,2841,6762,4327,6775,4728,4704,9770,12146,4595,8532,0,1,89,164,366,813,604,1552,829,2475,1246,2039,893,827,3941,5665,4196,7864,44797,32179,5890,1370,24968,3,8,3,4
2021-03-28T23:59:59+02:00,0,2,637,849,1296,2212,1781,3673,2825,6750,4292,6723,4633,4593,9734,12082,4590,8525,0,1,89,164,366,811,604,1552,827,2475,1244,2039,892,827,3940,5665,4196,7864,44775,32177,5881,1364,24530,3,8,3,4
2021-03-27T23:59:59+01:00,0,2,633,844,1286,2208,1764,3656,2797,6720,4129,6579,4054,4137,9505,11836,4577,8506,0,1,89,164,364,809,602,1550,825,2472,1236,2033,888,823,3760,5375,4089,7691,42828,31392,5877,1364,24517,3,8,3,4
2021-03-26T23:59:59+01:00,0,2,628,836,1278,2198,1742,3640,2771,6696,4053,6501,3646,3771,8903,11278,4564,8492,0,1,89,164,364,808,601,1547,821,2469,1227,2029,875,810,3031,4431,3880,7343,40891,29111,5864,1364,24233,3,8,3,4
2021-03-25T23:59:59+01:00,0,2,621,831,1264,2185,1723,3616,2712,6657,3969,6423,3472,3554,8792,11167,4558,8486,0,1,89,164,364,808,601,1546,821,2468,1225,2029,875,809,3030,4430,3878,7341,40876,29101,5756,1364,23389,2,8,3,4
2021-03-24T23:59:59+01:00,0,2,616,823,1231,2159,1678,3570,2634,6588,3812,6271,3153,3190,8381,10616,4549,8473,0,1,85,162,352,795,585,1528,788,2434,1175,1996,841,771,3021,4424,3878,7338,40851,28797,4997,1363,21887,2,8,3,4
2021-03-23T23:59:59+01:00,0,2,604,815,1206,2127,1636,3521,2552,6508,3663,6117,2772,2806,8165,10398,4541,8454,0,1,80,158,340,774,550,1497,727,2370,1074,1914,758,711,2984,4389,3874,7333,40807,28164,4705,1356,20365,2,8,2,4
2021-03-22T23:59:59+01:00,0,2,579,705,1168,2074,1603,3465,2499,6438,3521,5987,2529,2567,7833,10043,4525,8418,0,1,80,157,340,774,550,1495,725,2368,1071,1914,756,707,2980,4383,3872,7330,40338,28133,4383,1356,19225,2,8,2,4
2021-03-21T23:59:59+01:00,0,2,578,702,1162,2064,1591,3455,2482,6423,3483,5953,2387,2402,7740,9931,4516,8403,0,1,80,157,340,773,550,1495,724,2367,1071,1914,756,707,2980,4382,3872,7329,40333,28128,4369,1356,18562,2,8,2,4
2021-03-20T23:59:59+01:00,0,2,577,702,1160,2058,1584,3448,2476,6416,3465,5930,2354,2364,7248,9412,4499,8386,0,1,80,157,340,773,549,1495,722,2366,1071,1912,756,707,2980,4381,3870,7327,39288,28117,4357,1356,18426,2,8,2,4
2021-03-19T23:59:59+01:00,0,2,570,694,1141,2039,1549,3424,2408,6277,3400,5823,2173,2182,6939,9090,4477,8361,0,1,80,157,339,768,545,1492,717,2358,1063,1900,747,700,2550,3778,3446,6573,38678,25846,4340,1356,17521,0,8,2,4
2021-03-18T23:59:59+01:00,0,2,555,677,1121,2010,1522,3394,2368,6209,3325,5734,2019,1985,6818,8971,4471,8350,0,1,79,157,339,767,544,1492,716,2354,1059,1899,740,697,2500,3706,3419,6531,38657,25655,4328,1334,16537,0,7,2,4
2021-03-17T23:59:59+01:00,0,1,526,648,1076,1954,1485,3309,2291,6091,3172,5578,1765,1719,6652,8817,4461,8335,0,1,78,153,327,739,528,1448,694,2296,1021,1858,723,678,2257,3412,3332,6400,38583,24672,3802,1262,15486,0,7,2,4
2021-03-16T23:59:59+01:00,0,1,483,620,1036,1898,1433,3203,2226,5937,3056,5444,1565,1494,6516,8669,4450,8312,0,1,72,138,306,683,498,1372,665,2161,991,1730,673,628,2142,3274,3306,6313,38522,23913,3185,1030,14628,0,6,2,4
2021-03-15T23:59:59+01:00,0,1,471,608,1003,1848,1400,3136,2196,5852,2970,5359,1439,1358,5931,7981,4410,8248,0,1,69,131,292,625,483,1252,626,2030,950,1617,643,607,2104,3235,3291,6250,37282,23508,2832,696,14095,0,0,2,2
2021-03-14T23:59:59+01:00,0,1,466,601,994,1836,1396,3118,2180,5834,2935,5332,1396,1307,5534,7532,4387,8230,0,1,68,126,288,602,477,1225,620,1974,940,1592,643,607,2104,3235,3290,6248,36457,23502,2827,536,13793,0,0,2,2
2021-03-13T23:59:59+01:00,0,1,446,582,957,1786,1343,3054,1923,5247,2695,4918,1290,1194,4872,6682,4339,8156,0,1,68,126,287,599,475,1223,618,1972,939,1588,641,602,1740,2749,2763,5486,34770,21339,2823,536,11890,0,0,2,2
2021-03-12T23:59:59+01:00,0,1,430,561,935,1741,1312,2971,1720,4460,2489,4468,1218,1110,4172,5884,4292,8075,0,1,68,124,286,595,475,1220,616,1964,935,1582,638,596,1411,2200,2217,4689,33090,19079,2820,536,9927,0,0,2,2
2021-03-11T23:59:59+01:00,0,1,426,554,925,1727,1296,2952,1695,4423,2452,4430,1144,1054,4127,5847,4289,8071,0,1,68,116,280,573,460,1168,607,1915,916,1546,626,583,1405,2182,2208,4637,33050,18827,2723,463,9638,0,0,2,1
2021-03-10T23:59:59+01:00,0,1,407,542,879,1668,1240,2874,1621,4326,2385,4337,1110,1031,4111,5830,4288,8069,0,1,68,116,278,569,457,1161,602,1892,916,1541,621,575,1344,2095,2162,4580,33034,18539,2153,438,9530,0,0,2,1
2021-03-09T23:59:59+01:00,0,1,386,526,834,1619,1197,2810,1579,4243,2341,4284,1089,1020,4105,5823,4287,8068,0,1,66,115,277,568,456,1150,600,1879,909,1536,618,569,1138,1783,2044,4401,32988,17700,1707,409,9515,0,0,2,1
2021-03-08T23:59:59+01:00,0,1,379,515,823,1603,1188,2793,1571,4217,2329,4271,1076,1008,4068,5775,4285,8063,0,1,65,115,273,563,452,1144,598,1875,905,1534,618,569,1068,1692,1999,4355,32856,17440,1610,385,9497,0,0,2,1
2021-03-07T23:59:59+01:00,0,1,378,512,822,1602,1185,2791,1568,4210,2319,4266,1069,1000,4062,5769,4284,8062,0,1,63,112,264,541,440,1118,582,1775,870,1459,617,569,963,1561,1947,4284,32839,17073,1570,92,9489,0,0,2,1
2021-03-06T23:59:59+01:00,0,1,370,497,803,1569,1160,2733,1527,4142,2125,3770,1039,963,3888,5496,4182,7897,0,1,63,112,264,541,440,1117,582,1775,870,1459,617,569,960,1560,1944,4283,32120,17064,1570,92,8470,0,0,2,1
2021-03-05T23:59:59+01:00,0,1,357,458,771,1465,1110,2518,1452,3928,1911,3104,1008,918,3131,4529,3977,7553,0,1,63,111,263,538,437,1111,581,1770,866,1455,614,567,921,1502,1921,4241,29799,16869,1569,92,6821,0,0,2,1
2021-03-04T23:59:59+01:00,0,1,344,449,763,1445,1097,2495,1433,3899,1889,3084,994,914,3127,4525,3974,7551,0,1,62,109,260,535,433,1094,571,1747,865,1447,612,565,884,1448,1898,4204,29786,16705,1530,29,6666,0,0,2,1
2021-03-03T23:59:59+01:00,0,1,335,419,744,1394,1067,2412,1383,3744,1809,2987,961,868,3117,4519,3974,7548,0,1,61,108,257,532,432,1090,569,1738,862,1443,612,564,864,1395,1810,4057,29470,16367,1530,27,6280,0,0,2,1
2021-03-02T23:59:59+01:00,0,1,329,411,728,1370,1019,2367,1315,3659,1693,2888,873,803,3074,4480,3967,7542,0,1,61,108,256,528,431,1082,569,1732,862,1439,612,564,864,1395,1810,4057,28828,16343,1466,27,6223,0,0,2,1
2021-03-01T23:59:59+01:00,0,1,325,397,721,1323,1006,2309,1295,3576,1666,2838,854,794,3066,4470,3966,7541,0,1,61,107,255,524,426,1068,565,1719,853,1431,611,562,767,1240,1753,3977,28786,15892,1414,27,5946,0,0,2,1
2021-02-28T23:59:59+01:00,0,1,320,385,713,1284,992,2232,1282,3488,1643,2759,850,784,3064,4466,3965,7538,0,1,61,107,254,524,426,1067,565,1719,851,1431,611,561,670,1115,1705,3896,28770,15537,1411,26,5583,0,0,2,1
2021-02-27T23:59:59+01:00,0,1,311,364,699,1257,973,2196,1247,3419,1620,2706,832,768,3061,4466,3964,7538,0,1,60,107,254,524,426,1067,564,1719,849,1431,611,561,670,1115,1705,3896,28766,15533,1411,26,5243,0,0,2,1
2021-02-26T23:59:59+01:00,0,1,285,313,652,1192,909,2077,1157,3252,1515,2568,803,745,2624,3859,3536,6761,0,1,60,107,251,521,426,1065,562,1717,846,1425,607,559,663,1103,1696,3877,26471,15459,1411,26,4365,0,0,2,1
2021-02-25T23:59:59+01:00,0,1,280,300,638,1162,887,2036,1138,3186,1497,2523,800,741,2577,3787,3506,6717,0,1,58,104,247,513,426,1061,557,1707,843,1414,601,555,586,994,1649,3819,26252,15110,1411,24,4111,0,0,2,1
2021-02-24T23:59:59+01:00,0,1,261,290,587,1117,840,1968,1080,3091,1453,2465,783,722,2336,3485,3416,6578,0,1,57,99,242,506,420,1042,548,1685,840,1394,594,543,572,974,1638,3796,25250,14934,1411,16,3810,0,0,2,1
2021-02-23T23:59:59+01:00,0,1,249,269,558,1061,803,1893,1012,2941,1379,2363,731,672,2221,3345,3390,6485,0,1,57,97,240,500,420,1026,538,1653,832,1372,585,536,555,922,1626,3743,24444,14686,1406,16,3521,0,0,2,1
2021-02-22T23:59:59+01:00,0,1,245,263,545,998,783,1817,986,2847,1343,2303,706,650,2191,3308,3381,6423,0,1,57,96,234,494,418,1013,529,1635,828,1347,571,522,532,896,1620,3687,24039,14464,1406,15,3343,0,0,2,1
2021-02-21T23:59:59+01:00,0,1,242,256,536,973,770,1780,978,2799,1313,2277,706,648,2189,3308,3380,6422,0,1,57,96,233,494,418,1013,529,1635,828,1346,571,521,532,896,1620,3686,24033,14460,1406,15,3137,0,0,2,1
2021-02-20T23:59:59+01:00,0,1,166,226,467,924,701,1703,908,2710,1228,2178,691,633,1815,2791,2824,5619,0,1,57,96,233,494,418,1013,529,1634,828,1346,571,521,532,896,1619,3686,21757,14458,1406,15,2420,0,0,2,1
2021-02-19T23:59:59+01:00,0,1,84,167,355,843,574,1571,776,2561,1092,2025,675,611,1507,2275,2273,4826,0,1,57,96,233,494,418,1012,529,1634,828,1346,571,521,527,894,1617,3680,19545,14442,1406,15,1263,0,0,2,1
2021-02-18T23:59:59+01:00,0,1,81,162,343,793,553,1482,743,2421,1059,1957,659,599,1498,2256,2264,4774,0,1,54,89,227,472,404,945,514,1554,808,1272,557,507,521,876,1614,3658,19301,14057,1380,15,962,0,0,2,1
2021-02-17T23:59:59+01:00,0,1,80,154,329,770,544,1449,714,2328,1022,1857,654,589,1440,2168,2216,4724,0,1,54,86,225,463,396,907,503,1488,789,1190,544,495,519,874,1614,3658,19040,13790,1307,15,690,0,0,2,1
2021-02-16T23:59:59+01:00,0,1,75,149,314,730,516,1375,682,2220,997,1752,643,582,1195,1821,2092,4541,0,1,53,77,224,456,390,877,490,1423,763,1124,523,482,517,874,1611,3657,18118,13539,1068,2,497,0,0,2,1
2021-02-15T23:59:59+01:00,0,1,70,133,288,625,481,1233,624,2007,946,1592,634,580,1111,1714,2040,4475,0,1,53,77,222,451,386,871,489,1419,761,1117,523,482,516,869,1610,3654,17785,13500,730,0,39,0,0,0,1
2021-02-14T23:59:59+01:00,0,1,69,126,283,598,476,1204,613,1953,932,1570,634,580,1012,1590,1993,4418,0,1,53,77,222,451,386,871,489,1417,761,1117,523,482,516,869,1610,3654,17455,13498,574,0,23,0,0,0,1
2021-02-13T23:59:59+01:00,0,1,69,125,283,597,475,1200,612,1951,930,1566,633,579,1011,1581,1989,4415,0,1,53,77,222,450,384,866,488,1412,759,1116,521,480,499,831,1350,3184,17420,12692,574,0,23,0,0,0,1
2021-02-12T23:59:59+01:00,0,1,68,125,282,596,471,1196,612,1948,927,1565,630,578,971,1529,1969,4373,0,1,53,77,222,446,380,857,483,1403,753,1109,514,472,481,790,986,2470,17247,11496,574,0,20,0,0,0,1
2021-02-11T23:59:59+01:00,0,1,67,117,279,583,458,1169,606,1921,920,1553,629,577,929,1471,1947,4333,0,1,53,74,207,415,367,810,466,1329,738,1077,511,471,481,790,986,2470,17066,11246,490,0,4,0,0,0,0
2021-02-10T23:59:59+01:00,0,1,66,117,276,580,456,1164,602,1904,915,1549,629,577,920,1455,1926,4288,0,1,52,64,174,337,313,708,416,1156,658,982,477,459,476,789,986,2469,16962,10517,462,0,1,0,0,0,0
2021-02-09T23:59:59+01:00,0,1,64,115,270,576,453,1150,601,1889,907,1543,629,576,908,1419,1856,4182,0,1,43,53,123,258,237,558,334,954,555,829,441,448,472,788,983,2469,16708,9546,431,0,0,0,0,0,0
2021-02-08T23:59:59+01:00,0,1,63,115,267,567,450,1143,599,1874,900,1535,627,573,805,1266,1799,4100,0,1,38,43,85,169,174,420,272,717,496,694,434,442,469,785,982,2469,16278,8690,406,0,0,0,0,0,0
2021-02-07T23:59:59+01:00,0,1,61,112,257,545,436,1112,583,1771,865,1456,626,572,703,1141,1750,4016,0,1,37,42,81,166,171,412,267,704,491,683,432,441,469,785,982,2468,15908,8632,99,0,0,0,0,0,0
2021-02-06T23:59:59+01:00,0,1,60,112,256,545,436,1112,581,1770,862,1453,623,570,701,1133,1744,4009,0,1,34,41,80,163,168,402,263,696,480,674,424,440,433,737,742,2075,15869,7853,99,0,0,0,0,0,0
2021-02-05T23:59:59+01:00,0,1,60,112,254,541,436,1110,580,1769,860,1451,621,570,691,1126,1738,3996,0,1,32,39,76,159,163,394,255,677,463,664,418,440,427,712,337,1442,15817,6699,99,0,0,0,0,0,0
2021-02-04T23:59:59+01:00,0,1,59,110,249,535,430,1094,564,1742,856,1437,614,560,605,1009,1687,3935,0,1,31,36,72,153,157,383,240,653,446,650,412,432,422,705,334,1435,15456,6562,31,0,0,0,0,0,0
2021-02-03T23:59:59+01:00,0,1,58,105,245,528,429,1075,561,1726,854,1422,610,550,593,998,1684,3921,0,1,24,28,58,122,123,281,176,511,336,500,306,330,337,548,256,1150,15331,5087,29,0,0,0,0,0,0
2021-02-02T23:59:59+01:00,0,1,58,103,242,523,429,1057,549,1694,846,1398,597,540,581,949,1674,3870,0,1,17,21,39,79,87,187,123,345,219,361,215,220,217,344,182,756,15082,3413,29,0,0,0,0,0,0
2021-02-01T23:59:59+01:00,0,1,58,101,238,515,427,1041,541,1672,842,1375,590,534,559,920,1666,3823,0,0,7,11,20,43,48,99,66,168,95,166,101,103,90,160,76,329,14874,1582,29,0,0,0,0,0,0
2021-01-31T23:59:59+01:00,0,1,58,101,237,514,425,1037,539,1667,840,1372,590,533,559,920,1666,3822,0,0,7,11,18,38,43,84,62,142,81,150,96,101,89,159,74,327,14852,1482,29,0,0,0,0,0,0
2021-01-30T23:59:59+01:00,0,1,58,101,237,514,425,1037,539,1667,840,1372,590,533,559,920,1666,3822,0,0,7,11,18,38,43,84,62,142,81,150,96,100,89,159,74,327,14852,1481,29,0,0,0,0,0,0
2021-01-29T23:59:59+01:00,0,1,58,101,237,514,425,1037,539,1667,840,1372,590,533,559,920,1666,3822,0,0,7,11,18,38,43,84,62,142,81,150,96,100,89,159,74,327,14852,1481,29,0,0,0,0,0,0
2021-01-28T23:59:59+01:00,0,1,56,93,233,485,413,970,521,1581,816,1291,577,518,553,903,1663,3803,0,0,3,2,5,6,11,16,20,34,22,33,17,22,21,34,19,99,14454,364,23,0,0,0,0,0,0
2021-01-27T23:59:59+01:00,0,1,54,89,233,475,405,931,511,1514,796,1208,565,505,551,901,1663,3803,0,0,3,2,5,6,9,16,20,33,21,31,17,21,21,34,19,99,14184,357,21,0,0,0,0,0,0
2021-01-26T23:59:59+01:00,0,1,53,83,228,472,398,902,500,1447,771,1141,543,492,549,901,1663,3803,0,0,1,2,5,6,9,15,18,29,17,26,15,18,19,32,19,91,13928,322,19,0,0,0,0,0,0
2021-01-25T23:59:59+01:00,0,1,53,83,225,466,395,896,500,1444,770,1136,543,492,549,898,1663,3801,0,0,0,0,0,0,0,2,1,0,0,0,1,1,0,2,0,0,13898,7,17,0,0,0,0,0,0
2021-01-24T23:59:59+01:00,0,1,53,83,225,466,395,896,500,1443,770,1136,543,492,549,898,1663,3801,0,0,0,0,0,0,0,2,1,0,0,0,1,1,0,2,0,0,13897,7,17,0,0,0,0,0,0
2021-01-23T23:59:59+01:00,0,1,53,83,225,465,394,892,500,1437,769,1134,540,490,532,860,1402,3324,0,0,0,0,0,0,0,1,1,0,0,0,1,1,0,2,0,0,13084,6,17,0,0,0,0,0,0
2021-01-22T23:59:59+01:00,0,1,53,83,224,461,389,882,495,1427,764,1127,534,481,515,818,1023,2583,0,0,0,0,0,0,0,1,1,0,0,0,1,1,0,2,0,0,11844,6,16,0,0,0,0,0,0
2021-01-21T23:59:59+01:00,0,1,53,80,205,427,363,826,467,1327,737,1092,530,481,515,818,1023,2583,0,0,0,0,0,0,0,1,1,0,0,0,1,1,0,2,0,0,11512,6,16,0,0,0,0,0,0
2021-01-20T23:59:59+01:00,0,1,51,70,178,355,322,741,424,1173,667,1002,494,470,510,818,1023,2582,0,0,0,0,0,0,0,1,1,0,0,0,1,1,0,2,0,0,10865,6,16,0,0,0,0,0,0
2021-01-19T23:59:59+01:00,0,1,44,57,134,277,248,583,347,991,577,863,459,458,506,816,1023,2582,0,0,0,0,0,0,0,0,0,0,0,0,1,0,0,2,0,0,9958,3,8,0,0,0,0,0,0
2021-01-18T23:59:59+01:00,0,1,40,44,85,176,179,433,281,727,505,706,451,451,503,812,1021,2582,0,0,0,0,0,0,0,0,0,0,0,0,0,0,0,1,0,0,8997,1,0,0,0,0,0,0,0
2021-01-17T23:59:59+01:00,0,1,37,43,82,173,175,424,277,716,500,693,449,451,503,812,1021,2581,0,0,0,0,0,0,0,0,0,0,0,0,0,0,0,0,0,0,8938,0,0,0,0,0,0,0,0
2021-01-16T23:59:59+01:00,0,1,34,42,80,171,171,415,270,709,485,684,440,449,464,765,774,2184,0,0,0,0,0,0,0,0,0,0,0,0,0,0,0,0,0,0,8138,0,0,0,0,0,0,0,0
2021-01-15T23:59:59+01:00,0,1,32,40,77,166,168,409,263,692,471,676,434,448,459,741,361,1542,0,0,0,0,0,0,0,0,0,0,0,0,0,0,0,0,0,0,6980,0,0,0,0,0,0,0,0
2021-01-14T23:59:59+01:00,0,1,32,38,76,160,163,404,255,679,460,668,431,445,459,740,361,1542,0,0,0,0,0,0,0,0,0,0,0,0,0,0,0,0,0,0,6914,0,0,0,0,0,0,0,0
2021-01-13T23:59:59+01:00,0,0,24,31,60,128,128,306,195,545,351,525,328,343,374,577,282,1246,0,0,0,0,0,0,0,0,0,0,0,0,0,0,0,0,0,0,5443,0,0,0,0,0,0,0,0
2021-01-12T23:59:59+01:00,0,0,17,24,44,89,93,218,141,393,238,389,236,235,247,371,204,846,0,0,0,0,0,0,0,0,0,0,0,0,0,0,0,0,0,0,3785,0,0,0,0,0,0,0,0
2021-01-11T23:59:59+01:00,0,0,9,15,26,49,62,140,89,220,125,208,116,112,106,179,93,374,0,0,0,0,0,0,0,0,0,0,0,0,0,0,0,0,0,0,1923,0,0,0,0,0,0,0,0
2021-01-10T23:59:59+01:00,0,0,8,15,22,44,55,110,81,179,105,175,110,108,102,177,90,374,0,0,0,0,0,0,0,0,0,0,0,0,0,0,0,0,0,0,1755,0,0,0,0,0,0,0,0
2021-01-09T23:59:59+01:00,0,0,8,15,22,44,55,110,81,179,105,175,110,107,102,177,90,374,0,0,0,0,0,0,0,0,0,0,0,0,0,0,0,0,0,0,1754,0,0,0,0,0,0,0,0
2021-01-08T23:59:59+01:00,0,0,8,14,21,43,52,103,76,168,99,172,107,103,97,168,88,364,0,0,0,0,0,0,0,0,0,0,0,0,0,0,0,0,0,0,1683,0,0,0,0,0,0,0,0
2021-01-07T23:59:59+01:00,0,0,3,3,5,7,11,17,21,34,24,36,17,22,23,35,23,107,0,0,0,0,0,0,0,0,0,0,0,0,0,0,0,0,0,0,388,0,0,0,0,0,0,0,0
2021-01-06T23:59:59+01:00,0,0,3,2,5,6,9,16,21,33,21,32,17,21,23,35,23,106,0,0,0,0,0,0,0,0,0,0,0,0,0,0,0,0,0,0,373,0,0,0,0,0,0,0,0
2021-01-05T23:59:59+01:00,0,0,3,2,5,6,9,16,21,33,21,32,17,21,23,35,23,106,0,0,0,0,0,0,0,0,0,0,0,0,0,0,0,0,0,0,373,0,0,0,0,0,0,0,0
2021-01-04T23:59:59+01:00,0,0,0,0,0,0,0,2,2,0,0,0,1,1,0,2,0,0,0,0,0,0,0,0,0,0,0,0,0,0,0,0,0,0,0,0,8,0,0,0,0,0,0,0,0
2021-01-03T23:59:59+01:00,0,0,0,0,0,0,0,2,2,0,0,0,1,1,0,2,0,0,0,0,0,0,0,0,0,0,0,0,0,0,0,0,0,0,0,0,8,0,0,0,0,0,0,0,0
2021-01-02T23:59:59+01:00,0,0,0,0,0,0,0,1,2,0,0,0,1,1,0,2,0,0,0,0,0,0,0,0,0,0,0,0,0,0,0,0,0,0,0,0,7,0,0,0,0,0,0,0,0
2021-01-01T23:59:59+01:00,0,0,0,0,0,0,0,1,2,0,0,0,1,1,0,2,0,0,0,0,0,0,0,0,0,0,0,0,0,0,0,0,0,0,0,0,7,0,0,0,0,0,0,0,0
2020-12-31T23:59:59+01:00,0,0,0,0,0,0,0,1,2,0,0,0,1,1,0,2,0,0,0,0,0,0,0,0,0,0,0,0,0,0,0,0,0,0,0,0,7,0,0,0,0,0,0,0,0
2020-12-30T23:59:59+01:00,0,0,0,0,0,0,0,1,2,0,0,0,1,1,0,2,0,0,0,0,0,0,0,0,0,0,0,0,0,0,0,0,0,0,0,0,7,0,0,0,0,0,0,0,0
2020-12-29T23:59:59+01:00,0,0,0,0,0,0,0,1,1,0,0,0,1,0,0,2,0,0,0,0,0,0,0,0,0,0,0,0,0,0,0,0,0,0,0,0,5,0,0,0,0,0,0,0,0
2020-12-28T23:59:59+01:00,0,0,0,0,0,0,0,1,0,0,0,0,1,0,0,1,0,0,0,0,0,0,0,0,0,0,0,0,0,0,0,0,0,0,0,0,3,0,0,0,0,0,0,0,0
2020-12-27T23:59:59+01:00,0,0,0,0,0,0,0,0,0,0,0,0,0,0,0,0,0,0,0,0,0,0,0,0,0,0,0,0,0,0,0,0,0,0,0,0,0,0,0,0,0,0,0,0,0
