Datum,<15_m,<15_w,15-24_1_m,15-24_1_w,25-34_1_m,25-34_1_w,35-44_1_m,35-44_1_w,45-54_1_m,45-54_1_w,55-64_1_m,55-64_1_w,65-74_1_m,65-74_1_w,75-84_1_m,75-84_1_w,>84_1_m,>84_1_w,<24_2_m,<24_2_w,25-34_2_m,25-34_2_w,35-44_2_m,35-44_2_w,45-54_2_m,45-54_2_w,55-64_2_m,55-64_2_w,65-74_2_m,65-74_2_w,75-84_2_m,75-84_2_w,>84_2_m,>84_2_w,bp_1,bp_2,mo_1,mo_2,az_1,az_2,ja,unb_1,unb_2
2021-10-14T23:59:59+02:00,2004,1791,14900,14170,17905,16717,21063,21352,27676,28757,34261,35136,25931,28769,17608,22496,5362,10154,13413,12694,16662,15368,19880,19867,26186,26988,32748,33530,25142,27888,17096,21772,5169,9658,249754,234756,32373,30225,46598,44875,17258,96,42
2021-10-13T23:59:59+02:00,1989,1782,14868,14125,17882,16689,21047,21333,27654,28741,34241,35123,25924,28756,17598,22485,5359,10150,13369,12655,16635,15334,19845,19823,26159,26964,32719,33487,25122,27868,17087,21745,5164,9650,249465,234313,32371,30221,46598,44875,17243,96,42
2021-10-12T23:59:59+02:00,1980,1777,14839,14092,17863,16662,21020,21311,27637,28719,34220,35106,25918,28749,17592,22478,5357,10147,13328,12609,16611,15291,19811,19788,26134,26937,32691,33465,25105,27845,17076,21723,5154,9619,249197,233862,32369,30219,46597,44875,17235,96,42
2021-10-11T23:59:59+02:00,1974,1769,14817,14080,17849,16645,21006,21299,27625,28710,34210,35092,25914,28742,17588,22473,5357,10142,13293,12580,16595,15263,19792,19764,26117,26909,32665,33437,25087,27824,17069,21711,5153,9610,249038,233545,32369,30219,46596,44875,17220,96,42
2021-10-10T23:59:59+02:00,1962,1756,14799,14062,17832,16630,20997,21285,27619,28707,34199,35085,25914,28738,17587,22470,5355,10142,13266,12557,16568,15235,19772,19744,26101,26892,32652,33422,25079,27814,17064,21708,5152,9607,248899,233297,32369,30219,46596,44871,17206,96,42
2021-10-09T23:59:59+02:00,1962,1756,14799,14062,17831,16629,20996,21285,27619,28707,34198,35084,25914,28736,17587,22470,5355,10142,13266,12557,16567,15235,19771,19744,26101,26891,32651,33420,25079,27812,17064,21708,5152,9607,248898,233296,32369,30218,46596,44871,17200,96,42
2021-10-08T23:59:59+02:00,1945,1741,14762,14040,17803,16605,20973,21269,27600,28693,34184,35070,25909,28735,17587,22468,5354,10140,13189,12469,16513,15184,19718,19704,26072,26859,32630,33399,25069,27801,17059,21703,5150,9606,248704,232794,32351,30201,46596,44871,17158,96,42
2021-10-07T23:59:59+02:00,1923,1721,14693,13967,17737,16552,20929,21208,27553,28664,34134,35040,25885,28713,17579,22457,5353,10136,13092,12395,16451,15113,19670,19656,26000,26808,32582,33355,25044,27779,17041,21684,5142,9588,248249,232276,32292,30041,46595,44870,17039,96,42
2021-10-06T23:59:59+02:00,1914,1704,14657,13934,17714,16524,20911,21184,27523,28633,34100,35019,25871,28701,17574,22452,5350,10133,13065,12354,16426,15085,19645,19632,25972,26782,32559,33325,25032,27766,17031,21672,5140,9582,247949,231962,32292,30041,46595,44870,16991,96,42
2021-10-05T23:59:59+02:00,1907,1692,14633,13899,17682,16509,20891,21162,27503,28607,34080,34992,25854,28685,17565,22442,5350,10130,13032,12322,16400,15067,19624,19608,25951,26755,32537,33307,25026,27757,17024,21665,5136,9577,247658,231674,32291,30041,46594,44869,16969,96,42
2021-10-04T23:59:59+02:00,1895,1687,14588,13862,17651,16481,20872,21141,27479,28582,34064,34973,25847,28668,17562,22437,5349,10126,12998,12285,16380,15036,19611,19583,25927,26727,32520,33279,25015,27747,17018,21658,5134,9573,247405,231385,32267,30038,46593,44868,16927,96,42
2021-10-03T23:59:59+02:00,1883,1681,14568,13834,17634,16465,20861,21132,27471,28571,34054,34964,25838,28663,17555,22430,5348,10124,12976,12267,16356,15019,19601,19573,25917,26714,32509,33266,25004,27736,17018,21650,5134,9573,247271,231234,32258,30034,46590,44867,16884,96,42
2021-10-02T23:59:59+02:00,1882,1681,14566,13833,17633,16464,20861,21131,27471,28571,34053,34964,25838,28662,17555,22430,5348,10124,12976,12266,16356,15019,19601,19573,25917,26714,32509,33266,25004,27736,17018,21650,5134,9573,247262,231233,32258,30034,46590,44867,16884,96,42
2021-10-01T23:59:59+02:00,1869,1662,14505,13773,17572,16414,20819,21089,27440,28553,34028,34946,25830,28659,17555,22425,5348,10121,12874,12162,16276,14961,19542,19526,25881,26679,32478,33238,24989,27721,17014,21642,5133,9571,246951,230662,32226,30024,46590,44867,16768,96,42
2021-09-30T23:59:59+02:00,1856,1642,14403,13690,17506,16357,20758,21036,27383,28495,33970,34919,25808,28643,17546,22415,5346,10118,12763,12087,16200,14913,19493,19474,25826,26621,32423,33210,24968,27698,17008,21630,5130,9570,246588,230352,32098,29844,46587,44859,16545,96,42
2021-09-29T23:59:59+02:00,1842,1622,14379,13667,17483,16316,20721,21007,27356,28463,33942,34896,25788,28626,17538,22405,5346,10117,12731,12054,16179,14885,19480,19455,25811,26603,32405,33187,24953,27685,16998,21617,5127,9566,246240,230073,32098,29844,46587,44858,16516,96,42
2021-09-28T23:59:59+02:00,1826,1613,14351,13635,17454,16282,20694,20973,27324,28440,33915,34871,25774,28606,17528,22395,5343,10111,12692,12021,16157,14857,19465,19429,25791,26592,32392,33166,24947,27674,16995,21611,5125,9565,245889,229812,32097,29844,46587,44857,16489,96,42
2021-09-27T23:59:59+02:00,1818,1609,14324,13610,17435,16260,20669,20950,27302,28421,33896,34851,25766,28593,17526,22387,5343,10108,12654,11987,16136,14835,19439,19413,25771,26570,32383,33146,24939,27661,16989,21604,5123,9564,245674,229580,32097,29844,46587,44851,16437,96,42
2021-09-26T23:59:59+02:00,1814,1604,14309,13592,17415,16243,20658,20935,27288,28407,33888,34838,25755,28588,17522,22386,5342,10107,12638,11967,16121,14818,19426,19401,25762,26559,32372,33135,24933,27659,16986,21600,5122,9563,245528,229449,32097,29843,46587,44851,16406,96,42
2021-09-25T23:59:59+02:00,1811,1602,14296,13576,17397,16233,20637,20926,27269,28392,33875,34830,25749,28583,17517,22383,5341,10105,12627,11953,16105,14809,19406,19391,25747,26543,32360,33127,24928,27654,16981,21597,5122,9561,245486,229422,32097,29843,46587,44851,16278,96,42
2021-09-24T23:59:59+02:00,1793,1578,14215,13497,17329,16181,20582,20876,27230,28349,33837,34799,25731,28572,17507,22373,5339,10101,12529,11852,16022,14743,19352,19330,25700,26508,32314,33097,24905,27633,16972,21585,5120,9557,245093,228907,32078,29839,46587,44851,16057,96,42
2021-09-23T23:59:59+02:00,1772,1558,14112,13399,17238,16096,20490,20800,27150,28292,33789,34740,25705,28549,17495,22354,5335,10094,12439,11777,15953,14677,19278,19282,25642,26451,32268,33061,24885,27614,16966,21574,5117,9552,244611,228579,31978,29801,46587,44851,15718,96,42
2021-09-22T23:59:59+02:00,1753,1546,14075,13349,17188,16054,20440,20753,27112,28245,33739,34689,25675,28524,17487,22332,5331,10090,12397,11731,15907,14644,19248,19253,25613,26423,32219,33027,24857,27589,16960,21560,5113,9543,244196,228259,31953,29792,46587,44849,15571,96,42
2021-09-21T23:59:59+02:00,1740,1531,14013,13296,17166,16005,20407,20714,27083,28205,33705,34668,25662,28507,17475,22308,5323,10063,12349,11671,15878,14616,19215,19214,25586,26395,32194,33000,24836,27572,16957,21551,5111,9532,243711,227877,31949,29743,46587,44847,15549,96,42
2021-09-20T23:59:59+02:00,1730,1524,13961,13258,17129,15965,20366,20681,27041,28168,33670,34634,25642,28480,17467,22291,5312,10037,12295,11635,15845,14594,19186,19190,25558,26372,32172,32976,24823,27559,16954,21542,5106,9518,243276,227581,31948,29743,46587,44847,15470,96,42
2021-09-19T23:59:59+02:00,1725,1515,13937,13233,17098,15943,20339,20663,27020,28140,33657,34621,25634,28471,17464,22288,5311,10035,12270,11615,15823,14574,19172,19171,25545,26361,32162,32966,24817,27554,16948,21536,5105,9518,243049,227415,31947,29742,46587,44845,15436,96,42
2021-09-18T23:59:59+02:00,1723,1511,13925,13221,17087,15936,20329,20656,27013,28136,33651,34617,25634,28471,17464,22287,5311,10035,12263,11607,15813,14569,19162,19168,25538,26357,32157,32964,24817,27554,16948,21536,5105,9518,243013,227396,31934,29737,46587,44845,15398,96,42
2021-09-17T23:59:59+02:00,1700,1477,13822,13107,16979,15861,20248,20585,26943,28076,33598,34573,25611,28448,17452,22276,5310,10032,12176,11528,15712,14492,19074,19096,25469,26290,32095,32921,24798,27534,16938,21518,5104,9514,242548,226955,31887,29725,46587,44844,15001,96,42
2021-09-16T23:59:59+02:00,1673,1442,13723,12998,16891,15766,20157,20495,26842,27989,33523,34507,25579,28415,17438,22252,5303,10011,12087,11448,15642,14429,18993,19017,25380,26208,32034,32866,24756,27496,16928,21505,5101,9503,241938,226489,31790,29665,46587,44842,14614,96,42
2021-09-15T23:59:59+02:00,1655,1433,13663,12946,16839,15704,20111,20444,26786,27937,33471,34451,25553,28383,17423,22224,5296,9988,12026,11386,15588,14378,18942,18966,25319,26160,31976,32810,24723,27463,16912,21486,5097,9492,241519,226054,31769,29650,46583,44840,14361,96,42
2021-09-14T23:59:59+02:00,1639,1422,13599,12878,16766,15653,20051,20396,26736,27881,33421,34401,25532,28364,17410,22213,5292,9983,11963,11323,15515,14318,18889,18921,25271,26106,31919,32757,24692,27440,16898,21470,5097,9487,241121,225660,31717,29556,46583,44840,14141,96,42
2021-09-13T23:59:59+02:00,1617,1406,13561,12841,16738,15625,20032,20371,26714,27856,33401,34377,25523,28357,17405,22202,5292,9980,11920,11289,15482,14295,18866,18891,25246,26078,31892,32734,24682,27430,16885,21461,5094,9486,240839,225349,31716,29554,46578,44838,14089,96,42
2021-09-12T23:59:59+02:00,1606,1403,13529,12818,16696,15609,20018,20360,26703,27838,33395,34365,25517,28350,17404,22198,5292,9977,11877,11269,15436,14277,18842,18870,25230,26065,31878,32720,24674,27421,16882,21457,5093,9483,240680,225134,31716,29554,46576,44837,14030,96,42
2021-09-11T23:59:59+02:00,1595,1402,13513,12806,16682,15600,20008,20357,26691,27832,33391,34361,25513,28349,17403,22197,5290,9977,11810,11218,15420,14269,18834,18859,25217,26054,31870,32707,24672,27419,16881,21456,5093,9483,240614,224810,31696,29552,46576,44837,14003,96,42
2021-09-10T23:59:59+02:00,1556,1356,13364,12678,16610,15522,19901,20272,26608,27768,33329,34306,25473,28318,17387,22174,5284,9972,11689,11112,15334,14186,18725,18775,25123,25997,31796,32649,24630,27388,16864,21436,5088,9478,240015,224251,31678,29541,46576,44837,13529,96,42
2021-09-09T23:59:59+02:00,1534,1335,13293,12612,16556,15470,19847,20235,26556,27701,33287,34266,25445,28300,17382,22161,5280,9965,11627,11039,15283,14134,18670,18744,25067,25957,31750,32615,24608,27373,16851,21426,5085,9467,239645,223880,31602,29502,46576,44837,13321,96,42
2021-09-08T23:59:59+02:00,1519,1318,13264,12588,16540,15446,19827,20222,26540,27689,33274,34255,25433,28292,17376,22155,5277,9962,11582,10995,15257,14116,18658,18727,25049,25932,31729,32604,24594,27358,16849,21420,5085,9465,239425,223601,31602,29502,46572,44836,13297,96,42
2021-09-07T23:59:59+02:00,1486,1300,13206,12541,16500,15414,19804,20193,26503,27668,33240,34225,25409,28274,17370,22139,5272,9956,11524,10930,15203,14063,18621,18694,25002,25887,31677,32577,24566,27335,16841,21403,5080,9463,239192,223294,31517,29387,46572,44836,13138,96,42
2021-09-06T23:59:59+02:00,1471,1291,13177,12506,16477,15390,19785,20172,26486,27653,33229,34216,25406,28261,17367,22135,5269,9956,11503,10898,15184,14030,18599,18678,24986,25867,31655,32562,24555,27322,16840,21395,5077,9463,238972,223066,31517,29376,46572,44835,13105,96,42
2021-09-05T23:59:59+02:00,1461,1283,13161,12487,16460,15374,19774,20165,26480,27644,33219,34203,25404,28258,17365,22131,5269,9956,11484,10882,15158,14014,18588,18669,24979,25861,31646,32543,24552,27311,16837,21390,5075,9462,238845,222918,31517,29376,46572,44834,13079,96,42
2021-09-04T23:59:59+02:00,1461,1283,13160,12486,16460,15374,19772,20165,26479,27644,33219,34203,25404,28258,17365,22130,5269,9956,11484,10880,15156,14014,18583,18669,24978,25859,31646,32541,24551,27311,16837,21390,5075,9462,238843,222907,31517,29375,46572,44834,13075,96,42
2021-09-03T23:59:59+02:00,1434,1267,13058,12389,16403,15322,19735,20127,26438,27618,33182,34186,25386,28247,17361,22119,5267,9955,11343,10755,15094,13941,18512,18623,24907,25810,31587,32505,24518,27283,16824,21374,5072,9458,238348,222103,31517,29371,46572,44834,12976,96,42
2021-09-02T23:59:59+02:00,1419,1261,12994,12347,16360,15289,19701,20101,26404,27584,33157,34165,25371,28235,17356,22114,5267,9951,11267,10715,15046,13906,18474,18603,24874,25788,31549,32475,24499,27262,16818,21369,5072,9456,238127,221838,31453,29330,46568,44825,12847,96,42
2021-09-01T23:59:59+02:00,1396,1246,12958,12309,16339,15269,19682,20087,26386,27564,33136,34140,25360,28224,17350,22104,5264,9947,11226,10680,15026,13878,18454,18583,24853,25765,31524,32443,24485,27248,16810,21363,5070,9454,237828,221508,31453,29328,46567,44824,12832,96,42
2021-08-31T23:59:59+02:00,1365,1224,12903,12249,16294,15233,19649,20043,26341,27515,33097,34106,25344,28203,17344,22091,5260,9943,11154,10611,14978,13817,18402,18551,24803,25711,31466,32400,24454,27232,16802,21350,5067,9447,237522,221080,31390,29299,46567,44805,12644,96,42
2021-08-30T23:59:59+02:00,1341,1209,12862,12211,16269,15211,19629,20026,26318,27498,33075,34089,25333,28193,17344,22087,5258,9941,11076,10579,14951,13796,18380,18528,24775,25695,31439,32373,24443,27217,16796,21343,5064,9444,237271,220787,31390,29298,46567,44794,12584,96,42
2021-08-29T23:59:59+02:00,1336,1203,12848,12195,16258,15202,19620,20017,26315,27489,33068,34075,25328,28187,17342,22086,5258,9941,11058,10542,14941,13779,18364,18514,24763,25686,31431,32361,24434,27205,16794,21338,5064,9444,237169,220613,31390,29298,46567,44790,12560,96,42
2021-08-28T23:59:59+02:00,1329,1189,12816,12173,16243,15190,19609,20003,26308,27479,33059,34069,25326,28182,17341,22083,5258,9940,10982,10470,14907,13746,18317,18487,24727,25653,31388,32330,24417,27192,16785,21322,5064,9441,237006,220087,31390,29298,46567,44790,12552,96,42
2021-08-27T23:59:59+02:00,1310,1174,12753,12117,16197,15142,19550,19953,26253,27430,33016,34039,25308,28171,17337,22069,5258,9937,10945,10436,14867,13720,18301,18471,24692,25629,31360,32309,24404,27181,16782,21318,5064,9440,236581,219930,31390,29297,46567,44789,12394,96,42
2021-08-26T23:59:59+02:00,1290,1158,12684,12060,16151,15099,19505,19913,26199,27372,32965,33994,25278,28142,17330,22059,5255,9934,10875,10386,14820,13679,18255,18442,24647,25591,31314,32270,24382,27164,16774,21309,5064,9436,236213,219615,31331,29283,46567,44782,12194,96,42
2021-08-25T23:59:59+02:00,1273,1143,12661,12018,16131,15073,19483,19898,26172,27356,32930,33965,25260,28124,17323,22052,5254,9931,10826,10343,14789,13650,18222,18411,24625,25572,31281,32232,24369,27147,16767,21299,5062,9433,235903,219239,31331,29283,46561,44778,12167,96,42
2021-08-24T23:59:59+02:00,1246,1125,12601,11947,16074,15029,19438,19857,26125,27311,32885,33932,25240,28100,17311,22040,5253,9926,10747,10269,14745,13609,18176,18375,24574,25521,31239,32195,24345,27120,16752,21283,5061,9432,235592,218824,31206,29243,46561,44778,11995,96,42
2021-08-23T23:59:59+02:00,1233,1112,12562,11911,16049,15010,19417,19822,26104,27276,32855,33909,25226,28087,17307,22031,5253,9923,10692,10215,14715,13571,18138,18341,24547,25491,31204,32162,24332,27100,16745,21280,5059,9431,235291,218419,31205,29243,46560,44775,11944,96,42
2021-08-22T23:59:59+02:00,1225,1105,12547,11889,16034,14994,19410,19803,26092,27265,32844,33893,25215,28081,17305,22028,5250,9923,10663,10186,14694,13556,18118,18330,24534,25474,31189,32149,24324,27089,16743,21275,5058,9430,235125,218203,31205,29243,46560,44774,11926,96,42
2021-08-21T23:59:59+02:00,1137,1033,12472,11831,16022,14982,19400,19791,26082,27254,32834,33877,25210,28077,17302,22025,5250,9923,10639,10156,14677,13552,18110,18318,24525,25468,31182,32143,24321,27089,16742,21275,5058,9430,234751,218080,31199,29243,46560,44774,11905,96,42
2021-08-20T23:59:59+02:00,1117,1017,12411,11762,15963,14928,19338,19753,26028,27221,32784,33850,25195,28066,17293,22020,5249,9921,10584,10118,14635,13516,18070,18292,24490,25449,31152,32126,24312,27082,16736,21272,5058,9429,234253,217794,31199,29243,46560,44774,11817,96,42
2021-08-19T23:59:59+02:00,1091,993,12343,11706,15904,14896,19288,19702,25966,27171,32741,33815,25163,28043,17281,22009,5246,9919,10490,10042,14567,13477,18014,18254,24421,25406,31085,32081,24270,27063,16727,21255,5057,9426,233960,217357,31106,29234,46560,44766,11564,96,42
2021-08-18T23:59:59+02:00,1079,977,12303,11670,15875,14865,19260,19672,25936,27140,32704,33789,25144,28031,17276,22000,5244,9918,10435,9974,14520,13451,17965,18225,24375,25368,31026,32043,24248,27046,16721,21242,5053,9420,233641,216900,31106,29227,46559,44756,11490,96,42
2021-08-17T23:59:59+02:00,1052,952,12252,11628,15846,14823,19229,19640,25908,27117,32668,33751,25125,28011,17266,21984,5243,9913,10341,9892,14467,13403,17912,18171,24325,25327,30966,31999,24221,27022,16710,21222,5051,9413,233340,216301,30979,29168,46559,44753,11442,96,42
2021-08-16T23:59:59+02:00,1040,945,12220,11601,15829,14805,19211,19621,25885,27093,32649,33729,25105,27996,17258,21969,5240,9911,10286,9824,14442,13359,17888,18135,24281,25292,30929,31968,24194,26988,16695,21208,5051,9410,233111,215859,30979,29168,46559,44747,11370,96,42
2021-08-15T23:59:59+02:00,1032,945,12195,11585,15815,14788,19197,19606,25875,27084,32628,33714,25099,27987,17254,21958,5239,9911,10241,9789,14404,13336,17866,18113,24257,25278,30908,31942,24177,26980,16690,21200,5050,9408,232952,215573,30978,29168,46558,44742,11336,96,42
2021-08-14T23:59:59+02:00,1031,945,12194,11581,15815,14787,19194,19604,25874,27084,32628,33713,25099,27987,17254,21958,5239,9911,10075,9569,14298,13245,17791,18066,24208,25246,30868,31909,24162,26967,16687,21197,5048,9407,232943,214567,30978,29167,46558,44741,11331,96,42
2021-08-13T23:59:59+02:00,986,905,12041,11454,15761,14727,19128,19547,25803,27032,32576,33677,25074,27958,17243,21948,5238,9907,10022,9515,14258,13216,17752,18041,24176,25226,30844,31888,24151,26954,16681,21188,5048,9403,232106,214230,30977,29167,46558,44738,11278,94,42
2021-08-12T23:59:59+02:00,972,883,11984,11393,15712,14687,19092,19521,25758,27009,32530,33648,25049,27942,17234,21942,5238,9904,9931,9449,14184,13175,17691,17991,24110,25191,30790,31839,24123,26929,16665,21170,5046,9403,231875,213810,30953,29161,46558,44723,11025,94,42
2021-08-11T23:59:59+02:00,958,872,11949,11360,15693,14664,19059,19503,25736,26990,32505,33619,25030,27919,17230,21934,5237,9902,9858,9387,14132,13135,17644,17947,24069,25169,30750,31791,24093,26897,16649,21157,5045,9397,231581,213241,30952,29157,46557,44695,10983,94,42
2021-08-10T23:59:59+02:00,939,862,11861,11308,15641,14633,19015,19466,25680,26955,32448,33565,25013,27904,17223,21921,5236,9899,9763,9301,14079,13100,17612,17913,24022,25130,30697,31744,24060,26863,16642,21137,5041,9392,231198,212720,30820,29122,46555,44681,10909,94,42
2021-08-09T23:59:59+02:00,937,845,11833,11273,15625,14617,18993,19453,25648,26932,32419,33534,25005,27895,17217,21913,5236,9896,9709,9241,14038,13050,17575,17872,23991,25085,30662,31703,24046,26846,16637,21124,5039,9386,230960,212268,30820,29119,46554,44674,10850,94,42
2021-08-08T23:59:59+02:00,927,838,11797,11250,15604,14603,18973,19432,25623,26912,32397,33517,24997,27879,17210,21909,5235,9896,9634,9185,13989,13022,17548,17842,23958,25050,30630,31672,24033,26827,16629,21110,5038,9383,230769,211867,30820,29118,46554,44673,10768,94,42
2021-08-07T23:59:59+02:00,907,811,11700,11172,15561,14561,18931,19398,25584,26882,32351,33485,24980,27867,17201,21891,5234,9893,9010,8590,13545,12666,17336,17657,23807,24939,30478,31595,23974,26776,16608,21083,5033,9380,230180,208654,30820,29117,46554,44673,10767,94,42
2021-08-06T23:59:59+02:00,898,808,11670,11147,15545,14548,18921,19392,25569,26866,32342,33478,24976,27863,17196,21889,5234,9892,8427,7962,13030,12270,17108,17451,23662,24827,30384,31516,23943,26729,16596,21069,5030,9373,230130,205479,30698,29104,46554,44673,10764,94,42
2021-08-05T23:59:59+02:00,895,801,11630,11116,15503,14519,18880,19360,25523,26831,32294,33431,24935,27841,17194,21878,5234,9886,8372,7898,12981,12218,17058,17409,23598,24787,30308,31461,23896,26687,16582,21051,5028,9364,229902,205055,30697,29099,46553,44664,10509,94,42
2021-08-04T23:59:59+02:00,878,785,11600,11086,15484,14487,18847,19334,25496,26802,32249,33391,24920,27828,17189,21872,5232,9878,8282,7811,12924,12170,17006,17365,23541,24743,30248,31389,23859,26648,16572,21038,5026,9358,229636,204464,30695,29098,46551,44629,10386,94,42
2021-08-03T23:59:59+02:00,862,768,11553,11046,15461,14465,18816,19314,25470,26773,32214,33356,24900,27809,17180,21867,5228,9877,8199,7723,12854,12120,16938,17312,23481,24706,30205,31339,23823,26614,16557,21027,5023,9354,229301,203803,30694,29088,46550,44621,10324,94,42
2021-08-02T23:59:59+02:00,853,765,11518,11015,15439,14433,18789,19294,25441,26748,32182,33328,24886,27789,17172,21858,5227,9875,8103,7630,12774,12060,16878,17248,23424,24634,30155,31281,23805,26591,16536,21017,5021,9349,229021,203094,30694,29087,46550,44613,10256,94,42
2021-08-01T23:59:59+02:00,845,758,11491,10986,15428,14420,18774,19283,25422,26736,32165,33313,24882,27780,17171,21855,5225,9874,8035,7563,12713,12013,16834,17201,23388,24602,30128,31256,23789,26572,16532,21011,5019,9348,228877,202637,30689,29086,46550,44594,10201,94,42
2021-07-31T23:59:59+02:00,842,757,11488,10980,15426,14417,18770,19279,25421,26735,32162,33312,24882,27779,17171,21855,5225,9874,7882,7376,11941,11343,16278,16761,23293,24523,30063,31185,23760,26536,16520,20992,5018,9346,228847,199412,30688,29086,46550,44592,10199,94,42
2021-07-30T23:59:59+02:00,841,756,11475,10971,15423,14414,18763,19273,25414,26730,32152,33307,24881,27777,17171,21852,5225,9874,7601,7133,11399,10895,15798,16332,23156,24416,29955,31072,23723,26491,16503,20970,5018,9341,228779,196330,30687,29085,46548,44579,10194,94,42
2021-07-29T23:59:59+02:00,829,747,11435,10924,15385,14393,18723,19247,25377,26694,32099,33278,24863,27757,17160,21834,5225,9871,7227,6824,10734,10377,15280,15916,22979,24270,29807,30961,23668,26439,16474,20945,5014,9338,228457,192857,30686,29075,46548,44493,10059,94,42
2021-07-28T23:59:59+02:00,810,734,11388,10870,15361,14364,18692,19219,25351,26666,32072,33252,24847,27739,17155,21822,5224,9867,7060,6667,10589,10255,15168,15781,22886,24174,29705,30863,23625,26381,16456,20916,5013,9328,228127,191607,30686,29073,46543,44384,9986,94,42
2021-07-27T23:59:59+02:00,801,725,11343,10830,15318,14324,18652,19193,25322,26640,32036,33230,24831,27714,17148,21810,5223,9859,6838,6452,10428,10140,15023,15649,22782,24065,29597,30750,23573,26317,16440,20889,5010,9316,227807,190453,30686,28745,46542,44348,9873,94,42
2021-07-26T23:59:59+02:00,791,712,11293,10781,15292,14302,18635,19165,25294,26610,32004,33204,24816,27692,17136,21798,5222,9856,6721,6376,10331,10066,14956,15569,22700,24005,29532,30676,23540,26274,16428,20872,5006,9310,227508,189669,30684,28742,46541,44306,9778,94,42
2021-07-25T23:59:59+02:00,780,702,11265,10753,15270,14277,18615,19141,25267,26585,31983,33186,24799,27681,17132,21789,5221,9854,6645,6295,10262,10003,14883,15509,22646,23951,29476,30638,23509,26253,16416,20858,5006,9306,227310,189081,30684,28738,46540,44276,9674,94,42
2021-07-24T23:59:59+02:00,756,680,11188,10670,15231,14249,18591,19120,25247,26569,31971,33173,24799,27677,17129,21787,5221,9854,6247,5941,10114,9888,14507,15226,22423,23793,29358,30554,23473,26215,16399,20841,5003,9302,226930,186721,30684,28735,46540,44274,9666,94,42
2021-07-23T23:59:59+02:00,730,658,11120,10584,15201,14215,18563,19105,25226,26548,31956,33156,24788,27672,17127,21787,5221,9851,5877,5631,9992,9781,14160,14961,22227,23617,29238,30436,23421,26147,16388,20820,4999,9295,226541,184447,30684,28735,46540,44262,9651,94,42
2021-07-22T23:59:59+02:00,689,618,10965,10421,15104,14126,18475,19056,25146,26494,31883,33092,24752,27631,17112,21769,5217,9846,5559,5333,9723,9565,13577,14484,21907,23358,29006,30208,23320,26049,16345,20782,4995,9292,225587,181124,30683,28723,46539,44243,9495,94,42
2021-07-21T23:59:59+02:00,669,593,10900,10366,15067,14098,18435,19018,25106,26464,31844,33042,24727,27597,17096,21757,5214,9841,4943,4866,9281,9310,13193,14254,21675,23203,28820,30059,23255,25973,16320,20759,4993,9289,225156,179350,30672,27455,46536,44076,9378,94,42
2021-07-20T23:59:59+02:00,651,576,10843,10311,15041,14062,18400,18991,25075,26432,31808,33008,24707,27576,17091,21742,5211,9834,4803,4752,9131,9179,13026,14119,21562,23082,28689,29934,23175,25870,16298,20719,4986,9283,224778,178006,30672,27443,46534,43927,9283,94,42
2021-07-19T23:59:59+02:00,638,563,10805,10280,15010,14038,18376,18982,25046,26406,31775,32979,24690,27553,17085,21731,5209,9831,4723,4683,9033,9101,12908,14022,21464,22974,28590,29814,23119,25813,16273,20690,4981,9277,224530,177066,30672,27434,46525,43829,9178,94,42
2021-07-18T23:59:59+02:00,623,554,10752,10229,14975,14018,18351,18964,25026,26390,31752,32960,24680,27542,17079,21722,5208,9826,4615,4581,8899,8980,12781,13882,21378,22883,28517,29735,23090,25783,16264,20677,4978,9276,224255,176055,30672,27420,46525,43775,9107,94,42
2021-07-17T23:59:59+02:00,548,483,10461,9931,14863,13916,18260,18886,24920,26315,31644,32909,24645,27508,17066,21702,5206,9825,4567,4540,8844,8908,12545,13685,20953,22539,28387,29603,23053,25730,16255,20662,4977,9273,222695,174258,30672,27420,46523,43773,9106,94,42
2021-07-16T23:59:59+02:00,519,446,10326,9809,14803,13875,18207,18834,24884,26282,31624,32884,24636,27493,17063,21695,5206,9822,4520,4498,8768,8867,12173,13407,20408,22139,28254,29508,23004,25693,16246,20657,4975,9271,222026,172145,30672,27417,46522,43766,9096,94,42
2021-07-15T23:59:59+02:00,487,409,10188,9703,14735,13827,18151,18765,24829,26234,31574,32831,24611,27456,17045,21680,5199,9818,4308,4359,8439,8659,11658,13005,19300,21292,27837,29163,22834,25523,16181,20584,4965,9255,221295,167443,30670,27403,46521,43565,8964,94,42
2021-07-14T23:59:59+02:00,466,395,10159,9677,14698,13806,18121,18731,24792,26193,31523,32778,24581,27428,17034,21663,5198,9816,4184,4207,8182,8486,11428,12860,19121,21181,27690,29036,22769,25445,16147,20546,4960,9246,220926,165872,30670,27384,46520,43388,8851,94,42
2021-07-13T23:59:59+02:00,442,381,10109,9625,14668,13777,18094,18698,24755,26172,31488,32736,24565,27397,17023,21651,5197,9813,4087,4111,8007,8328,11227,12669,18985,21042,27536,28874,22672,25360,16112,20493,4956,9235,220515,164411,30670,27363,46519,43130,8795,94,42
2021-07-12T23:59:59+02:00,430,359,10063,9574,14641,13759,18064,18669,24718,26130,31454,32692,24541,27374,17008,21646,5194,9810,3981,4010,7836,8206,11068,12532,18869,20921,27413,28754,22598,25298,16085,20467,4955,9230,220143,163241,30669,27342,46518,42938,8703,94,42
2021-07-11T23:59:59+02:00,422,341,10032,9544,14619,13739,18047,18659,24696,26121,31433,32674,24529,27364,17006,21644,5194,9808,3911,3939,7718,8109,10920,12404,18744,20819,27312,28640,22554,25250,16064,20442,4953,9227,219946,162279,30666,27337,46517,42736,8650,94,42
2021-07-10T23:59:59+02:00,396,318,9919,9439,14565,13700,17997,18636,24672,26101,31414,32658,24521,27355,17002,21640,5192,9806,3876,3914,7659,8068,10885,12375,18715,20794,27283,28618,22546,25235,16060,20437,4953,9227,219418,161975,30665,27336,46514,42688,8641,94,42
2021-07-09T23:59:59+02:00,336,271,9660,9229,14464,13620,17919,18565,24586,26048,31365,32597,24498,27324,16988,21622,5192,9800,3809,3874,7522,7977,10667,12226,18490,20655,26867,28298,22361,25041,16005,20376,4950,9220,218197,159824,30665,27332,46513,42559,8616,94,42
2021-07-08T23:59:59+02:00,257,204,9466,9084,14361,13543,17824,18491,24527,25997,31282,32538,24469,27293,16975,21604,5188,9795,3653,3750,7211,7788,10314,11997,18143,20373,26563,28040,22187,24883,15937,20300,4943,9204,217086,157447,30662,27284,46500,41986,8557,94,42
2021-07-07T23:59:59+02:00,218,176,9377,8978,14320,13511,17787,18450,24473,25959,31240,32497,24444,27263,16963,21586,5188,9787,3471,3622,6890,7565,9373,11265,17557,19946,26161,27728,21950,24576,15860,20203,4929,9190,216446,154830,30659,25532,46498,41385,8521,94,42
2021-07-06T23:59:59+02:00,196,164,9297,8921,14269,13481,17751,18408,24432,25920,31179,32450,24408,27235,16948,21569,5186,9785,3354,3550,6685,7441,9103,11101,17311,19764,25884,27471,21793,24373,15779,20099,4916,9175,215881,152892,30644,25521,46495,40881,8486,94,42
2021-07-05T23:59:59+02:00,184,149,9210,8840,14228,13437,17716,18358,24396,25890,31134,32400,24384,27213,16939,21555,5185,9783,3303,3517,6557,7363,8954,10980,17165,19625,25713,27316,21650,24205,15729,20046,4905,9165,215332,151830,30644,25512,46493,40392,8439,94,42
2021-07-04T23:59:59+02:00,169,142,9159,8790,14195,13424,17690,18340,24370,25869,31113,32374,24369,27199,16933,21547,5184,9780,3253,3473,6492,7323,8866,10908,17078,19539,25584,27205,21525,24076,15687,19994,4903,9158,215057,151167,30643,25503,46478,39995,8376,94,42
2021-07-03T23:59:59+02:00,166,139,8651,8298,14035,13303,17589,18221,24275,25811,31048,32325,24348,27177,16921,21535,5182,9777,3193,3393,6372,7203,8693,10765,16861,19354,25195,26894,21410,23938,15657,19954,4899,9152,213230,149109,30642,25503,46478,39939,8358,94,42
2021-07-02T23:59:59+02:00,159,135,8083,7833,13889,13195,17497,18144,24205,25742,30988,32263,24310,27135,16915,21515,5180,9772,3082,3286,6100,7048,8436,10525,16491,19025,24718,26469,21183,23665,15588,19872,4893,9149,211395,146034,30642,25501,46475,39615,8355,94,42
2021-07-01T23:59:59+02:00,146,125,7955,7727,13806,13136,17427,18092,24137,25690,30935,32210,24282,27110,16905,21503,5179,9771,2893,3099,5751,6764,7998,10105,15900,18548,23946,25804,20691,23191,15461,19710,4881,9124,210606,141435,30637,25488,46469,38585,8331,94,42
2021-06-30T23:59:59+02:00,129,112,7809,7608,13741,13086,17375,18039,24085,25636,30875,32164,24250,27088,16891,21485,5179,9766,2796,3023,5595,6621,7770,9883,14941,17677,23331,25253,20333,22797,15328,19549,4867,9090,210038,139895,30463,23213,46465,37459,8259,94,42
2021-06-29T23:59:59+02:00,114,99,7742,7512,13694,13046,17337,17994,24032,25575,30825,32104,24230,27062,16881,21469,5176,9762,2737,2978,5464,6523,7616,9749,14772,17505,23089,25017,20072,22471,15229,19448,4855,9070,209409,138769,30461,23201,46462,36364,8229,94,42
2021-06-28T23:59:59+02:00,109,93,7677,7441,13627,12985,17288,17943,23990,25530,30768,32060,24213,27034,16874,21459,5174,9760,2706,2945,5397,6471,7523,9678,14675,17423,22937,24803,19869,22226,15174,19379,4851,9056,208866,138165,30459,23191,46454,35570,8153,94,42
2021-06-27T23:59:59+02:00,95,88,7629,7378,13595,12948,17259,17910,23971,25495,30741,32032,24201,27026,16867,21453,5174,9758,2684,2931,5347,6446,7450,9632,14579,17359,22841,24716,19742,22083,15143,19328,4847,9047,208510,137652,30459,23179,46448,35198,8110,94,42
2021-06-26T23:59:59+02:00,91,85,7124,6830,13203,12648,17145,17806,23905,25437,30705,31997,24192,27009,16863,21442,5173,9757,2583,2821,5158,6256,7249,9441,14032,16904,22178,24082,19594,21941,15098,19275,4845,9039,206324,134013,30457,23179,46448,35178,8110,74,22
2021-06-25T23:59:59+02:00,90,82,6645,6342,12746,12275,16985,17687,23814,25372,30625,31956,24169,26982,16858,21432,5171,9754,2480,2668,4983,6063,6990,9143,13499,16370,21625,23496,19398,21731,15040,19208,4841,9027,203914,130310,30457,23179,46448,34964,8093,74,22
2021-06-24T23:59:59+02:00,80,70,6424,6129,12521,12123,16879,17605,23740,25319,30567,31908,24135,26940,16852,21422,5169,9747,2273,2432,4613,5685,6490,8655,12775,15656,20472,22492,18934,21249,14935,19077,4829,9012,202642,124364,30455,23169,46441,34011,8019,74,22
2021-06-23T23:59:59+02:00,75,68,5850,5629,12357,12012,16760,17493,23665,25272,30503,31858,24101,26917,16845,21408,5165,9743,2234,2379,4550,5564,6398,8504,12541,15367,20228,22231,18635,20919,14838,18963,4818,8995,202127,123337,29120,23020,46431,32821,7970,74,22
2021-06-22T23:59:59+02:00,70,63,5709,5499,12257,11906,16672,17420,23606,25210,30434,31779,24074,26884,16835,21387,5161,9741,2182,2342,4455,5482,6273,8356,11671,14706,19814,21822,18300,20564,14730,18824,4808,8974,201190,122410,29113,21326,46411,31630,7920,74,22
2021-06-21T23:59:59+02:00,67,60,5573,5385,12180,11813,16608,17333,23549,25136,30384,31721,24049,26856,16822,21372,5161,9737,2149,2306,4395,5385,6186,8228,10889,14000,19360,21412,18074,20334,14669,18728,4799,8957,200362,121608,29107,19540,46406,30848,7858,74,22
2021-06-20T23:59:59+02:00,65,58,5456,5261,12014,11634,16542,17209,23500,25071,30342,31665,24033,26834,16816,21357,5156,9732,2131,2276,4354,5345,6115,8177,10786,13921,19248,21286,17916,20143,14603,18645,4795,8950,199357,121073,29103,19537,46400,30252,7812,74,22
2021-06-19T23:59:59+02:00,61,54,5438,5241,11244,10968,16062,16815,23439,25026,30298,31623,24014,26814,16808,21345,5156,9732,2058,2155,4149,5111,5831,7895,10458,13585,18191,20427,17744,19951,14570,18580,4790,8938,196752,116831,29103,19537,46399,30237,7811,74,22
2021-06-18T23:59:59+02:00,58,53,5402,5213,10599,10384,15448,16250,23347,24957,30229,31560,23987,26784,16797,21330,5155,9730,1988,2065,4008,4968,5553,7625,10075,13220,17039,19216,17541,19713,14521,18515,4787,8928,193907,112415,29095,19536,46399,29985,7809,74,22
2021-06-17T23:59:59+02:00,51,44,5288,5110,9920,9879,14959,15861,23247,24869,30147,31466,23947,26738,16783,21309,5154,9727,1859,1959,3750,4721,5165,7259,9534,12733,15850,18025,17080,19223,14380,18341,4774,8904,191323,107285,29092,19527,46396,29065,7670,19,15
2021-06-16T23:59:59+02:00,49,36,5156,4978,9725,9716,14814,15731,23154,24776,30047,31390,23903,26693,16768,21297,5153,9717,1817,1917,3643,4632,5062,7138,8501,11880,15578,17728,16784,18886,14245,18170,4768,8871,190149,106388,29081,17646,46394,28115,7461,19,15
2021-06-15T23:59:59+02:00,43,30,4974,4796,9541,9561,14678,15587,23062,24685,29971,31305,23860,26620,16742,21264,5145,9702,1757,1862,3562,4535,4967,7021,8385,11737,15397,17498,16464,18575,14103,18001,4746,8812,188833,105615,29078,17642,46375,26893,7262,19,15
2021-06-14T23:59:59+02:00,41,27,4897,4732,9450,9452,14601,15497,22990,24613,29900,31244,23828,26581,16727,21246,5142,9696,1735,1839,3526,4510,4926,6988,8284,11673,15260,17364,16284,18371,14010,17903,4741,8804,188089,105386,29072,17640,46369,26066,7116,19,15
2021-06-13T23:59:59+02:00,40,26,4839,4683,9365,9378,14516,15430,22928,24562,29833,31191,23802,26553,16718,21236,5142,9694,1686,1825,3483,4485,4870,6945,8211,11635,15160,17269,16127,18187,13956,17829,4734,8797,187507,105102,29066,17638,46353,25457,6992,19,15
2021-06-12T23:59:59+02:00,38,24,4820,4668,9338,9355,14277,15253,22798,24432,29787,31146,23781,26536,16709,21228,5141,9692,1563,1702,3246,4275,4463,6644,7663,11204,13383,15581,15773,17814,13876,17727,4732,8782,186597,98398,29066,17638,46353,25392,6990,18,15
2021-06-11T23:59:59+02:00,34,23,4767,4616,9257,9303,13955,15031,22602,24283,29691,31055,23744,26491,16691,21216,5140,9689,1462,1567,3055,4059,4165,6278,7150,10659,11738,13683,15291,17234,13763,17579,4717,8768,185238,91448,29061,17637,46351,25152,6921,18,15
2021-06-10T23:59:59+02:00,28,20,4482,4390,8709,8973,12680,14007,22035,23831,29316,30749,23607,26332,16639,21148,5127,9674,1340,1479,2819,3877,3837,5995,6712,10267,10319,12351,14777,16658,13591,17371,4702,8741,179897,86901,29043,17634,46345,23845,6446,17,15
2021-06-09T23:59:59+02:00,25,16,4249,4227,8117,8680,11778,13346,21715,23618,29086,30597,23544,26269,16619,21123,5124,9670,1253,1425,2665,3806,3695,5914,6505,10172,10054,12171,14452,16307,13419,17191,4695,8720,177783,86562,27774,17530,46339,22451,5891,17,15
2021-06-08T23:59:59+02:00,21,13,4119,4124,7716,8452,11290,13055,21489,23438,28886,30443,23486,26195,16586,21081,5118,9661,1176,1399,2529,3748,3534,5844,5608,9422,9581,11807,14114,15898,13194,16952,4681,8698,176027,86203,27402,15375,46313,21182,5415,17,15
2021-06-07T23:59:59+02:00,16,11,3998,4048,7476,8346,11000,12876,21286,23324,28731,30325,23427,26141,16568,21056,5114,9653,1128,1282,2407,3684,3404,5781,5442,9346,9370,11680,13884,15640,13038,16783,4674,8680,174795,86013,27392,15370,46304,19941,4889,17,15
2021-06-06T23:59:59+02:00,14,11,3881,3990,7239,8227,10750,12714,21099,23236,28645,30233,23396,26107,16556,21038,5111,9648,1108,1265,2343,3649,3307,5728,5335,9271,9251,11578,13728,15486,12965,16689,4671,8673,173645,85818,27374,15364,46294,19289,4566,17,15
2021-06-05T23:59:59+02:00,14,11,3852,3953,7200,8186,10573,12561,20471,22725,28483,30088,23346,26062,16542,21019,5111,9644,1076,1166,2176,3195,3074,5188,5166,8938,8471,10621,13075,14643,12853,16542,4660,8663,171603,80423,27374,15364,46293,19153,4556,16,15
2021-06-04T23:59:59+02:00,14,11,3822,3926,7161,8160,10475,12469,20106,22395,28379,29991,23311,26023,16528,21010,5109,9643,1044,1099,2078,2883,2915,4710,5009,8567,7954,9963,11574,12925,12726,16345,4653,8645,170315,74037,27361,15363,46292,19129,4550,16,15
2021-06-03T23:59:59+02:00,9,7,3686,3824,6942,8021,9920,12045,18882,21465,27981,29681,23177,25881,16475,20948,5105,9629,993,1054,1990,2772,2778,4551,4804,8261,7589,9512,11194,12525,12617,16231,4650,8632,165558,72245,27351,15360,46288,18071,4466,16,15
2021-06-02T23:59:59+02:00,9,7,3678,3816,6929,8004,9909,12034,18693,21284,27910,29632,23154,25860,16469,20939,5102,9627,988,1047,1978,2743,2755,4532,4593,8077,7053,9023,11157,12484,12602,16217,4646,8626,165489,72138,26806,13867,46288,18047,4458,16,15
2021-06-01T23:59:59+02:00,8,6,3550,3741,6687,7856,9625,11839,18238,20939,27672,29435,23060,25758,16428,20886,5099,9615,951,1000,1892,2673,2674,4458,4314,7843,6453,8490,10942,12270,12504,16116,4641,8614,163793,71692,26027,12574,46274,17225,4333,16,15
2021-05-31T23:59:59+02:00,8,6,3504,3696,6596,7788,9489,11737,18112,20849,27580,29358,22993,25696,16411,20858,5094,9608,921,973,1823,2630,2595,4415,4206,7779,6332,8415,10756,12100,12403,16000,4631,8606,162946,71324,25997,12567,46261,16519,4164,16,15
2021-05-30T23:59:59+02:00,8,5,3473,3671,6532,7732,9398,11644,18023,20769,27504,29287,22947,25651,16389,20831,5088,9598,914,964,1812,2620,2582,4403,4177,7753,6279,8373,10694,12020,12369,15957,4626,8597,162240,71281,25991,12564,46244,16224,4060,16,15
2021-05-29T23:59:59+02:00,8,5,3462,3652,6497,7705,9354,11605,17985,20729,27356,29181,22892,25577,16374,20811,5085,9594,878,945,1755,2574,2509,4319,3987,7498,6005,8074,8488,9357,12176,15615,4611,8567,161576,65023,25991,12562,46230,15701,4060,16,15
2021-05-28T23:59:59+02:00,8,5,3399,3597,6366,7628,9214,11473,17827,20597,27173,29059,22829,25499,16354,20793,5084,9593,865,932,1736,2551,2473,4264,3835,7202,5811,7810,5778,6241,11901,15216,4595,8518,160218,58133,25989,12562,46225,14970,4051,16,15
2021-05-27T23:59:59+02:00,8,5,3254,3473,6080,7448,8612,11140,17351,20259,26760,28711,22661,25334,16297,20730,5077,9575,817,874,1651,2454,2355,4130,3413,6230,5390,7211,5616,6066,11821,15142,4589,8501,156747,57649,25930,12515,46219,12220,3864,16,15
2021-05-26T23:59:59+02:00,8,5,3147,3388,5860,7281,8243,10855,16887,19953,26460,28473,22511,25201,16246,20656,5064,9555,800,864,1598,2429,2302,4099,3340,6155,5291,7139,5480,5939,11755,15075,4584,8489,154047,57568,25912,12513,46197,11624,3622,16,15
2021-05-25T23:59:59+02:00,8,5,3056,3326,5718,7165,8047,10691,15887,19178,26106,28118,22352,25044,16194,20576,5057,9545,781,847,1561,2381,2231,4039,3265,6085,5205,7076,5313,5769,11647,14994,4576,8477,152488,57498,23993,12323,46180,11015,3399,14,15
2021-05-24T23:59:59+02:00,8,5,2993,3310,5631,7120,7931,10629,14973,18489,25691,27807,22257,24939,16163,20540,5050,9533,772,845,1540,2364,2189,4002,3220,6037,5128,6996,5212,5661,11565,14918,4575,8471,151766,57460,21922,12247,46170,10578,3198,14,15
2021-05-23T23:59:59+02:00,8,4,2990,3305,5622,7112,7922,10621,14968,18488,25690,27806,22257,24939,16163,20540,5050,9533,770,842,1532,2357,2176,3989,3201,6022,5107,6963,5167,5609,11549,14894,4574,8469,151735,57452,21922,12247,46168,10330,3180,14,15
2021-05-22T23:59:59+02:00,7,4,2953,3261,5542,7060,7822,10533,14768,18323,25407,27560,22156,24852,16130,20496,5047,9528,748,822,1482,2302,2124,3906,3089,5899,4790,6389,4595,4862,10901,14070,4564,8430,150195,54206,21922,12247,46168,9357,3151,14,15
2021-05-21T23:59:59+02:00,5,4,2881,3188,5416,6961,7695,10386,14509,18094,25112,27324,22041,24744,16097,20448,5042,9519,719,769,1413,2173,2022,3637,2905,5566,4309,5494,4178,4323,10155,13128,4499,8304,148251,50454,21921,12247,46162,7761,3120,13,15
2021-05-20T23:59:59+02:00,5,4,2749,3028,5134,6705,7410,10016,14047,17611,24501,26773,21767,24448,16003,20327,5028,9489,705,758,1386,2149,1984,3603,2851,5511,4227,5415,4050,4220,10078,13065,4490,8292,144092,50358,21911,12235,46137,7285,2893,13,15
2021-05-19T23:59:59+02:00,5,4,2695,2976,5036,6563,7267,9834,12901,16574,24237,26481,21670,24318,15958,20266,5019,9482,688,732,1360,2101,1951,3517,2788,5364,4133,5307,3968,4128,10024,13000,4487,8288,142710,50327,19839,12169,46065,6667,2660,13,15
2021-05-18T23:59:59+02:00,5,4,2668,2952,4987,6530,7214,9802,12546,16299,24057,26328,21577,24229,15928,20213,5011,9470,659,674,1303,1973,1877,3316,2689,5156,4003,5109,3744,3850,9941,12920,4477,8278,142424,50303,18986,11167,46020,6108,2378,13,15
2021-05-17T23:59:59+02:00,5,4,2642,2933,4942,6460,7126,9694,12393,16120,23907,26165,21523,24178,15909,20190,5006,9462,651,660,1287,1937,1856,3269,2641,5048,3924,4995,3605,3697,9873,12857,4474,8270,141449,50280,18978,11157,46003,5377,2217,13,15
2021-05-16T23:59:59+02:00,5,4,2630,2920,4919,6393,7088,9611,12333,16046,23855,26104,21499,24161,15899,20176,5003,9459,646,655,1277,1934,1839,3260,2620,5036,3895,4972,3551,3630,9834,12825,4473,8268,141012,50267,18969,11146,45981,5159,2130,13,15
2021-05-15T23:59:59+02:00,4,4,2506,2783,4730,6187,6896,9423,11814,15627,23264,25555,21392,24043,15865,20133,5000,9451,596,593,1196,1845,1704,3107,2333,4728,3444,4461,3219,3201,9670,12620,4449,8239,137615,47306,18968,11146,45976,4834,2105,13,15
2021-05-14T23:59:59+02:00,4,4,2389,2607,4534,5964,6619,9111,11276,15115,22697,24986,21246,23903,15829,20075,4996,9440,534,515,1094,1724,1543,2892,2003,4325,2842,3872,2833,2764,9585,12471,4445,8235,133792,44374,18961,11144,45952,4068,2077,13,15
2021-05-13T23:59:59+02:00,4,4,2209,2323,4213,5582,6193,8640,10715,14426,21661,24072,20964,23629,15769,19976,4989,9425,530,515,1081,1709,1528,2874,1994,4301,2826,3851,2816,2750,9578,12467,4444,8235,127890,44322,18909,11135,45927,3973,2055,13,15
2021-05-12T23:59:59+02:00,4,4,2208,2321,4205,5581,6184,8634,10613,14304,21607,24032,20959,23618,15764,19968,4988,9425,523,493,1045,1654,1479,2795,1911,4214,2767,3792,2735,2655,9527,12394,4444,8235,127842,44319,18585,10308,45927,3970,2052,13,15
2021-05-11T23:59:59+02:00,4,4,2086,2282,4121,5518,6057,8519,10304,14053,21414,23870,20882,23546,15749,19935,4984,9420,498,469,984,1594,1409,2704,1812,4074,2694,3717,2581,2427,9462,12293,4443,8235,126894,44301,18248,9470,45643,3661,1950,13,15
2021-05-10T23:59:59+02:00,4,4,2045,2204,4014,5395,5921,8340,9513,13289,21034,23549,20791,23456,15710,19881,4974,9407,486,441,948,1530,1344,2614,1723,3912,2611,3625,2556,2408,9452,12275,4439,8230,125753,44289,16400,9289,45538,3175,1827,13,15
2021-05-09T23:59:59+02:00,4,4,2013,2191,3979,5356,5868,8292,9444,13220,20964,23476,20755,23415,15695,19854,4971,9393,479,433,925,1486,1318,2565,1689,3850,2573,3582,2547,2396,9441,12258,4439,8222,125305,44229,16396,9286,45442,2936,1738,13,15
2021-05-08T23:59:59+02:00,4,4,1950,2088,3797,5181,5594,8086,9134,12935,19830,22545,20560,23221,15662,19785,4966,9381,407,404,861,1446,1241,2492,1601,3748,2353,3369,2000,1968,9347,12172,4438,8222,121147,42748,16395,9285,45439,2297,1737,5,3
2021-05-07T23:59:59+02:00,4,4,1863,1974,3616,5012,5274,7791,8722,12561,18578,21270,20377,23009,15616,19728,4957,9362,321,346,751,1371,1109,2362,1467,3606,2178,3176,1630,1627,8859,11723,4437,8220,116202,41010,16391,9280,45416,1187,1704,5,3
2021-05-06T23:59:59+02:00,4,4,1679,1865,3330,4756,4823,7384,8081,11999,17334,20029,20043,22632,15508,19563,4947,9351,304,337,730,1341,1069,2315,1418,3522,2112,3108,1594,1572,8842,11692,4431,8217,110343,40990,16383,9274,45180,917,1421,5,3
2021-05-05T23:59:59+02:00,4,3,1609,1836,3246,4670,4744,7279,7953,11848,17180,19883,19923,22513,15431,19467,4925,9254,294,326,688,1290,1008,2241,1336,3373,2004,2991,1501,1474,8424,11124,4425,8199,109576,40953,16241,8145,45009,661,937,5,3
2021-05-04T23:59:59+02:00,4,3,1582,1807,3200,4592,4685,7168,7703,11552,16618,19306,19836,22382,15355,19369,4895,9140,278,313,665,1260,987,2187,1278,3253,1891,2834,1429,1368,8353,11020,4420,8181,108868,40926,14895,7869,44905,396,524,5,3
2021-05-03T23:59:59+02:00,4,3,1574,1804,3190,4577,4647,7143,7449,11318,15923,18710,19772,22297,15328,19335,4889,9130,263,293,643,1177,938,2099,1215,3114,1793,2697,1363,1288,8327,10985,4416,8172,108776,40916,13296,7662,44865,52,151,5,3
2021-05-02T23:59:59+02:00,4,3,1573,1802,3183,4575,4642,7140,7435,11308,15904,18699,19755,22289,15328,19333,4888,9130,263,290,640,1176,933,2096,1205,3108,1785,2691,1349,1281,8326,10980,4415,8172,108748,40893,13293,7660,44839,49,106,5,3
2021-05-01T23:59:59+02:00,4,3,1441,1657,2905,4326,4175,6782,6816,10826,13968,16819,19373,21891,15237,19217,4885,9114,261,290,637,1174,932,2093,1203,3106,1783,2687,1344,1277,8324,10978,4415,8172,101206,40862,13293,7660,44833,49,103,4,3
2021-04-30T23:59:59+02:00,3,3,1320,1511,2687,4103,3845,6386,6248,10231,12175,14775,18914,21348,15133,19074,4871,9103,256,289,630,1167,917,2085,1190,3096,1772,2674,1334,1268,8320,10973,4414,8171,93569,40817,13293,7660,44833,46,31,4,3
2021-04-29T23:59:59+02:00,2,3,1203,1449,2521,3979,3604,6183,5891,9930,10832,13498,18653,21070,15090,19004,4867,9097,255,285,625,1159,905,2079,1170,3091,1742,2637,1308,1244,8314,10964,4414,8171,88881,40784,13284,7527,44693,36,14,4,3
2021-04-28T23:59:59+02:00,2,3,1147,1443,2470,3959,3553,6159,5828,9897,10735,13430,18621,21036,15083,18988,4867,9094,255,284,623,1158,902,2077,1165,3087,1734,2636,1301,1225,7868,10441,4414,8171,88611,40761,13234,6534,44453,32,13,4,2
2021-04-27T23:59:59+02:00,2,3,1102,1416,2365,3915,3488,6131,5709,9841,10618,13353,18587,20996,15070,18973,4865,9092,254,284,621,1150,901,2075,1160,3084,1730,2632,1289,1208,7450,9859,4414,8171,88099,40741,13181,5501,44230,27,12,4,2
2021-04-26T23:59:59+02:00,2,3,1060,1386,2275,3822,3361,6031,5541,9720,10313,13094,18525,20941,15061,18955,4863,9092,253,283,620,1148,895,2071,1153,3081,1712,2623,1274,1195,7441,9839,4414,8171,86758,40654,13170,5480,44101,26,12,4,2
2021-04-25T23:59:59+02:00,2,3,1057,1384,2267,3820,3354,6026,5521,9712,10279,13063,18514,20929,15060,18949,4863,9091,252,283,620,1148,895,2071,1151,3081,1712,2623,1274,1195,7441,9837,4414,8171,86735,40652,13161,5478,43983,26,11,4,2
2021-04-24T23:59:59+02:00,2,2,1014,1271,2078,3282,3083,5410,5329,9300,9444,12016,17806,20031,14947,18789,4855,9080,251,282,619,1147,895,2070,1151,3080,1706,2618,1271,1190,7439,9835,4414,8170,80606,40627,13161,5474,43958,26,10,4,2
2021-04-23T23:59:59+02:00,1,2,981,1187,1966,2934,2901,4858,5133,8871,8890,11294,16174,18168,14798,18583,4847,9057,251,282,618,1147,893,2068,1150,3080,1705,2617,1266,1185,7435,9833,4414,8169,73573,40613,13160,5463,43898,26,10,4,2
2021-04-22T23:59:59+02:00,1,2,976,1175,1946,2918,2881,4838,5075,8825,8778,11190,16101,18091,14771,18553,4845,9052,249,282,614,1146,890,2067,1142,3068,1689,2597,1242,1163,7430,9825,4414,8169,73522,40599,13102,5352,43380,25,10,4,2
2021-04-21T23:59:59+02:00,1,2,966,1167,1932,2905,2853,4812,5029,8770,8670,11067,16015,18007,14742,18519,4845,9047,244,279,604,1137,876,2037,1132,3043,1679,2571,1229,1149,7205,9507,4413,8169,73478,40591,13044,4648,42813,24,10,4,2
2021-04-20T23:59:59+02:00,1,2,939,1119,1880,2791,2780,4649,4935,8591,8495,10858,15782,17725,14683,18460,4838,9041,231,276,586,1116,850,2005,1103,3017,1644,2530,1209,1136,7196,9502,4412,8168,73439,40570,11915,4381,42201,20,10,4,1
2021-04-19T23:59:59+02:00,1,2,930,1111,1848,2771,2730,4624,4811,8530,8295,10746,15690,17627,14661,18441,4838,9035,225,268,568,1095,832,1972,1085,2974,1598,2475,1191,1117,7189,9499,4410,8167,73040,40535,11894,4102,41743,18,10,4,1
2021-04-18T23:59:59+02:00,1,2,927,1110,1843,2765,2722,4612,4793,8519,8255,10703,15641,17568,14651,18424,4837,9033,225,268,568,1094,831,1972,1084,2974,1598,2474,1191,1116,7187,9498,4409,8167,72994,40528,11890,4100,41508,18,10,4,1
2021-04-17T23:59:59+02:00,0,2,895,1095,1794,2727,2654,4533,4639,8378,7992,10474,13267,14662,14452,18070,4820,8997,223,268,568,1091,827,1965,1072,2967,1588,2454,1153,1074,6854,9085,4384,8119,66161,39575,11890,4089,41386,18,10,4,1
2021-04-16T23:59:59+02:00,0,2,889,1089,1782,2716,2612,4493,4547,8294,7812,10280,10423,11409,14180,17652,4801,8942,222,264,567,1087,822,1961,1063,2964,1580,2441,1142,1059,6848,9079,4382,8116,58874,39496,11888,4073,41147,18,10,4,1
2021-04-15T23:59:59+02:00,0,2,877,1084,1760,2702,2569,4460,4429,8233,7583,10079,10172,11191,14118,17586,4794,8928,220,263,567,1085,821,1959,1060,2961,1577,2438,1137,1054,6846,9077,4382,8116,58850,39481,11886,4055,39817,17,10,4,1
2021-04-14T23:59:59+02:00,0,2,859,1057,1701,2619,2480,4336,4239,8049,7308,9797,9798,10706,13969,17405,4788,8916,196,238,526,1034,798,1892,1024,2881,1527,2375,1111,1024,6841,9068,4382,8115,58815,39465,10938,3542,38262,15,10,4,1
2021-04-13T23:59:59+02:00,0,2,835,1035,1664,2567,2413,4253,4138,7911,7095,9577,9391,10188,13823,17238,4783,8902,160,214,491,986,758,1799,989,2771,1474,2305,1092,989,6825,9057,4381,8115,58768,39401,9988,2986,37045,9,10,4,1
2021-04-12T23:59:59+02:00,0,2,830,1033,1645,2563,2384,4240,4086,7860,6954,9405,9125,9873,13759,17178,4772,8885,149,200,463,946,735,1734,969,2699,1430,2255,1070,972,6808,9037,4378,8110,58710,39284,9957,2652,35913,9,10,4,1
2021-04-11T23:59:59+02:00,0,2,829,1032,1634,2563,2370,4237,4063,7848,6889,9343,8992,9708,13732,17130,4767,8876,149,200,463,944,734,1732,967,2699,1429,2255,1070,972,6806,9037,4378,8110,58696,39276,9955,2651,35350,8,10,4,1
2021-04-10T23:59:59+02:00,0,2,813,1028,1605,2534,2333,4208,3993,7790,6757,9226,8434,8973,13065,16278,4756,8834,146,200,461,941,728,1729,967,2692,1420,2248,1057,956,6336,8538,4362,8094,55359,38208,9954,2649,35302,8,10,4,1
2021-04-09T23:59:59+02:00,0,2,791,1000,1564,2485,2267,4128,3840,7630,6410,8894,7907,8314,12242,15251,4685,8695,144,198,459,935,721,1721,958,2682,1405,2237,1035,934,6094,8266,4342,8067,51367,37535,9947,2645,34777,8,10,4,1
2021-04-08T23:59:59+02:00,0,2,781,990,1537,2461,2201,4079,3706,7541,6157,8593,7292,7658,12080,15051,4674,8679,144,196,454,931,716,1714,950,2671,1396,2224,1023,931,6091,8264,4341,8067,51332,37512,9922,2583,32214,8,10,4,1
2021-04-07T23:59:59+02:00,0,2,774,981,1511,2443,2142,4041,3619,7471,5926,8328,6736,7024,11469,14301,4661,8651,125,189,423,884,670,1645,893,2601,1346,2155,1002,915,6083,8258,4340,8067,51302,37488,8762,2091,30003,8,9,4,1
2021-04-06T23:59:59+02:00,0,2,769,979,1497,2435,2113,4018,3546,7422,5745,8156,6290,6516,11266,14085,4646,8620,102,168,375,825,625,1570,849,2501,1293,2091,977,899,6064,8243,4338,8063,51233,37460,8578,1507,28282,8,8,4,1
2021-04-05T23:59:59+02:00,0,2,764,975,1481,2427,2087,4008,3495,7396,5601,8045,6085,6299,11199,13998,4640,8610,96,166,374,823,618,1561,841,2486,1280,2072,949,868,4959,6840,4260,7958,51033,34638,8574,1497,27493,8,8,4,1
2021-04-04T23:59:59+02:00,0,2,762,969,1479,2425,2083,4006,3477,7389,5591,8038,6074,6279,11185,13979,4638,8607,96,166,372,821,615,1556,834,2479,1265,2053,926,846,3949,5681,4194,7852,51017,32192,8572,1497,27382,8,8,4,1
2021-04-03T23:59:59+02:00,0,2,710,913,1398,2354,1960,3867,3216,7129,5130,7545,5729,5822,11013,13760,4610,8578,94,166,372,820,615,1554,833,2479,1265,2053,926,846,3949,5678,4194,7851,47772,32182,8572,1497,27380,8,8,4,1
2021-04-02T23:59:59+02:00,0,2,668,879,1343,2286,1862,3753,2963,6869,4612,7065,5337,5362,10912,13594,4605,8572,93,166,372,820,615,1554,831,2479,1263,2052,923,843,3946,5675,4193,7851,44840,32165,8571,1496,27262,8,7,4,1
2021-04-01T23:59:59+02:00,0,2,665,876,1333,2281,1842,3745,2934,6855,4538,6992,5228,5252,10873,13545,4604,8567,93,166,370,816,613,1551,831,2476,1259,2048,913,842,3941,5672,4192,7850,44823,32154,8427,1464,26871,8,7,4,1
2021-03-31T23:59:59+02:00,0,2,663,874,1326,2264,1834,3735,2906,6827,4475,6946,5088,5090,10359,12936,4600,8559,93,166,369,816,613,1551,831,2476,1257,2048,912,842,3941,5671,4192,7849,44812,32148,7294,1464,26368,8,7,3,1
2021-03-30T23:59:59+02:00,0,2,654,871,1308,2244,1805,3706,2869,6792,4389,6857,4919,4896,9831,12235,4593,8544,88,163,368,812,608,1549,826,2470,1249,2045,902,832,3933,5668,4191,7848,44787,32127,6105,1410,25613,8,7,3,1
2021-03-29T23:59:59+02:00,0,2,649,863,1295,2210,1789,3675,2838,6750,4317,6772,4719,4698,9745,12141,4590,8530,88,163,368,810,603,1545,824,2464,1244,2037,894,826,3925,5660,4191,7848,44718,32113,5888,1363,24967,7,7,3,1
2021-03-28T23:59:59+02:00,0,2,646,861,1292,2207,1775,3665,2822,6738,4282,6720,4624,4588,9709,12077,4585,8523,88,163,368,809,603,1545,822,2464,1242,2037,893,826,3924,5660,4191,7848,44696,32111,5879,1358,24531,7,7,3,1
2021-03-27T23:59:59+01:00,0,2,642,856,1282,2203,1758,3648,2794,6708,4118,6577,4046,4133,9480,11831,4572,8504,88,163,366,807,601,1543,820,2461,1234,2031,889,822,3745,5369,4084,7675,42749,31326,5875,1358,24520,7,7,3,1
2021-03-26T23:59:59+01:00,0,2,637,848,1274,2192,1736,3631,2769,6686,4042,6499,3638,3766,8877,11271,4559,8490,88,163,366,806,600,1540,816,2458,1224,2027,876,809,3021,4427,3875,7327,40805,29051,5862,1358,24240,7,7,3,1
2021-03-25T23:59:59+01:00,0,2,630,842,1261,2178,1717,3607,2710,6646,3958,6421,3464,3547,8766,11161,4553,8484,88,163,366,806,600,1539,816,2457,1222,2027,876,809,3020,4426,3874,7326,40791,29043,5754,1358,23392,7,7,3,1
2021-03-24T23:59:59+01:00,0,2,624,835,1228,2152,1672,3562,2632,6577,3801,6270,3144,3182,8355,10610,4544,8471,84,161,354,793,584,1521,783,2423,1172,1995,843,771,3011,4420,3874,7323,40767,28741,4995,1357,21889,7,7,3,1
2021-03-23T23:59:59+01:00,0,2,612,827,1203,2121,1630,3514,2550,6497,3652,6116,2763,2797,8138,10391,4536,8452,79,157,342,772,549,1490,722,2360,1071,1913,760,711,2974,4385,3870,7319,40722,28110,4704,1350,20366,7,7,2,1
2021-03-22T23:59:59+01:00,0,2,589,717,1166,2068,1597,3458,2497,6427,3511,5986,2522,2559,7807,10036,4520,8416,79,156,342,772,549,1488,720,2358,1068,1913,758,707,2970,4380,3869,7316,40254,28081,4382,1350,19233,7,7,2,1
2021-03-21T23:59:59+01:00,0,2,588,714,1160,2059,1586,3448,2480,6412,3473,5952,2380,2395,7714,9924,4511,8401,79,156,342,771,549,1488,720,2358,1068,1913,758,707,2970,4379,3869,7315,40250,28078,4368,1350,18572,7,7,2,1
2021-03-20T23:59:59+01:00,0,2,587,714,1158,2052,1579,3441,2474,6405,3455,5930,2348,2357,7223,9407,4494,8384,79,156,342,771,548,1488,718,2357,1068,1911,758,707,2970,4377,3867,7313,39209,28066,4356,1350,18436,7,7,2,1
2021-03-19T23:59:59+01:00,0,2,580,706,1140,2033,1544,3417,2404,6265,3391,5822,2166,2173,6915,9087,4472,8359,79,156,341,765,544,1485,713,2349,1060,1899,749,700,2542,3774,3443,6559,38599,25799,4340,1350,17528,2,7,2,1
2021-03-18T23:59:59+01:00,0,2,565,689,1120,2002,1517,3387,2364,6197,3316,5733,2013,1976,6794,8967,4466,8348,78,156,341,764,543,1485,712,2345,1056,1898,742,697,2492,3702,3416,6518,38578,25609,4329,1328,16541,2,6,2,1
2021-03-17T23:59:59+01:00,0,1,536,660,1075,1947,1480,3302,2286,6079,3164,5577,1759,1709,6628,8814,4456,8333,77,152,329,737,527,1441,690,2287,1018,1857,725,678,2250,3406,3328,6388,38506,24626,3801,1256,15491,2,6,2,1
2021-03-16T23:59:59+01:00,0,1,492,631,1035,1892,1429,3198,2221,5925,3049,5443,1561,1485,6493,8666,4445,8310,71,137,308,681,497,1365,661,2152,988,1729,675,627,2136,3268,3302,6301,38450,23867,3184,1024,14635,2,5,2,1
2021-03-15T23:59:59+01:00,0,1,480,620,1002,1843,1395,3130,2191,5840,2962,5359,1435,1350,5909,7978,4405,8246,68,130,294,623,482,1245,623,2022,948,1616,646,606,2098,3228,3287,6238,37211,23461,2829,691,14104,2,0,2,1
2021-03-14T23:59:59+01:00,0,1,475,613,993,1831,1391,3112,2175,5822,2928,5332,1392,1300,5512,7531,4382,8228,67,125,290,600,476,1218,617,1966,938,1591,646,606,2098,3228,3286,6236,36389,23455,2824,531,13803,2,0,2,1
2021-03-13T23:59:59+01:00,0,1,457,595,956,1783,1338,3048,1919,5234,2688,4917,1286,1187,4852,6681,4332,8153,67,125,289,597,474,1216,615,1964,937,1587,644,602,1736,2744,2760,5476,34705,21300,2820,531,11900,2,0,2,1
2021-03-12T23:59:59+01:00,0,1,441,574,935,1740,1307,2965,1716,4447,2482,4468,1214,1104,4155,5884,4285,8071,67,123,288,593,474,1213,613,1956,933,1581,641,595,1409,2199,2214,4680,33029,19047,2817,531,9941,1,0,2,1
2021-03-11T23:59:59+01:00,0,1,437,567,926,1725,1292,2947,1691,4411,2445,4431,1140,1048,4111,5847,4282,8067,67,115,282,571,460,1161,604,1907,914,1545,629,582,1403,2181,2205,4629,32991,18795,2721,459,9654,1,0,2,1
2021-03-10T23:59:59+01:00,0,1,417,555,880,1666,1236,2870,1617,4314,2378,4338,1106,1025,4095,5830,4281,8065,67,115,280,567,457,1154,599,1884,914,1540,624,574,1342,2094,2160,4572,32976,18508,2150,434,9546,1,0,2,1
2021-03-09T23:59:59+01:00,0,1,396,539,835,1617,1193,2806,1575,4231,2335,4285,1085,1014,4089,5823,4280,8063,65,114,279,566,456,1143,597,1872,908,1535,621,568,1136,1783,2042,4394,32929,17671,1704,407,9532,1,0,2,1
2021-03-08T23:59:59+01:00,0,1,389,528,825,1602,1185,2789,1567,4205,2323,4272,1072,1003,4052,5775,4278,8058,64,114,275,561,452,1137,596,1868,904,1533,621,568,1067,1692,1997,4349,32800,17414,1607,383,9515,1,0,2,1
2021-03-07T23:59:59+01:00,0,1,388,524,825,1601,1183,2787,1564,4198,2313,4267,1065,995,4046,5769,4277,8057,62,111,266,539,440,1111,580,1768,869,1458,620,568,963,1562,1945,4280,32784,17051,1567,91,9507,0,0,2,1
2021-03-06T23:59:59+01:00,0,1,380,508,806,1568,1159,2728,1523,4131,2119,3769,1035,958,3873,5496,4175,7892,62,111,266,539,440,1110,580,1768,869,1458,620,568,960,1561,1942,4279,32066,17042,1567,91,8486,0,0,2,1
2021-03-05T23:59:59+01:00,0,1,366,469,774,1462,1109,2512,1448,3919,1905,3102,1005,913,3119,4531,3970,7548,62,110,265,536,437,1104,579,1763,865,1455,617,566,921,1503,1919,4240,29749,16851,1566,91,6836,0,0,2,1
2021-03-04T23:59:59+01:00,0,1,353,460,766,1442,1096,2489,1429,3890,1882,3083,991,909,3115,4527,3967,7546,61,109,262,533,433,1088,569,1741,864,1447,615,564,884,1449,1896,4203,29736,16690,1527,28,6681,0,0,2,1
2021-03-03T23:59:59+01:00,0,1,344,427,747,1391,1066,2406,1379,3735,1803,2986,958,863,3105,4521,3967,7543,60,108,259,530,432,1084,567,1732,861,1443,615,563,864,1396,1807,4057,29421,16352,1527,26,6292,0,0,2,1
2021-03-02T23:59:59+01:00,0,1,338,418,731,1367,1018,2361,1311,3651,1687,2887,870,797,3062,4482,3961,7537,60,108,258,526,431,1076,567,1726,861,1439,614,563,864,1396,1807,4057,28780,16327,1462,26,6235,0,0,2,1
2021-03-01T23:59:59+01:00,0,1,334,404,724,1320,1005,2303,1291,3568,1660,2838,851,788,3054,4472,3961,7537,60,107,257,522,426,1062,563,1713,852,1431,613,561,768,1241,1750,3977,28740,15877,1410,26,5959,0,0,2,1
2021-02-28T23:59:59+01:00,0,1,329,391,716,1281,991,2226,1279,3481,1637,2759,847,778,3052,4468,3960,7534,60,107,256,522,426,1061,563,1713,850,1431,613,560,671,1115,1703,3896,28726,15522,1407,25,5595,0,0,2,1
2021-02-27T23:59:59+01:00,0,1,320,371,702,1254,972,2190,1244,3412,1614,2706,830,763,3049,4468,3959,7534,60,107,256,522,426,1061,562,1713,848,1431,613,560,671,1114,1703,3896,28724,15518,1407,25,5256,0,0,2,1
2021-02-26T23:59:59+01:00,0,1,294,318,655,1189,908,2072,1154,3246,1509,2567,801,740,2613,3861,3531,6754,60,107,253,519,426,1059,560,1711,845,1425,609,558,664,1102,1694,3877,26427,15444,1407,25,4377,0,0,2,1
2021-02-25T23:59:59+01:00,0,1,289,305,641,1159,887,2030,1135,3180,1491,2522,798,737,2566,3788,3501,6711,58,105,249,511,426,1055,555,1701,842,1414,603,554,587,993,1647,3819,26208,15096,1407,23,4124,0,0,2,1
2021-02-24T23:59:59+01:00,0,1,270,295,590,1113,840,1962,1077,3085,1450,2465,782,719,2329,3486,3411,6572,57,100,244,504,420,1036,546,1679,839,1394,596,542,573,973,1636,3796,25217,14920,1407,15,3821,0,0,2,1
2021-02-23T23:59:59+01:00,0,1,257,274,561,1057,803,1887,1009,2935,1376,2363,730,669,2215,3346,3385,6480,57,98,242,498,420,1020,536,1647,831,1372,587,535,557,922,1624,3743,24413,14674,1402,15,3531,0,0,2,1
2021-02-22T23:59:59+01:00,0,1,253,268,548,994,783,1811,983,2841,1340,2303,705,646,2185,3310,3376,6417,57,97,236,492,418,1007,527,1629,827,1347,573,522,535,896,1618,3688,24008,14454,1401,15,3353,0,0,2,1
2021-02-21T23:59:59+01:00,0,1,250,260,539,969,770,1774,975,2793,1310,2277,705,644,2183,3310,3375,6416,57,97,235,492,418,1007,527,1629,827,1346,573,521,535,896,1618,3687,24002,14450,1401,15,3146,0,0,2,1
2021-02-20T23:59:59+01:00,0,1,169,230,469,920,701,1697,905,2704,1225,2177,690,629,1809,2792,2820,5613,57,97,235,492,418,1007,527,1628,827,1346,573,521,535,896,1617,3687,21726,14448,1401,15,2422,0,0,2,1
2021-02-19T23:59:59+01:00,0,1,84,167,358,839,575,1565,772,2555,1090,2026,674,608,1502,2278,2270,4819,57,97,235,492,418,1006,527,1628,827,1346,573,521,529,894,1615,3681,19518,14431,1401,15,1262,0,0,2,1
2021-02-18T23:59:59+01:00,0,1,81,162,346,789,554,1476,739,2415,1057,1958,658,597,1493,2259,2261,4767,54,90,229,470,404,939,512,1548,807,1272,559,507,523,876,1612,3659,19274,14046,1376,15,961,0,0,2,1
2021-02-17T23:59:59+01:00,0,1,80,154,332,766,545,1443,710,2322,1020,1858,653,587,1435,2171,2213,4717,54,87,227,461,396,901,501,1483,788,1190,546,496,521,874,1612,3659,19013,13781,1303,15,689,0,0,2,1
2021-02-16T23:59:59+01:00,0,1,75,148,317,726,517,1370,678,2214,995,1753,642,580,1191,1824,2089,4534,53,78,226,455,390,871,488,1418,762,1123,525,483,519,874,1609,3658,18092,13530,1064,2,496,0,0,2,1
2021-02-15T23:59:59+01:00,0,1,70,132,291,622,482,1228,622,2001,945,1594,633,578,1108,1717,2037,4469,53,78,224,450,386,865,487,1414,760,1116,525,483,518,869,1608,3655,17762,13491,726,0,40,0,0,2,1
2021-02-14T23:59:59+01:00,0,1,69,125,286,596,477,1199,611,1947,931,1572,633,578,1010,1593,1990,4412,53,78,224,450,386,865,487,1412,760,1116,525,483,518,869,1608,3655,17433,13489,571,0,24,0,0,2,1
2021-02-13T23:59:59+01:00,0,1,69,124,286,595,476,1195,610,1945,929,1569,632,577,1009,1584,1986,4409,53,78,224,449,384,860,486,1407,758,1115,523,481,501,831,1348,3187,17399,12685,571,0,24,0,0,2,1
2021-02-12T23:59:59+01:00,0,1,68,124,285,594,472,1191,610,1942,926,1568,629,576,970,1533,1966,4368,53,78,224,445,381,851,481,1398,752,1108,516,473,483,790,985,2479,17229,11497,571,0,21,0,0,2,1
2021-02-11T23:59:59+01:00,0,1,67,117,282,581,459,1164,604,1916,919,1556,628,575,927,1475,1944,4329,53,75,209,414,367,804,465,1324,737,1076,513,472,483,790,984,2478,17049,11245,488,0,5,0,0,2,0
2021-02-10T23:59:59+01:00,0,1,66,117,278,578,457,1159,600,1899,914,1552,628,575,918,1459,1923,4286,52,65,175,336,313,702,415,1152,658,982,478,460,478,789,984,2477,16947,10517,460,0,1,0,0,2,0
2021-02-09T23:59:59+01:00,0,1,64,115,272,574,454,1146,599,1885,907,1546,627,574,906,1423,1853,4182,43,53,124,257,236,551,333,950,557,829,443,449,474,788,981,2477,16695,9546,431,0,0,0,0,2,0
2021-02-08T23:59:59+01:00,0,1,63,115,269,565,451,1138,598,1870,900,1538,625,571,804,1270,1796,4100,38,43,86,168,173,415,268,712,498,694,435,443,470,785,980,2477,16266,8686,406,0,0,0,0,2,0
2021-02-07T23:59:59+01:00,0,1,61,112,259,542,436,1107,582,1767,865,1459,624,570,701,1142,1748,4016,37,42,82,165,170,408,263,699,493,683,433,442,470,785,980,2476,15892,8629,98,0,0,0,0,2,0
2021-02-06T23:59:59+01:00,0,1,61,112,258,542,436,1107,580,1766,862,1456,621,568,699,1133,1742,4009,34,41,81,162,167,398,259,691,482,674,425,441,434,737,740,2084,15853,7851,98,0,0,0,0,2,0
2021-02-05T23:59:59+01:00,0,1,61,112,256,538,436,1105,579,1765,860,1454,619,568,689,1126,1736,3996,32,39,77,158,162,390,251,672,465,664,419,441,428,712,336,1450,15801,6697,98,0,0,0,0,2,0
2021-02-04T23:59:59+01:00,0,1,59,110,251,532,430,1089,563,1738,856,1440,612,558,604,1009,1685,3935,31,36,73,152,156,379,237,650,448,650,414,433,423,705,334,1443,15440,6565,30,0,0,0,0,2,0
2021-02-03T23:59:59+01:00,0,1,58,105,247,525,429,1069,560,1722,854,1425,608,548,593,999,1682,3921,24,28,59,121,123,280,174,508,338,500,308,331,338,548,256,1159,15316,5096,28,0,0,0,0,2,0
2021-02-02T23:59:59+01:00,0,1,58,103,244,520,429,1051,548,1689,845,1401,595,538,581,950,1672,3870,17,21,40,78,87,186,122,343,221,361,217,221,218,344,182,765,15066,3424,28,0,0,0,0,1,0
2021-02-01T23:59:59+01:00,0,1,58,101,240,512,427,1035,540,1667,841,1378,588,532,559,921,1664,3823,7,11,20,42,48,97,65,168,96,165,103,104,91,160,76,336,14858,1589,28,0,0,0,0,1,0
2021-01-31T23:59:59+01:00,0,1,58,101,239,511,425,1031,538,1662,839,1375,588,531,559,921,1664,3822,7,11,18,38,43,83,61,142,82,149,98,102,90,159,74,334,14836,1491,28,0,0,0,0,1,0
2021-01-30T23:59:59+01:00,0,1,58,101,239,511,425,1031,538,1662,839,1375,588,531,559,921,1664,3822,7,11,18,38,43,83,61,142,82,149,98,101,90,159,74,334,14836,1490,28,0,0,0,0,1,0
2021-01-29T23:59:59+01:00,0,1,58,101,239,511,425,1031,538,1662,839,1375,588,531,559,921,1664,3822,7,11,18,38,43,83,61,142,82,149,98,101,90,159,74,334,14836,1490,28,0,0,0,0,1,0
2021-01-28T23:59:59+01:00,0,1,56,93,235,482,413,964,520,1576,815,1293,575,516,553,904,1661,3803,3,2,4,6,11,15,19,34,22,32,16,22,21,34,19,99,14437,359,22,0,0,0,0,1,0
2021-01-27T23:59:59+01:00,0,1,54,89,235,472,405,925,510,1510,795,1210,563,504,551,902,1661,3803,3,2,4,6,9,15,19,33,21,30,16,21,21,34,19,99,14169,352,20,0,0,0,0,1,0
2021-01-26T23:59:59+01:00,0,1,53,83,230,469,398,896,499,1443,770,1143,541,491,549,902,1661,3803,1,2,4,6,9,14,17,29,17,25,14,18,19,32,19,91,13913,317,18,0,0,0,0,1,0
2021-01-25T23:59:59+01:00,0,1,53,83,227,464,395,890,499,1440,769,1138,541,491,549,899,1661,3801,0,0,0,0,0,1,0,0,0,0,1,1,0,2,0,0,13884,5,16,0,0,0,0,1,0
2021-01-24T23:59:59+01:00,0,1,53,83,227,464,395,890,499,1439,769,1138,541,491,549,899,1661,3801,0,0,0,0,0,1,0,0,0,0,1,1,0,2,0,0,13883,5,16,0,0,0,0,1,0
2021-01-23T23:59:59+01:00,0,1,53,83,227,463,394,886,499,1433,768,1136,538,489,532,861,1402,3324,0,0,0,0,0,1,0,0,0,0,1,1,0,2,0,0,13072,5,16,0,0,0,0,1,0
2021-01-22T23:59:59+01:00,0,1,53,83,226,459,390,876,494,1423,763,1128,532,481,515,819,1023,2585,0,0,0,0,0,1,0,0,0,0,1,1,0,2,0,0,11835,5,16,0,0,0,0,0,0
2021-01-21T23:59:59+01:00,0,1,53,80,207,425,363,820,467,1323,737,1094,528,481,515,819,1022,2584,0,0,0,0,0,1,0,0,0,0,1,1,0,2,0,0,11503,5,16,0,0,0,0,0,0
2021-01-20T23:59:59+01:00,0,1,51,70,179,353,322,735,424,1169,667,1003,492,470,510,819,1022,2583,0,0,0,0,0,1,0,0,0,0,1,1,0,2,0,0,10854,5,16,0,0,0,0,0,0
2021-01-19T23:59:59+01:00,0,1,44,57,135,275,248,576,347,987,577,863,457,458,506,817,1022,2583,0,0,0,0,0,0,0,0,0,0,1,0,0,2,0,0,9945,3,8,0,0,0,0,0,0
2021-01-18T23:59:59+01:00,0,1,40,44,86,175,179,425,279,724,506,706,448,451,503,812,1020,2583,0,0,0,0,0,0,0,0,0,0,0,0,0,1,0,0,8982,1,0,0,0,0,0,0,0
2021-01-17T23:59:59+01:00,0,1,37,43,83,171,175,417,275,713,501,693,446,451,503,812,1020,2582,0,0,0,0,0,0,0,0,0,0,0,0,0,0,0,0,8923,0,0,0,0,0,0,0,0
2021-01-16T23:59:59+01:00,0,1,34,42,81,169,171,408,268,706,486,684,438,449,464,765,773,2186,0,0,0,0,0,0,0,0,0,0,0,0,0,0,0,0,8125,0,0,0,0,0,0,0,0
2021-01-15T23:59:59+01:00,0,1,32,40,78,164,168,402,261,689,472,676,432,448,459,741,360,1543,0,0,0,0,0,0,0,0,0,0,0,0,0,0,0,0,6966,0,0,0,0,0,0,0,0
2021-01-14T23:59:59+01:00,0,1,32,38,77,158,163,397,253,678,461,668,429,445,459,740,360,1543,0,0,0,0,0,0,0,0,0,0,0,0,0,0,0,0,6902,0,0,0,0,0,0,0,0
2021-01-13T23:59:59+01:00,0,0,24,31,61,126,128,302,193,544,352,525,326,343,374,577,281,1248,0,0,0,0,0,0,0,0,0,0,0,0,0,0,0,0,5435,0,0,0,0,0,0,0,0
2021-01-12T23:59:59+01:00,0,0,17,24,45,87,93,214,139,393,239,389,234,235,247,371,203,848,0,0,0,0,0,0,0,0,0,0,0,0,0,0,0,0,3778,0,0,0,0,0,0,0,0
2021-01-11T23:59:59+01:00,0,0,9,15,26,47,62,137,88,220,126,208,116,112,106,179,92,375,0,0,0,0,0,0,0,0,0,0,0,0,0,0,0,0,1918,0,0,0,0,0,0,0,0
2021-01-10T23:59:59+01:00,0,0,8,15,22,44,55,109,80,179,106,175,110,108,102,177,89,375,0,0,0,0,0,0,0,0,0,0,0,0,0,0,0,0,1754,0,0,0,0,0,0,0,0
2021-01-09T23:59:59+01:00,0,0,8,15,22,44,55,109,80,179,106,175,110,107,102,177,89,375,0,0,0,0,0,0,0,0,0,0,0,0,0,0,0,0,1753,0,0,0,0,0,0,0,0
2021-01-08T23:59:59+01:00,0,0,8,14,21,43,52,102,75,168,100,172,107,103,97,168,87,365,0,0,0,0,0,0,0,0,0,0,0,0,0,0,0,0,1682,0,0,0,0,0,0,0,0
2021-01-07T23:59:59+01:00,0,0,3,3,4,7,11,16,20,34,24,36,17,22,23,35,23,107,0,0,0,0,0,0,0,0,0,0,0,0,0,0,0,0,385,0,0,0,0,0,0,0,0
2021-01-06T23:59:59+01:00,0,0,3,2,4,6,9,15,20,33,21,32,17,21,23,35,23,106,0,0,0,0,0,0,0,0,0,0,0,0,0,0,0,0,370,0,0,0,0,0,0,0,0
2021-01-05T23:59:59+01:00,0,0,3,2,4,6,9,15,20,33,21,32,17,21,23,35,23,106,0,0,0,0,0,0,0,0,0,0,0,0,0,0,0,0,370,0,0,0,0,0,0,0,0
2021-01-04T23:59:59+01:00,0,0,0,0,0,0,0,1,1,0,0,0,1,1,0,2,0,0,0,0,0,0,0,0,0,0,0,0,0,0,0,0,0,0,6,0,0,0,0,0,0,0,0
2021-01-03T23:59:59+01:00,0,0,0,0,0,0,0,1,1,0,0,0,1,1,0,2,0,0,0,0,0,0,0,0,0,0,0,0,0,0,0,0,0,0,6,0,0,0,0,0,0,0,0
2021-01-02T23:59:59+01:00,0,0,0,0,0,0,0,1,1,0,0,0,1,1,0,2,0,0,0,0,0,0,0,0,0,0,0,0,0,0,0,0,0,0,6,0,0,0,0,0,0,0,0
2021-01-01T23:59:59+01:00,0,0,0,0,0,0,0,1,1,0,0,0,1,1,0,2,0,0,0,0,0,0,0,0,0,0,0,0,0,0,0,0,0,0,6,0,0,0,0,0,0,0,0
2020-12-31T23:59:59+01:00,0,0,0,0,0,0,0,1,1,0,0,0,1,1,0,2,0,0,0,0,0,0,0,0,0,0,0,0,0,0,0,0,0,0,6,0,0,0,0,0,0,0,0
2020-12-30T23:59:59+01:00,0,0,0,0,0,0,0,1,1,0,0,0,1,1,0,2,0,0,0,0,0,0,0,0,0,0,0,0,0,0,0,0,0,0,6,0,0,0,0,0,0,0,0
2020-12-29T23:59:59+01:00,0,0,0,0,0,0,0,1,1,0,0,0,1,0,0,2,0,0,0,0,0,0,0,0,0,0,0,0,0,0,0,0,0,0,5,0,0,0,0,0,0,0,0
2020-12-28T23:59:59+01:00,0,0,0,0,0,0,0,1,0,0,0,0,1,0,0,1,0,0,0,0,0,0,0,0,0,0,0,0,0,0,0,0,0,0,3,0,0,0,0,0,0,0,0
2020-12-27T23:59:59+01:00,0,0,0,0,0,0,0,0,0,0,0,0,0,0,0,0,0,0,0,0,0,0,0,0,0,0,0,0,0,0,0,0,0,0,0,0,0,0,0,0,0,0,0
