Datum,<15_m,<15_w,15-24_1_m,15-24_1_w,25-34_1_m,25-34_1_w,35-44_1_m,35-44_1_w,45-54_1_m,45-54_1_w,55-64_1_m,55-64_1_w,65-74_1_m,65-74_1_w,75-84_1_m,75-84_1_w,>84_1_m,>84_1_w,<24_2_m,<24_2_w,25-34_2_m,25-34_2_w,35-44_2_m,35-44_2_w,45-54_2_m,45-54_2_w,55-64_2_m,55-64_2_w,65-74_2_m,65-74_2_w,75-84_2_m,75-84_2_w,>84_2_m,>84_2_w,bp_1,bp_2,mo_1,mo_2,az_1,az_2,ja,unb_1,unb_2
2021-07-22T23:59:59+02:00,671,605,10973,10409,14967,14003,18369,18931,25033,26417,31742,32965,24597,27497,16917,21624,5014,9494,5555,5305,9610,9448,13466,14348,21753,23199,28802,29989,23124,25858,16173,20614,4832,9008,223610,179169,30591,28598,46290,43827,9478,259,127
2021-07-21T23:59:59+02:00,651,581,10910,10355,14936,13976,18333,18897,24998,26388,31704,32918,24573,27466,16902,21613,5012,9489,4940,4843,9175,9201,13093,14121,21525,23046,28617,29842,23059,25783,16149,20591,4831,9006,223199,177431,30586,27335,46289,43660,9369,259,127
2021-07-20T23:59:59+02:00,633,564,10853,10301,14910,13942,18298,18870,24968,26357,31669,32886,24553,27445,16897,21599,5009,9482,4797,4734,9022,9069,12932,13989,21412,22925,28489,29721,22980,25680,16127,20552,4824,9000,222830,176101,30586,27323,46286,43513,9275,259,127
2021-07-19T23:59:59+02:00,620,552,10816,10270,14881,13922,18279,18863,24943,26332,31636,32858,24536,27422,16891,21588,5007,9479,4718,4664,8926,8995,12820,13895,21317,22819,28390,29601,22924,25623,16102,20523,4819,8994,222595,175170,30586,27315,46277,43417,9178,259,127
2021-07-18T23:59:59+02:00,606,543,10763,10219,14846,13903,18254,18846,24923,26315,31613,32840,24527,27412,16885,21579,5007,9475,4611,4561,8792,8875,12693,13758,21231,22728,28319,29524,22897,25594,16093,20510,4816,8993,222324,174166,30586,27301,46277,43364,9110,259,127
2021-07-17T23:59:59+02:00,534,473,10480,9924,14736,13805,18166,18769,24818,26241,31508,32791,24495,27378,16873,21559,5005,9474,4567,4520,8740,8804,12460,13568,20814,22393,28191,29394,22860,25542,16084,20495,4815,8990,220798,172409,30586,27301,46277,43362,9109,259,127
2021-07-16T23:59:59+02:00,505,437,10348,9806,14678,13765,18112,18718,24787,26208,31488,32769,24486,27363,16870,21552,5005,9471,4519,4478,8665,8764,12086,13291,20273,22000,28059,29302,22811,25505,16075,20490,4813,8988,220149,170311,30585,27299,46277,43355,9098,259,127
2021-07-15T23:59:59+02:00,475,400,10213,9702,14612,13716,18056,18650,24737,26161,31437,32719,24461,27327,16852,21536,4998,9467,4316,4343,8346,8567,11574,12892,19172,21159,27646,28962,22642,25336,16010,20417,4803,8972,219433,165666,30584,27286,46276,43159,8967,259,127
2021-07-14T23:59:59+02:00,454,387,10185,9677,14578,13696,18027,18614,24701,26120,31387,32666,24432,27299,16841,21519,4997,9465,4194,4196,8093,8400,11345,12748,18994,21049,27502,28837,22577,25258,15976,20379,4800,8964,219070,164118,30584,27268,46276,42987,8856,259,127
2021-07-13T23:59:59+02:00,430,373,10136,9625,14549,13670,18005,18581,24666,26099,31353,32627,24416,27269,16830,21508,4996,9463,4100,4102,7918,8242,11145,12558,18862,20914,27349,28676,22480,25174,15941,20326,4796,8953,218677,162673,30584,27247,46275,42730,8801,259,127
2021-07-12T23:59:59+02:00,417,352,10093,9576,14524,13652,17974,18551,24632,26059,31319,32584,24391,27247,16815,21503,4993,9460,3993,4003,7750,8120,10988,12423,18749,20794,27228,28557,22406,25113,15914,20300,4795,8948,218315,161516,30583,27226,46275,42540,8710,259,127
2021-07-11T23:59:59+02:00,409,334,10064,9548,14507,13632,17957,18541,24612,26051,31298,32566,24379,27237,16813,21501,4993,9458,3924,3930,7631,8022,10842,12295,18626,20694,27127,28445,22364,25065,15893,20275,4793,8945,218125,160557,30583,27221,46274,42341,8659,259,127
2021-07-10T23:59:59+02:00,383,311,9956,9443,14453,13593,17911,18518,24588,26031,31280,32550,24371,27228,16809,21497,4991,9456,3900,3905,7587,7983,10813,12266,18601,20670,27100,28423,22357,25050,15889,20270,4793,8945,217604,160257,30582,27220,46274,42332,8650,259,127
2021-07-09T23:59:59+02:00,324,264,9694,9235,14349,13513,17835,18448,24502,25978,31231,32489,24348,27198,16796,21479,4991,9450,3833,3865,7455,7893,10596,12121,18377,20532,26686,28104,22173,24859,15834,20210,4790,8938,216385,158125,30582,27217,46273,42204,8625,259,127
2021-07-08T23:59:59+02:00,247,197,9504,9095,14249,13437,17741,18378,24442,25928,31149,32433,24321,27167,16783,21461,4987,9445,3678,3741,7147,7704,10243,11893,18034,20250,26381,27847,22001,24701,15766,20137,4783,8922,215301,155756,30579,27172,46260,41635,8565,259,127
2021-07-07T23:59:59+02:00,209,168,9403,8993,14198,13406,17697,18337,24392,25888,31108,32393,24297,27137,16772,21443,4987,9437,3485,3614,6819,7483,9300,11167,17454,19821,25980,27541,21768,24400,15689,20041,4769,8908,214682,153166,30576,25431,46257,41045,8491,259,127
2021-07-06T23:59:59+02:00,187,155,9326,8936,14147,13378,17661,18295,24353,25849,31047,32348,24261,27109,16757,21426,4985,9435,3371,3539,6621,7361,9031,11004,17212,19641,25706,27286,21613,24198,15608,19937,4757,8893,214125,151249,30559,25421,46254,40544,8458,259,127
2021-07-05T23:59:59+02:00,175,141,9240,8855,14109,13336,17628,18245,24317,25819,31002,32297,24237,27087,16749,21412,4984,9433,3320,3504,6493,7282,8882,10883,17071,19503,25536,27131,21470,24031,15559,19885,4746,8883,213587,150191,30559,25412,46251,40059,8410,259,127
2021-07-04T23:59:59+02:00,160,134,9186,8805,14077,13324,17605,18227,24292,25800,30982,32272,24222,27073,16743,21404,4983,9430,3268,3462,6430,7242,8795,10812,16986,19420,25408,27022,21346,23903,15518,19834,4744,8876,213320,149537,30558,25403,46235,39669,8347,259,127
2021-07-03T23:59:59+02:00,157,131,8676,8308,13919,13204,17505,18110,24199,25743,30918,32224,24201,27051,16731,21392,4981,9427,3209,3384,6312,7123,8628,10675,16774,19241,25020,26715,21231,23767,15488,19795,4740,8870,211494,147513,30558,25403,46235,39614,8331,259,127
2021-07-02T23:59:59+02:00,150,127,8110,7837,13775,13097,17413,18034,24130,25672,30858,32162,24163,27009,16725,21372,4979,9422,3098,3277,6042,6968,8371,10435,16405,18917,24550,26292,21003,23495,15418,19713,4734,8867,209659,144456,30558,25401,46231,39289,8328,259,126
2021-07-01T23:59:59+02:00,139,117,7984,7731,13693,13040,17344,17984,24061,25621,30807,32111,24135,26985,16715,21360,4978,9421,2911,3090,5697,6684,7938,10020,15819,18448,23791,25642,20519,23023,15291,19553,4722,8842,208880,139923,30554,25390,46228,38260,8305,259,125
2021-06-30T23:59:59+02:00,122,104,7837,7617,13626,12992,17291,17932,24011,25568,30749,32067,24106,26963,16701,21343,4978,9416,2815,3011,5545,6541,7714,9799,14863,17581,23181,25095,20162,22632,15159,19393,4708,8808,208330,138401,30380,23117,46224,37146,8230,259,125
2021-06-29T23:59:59+02:00,107,91,7770,7527,13583,12954,17252,17888,23959,25507,30700,32008,24085,26937,16691,21327,4975,9412,2756,2967,5418,6443,7560,9665,14697,17410,22941,24864,19904,22307,15060,19293,4696,8788,207715,137289,30378,23105,46221,36059,8200,259,125
2021-06-28T23:59:59+02:00,102,85,7706,7456,13519,12895,17206,17837,23918,25462,30644,31964,24068,26909,16684,21317,4973,9410,2727,2935,5350,6396,7467,9594,14600,17329,22791,24651,19700,22061,15005,19224,4692,8774,207183,136695,30376,23095,46213,35264,8124,259,125
2021-06-27T23:59:59+02:00,88,80,7658,7394,13489,12859,17177,17805,23899,25427,30618,31936,24056,26901,16677,21312,4973,9408,2704,2921,5299,6371,7396,9549,14504,17266,22697,24564,19573,21920,14974,19173,4688,8765,206834,136189,30376,23084,46207,34890,8081,259,125
2021-06-26T23:59:59+02:00,84,77,7157,6843,13097,12561,17065,17705,23836,25367,30582,31901,24048,26884,16673,21301,4972,9407,2603,2812,5113,6183,7197,9360,13961,16813,22041,23933,19426,21779,14929,19120,4686,8757,204686,132613,30376,23084,46207,34870,8081,210,70
2021-06-25T23:59:59+02:00,83,75,6672,6360,12646,12192,16906,17587,23746,25300,30501,31861,24026,26857,16668,21291,4970,9405,2500,2657,4941,5992,6939,9067,13435,16284,21490,23352,19229,21572,14871,19053,4682,8745,202290,128938,30376,23084,46207,34659,8063,210,70
2021-06-24T23:59:59+02:00,73,63,6450,6145,12423,12042,16800,17504,23674,25248,30443,31814,23992,26815,16664,21281,4968,9398,2292,2419,4570,5615,6441,8576,12716,15570,20340,22352,18766,21094,14767,18922,4670,8730,201025,123004,30374,23072,46200,33711,7988,210,70
2021-06-23T23:59:59+02:00,68,61,5877,5646,12261,11930,16681,17391,23601,25201,30380,31764,23958,26792,16657,21267,4964,9394,2255,2368,4507,5495,6350,8426,12484,15281,20097,22095,18467,20766,14670,18808,4659,8713,200518,121989,29036,22924,46191,32525,7938,210,70
2021-06-22T23:59:59+02:00,65,57,5735,5518,12163,11825,16595,17315,23543,25139,30313,31686,23932,26760,16647,21246,4960,9392,2202,2333,4412,5412,6227,8279,11617,14620,19686,21690,18135,20414,14562,18670,4649,8693,199587,121073,29029,21232,46176,31341,7889,210,70
2021-06-21T23:59:59+02:00,62,54,5599,5407,12089,11733,16535,17231,23489,25066,30263,31628,23908,26732,16634,21231,4960,9388,2169,2297,4354,5315,6140,8153,10836,13917,19237,21281,17909,20184,14502,18576,4640,8677,198774,120281,29025,19449,46171,30562,7829,210,70
2021-06-20T23:59:59+02:00,60,52,5482,5281,11926,11550,16470,17108,23438,25000,30221,31573,23892,26712,16628,21216,4955,9383,2151,2269,4313,5275,6070,8105,10733,13837,19125,21154,17752,19994,14436,18493,4636,8670,197765,119748,29022,19446,46165,29968,7785,210,70
2021-06-19T23:59:59+02:00,56,48,5464,5261,11165,10892,15995,16721,23378,24956,30177,31530,23874,26692,16620,21204,4955,9383,2081,2152,4108,5046,5793,7828,10409,13507,18078,20303,17585,19810,14403,18428,4631,8658,195190,115570,29022,19446,46165,29954,7784,210,70
2021-06-18T23:59:59+02:00,53,47,5430,5235,10525,10315,15387,16163,23288,24887,30108,31467,23846,26662,16609,21189,4954,9381,2012,2065,3965,4904,5515,7559,10030,13144,16933,19100,17384,19573,14355,18364,4628,8648,192372,111183,29016,19445,46165,29702,7783,210,70
2021-06-17T23:59:59+02:00,46,38,5313,5132,9847,9812,14899,15777,23189,24801,30027,31373,23806,26616,16595,21168,4953,9378,1883,1958,3709,4660,5130,7198,9488,12656,15749,17909,16925,19084,14214,18191,4615,8624,189888,106075,29014,19437,46162,28786,7641,65,58
2021-06-16T23:59:59+02:00,44,30,5179,4997,9650,9652,14754,15648,23097,24707,29930,31297,23762,26572,16580,21156,4952,9368,1843,1917,3605,4576,5028,7080,8461,11806,15476,17616,16630,18748,14079,18021,4609,8591,188717,105196,29003,17564,46159,27841,7431,65,58
2021-06-15T23:59:59+02:00,39,26,4992,4811,9471,9497,14620,15506,23005,24617,29854,31211,23719,26499,16554,21123,4944,9353,1781,1859,3528,4482,4935,6968,8345,11664,15299,17390,16313,18440,13938,17852,4586,8533,187406,104442,29001,17560,46139,26627,7230,65,58
2021-06-14T23:59:59+02:00,37,23,4916,4747,9378,9390,14542,15417,22936,24543,29784,31151,23687,26460,16539,21105,4941,9347,1758,1836,3491,4458,4894,6936,8246,11601,15161,17256,16133,18236,13848,17755,4581,8526,186665,104217,28997,17557,46133,25805,7083,65,58
2021-06-13T23:59:59+02:00,36,22,4858,4699,9292,9315,14458,15350,22875,24493,29717,31099,23661,26432,16530,21095,4941,9345,1708,1821,3449,4434,4840,6893,8175,11565,15062,17161,15977,18052,13794,17682,4574,8519,186085,103939,28991,17555,46118,25199,6959,65,58
2021-06-12T23:59:59+02:00,34,21,4839,4684,9264,9292,14223,15177,22747,24365,29673,31055,23641,26417,16521,21087,4940,9343,1583,1699,3211,4224,4436,6590,7629,11135,13289,15473,15625,17681,13714,17580,4572,8505,185193,97245,28991,17555,46118,25135,6957,64,58
2021-06-11T23:59:59+02:00,30,20,4785,4630,9183,9239,13906,14957,22551,24217,29578,30965,23604,26372,16503,21075,4939,9340,1480,1566,3027,4016,4137,6226,7122,10592,11661,13599,15150,17107,13600,17433,4557,8491,183837,90366,28988,17554,46118,24904,6887,64,57
2021-06-10T23:59:59+02:00,24,17,4501,4402,8638,8908,12640,13943,21984,23770,29207,30665,23467,26215,16450,21007,4926,9325,1357,1475,2793,3835,3809,5943,6690,10203,10251,12272,14639,16534,13430,17226,4542,8465,178527,85839,28973,17552,46112,23607,6413,64,57
2021-06-09T23:59:59+02:00,21,13,4266,4239,8045,8617,11742,13285,21665,23556,28977,30514,23404,26152,16431,20983,4923,9321,1269,1421,2640,3764,3667,5865,6485,10111,9989,12093,14320,16189,13260,17046,4535,8447,176428,85509,27702,17450,46106,22234,5855,63,57
2021-06-08T23:59:59+02:00,18,10,4136,4139,7643,8391,11256,12995,21439,23377,28778,30361,23345,26078,16399,20941,4917,9312,1191,1395,2505,3707,3509,5798,5590,9367,9521,11734,13990,15788,13036,16813,4521,8425,174678,85160,27331,15302,46082,20994,5381,63,57
2021-06-07T23:59:59+02:00,14,8,4017,4060,7412,8285,10968,12817,21237,23263,28625,30245,23287,26025,16382,20916,4913,9304,1142,1276,2384,3647,3379,5736,5427,9293,9316,11610,13770,15538,12884,16651,4515,8407,173465,84974,27321,15299,46073,19793,4856,63,57
2021-06-06T23:59:59+02:00,12,8,3899,4001,7174,8163,10719,12656,21051,23174,28539,30155,23256,25991,16370,20898,4910,9300,1122,1259,2320,3611,3283,5684,5321,9218,9200,11509,13613,15384,12813,16557,4512,8400,172315,84785,27304,15295,46063,19142,4531,63,57
2021-06-05T23:59:59+02:00,12,8,3871,3964,7136,8123,10542,12499,20427,22668,28378,30010,23206,25946,16356,20879,4910,9296,1090,1158,2156,3160,3051,5148,5151,8888,8421,10562,12965,14546,12700,16410,4501,8390,170283,79416,27304,15295,46061,19011,4521,62,57
2021-06-04T23:59:59+02:00,12,8,3842,3938,7100,8098,10445,12407,20066,22341,28274,29914,23171,25908,16342,20869,4908,9295,1058,1091,2058,2851,2891,4671,4994,8519,7908,9904,11468,12833,12576,16213,4494,8372,169009,73049,27291,15294,46061,18989,4515,62,57
2021-06-03T23:59:59+02:00,7,5,3708,3836,6881,7961,9889,11985,18840,21412,27876,29604,23037,25766,16289,20807,4904,9281,1005,1046,1970,2740,2755,4516,4790,8219,7548,9457,11091,12438,12470,16100,4491,8359,164256,71266,27281,15291,46057,17952,4432,62,57
2021-06-02T23:59:59+02:00,7,5,3701,3828,6869,7944,9879,11974,18652,21232,27805,29555,23014,25745,16283,20798,4901,9279,1001,1039,1958,2710,2734,4497,4579,8036,7013,8969,11054,12397,12455,16085,4487,8353,164191,71158,26736,13800,46057,17930,4425,62,57
2021-06-01T23:59:59+02:00,7,5,3574,3752,6632,7797,9591,11781,18197,20885,27568,29360,22920,25643,16242,20746,4898,9267,964,991,1874,2640,2654,4425,4301,7803,6417,8438,10842,12185,12357,15983,4482,8341,162505,70720,25956,12508,46043,17116,4299,62,57
2021-05-31T23:59:59+02:00,7,5,3527,3707,6543,7730,9455,11682,18071,20794,27478,29284,22853,25582,16225,20718,4893,9260,935,967,1807,2600,2574,4383,4195,7739,6299,8363,10656,12017,12256,15868,4472,8333,161666,70361,25926,12503,46030,16416,4130,62,57
2021-05-30T23:59:59+02:00,7,4,3496,3684,6479,7676,9367,11592,17984,20715,27401,29214,22808,25537,16203,20691,4888,9250,931,960,1798,2592,2563,4371,4167,7715,6248,8322,10595,11940,12222,15826,4467,8324,160968,70320,25922,12500,46017,16129,4038,51,57
2021-05-29T23:59:59+02:00,7,4,3485,3665,6443,7649,9323,11555,17946,20676,27256,29109,22753,25463,16188,20671,4885,9246,895,941,1741,2546,2491,4287,3978,7461,5976,8027,8407,9290,12031,15485,4452,8295,160310,64103,25922,12498,46003,15609,4038,51,57
2021-05-28T23:59:59+02:00,7,4,3422,3610,6312,7572,9183,11424,17789,20545,27075,28988,22687,25388,16167,20654,4884,9245,882,927,1722,2526,2455,4234,3827,7164,5782,7766,5722,6191,11754,15089,4437,8246,158957,57284,25920,12498,45999,14882,4029,51,33
2021-05-27T23:59:59+02:00,7,4,3275,3480,6029,7392,8582,11092,17313,20208,26662,28641,22520,25223,16109,20591,4877,9227,832,869,1640,2431,2338,4101,3404,6201,5359,7174,5562,6018,11676,15016,4431,8229,155486,56803,25862,12452,45992,12154,3841,51,33
2021-05-26T23:59:59+02:00,7,4,3168,3397,5810,7226,8210,10806,16848,19902,26361,28405,22372,25090,16058,20517,4864,9207,815,861,1588,2406,2285,4071,3331,6127,5262,7104,5430,5891,11611,14950,4426,8217,152783,56731,25846,12450,45970,11561,3602,51,33
2021-05-25T23:59:59+02:00,7,4,3077,3334,5668,7113,8013,10644,15847,19123,26008,28051,22214,24937,16006,20437,4857,9197,795,843,1552,2362,2214,4012,3256,6060,5178,7040,5264,5723,11503,14870,4418,8206,151231,56667,23922,12263,45956,10956,3379,49,33
2021-05-24T23:59:59+02:00,7,4,3014,3316,5581,7069,7895,10583,14934,18434,25593,27739,22120,24834,15975,20401,4850,9185,787,841,1530,2345,2170,3977,3211,6013,5101,6960,5165,5616,11424,14794,4417,8200,150507,56635,21854,12187,45947,10521,3177,49,33
2021-05-23T23:59:59+02:00,7,4,3011,3312,5573,7062,7886,10575,14929,18433,25592,27738,22120,24834,15975,20401,4850,9185,785,838,1523,2338,2158,3964,3192,5998,5080,6927,5122,5564,11407,14770,4416,8198,150480,56627,21854,12187,45945,10276,3159,49,33
2021-05-22T23:59:59+02:00,6,4,2975,3270,5500,7016,7786,10488,14731,18272,25313,27496,22021,24748,15942,20358,4847,9181,763,817,1480,2286,2107,3885,3079,5878,4768,6361,4552,4823,10763,13949,4406,8159,148947,53385,21854,12187,45945,9314,3159,49,33
2021-05-21T23:59:59+02:00,4,4,2903,3195,5374,6920,7660,10342,14474,18042,25020,27261,21907,24640,15909,20309,4842,9172,732,764,1412,2158,2005,3620,2897,5545,4295,5477,4142,4287,10023,13011,4341,8033,147013,49661,21853,12187,45940,7734,3129,43,33
2021-05-20T23:59:59+02:00,4,4,2772,3032,5096,6665,7374,9976,14015,17559,24409,26713,21637,24345,15816,20190,4828,9142,718,754,1385,2133,1966,3587,2844,5492,4212,5401,4016,4185,9948,12948,4332,8022,142871,49572,21844,12176,45921,7265,2898,43,33
2021-05-19T23:59:59+02:00,4,4,2720,2980,4999,6526,7231,9794,12869,16525,24146,26426,21540,24215,15771,20129,4820,9135,699,728,1360,2085,1934,3502,2781,5346,4117,5295,3935,4095,9895,12884,4329,8018,141501,49544,19774,12112,45851,6650,2665,43,33
2021-05-18T23:59:59+02:00,4,4,2697,2957,4952,6494,7182,9764,12515,16250,23967,26274,21447,24126,15741,20076,4812,9123,670,671,1305,1956,1862,3301,2684,5138,3988,5098,3710,3818,9813,12804,4319,8008,141227,49524,18921,11114,45808,6089,2386,43,33
2021-05-17T23:59:59+02:00,4,4,2671,2936,4909,6424,7094,9656,12363,16072,23818,26114,21393,24075,15723,20053,4807,9115,662,657,1289,1920,1841,3252,2636,5030,3909,4984,3574,3667,9746,12741,4316,7999,140257,49502,18913,11104,45793,5360,2225,43,33
2021-05-16T23:59:59+02:00,4,4,2659,2922,4886,6357,7056,9573,12303,15998,23766,26054,21369,24058,15713,20039,4804,9112,657,651,1279,1917,1824,3243,2614,5018,3880,4962,3523,3601,9707,12709,4315,7997,139820,49491,18905,11093,45771,5143,2138,43,33
2021-05-15T23:59:59+02:00,4,4,2533,2782,4698,6152,6865,9387,11786,15582,23179,25504,21263,23940,15679,19996,4801,9104,607,589,1196,1830,1686,3089,2326,4711,3432,4452,3191,3174,9544,12504,4291,7968,136434,46533,18904,11093,45765,4819,2113,43,33
2021-05-14T23:59:59+02:00,4,4,2417,2606,4503,5927,6588,9074,11250,15073,22612,24937,21118,23801,15643,19938,4797,9093,544,512,1094,1710,1527,2875,1995,4309,2834,3867,2807,2737,9460,12357,4287,7964,132618,43615,18897,11091,45743,4057,2084,43,33
2021-05-13T23:59:59+02:00,4,4,2234,2319,4181,5544,6161,8600,10692,14387,21580,24025,20835,23527,15583,19839,4790,9078,540,512,1081,1694,1512,2856,1985,4283,2812,3841,2791,2719,9453,12353,4286,7964,126716,43540,18844,11083,45717,3964,2063,43,33
2021-05-12T23:59:59+02:00,4,4,2233,2316,4174,5543,6152,8594,10591,14266,21527,23986,20830,23516,15578,19831,4789,9078,532,490,1045,1639,1463,2777,1902,4197,2753,3782,2710,2624,9402,12280,4286,7964,126674,43537,18518,10256,45717,3961,2060,43,33
2021-05-11T23:59:59+02:00,4,4,2112,2277,4090,5478,6027,8480,10287,14016,21335,23824,20754,23445,15563,19798,4785,9073,507,466,984,1579,1394,2686,1802,4059,2680,3708,2556,2397,9338,12179,4285,7964,125733,43519,18181,9423,45436,3651,1959,43,33
2021-05-10T23:59:59+02:00,4,4,2071,2201,3983,5356,5892,8301,9496,13253,20956,23501,20664,23356,15524,19744,4775,9060,494,437,946,1514,1328,2596,1712,3897,2596,3613,2527,2373,9329,12161,4281,7959,124599,43488,16333,9240,45333,3170,1833,43,33
2021-05-09T23:59:59+02:00,4,4,2039,2186,3949,5316,5841,8253,9430,13184,20887,23428,20631,23315,15509,19717,4772,9046,487,428,925,1471,1303,2548,1678,3835,2558,3570,2518,2361,9319,12144,4281,7951,124156,43429,16329,9237,45239,2935,1744,43,33
2021-05-08T23:59:59+02:00,4,4,1976,2085,3765,5141,5568,8047,9119,12899,19754,22499,20435,23120,15476,19648,4767,9034,414,398,860,1431,1227,2476,1590,3733,2340,3358,1974,1934,9225,12059,4280,7951,120028,41974,16328,9236,45236,2294,1743,6,4
2021-05-07T23:59:59+02:00,4,4,1888,1973,3581,4970,5248,7751,8710,12528,18506,21228,20253,22908,15431,19590,4758,9015,323,339,751,1357,1097,2347,1456,3589,2168,3166,1607,1600,8737,11614,4279,7949,115090,40253,16326,9233,45215,1181,1709,6,4
2021-05-06T23:59:59+02:00,4,4,1704,1864,3295,4718,4798,7347,8068,11964,17266,19985,19919,22530,15324,19427,4748,9004,306,330,730,1328,1057,2301,1408,3505,2101,3098,1571,1545,8720,11583,4273,7946,109236,40234,16319,9227,44981,911,1427,6,4
2021-05-05T23:59:59+02:00,4,3,1634,1834,3216,4631,4721,7243,7937,11813,17110,19839,19799,22411,15248,19331,4726,8908,295,318,688,1276,996,2226,1326,3355,1992,2981,1478,1447,8306,11015,4267,7928,108479,40198,16176,8103,44811,654,936,6,4
2021-05-04T23:59:59+02:00,4,3,1608,1805,3174,4557,4662,7133,7686,11519,16552,19260,19713,22281,15174,19234,4698,8798,279,305,665,1248,975,2172,1268,3236,1879,2824,1406,1341,8237,10912,4263,7910,107794,40173,14830,7827,44708,394,523,6,4
2021-05-03T23:59:59+02:00,4,3,1600,1801,3166,4543,4624,7111,7433,11288,15860,18664,19649,22196,15148,19200,4692,8788,264,284,643,1166,927,2084,1205,3098,1781,2687,1340,1261,8212,10877,4259,7901,107712,40164,13234,7620,44668,52,150,6,4
2021-05-02T23:59:59+02:00,4,3,1599,1798,3161,4541,4620,7108,7420,11278,15841,18652,19633,22188,15148,19198,4691,8788,264,282,640,1165,922,2081,1195,3092,1773,2680,1326,1254,8211,10872,4258,7901,107685,40142,13232,7618,44644,49,104,6,4
2021-05-01T23:59:59+02:00,4,3,1466,1656,2881,4291,4153,6748,6803,10795,13909,16772,19252,21792,15057,19082,4688,8772,262,282,637,1163,921,2078,1193,3091,1771,2676,1321,1250,8209,10870,4258,7901,100146,40112,13232,7618,44640,49,101,5,4
2021-04-30T23:59:59+02:00,3,3,1343,1506,2666,4068,3823,6352,6236,10200,12119,14734,18794,21253,14953,18940,4674,8762,257,281,630,1156,906,2070,1181,3081,1759,2662,1310,1241,8205,10865,4257,7901,92523,40065,13232,7618,44640,46,30,4,4
2021-04-29T23:59:59+02:00,2,3,1227,1441,2501,3942,3583,6148,5879,9897,10779,13457,18535,20976,14910,18870,4670,8756,256,277,625,1149,894,2064,1161,3076,1729,2626,1284,1217,8199,10856,4257,7901,87836,40033,13223,7485,44500,37,13,4,4
2021-04-28T23:59:59+02:00,2,3,1168,1435,2451,3923,3533,6124,5817,9864,10682,13389,18505,20942,14903,18854,4670,8753,256,276,623,1148,891,2062,1157,3072,1721,2625,1278,1199,7757,10337,4257,7901,87567,40012,13173,6501,44262,33,12,4,3
2021-04-27T23:59:59+02:00,2,3,1120,1409,2350,3879,3469,6097,5698,9809,10565,13313,18472,20904,14890,18839,4669,8751,255,276,621,1141,890,2060,1153,3069,1717,2621,1267,1182,7340,9757,4257,7901,87062,39993,13120,5472,44042,29,11,4,3
2021-04-26T23:59:59+02:00,2,3,1078,1380,2260,3787,3342,5997,5531,9689,10262,13054,18410,20850,14882,18821,4667,8751,254,275,620,1140,884,2057,1146,3066,1699,2611,1252,1169,7331,9737,4257,7901,85726,39907,13110,5451,43915,28,11,4,3
2021-04-25T23:59:59+02:00,2,3,1075,1377,2252,3785,3335,5993,5511,9682,10227,13024,18400,20838,14881,18815,4667,8750,253,275,620,1140,884,2057,1143,3066,1699,2611,1252,1169,7331,9735,4257,7901,85703,39904,13101,5449,43799,28,10,4,3
2021-04-24T23:59:59+02:00,2,2,1032,1260,2066,3248,3065,5381,5317,9270,9396,11979,17694,19944,14767,18656,4659,8739,252,274,619,1139,884,2056,1143,3065,1693,2606,1249,1164,7329,9734,4257,7900,79588,39880,13101,5445,43775,28,9,4,3
2021-04-23T23:59:59+02:00,1,2,1000,1177,1953,2901,2883,4830,5122,8841,8843,11258,16065,18088,14622,18450,4651,8716,252,274,618,1139,882,2054,1142,3065,1692,2605,1245,1159,7325,9732,4257,7899,72575,39867,13100,5434,43715,28,9,4,3
2021-04-22T23:59:59+02:00,1,2,995,1166,1934,2885,2863,4811,5065,8795,8732,11155,15995,18011,14596,18420,4649,8711,250,274,614,1138,879,2053,1134,3053,1677,2585,1221,1137,7320,9724,4257,7899,72529,39853,13044,5324,43200,27,9,4,3
2021-04-21T23:59:59+02:00,1,2,986,1158,1922,2872,2836,4785,5019,8740,8625,11032,15909,17927,14567,18386,4649,8706,245,271,604,1129,865,2024,1124,3028,1666,2560,1208,1124,7097,9407,4256,7899,72489,39846,12988,4624,42632,26,9,4,3
2021-04-20T23:59:59+02:00,1,2,959,1109,1870,2757,2763,4624,4926,8561,8451,10825,15678,17646,14509,18327,4642,8700,232,268,586,1108,839,1994,1096,3002,1631,2519,1189,1111,7089,9402,4255,7898,72453,39825,11859,4359,42025,24,9,4,3
2021-04-19T23:59:59+02:00,1,2,950,1100,1838,2736,2713,4599,4802,8500,8251,10714,15586,17548,14487,18308,4642,8694,226,260,568,1086,821,1962,1078,2959,1586,2464,1171,1092,7082,9399,4253,7897,72053,39791,11837,4080,41568,22,9,4,3
2021-04-18T23:59:59+02:00,1,2,947,1099,1833,2730,2705,4587,4784,8488,8211,10672,15537,17490,14477,18291,4641,8692,226,260,568,1085,820,1962,1078,2959,1586,2463,1171,1091,7080,9398,4252,7897,72007,39785,11834,4078,41333,22,9,4,3
2021-04-17T23:59:59+02:00,0,2,914,1085,1784,2692,2637,4508,4630,8348,7949,10444,13175,14590,14280,17939,4624,8656,224,260,568,1082,816,1956,1066,2952,1576,2443,1134,1050,6749,8982,4227,7849,65198,38834,11834,4067,41212,22,9,4,3
2021-04-16T23:59:59+02:00,0,2,908,1079,1772,2681,2595,4470,4538,8264,7769,10253,10350,11339,14006,17523,4605,8600,222,255,567,1079,811,1952,1056,2949,1568,2431,1123,1037,6743,8977,4224,7846,57936,38757,11832,4051,40973,22,9,4,2
2021-04-15T23:59:59+02:00,0,2,895,1074,1750,2667,2553,4437,4426,8203,7538,10052,10101,11120,13944,17457,4599,8586,220,255,567,1077,810,1950,1053,2946,1565,2428,1118,1033,6741,8975,4224,7846,57913,38743,11830,4034,39648,21,9,4,2
2021-04-14T23:59:59+02:00,0,2,876,1046,1692,2584,2464,4314,4237,8022,7265,9769,9728,10639,13795,17279,4593,8577,195,232,526,1026,787,1883,1018,2866,1515,2367,1092,1003,6737,8966,4224,7845,57881,38727,10883,3527,38105,19,9,4,1
2021-04-13T23:59:59+02:00,0,2,851,1024,1654,2532,2396,4231,4136,7886,7054,9554,9323,10122,13651,17112,4588,8565,159,208,491,977,747,1790,984,2756,1463,2297,1073,968,6721,8955,4223,7845,57837,38663,9937,2972,36894,13,9,4,1
2021-04-12T23:59:59+02:00,0,2,847,1022,1635,2529,2366,4218,4083,7835,6914,9383,9058,9807,13587,17053,4577,8549,148,194,463,938,724,1725,963,2684,1419,2247,1051,952,6705,8935,4220,7840,57779,38547,9906,2639,35767,13,9,4,1
2021-04-11T23:59:59+02:00,0,2,846,1021,1624,2529,2353,4216,4060,7823,6849,9322,8924,9642,13560,17005,4572,8540,148,194,463,936,724,1724,961,2684,1418,2247,1051,952,6703,8935,4220,7840,57767,38541,9904,2638,35204,12,9,4,1
2021-04-10T23:59:59+02:00,0,2,830,1016,1596,2500,2316,4187,3989,7767,6717,9205,8368,8907,12897,16153,4561,8498,145,194,461,933,719,1721,961,2678,1409,2240,1038,937,6234,8438,4205,7824,54437,37479,9903,2637,35156,12,9,4,1
2021-04-09T23:59:59+02:00,0,2,808,987,1556,2452,2249,4107,3836,7608,6370,8874,7847,8249,12083,15130,4491,8361,143,193,459,928,713,1714,953,2668,1394,2230,1016,916,5992,8169,4188,7797,50468,36819,9898,2633,34631,12,9,4,1
2021-04-08T23:59:59+02:00,0,2,799,977,1529,2428,2183,4058,3701,7521,6116,8575,7234,7594,11924,14930,4480,8344,143,190,454,926,708,1707,945,2658,1387,2217,1004,914,5989,8167,4187,7797,50435,36799,9874,2573,32073,12,9,4,1
2021-04-07T23:59:59+02:00,0,2,793,968,1503,2410,2125,4020,3615,7451,5886,8309,6681,6965,11320,14181,4468,8317,124,183,425,879,662,1638,889,2588,1337,2148,983,898,5981,8161,4186,7797,50408,36775,8721,2084,29873,12,8,4,1
2021-04-06T23:59:59+02:00,0,2,788,966,1489,2402,2096,3998,3542,7402,5705,8138,6234,6458,11119,13965,4453,8289,100,162,376,818,617,1563,846,2488,1285,2084,959,882,5964,8148,4184,7793,50337,36750,8538,1500,28160,12,7,4,1
2021-04-05T23:59:59+02:00,0,2,783,962,1473,2395,2073,3989,3491,7376,5562,8028,6033,6243,11052,13879,4447,8279,94,160,375,816,610,1554,838,2473,1272,2066,931,852,4874,6749,4106,7687,50141,33948,8534,1490,27381,12,7,4,1
2021-04-04T23:59:59+02:00,0,2,781,957,1471,2393,2069,3987,3474,7369,5552,8021,6022,6223,11038,13861,4445,8276,94,160,373,814,607,1549,831,2466,1257,2046,908,830,3874,5588,4040,7581,50127,31509,8532,1490,27271,12,7,4,1
2021-04-03T23:59:59+02:00,0,2,729,902,1389,2324,1946,3848,3213,7109,5092,7530,5679,5768,10867,13644,4419,8247,92,160,373,813,607,1547,830,2466,1257,2046,908,830,3874,5585,4040,7580,46896,31499,8532,1490,27269,12,7,4,1
2021-04-02T23:59:59+02:00,0,2,686,868,1334,2256,1848,3734,2957,6849,4579,7051,5289,5309,10770,13481,4414,8241,91,160,373,813,607,1547,828,2466,1255,2042,906,826,3871,5582,4039,7580,43976,31479,8531,1489,27151,12,6,4,1
2021-04-01T23:59:59+02:00,0,2,683,866,1323,2252,1828,3726,2928,6835,4505,6978,5181,5201,10731,13432,4413,8237,91,160,371,809,605,1544,828,2463,1251,2038,896,825,3867,5580,4038,7579,43961,31470,8387,1457,26763,12,6,4,1
2021-03-31T23:59:59+02:00,0,2,681,864,1316,2236,1820,3716,2900,6807,4442,6932,5042,5041,10222,12826,4409,8229,91,160,370,809,605,1544,828,2463,1249,2038,895,825,3867,5579,4038,7578,43949,31464,7260,1457,26267,12,6,3,1
2021-03-30T23:59:59+02:00,0,2,672,861,1298,2216,1790,3687,2865,6772,4357,6843,4875,4848,9697,12126,4402,8214,86,157,369,805,600,1541,823,2457,1241,2036,884,815,3859,5576,4037,7577,43924,31443,6075,1404,25517,10,6,3,1
2021-03-29T23:59:59+02:00,0,2,667,853,1285,2181,1773,3656,2834,6730,4287,6758,4676,4651,9612,12032,4399,8200,86,157,369,803,597,1537,821,2451,1237,2029,876,809,3851,5569,4037,7577,43857,31430,5858,1360,24872,10,6,3,1
2021-03-28T23:59:59+02:00,0,2,664,851,1282,2178,1758,3646,2819,6718,4253,6705,4580,4541,9575,11968,4394,8193,86,157,369,802,597,1537,819,2451,1235,2029,875,809,3850,5569,4037,7577,43835,31428,5849,1355,24434,10,6,3,1
2021-03-27T23:59:59+01:00,0,2,660,846,1273,2173,1742,3630,2791,6688,4090,6562,4004,4088,9346,11721,4381,8174,86,157,367,800,595,1535,817,2448,1227,2023,871,805,3673,5280,3936,7408,41893,30657,5845,1355,24424,10,6,3,1
2021-03-26T23:59:59+01:00,0,2,654,838,1265,2163,1722,3613,2765,6666,4015,6484,3599,3724,8750,11165,4368,8160,86,157,366,799,594,1532,813,2445,1218,2019,859,792,2956,4341,3727,7065,39966,28398,5832,1355,24147,10,6,2,1
2021-03-25T23:59:59+01:00,0,2,647,833,1252,2149,1703,3589,2706,6627,3932,6406,3424,3507,8641,11054,4363,8154,86,157,366,799,594,1532,813,2444,1217,2019,859,792,2955,4340,3726,7064,39953,28392,5725,1355,23303,10,6,2,1
2021-03-24T23:59:59+01:00,0,2,641,826,1219,2123,1658,3544,2628,6559,3776,6257,3106,3145,8235,10506,4354,8142,82,155,354,786,578,1514,780,2410,1167,1987,826,755,2946,4334,3726,7061,39930,28092,4970,1354,21813,9,6,2,1
2021-03-23T23:59:59+01:00,0,2,628,818,1194,2091,1616,3497,2548,6478,3627,6103,2727,2762,8019,10287,4347,8126,77,151,342,764,543,1483,719,2347,1065,1906,743,695,2911,4300,3722,7057,39889,27463,4680,1347,20293,9,6,2,1
2021-03-22T23:59:59+01:00,0,2,604,705,1158,2037,1583,3442,2495,6408,3487,5972,2485,2524,7689,9932,4331,8090,77,150,342,764,543,1481,718,2346,1062,1906,742,692,2907,4295,3721,7054,39421,27438,4357,1347,19158,9,6,2,1
2021-03-21T23:59:59+01:00,0,2,603,702,1153,2029,1572,3432,2478,6393,3450,5938,2344,2360,7596,9820,4323,8076,77,150,342,763,543,1481,718,2346,1062,1906,742,692,2907,4294,3721,7054,39417,27436,4343,1347,18503,9,6,2,1
2021-03-20T23:59:59+01:00,0,2,602,702,1151,2023,1566,3425,2472,6387,3433,5916,2312,2322,7106,9302,4307,8060,77,150,342,763,542,1481,716,2345,1062,1905,742,692,2907,4292,3719,7052,38380,27425,4331,1347,18369,9,6,2,1
2021-03-19T23:59:59+01:00,0,2,595,695,1137,2007,1531,3402,2402,6248,3371,5809,2129,2143,6799,8985,4288,8035,77,150,341,757,538,1478,711,2336,1051,1892,733,686,2484,3690,3305,6307,37777,25181,4315,1347,17478,2,6,2,1
2021-03-18T23:59:59+01:00,0,2,580,679,1117,1977,1504,3372,2362,6180,3298,5720,1977,1947,6681,8867,4282,8024,76,150,341,756,537,1478,710,2332,1048,1891,726,683,2434,3618,3278,6265,37757,24990,4304,1325,16500,2,6,2,1
2021-03-17T23:59:59+01:00,0,1,551,653,1072,1922,1467,3288,2284,6063,3146,5565,1722,1681,6515,8714,4272,8009,75,146,329,729,521,1434,688,2275,1010,1850,709,664,2196,3326,3198,6141,37686,24029,3781,1254,15451,2,6,1,1
2021-03-16T23:59:59+01:00,0,1,507,624,1032,1866,1416,3184,2219,5909,3030,5431,1526,1459,6381,8567,4262,7988,69,133,308,673,491,1357,659,2140,981,1722,660,614,2085,3192,3175,6057,37631,23286,3162,1023,14603,2,5,1,1
2021-03-15T23:59:59+01:00,0,1,495,613,1001,1821,1382,3116,2188,5824,2943,5348,1403,1325,5802,7881,4224,7925,66,126,293,615,476,1237,621,2010,941,1609,632,594,2048,3153,3162,5998,36400,22890,2809,689,14082,2,0,1,1
2021-03-14T23:59:59+01:00,0,1,490,607,991,1809,1379,3099,2172,5806,2909,5321,1361,1275,5410,7434,4201,7907,65,121,289,592,470,1210,615,1954,931,1584,632,594,2048,3153,3161,5996,35585,22884,2804,529,13782,2,0,1,1
2021-03-13T23:59:59+01:00,0,1,469,589,954,1762,1326,3035,1916,5218,2669,4909,1256,1162,4760,6587,4151,7831,65,121,288,589,468,1208,613,1952,930,1580,630,589,1689,2673,2639,5244,33914,20747,2800,529,11880,2,0,1,1
2021-03-12T23:59:59+01:00,0,1,453,568,934,1721,1296,2954,1712,4431,2462,4460,1186,1079,4064,5787,4104,7749,65,119,287,585,468,1205,611,1944,925,1575,627,582,1370,2137,2107,4453,32242,18530,2797,529,9921,1,0,1,1
2021-03-11T23:59:59+01:00,0,1,449,561,926,1710,1281,2937,1687,4397,2426,4424,1112,1025,4022,5751,4101,7745,65,112,281,563,454,1153,602,1895,906,1539,615,569,1364,2120,2098,4404,32210,18282,2704,457,9640,1,0,1,1
2021-03-10T23:59:59+01:00,0,1,428,550,881,1652,1227,2860,1614,4300,2360,4331,1079,1002,4006,5736,4100,7743,65,112,279,559,451,1146,597,1873,906,1534,609,561,1303,2034,2055,4348,32195,17999,2139,432,9535,1,0,1,1
2021-03-09T23:59:59+01:00,0,1,406,534,833,1602,1186,2797,1573,4217,2317,4278,1058,991,4000,5729,4099,7742,63,111,278,558,450,1135,595,1861,900,1529,607,555,1099,1725,1940,4176,32149,17176,1690,405,9523,1,0,1,1
2021-03-08T23:59:59+01:00,0,1,399,523,823,1588,1177,2781,1565,4192,2306,4265,1045,981,3965,5682,4097,7737,62,111,274,553,446,1129,594,1857,896,1527,607,555,1030,1635,1895,4133,32024,16922,1594,381,9508,1,0,1,1
2021-03-07T23:59:59+01:00,0,1,398,520,823,1587,1175,2779,1561,4186,2296,4260,1039,973,3959,5676,4096,7736,59,108,265,531,434,1103,579,1757,861,1452,606,555,927,1506,1845,4065,32008,16565,1555,88,9501,0,0,1,1
2021-03-06T23:59:59+01:00,0,1,390,504,804,1554,1152,2721,1520,4119,2103,3764,1010,936,3786,5405,3999,7575,59,108,265,531,434,1102,579,1757,861,1452,606,555,924,1505,1842,4064,31301,16556,1555,88,8486,0,0,1,1
2021-03-05T23:59:59+01:00,0,1,375,464,771,1450,1102,2504,1445,3906,1890,3094,982,891,3041,4446,3795,7236,59,107,264,528,431,1096,578,1752,857,1449,603,553,885,1447,1819,4026,29006,16366,1554,88,6832,0,0,1,1
2021-03-04T23:59:59+01:00,0,1,360,456,764,1430,1089,2481,1426,3877,1867,3075,969,887,3037,4442,3792,7234,59,106,261,525,427,1080,568,1730,856,1441,601,551,848,1393,1796,3991,28993,16208,1516,25,6677,0,0,1,1
2021-03-03T23:59:59+01:00,0,1,349,424,745,1379,1059,2398,1376,3723,1789,2978,936,843,3027,4436,3792,7231,58,106,258,523,426,1076,566,1721,853,1437,601,550,828,1340,1711,3846,28681,15877,1516,23,6288,0,0,1,1
2021-03-02T23:59:59+01:00,0,1,343,415,729,1355,1011,2353,1307,3639,1673,2882,848,777,2985,4399,3786,7226,58,106,257,519,425,1069,566,1715,853,1433,600,550,828,1340,1711,3846,28044,15853,1453,23,6231,0,0,1,1
2021-03-01T23:59:59+01:00,0,1,339,401,722,1308,999,2295,1287,3557,1647,2833,830,768,2977,4390,3786,7226,58,105,256,515,420,1055,562,1702,844,1425,599,548,732,1188,1658,3766,28005,15410,1405,23,5955,0,0,1,1
2021-02-28T23:59:59+01:00,0,1,334,388,714,1269,986,2219,1275,3470,1625,2754,826,758,2975,4386,3785,7224,58,105,256,515,420,1054,562,1702,843,1425,599,547,636,1064,1612,3686,27994,15061,1402,23,5592,0,0,1,1
2021-02-27T23:59:59+01:00,0,1,325,368,700,1244,966,2182,1240,3402,1602,2701,809,743,2972,4386,3784,7224,58,105,256,515,420,1054,561,1702,842,1425,599,547,636,1063,1612,3686,27992,15058,1402,23,5254,0,0,1,1
2021-02-26T23:59:59+01:00,0,1,300,315,652,1179,902,2064,1150,3236,1498,2562,780,721,2543,3781,3367,6458,58,105,253,513,420,1052,559,1700,839,1419,595,544,629,1051,1603,3667,25730,14984,1402,23,4376,0,0,1,1
2021-02-25T23:59:59+01:00,0,1,295,302,639,1148,881,2022,1131,3170,1480,2517,777,718,2497,3708,3337,6415,56,103,249,504,420,1048,554,1690,836,1408,589,539,552,942,1559,3611,25512,14639,1402,21,4123,0,0,1,1
2021-02-24T23:59:59+01:00,0,1,276,292,588,1101,834,1955,1073,3075,1436,2459,760,699,2259,3407,3256,6285,55,99,245,497,414,1031,546,1668,833,1389,583,528,539,922,1548,3589,24532,14471,1402,15,3821,0,0,1,1
2021-02-23T23:59:59+01:00,0,1,263,272,560,1044,797,1878,1005,2926,1364,2357,709,649,2148,3272,3233,6195,55,98,243,491,414,1015,536,1636,826,1367,575,522,524,875,1537,3545,23744,14244,1397,15,3531,0,0,1,1
2021-02-22T23:59:59+01:00,0,1,259,266,548,982,777,1802,980,2832,1328,2297,686,629,2121,3237,3225,6138,55,97,237,485,412,1002,527,1620,822,1342,561,510,507,850,1531,3495,23355,14038,1397,15,3355,0,0,1,1
2021-02-21T23:59:59+01:00,0,1,256,258,539,957,764,1765,972,2784,1298,2271,686,627,2119,3237,3224,6137,55,97,236,485,412,1002,527,1620,822,1341,561,509,507,850,1531,3494,23349,14034,1397,15,3148,0,0,1,1
2021-02-20T23:59:59+01:00,0,1,172,227,468,908,696,1688,902,2695,1213,2172,671,612,1753,2723,2676,5344,55,97,236,485,412,1002,527,1619,822,1341,561,509,507,850,1531,3494,21103,14033,1397,15,2420,0,0,1,1
2021-02-19T23:59:59+01:00,0,1,82,164,357,827,570,1555,769,2546,1078,2020,655,591,1451,2211,2142,4556,55,97,236,485,412,1001,527,1619,822,1340,561,509,499,846,1530,3488,18924,14013,1397,14,1253,0,0,1,1
2021-02-18T23:59:59+01:00,0,1,79,159,345,777,549,1466,736,2406,1045,1953,640,581,1442,2193,2133,4507,52,90,232,463,398,936,512,1539,803,1266,547,495,493,828,1529,3471,18687,13640,1372,14,952,0,0,1,1
2021-02-17T23:59:59+01:00,0,1,78,151,331,754,540,1433,707,2313,1009,1854,634,571,1384,2106,2087,4458,52,87,230,454,390,898,501,1474,784,1184,534,483,491,826,1529,3471,18429,13374,1299,14,682,0,0,1,1
2021-02-16T23:59:59+01:00,0,1,73,145,316,715,512,1360,675,2205,984,1750,624,564,1141,1762,1969,4281,51,78,229,449,384,868,488,1409,758,1117,513,470,489,826,1526,3470,17525,13123,1061,2,490,0,0,1,1
2021-02-15T23:59:59+01:00,0,1,68,129,290,612,477,1219,620,1993,934,1591,615,562,1058,1657,1918,4219,51,78,227,444,380,862,487,1405,755,1110,513,470,488,823,1525,3467,17202,13085,723,0,37,0,0,1,1
2021-02-14T23:59:59+01:00,0,1,67,122,285,587,472,1190,609,1939,920,1569,615,562,961,1534,1873,4163,51,78,227,444,380,862,487,1403,755,1110,513,470,488,823,1525,3467,16878,13083,568,0,22,0,0,1,1
2021-02-13T23:59:59+01:00,0,1,67,121,285,586,471,1186,608,1937,918,1566,614,561,960,1526,1869,4160,51,78,227,443,378,858,486,1398,753,1109,511,468,471,785,1270,3009,16845,12295,568,0,22,0,0,1,1
2021-02-12T23:59:59+01:00,0,1,66,121,284,585,467,1182,608,1934,915,1565,611,560,921,1475,1849,4120,51,78,227,439,375,849,481,1389,747,1103,504,460,453,746,924,2317,16676,11143,568,0,19,0,0,1,1
2021-02-11T23:59:59+01:00,0,1,66,115,281,574,454,1155,602,1908,908,1553,610,559,879,1417,1827,4083,51,75,212,409,361,802,465,1316,732,1071,501,459,453,746,923,2316,16501,10893,485,0,5,0,0,1,0
2021-02-10T23:59:59+01:00,0,1,65,115,277,571,452,1151,598,1892,903,1549,610,559,870,1401,1806,4039,50,65,178,332,307,699,415,1144,653,978,466,447,448,745,923,2315,16400,10166,457,0,1,0,0,1,0
2021-02-09T23:59:59+01:00,0,1,63,114,271,568,449,1138,597,1878,897,1543,609,558,858,1366,1741,3936,42,53,125,255,231,548,334,942,551,824,431,436,444,744,921,2315,16157,9197,429,0,0,0,0,1,0
2021-02-08T23:59:59+01:00,0,1,62,114,268,559,446,1131,596,1863,891,1535,608,556,757,1216,1687,3854,38,43,86,165,168,410,268,704,491,689,423,429,440,741,920,2315,15739,8331,404,0,0,0,0,1,0
2021-02-07T23:59:59+01:00,0,1,59,111,259,536,431,1100,580,1760,856,1456,607,555,655,1089,1640,3771,37,42,82,163,165,403,263,691,486,678,421,428,440,741,920,2314,15370,8275,95,0,0,0,0,1,0
2021-02-06T23:59:59+01:00,0,1,59,111,258,536,431,1100,578,1759,854,1453,604,553,653,1080,1634,3764,34,41,81,160,162,393,259,683,475,670,413,427,404,693,687,1934,15332,7517,95,0,0,0,0,1,0
2021-02-05T23:59:59+01:00,0,1,59,111,256,533,431,1098,577,1758,852,1451,603,553,643,1073,1628,3753,32,39,77,154,157,385,251,664,458,660,407,427,398,668,299,1312,15284,6389,95,0,0,0,0,1,0
2021-02-04T23:59:59+01:00,0,1,57,109,251,526,425,1082,561,1731,848,1437,596,544,560,957,1580,3695,31,36,73,149,151,374,237,643,441,646,402,421,393,661,297,1307,14932,6263,27,0,0,0,0,1,0
2021-02-03T23:59:59+01:00,0,1,56,104,247,519,424,1062,558,1716,846,1422,592,534,550,947,1577,3682,24,28,59,117,118,275,173,503,332,497,300,321,318,520,226,1046,14811,4858,25,0,0,0,0,1,0
2021-02-02T23:59:59+01:00,0,1,56,103,244,513,424,1044,546,1683,838,1398,579,525,539,902,1568,3638,17,21,40,76,82,181,121,339,217,358,211,215,202,326,162,692,14575,3261,25,0,0,0,0,1,0
2021-02-01T23:59:59+01:00,0,1,56,101,240,505,422,1028,538,1662,833,1375,571,519,522,873,1560,3594,7,11,20,40,44,93,64,168,94,161,99,98,85,152,70,307,14374,1513,25,0,0,0,0,1,0
2021-01-31T23:59:59+01:00,0,1,56,101,239,504,420,1024,536,1657,831,1372,571,518,522,873,1560,3593,7,11,18,36,39,79,60,142,81,146,95,98,84,151,68,306,14352,1421,25,0,0,0,0,1,0
2021-01-30T23:59:59+01:00,0,1,56,101,239,504,420,1024,536,1657,831,1372,571,518,522,873,1560,3593,7,11,18,36,39,79,60,142,81,146,95,97,84,151,68,306,14352,1420,25,0,0,0,0,1,0
2021-01-29T23:59:59+01:00,0,1,56,101,239,504,420,1024,536,1657,831,1372,571,518,522,873,1560,3593,7,11,18,36,39,79,60,142,81,146,95,97,84,151,68,306,14352,1420,25,0,0,0,0,1,0
2021-01-28T23:59:59+01:00,0,1,54,93,235,476,408,958,518,1571,809,1290,558,503,516,856,1558,3579,3,2,4,6,10,13,19,34,21,31,16,20,19,33,17,91,13963,339,19,0,0,0,0,1,0
2021-01-27T23:59:59+01:00,0,1,52,89,235,466,400,919,508,1505,789,1207,546,490,514,854,1558,3579,3,2,4,6,8,13,19,33,21,30,16,20,19,33,17,91,13694,335,17,0,0,0,0,1,0
2021-01-26T23:59:59+01:00,0,1,51,83,231,463,393,890,497,1437,764,1140,524,477,512,854,1558,3579,1,2,4,6,8,12,17,29,17,25,14,18,17,31,17,84,13437,302,16,0,0,0,0,1,0
2021-01-25T23:59:59+01:00,0,1,51,83,228,458,389,884,497,1434,762,1135,524,477,512,853,1558,3577,0,0,0,0,0,0,0,0,0,0,1,1,0,2,0,0,13407,4,15,0,0,0,0,1,0
2021-01-24T23:59:59+01:00,0,1,51,83,228,458,389,884,497,1433,762,1135,524,477,512,853,1558,3577,0,0,0,0,0,0,0,0,0,0,1,1,0,2,0,0,13406,4,15,0,0,0,0,1,0
2021-01-23T23:59:59+01:00,0,1,51,83,228,457,388,880,497,1427,761,1133,521,475,495,815,1305,3109,0,0,0,0,0,0,0,0,0,0,1,1,0,2,0,0,12610,4,15,0,0,0,0,1,0
2021-01-22T23:59:59+01:00,0,1,51,83,227,453,384,871,492,1417,756,1125,515,467,478,774,947,2394,0,0,0,0,0,0,0,0,0,0,1,1,0,2,0,0,11420,4,15,0,0,0,0,0,0
2021-01-21T23:59:59+01:00,0,1,51,80,209,420,357,815,465,1318,730,1091,511,467,478,774,946,2393,0,0,0,0,0,0,0,0,0,0,1,1,0,2,0,0,11091,4,15,0,0,0,0,0,0
2021-01-20T23:59:59+01:00,0,1,49,70,181,349,316,730,423,1164,660,1000,475,456,473,774,946,2392,0,0,0,0,0,0,0,0,0,0,1,1,0,2,0,0,10444,4,15,0,0,0,0,0,0
2021-01-19T23:59:59+01:00,0,1,43,57,135,272,243,571,346,982,570,860,440,444,469,772,946,2392,0,0,0,0,0,0,0,0,0,0,1,0,0,2,0,0,9536,3,7,0,0,0,0,0,0
2021-01-18T23:59:59+01:00,0,1,39,44,86,173,174,421,278,719,499,703,431,437,466,767,944,2392,0,0,0,0,0,0,0,0,0,0,0,0,0,1,0,0,8574,1,0,0,0,0,0,0,0
2021-01-17T23:59:59+01:00,0,1,37,43,83,169,170,413,274,708,494,690,429,437,466,767,944,2391,0,0,0,0,0,0,0,0,0,0,0,0,0,0,0,0,8516,0,0,0,0,0,0,0,0
2021-01-16T23:59:59+01:00,0,1,34,42,81,167,166,404,267,701,479,682,421,436,427,720,704,2006,0,0,0,0,0,0,0,0,0,0,0,0,0,0,0,0,7738,0,0,0,0,0,0,0,0
2021-01-15T23:59:59+01:00,0,1,32,40,78,160,163,398,260,684,465,674,415,435,422,696,310,1375,0,0,0,0,0,0,0,0,0,0,0,0,0,0,0,0,6608,0,0,0,0,0,0,0,0
2021-01-14T23:59:59+01:00,0,1,32,38,77,156,158,393,252,675,454,666,412,433,422,695,310,1375,0,0,0,0,0,0,0,0,0,0,0,0,0,0,0,0,6549,0,0,0,0,0,0,0,0
2021-01-13T23:59:59+01:00,0,0,24,31,61,123,123,298,192,541,346,523,315,332,348,550,239,1106,0,0,0,0,0,0,0,0,0,0,0,0,0,0,0,0,5152,0,0,0,0,0,0,0,0
2021-01-12T23:59:59+01:00,0,0,17,24,45,85,88,210,139,391,236,387,225,226,227,354,173,749,0,0,0,0,0,0,0,0,0,0,0,0,0,0,0,0,3576,0,0,0,0,0,0,0,0
2021-01-11T23:59:59+01:00,0,0,9,15,26,44,58,134,88,220,124,205,112,107,99,172,80,333,0,0,0,0,0,0,0,0,0,0,0,0,0,0,0,0,1826,0,0,0,0,0,0,0,0
2021-01-10T23:59:59+01:00,0,0,8,15,22,41,51,106,80,179,105,172,106,104,95,170,77,333,0,0,0,0,0,0,0,0,0,0,0,0,0,0,0,0,1664,0,0,0,0,0,0,0,0
2021-01-09T23:59:59+01:00,0,0,8,15,22,41,51,106,80,179,105,172,106,103,95,170,77,333,0,0,0,0,0,0,0,0,0,0,0,0,0,0,0,0,1663,0,0,0,0,0,0,0,0
2021-01-08T23:59:59+01:00,0,0,8,14,21,40,49,100,75,168,99,169,103,99,90,161,75,325,0,0,0,0,0,0,0,0,0,0,0,0,0,0,0,0,1596,0,0,0,0,0,0,0,0
2021-01-07T23:59:59+01:00,0,0,3,3,4,7,10,14,20,34,23,34,17,20,20,34,19,95,0,0,0,0,0,0,0,0,0,0,0,0,0,0,0,0,357,0,0,0,0,0,0,0,0
2021-01-06T23:59:59+01:00,0,0,3,2,4,6,8,13,20,33,21,31,17,20,20,34,19,94,0,0,0,0,0,0,0,0,0,0,0,0,0,0,0,0,345,0,0,0,0,0,0,0,0
2021-01-05T23:59:59+01:00,0,0,3,2,4,6,8,13,20,33,21,31,17,20,20,34,19,94,0,0,0,0,0,0,0,0,0,0,0,0,0,0,0,0,345,0,0,0,0,0,0,0,0
2021-01-04T23:59:59+01:00,0,0,0,0,0,0,0,0,1,0,0,0,1,1,0,2,0,0,0,0,0,0,0,0,0,0,0,0,0,0,0,0,0,0,5,0,0,0,0,0,0,0,0
2021-01-03T23:59:59+01:00,0,0,0,0,0,0,0,0,1,0,0,0,1,1,0,2,0,0,0,0,0,0,0,0,0,0,0,0,0,0,0,0,0,0,5,0,0,0,0,0,0,0,0
2021-01-02T23:59:59+01:00,0,0,0,0,0,0,0,0,1,0,0,0,1,1,0,2,0,0,0,0,0,0,0,0,0,0,0,0,0,0,0,0,0,0,5,0,0,0,0,0,0,0,0
2021-01-01T23:59:59+01:00,0,0,0,0,0,0,0,0,1,0,0,0,1,1,0,2,0,0,0,0,0,0,0,0,0,0,0,0,0,0,0,0,0,0,5,0,0,0,0,0,0,0,0
2020-12-31T23:59:59+01:00,0,0,0,0,0,0,0,0,1,0,0,0,1,1,0,2,0,0,0,0,0,0,0,0,0,0,0,0,0,0,0,0,0,0,5,0,0,0,0,0,0,0,0
2020-12-30T23:59:59+01:00,0,0,0,0,0,0,0,0,1,0,0,0,1,1,0,2,0,0,0,0,0,0,0,0,0,0,0,0,0,0,0,0,0,0,5,0,0,0,0,0,0,0,0
2020-12-29T23:59:59+01:00,0,0,0,0,0,0,0,0,1,0,0,0,1,0,0,2,0,0,0,0,0,0,0,0,0,0,0,0,0,0,0,0,0,0,4,0,0,0,0,0,0,0,0
2020-12-28T23:59:59+01:00,0,0,0,0,0,0,0,0,0,0,0,0,1,0,0,1,0,0,0,0,0,0,0,0,0,0,0,0,0,0,0,0,0,0,2,0,0,0,0,0,0,0,0
2020-12-27T23:59:59+01:00,0,0,0,0,0,0,0,0,0,0,0,0,0,0,0,0,0,0,0,0,0,0,0,0,0,0,0,0,0,0,0,0,0,0,0,0,0,0,0,0,0,0,0
