Datum,<15_m,<15_w,15-24_1_m,15-24_1_w,25-34_1_m,25-34_1_w,35-44_1_m,35-44_1_w,45-54_1_m,45-54_1_w,55-64_1_m,55-64_1_w,65-74_1_m,65-74_1_w,75-84_1_m,75-84_1_w,>84_1_m,>84_1_w,<24_2_m,<24_2_w,25-34_2_m,25-34_2_w,35-44_2_m,35-44_2_w,45-54_2_m,45-54_2_w,55-64_2_m,55-64_2_w,65-74_2_m,65-74_2_w,75-84_2_m,75-84_2_w,>84_2_m,>84_2_w,bp_1,bp_2,mo_1,mo_2,az_1,az_2,ja,unb_1,unb_2
2021-10-19T23:59:59+02:00,2050,1837,15066,14302,18007,16817,21156,21431,27747,28807,34310,35169,25935,28777,17617,22506,5365,10162,13631,12898,16801,15513,20002,20013,26303,27095,32826,33611,25190,27935,17128,21809,5179,9667,250563,236093,32454,30423,46597,44886,17381,95,42
2021-10-18T23:59:59+02:00,2045,1830,15044,14284,17990,16797,21134,21409,27733,28797,34297,35156,25933,28771,17615,22503,5362,10161,13605,12868,16786,15487,19982,19990,26285,27073,32811,33592,25178,27927,17124,21801,5176,9665,250382,235838,32442,30411,46597,44884,17374,95,42
2021-10-17T23:59:59+02:00,2041,1828,15025,14274,17987,16791,21130,21403,27727,28788,34294,35151,25928,28768,17613,22503,5361,10158,13580,12848,16766,15471,19968,19973,26270,27065,32802,33581,25169,27919,17120,21800,5173,9660,250301,235660,32441,30411,46597,44878,17365,95,42
2021-10-16T23:59:59+02:00,2041,1827,15025,14272,17987,16791,21129,21403,27727,28788,34294,35151,25928,28768,17613,22503,5361,10158,13580,12848,16766,15471,19968,19973,26270,27065,32802,33581,25169,27919,17120,21800,5173,9660,250297,235660,32441,30411,46597,44878,17365,95,42
2021-10-15T23:59:59+02:00,2036,1812,14994,14239,17968,16769,21104,21389,27712,28778,34280,35145,25928,28765,17612,22499,5361,10155,13512,12795,16735,15437,19930,19948,26248,27042,32791,33565,25166,27916,17115,21797,5172,9659,250130,235347,32416,30376,46597,44878,17337,95,42
2021-10-14T23:59:59+02:00,2009,1795,14903,14173,17908,16716,21067,21357,27676,28748,34251,35123,25920,28757,17608,22491,5360,10149,13414,12699,16669,15376,19884,19879,26190,26991,32751,33529,25148,27893,17101,21778,5170,9656,249729,234820,32360,30226,46597,44878,17259,95,42
2021-10-13T23:59:59+02:00,1994,1786,14871,14128,17884,16687,21051,21338,27652,28732,34231,35110,25912,28746,17600,22483,5359,10146,13369,12659,16640,15341,19848,19833,26162,26966,32723,33488,25128,27872,17091,21752,5165,9649,249445,234370,32358,30222,46597,44878,17244,95,42
2021-10-12T23:59:59+02:00,1985,1781,14842,14095,17865,16660,21024,21316,27635,28710,34211,35093,25906,28739,17595,22477,5358,10143,13328,12613,16616,15298,19814,19798,26137,26939,32695,33465,25111,27849,17080,21730,5155,9618,249181,233918,32356,30220,46596,44878,17236,95,42
2021-10-11T23:59:59+02:00,1978,1773,14820,14082,17851,16643,21010,21304,27623,28701,34201,35079,25902,28732,17591,22472,5358,10139,13293,12582,16600,15270,19795,19774,26120,26911,32669,33437,25093,27828,17073,21718,5154,9608,249021,233598,32356,30220,46595,44878,17221,95,42
2021-10-10T23:59:59+02:00,1966,1760,14802,14064,17834,16628,21001,21290,27617,28698,34190,35072,25902,28728,17590,22469,5355,10139,13266,12559,16573,15242,19775,19754,26104,26894,32656,33422,25085,27818,17068,21715,5152,9605,248881,233349,32356,30220,46595,44874,17207,95,42
2021-10-09T23:59:59+02:00,1966,1760,14802,14064,17833,16627,21000,21290,27617,28698,34189,35071,25902,28726,17590,22469,5355,10139,13266,12559,16572,15242,19774,19754,26104,26893,32655,33420,25085,27816,17068,21715,5152,9605,248880,233348,32356,30219,46595,44874,17201,95,42
2021-10-08T23:59:59+02:00,1949,1745,14765,14042,17805,16603,20977,21274,27598,28684,34175,35057,25897,28725,17590,22467,5354,10137,13189,12471,16518,15191,19721,19714,26075,26861,32634,33399,25074,27805,17063,21710,5150,9604,248686,232844,32338,30202,46595,44874,17159,95,42
2021-10-07T23:59:59+02:00,1927,1725,14695,13969,17739,16550,20932,21213,27551,28655,34125,35027,25873,28703,17582,22455,5353,10133,13092,12397,16456,15120,19673,19666,26003,26810,32586,33355,25049,27783,17045,21691,5142,9586,248227,232326,32280,30042,46594,44873,17040,95,42
2021-10-06T23:59:59+02:00,1918,1707,14659,13935,17716,16522,20914,21189,27521,28624,34091,35006,25859,28691,17577,22450,5350,10130,13065,12356,16431,15092,19648,19642,25975,26784,32563,33325,25037,27770,17035,21679,5140,9580,247925,232012,32280,30042,46594,44873,16992,95,42
2021-10-05T23:59:59+02:00,1911,1695,14635,13900,17683,16506,20894,21167,27499,28598,34071,34979,25842,28675,17568,22440,5350,10127,13032,12324,16405,15074,19627,19618,25954,26757,32541,33307,25031,27761,17028,21672,5136,9575,247630,231723,32279,30042,46593,44872,16970,95,42
2021-10-04T23:59:59+02:00,1899,1690,14590,13863,17652,16478,20875,21146,27475,28573,34055,34959,25835,28658,17565,22435,5349,10123,12998,12287,16385,15043,19614,19593,25930,26729,32524,33279,25020,27751,17022,21664,5134,9571,247376,231433,32255,30039,46592,44871,16928,95,42
2021-10-03T23:59:59+02:00,1887,1684,14570,13835,17635,16462,20864,21137,27467,28562,34045,34950,25826,28653,17558,22427,5348,10121,12976,12269,16361,15026,19604,19583,25920,26716,32513,33266,25009,27740,17022,21656,5134,9571,247241,231282,32246,30035,46589,44870,16885,95,42
2021-10-02T23:59:59+02:00,1886,1684,14568,13834,17634,16461,20864,21136,27467,28562,34044,34950,25826,28652,17558,22427,5348,10121,12976,12268,16361,15026,19604,19583,25920,26716,32513,33266,25009,27740,17022,21656,5134,9571,247232,231281,32246,30035,46589,44870,16885,95,42
2021-10-01T23:59:59+02:00,1873,1665,14507,13774,17573,16411,20822,21095,27436,28544,34019,34932,25818,28649,17558,22422,5348,10118,12874,12164,16281,14968,19545,19535,25884,26681,32482,33238,24994,27725,17018,21648,5133,9569,246922,230709,32214,30025,46589,44870,16769,95,42
2021-09-30T23:59:59+02:00,1860,1645,14405,13690,17507,16354,20761,21042,27379,28486,33961,34905,25796,28633,17549,22412,5346,10115,12763,12089,16205,14920,19496,19482,25829,26623,32427,33210,24973,27702,17012,21636,5130,9568,246558,230398,32086,29845,46586,44862,16546,95,42
2021-09-29T23:59:59+02:00,1846,1625,14381,13667,17484,16313,20724,21013,27352,28454,33935,34883,25776,28617,17543,22402,5346,10114,12731,12056,16184,14892,19483,19463,25814,26605,32409,33187,24958,27689,17002,21623,5127,9564,246216,230119,32086,29845,46586,44861,16517,95,42
2021-09-28T23:59:59+02:00,1829,1616,14353,13635,17455,16279,20697,20978,27320,28431,33908,34858,25762,28597,17533,22392,5343,10108,12692,12024,16162,14864,19468,19437,25794,26594,32396,33166,24952,27678,16999,21617,5125,9563,245863,229859,32085,29845,46586,44860,16490,95,42
2021-09-27T23:59:59+02:00,1821,1611,14325,13610,17436,16257,20672,20955,27298,28412,33889,34837,25754,28584,17531,22384,5343,10105,12654,11990,16141,14842,19442,19421,25774,26572,32387,33146,24944,27665,16993,21610,5123,9562,245645,229627,32085,29845,46586,44854,16438,95,42
2021-09-26T23:59:59+02:00,1817,1606,14310,13592,17416,16240,20661,20940,27283,28398,33881,34824,25743,28579,17527,22383,5342,10104,12638,11970,16126,14825,19429,19409,25765,26561,32376,33135,24938,27663,16990,21606,5122,9561,245498,229496,32085,29844,46586,44854,16407,95,42
2021-09-25T23:59:59+02:00,1814,1604,14297,13576,17398,16230,20640,20931,27264,28383,33868,34816,25737,28574,17522,22380,5341,10102,12627,11956,16110,14816,19409,19399,25750,26545,32364,33127,24933,27658,16985,21603,5122,9559,245456,229469,32085,29844,46586,44854,16279,95,42
2021-09-24T23:59:59+02:00,1796,1580,14216,13496,17330,16178,20585,20881,27225,28340,33830,34785,25719,28563,17512,22370,5339,10098,12529,11855,16027,14750,19355,19338,25703,26510,32318,33097,24910,27637,16976,21591,5120,9555,245062,228954,32066,29840,46586,44854,16058,95,42
2021-09-23T23:59:59+02:00,1775,1560,14112,13397,17239,16092,20493,20805,27144,28283,33782,34725,25692,28540,17500,22351,5335,10091,12439,11780,15958,14684,19281,19290,25645,26453,32272,33061,24890,27618,16970,21580,5117,9550,244574,228626,31966,29802,46586,44854,15719,95,42
2021-09-22T23:59:59+02:00,1756,1548,14075,13347,17189,16050,20442,20758,27106,28236,33731,34674,25662,28513,17492,22329,5331,10087,12397,11734,15912,14651,19251,19261,25616,26425,32223,33027,24862,27593,16964,21566,5113,9541,244155,228306,31941,29793,46586,44852,15572,95,42
2021-09-21T23:59:59+02:00,1743,1533,14012,13294,17167,16001,20409,20719,27076,28196,33697,34653,25649,28496,17480,22305,5323,10060,12349,11674,15883,14623,19218,19222,25589,26397,32198,33000,24841,27576,16961,21557,5111,9530,243668,227924,31937,29744,46586,44850,15550,95,42
2021-09-20T23:59:59+02:00,1733,1526,13959,13255,17130,15961,20368,20687,27034,28158,33662,34619,25629,28469,17472,22288,5312,10033,12295,11638,15850,14601,19189,19196,25561,26374,32176,32976,24828,27563,16958,21549,5106,9516,243230,227627,31936,29744,46586,44850,15471,95,42
2021-09-19T23:59:59+02:00,1728,1517,13934,13230,17099,15939,20341,20668,27013,28130,33649,34606,25621,28460,17469,22285,5311,10031,12270,11618,15828,14581,19175,19177,25548,26363,32166,32966,24822,27558,16952,21543,5105,9516,243001,227461,31935,29743,46586,44848,15437,95,42
2021-09-18T23:59:59+02:00,1726,1513,13922,13218,17088,15932,20331,20661,27006,28126,33643,34602,25621,28460,17469,22284,5311,10031,12263,11610,15818,14576,19165,19174,25541,26359,32161,32964,24822,27558,16952,21543,5105,9516,242965,227442,31922,29738,46586,44848,15399,95,42
2021-09-17T23:59:59+02:00,1703,1479,13819,13104,16980,15857,20250,20590,26936,28066,33590,34558,25598,28437,17457,22273,5310,10028,12176,11531,15717,14499,19077,19102,25472,26292,32099,32921,24803,27538,16942,21525,5104,9512,242500,227001,31875,29726,46586,44847,15002,95,42
2021-09-16T23:59:59+02:00,1676,1443,13720,12994,16892,15762,20159,20500,26835,27979,33515,34492,25566,28404,17443,22249,5303,10007,12087,11451,15647,14436,18996,19023,25383,26210,32038,32866,24761,27500,16932,21512,5101,9501,241888,226535,31778,29666,46586,44845,14615,95,42
2021-09-15T23:59:59+02:00,1658,1434,13660,12942,16840,15700,20113,20449,26779,27928,33463,34436,25540,28372,17428,22220,5296,9984,12026,11389,15593,14385,18944,18972,25322,26161,31980,32810,24728,27467,16916,21493,5097,9490,241469,226099,31757,29650,46582,44843,14362,95,42
2021-09-14T23:59:59+02:00,1642,1423,13596,12874,16767,15649,20053,20401,26729,27872,33413,34385,25519,28353,17415,22209,5292,9979,11963,11326,15520,14325,18891,18927,25274,26107,31923,32757,24697,27444,16902,21477,5097,9485,241070,225705,31705,29556,46582,44843,14142,95,42
2021-09-13T23:59:59+02:00,1620,1407,13558,12837,16739,15621,20034,20376,26707,27847,33393,34361,25509,28346,17410,22198,5292,9976,11920,11292,15487,14302,18868,18897,25249,26079,31896,32734,24687,27434,16889,21468,5094,9484,240787,225394,31704,29554,46577,44841,14090,95,42
2021-09-12T23:59:59+02:00,1609,1404,13526,12814,16697,15605,20020,20365,26696,27829,33387,34349,25503,28339,17409,22194,5292,9973,11877,11272,15441,14284,18844,18876,25233,26066,31882,32720,24679,27425,16886,21464,5093,9481,240628,225179,31704,29554,46575,44840,14031,95,42
2021-09-11T23:59:59+02:00,1598,1403,13510,12802,16683,15596,20010,20362,26684,27823,33383,34345,25499,28338,17408,22193,5290,9973,11810,11221,15425,14276,18836,18865,25220,26055,31874,32707,24677,27423,16885,21463,5093,9481,240562,224855,31684,29552,46575,44840,14004,95,42
2021-09-10T23:59:59+02:00,1559,1357,13361,12674,16611,15518,19903,20277,26601,27759,33321,34290,25459,28307,17392,22170,5284,9968,11689,11115,15339,14193,18727,18781,25126,25998,31800,32649,24635,27392,16868,21443,5088,9476,239963,224296,31666,29541,46575,44840,13530,95,42
2021-09-09T23:59:59+02:00,1536,1336,13290,12608,16557,15466,19849,20240,26549,27692,33279,34250,25431,28289,17387,22157,5280,9961,11626,11042,15288,14141,18672,18750,25070,25957,31754,32615,24613,27377,16855,21433,5085,9465,239592,223923,31590,29502,46575,44840,13322,95,42
2021-09-08T23:59:59+02:00,1521,1319,13261,12584,16541,15442,19829,20227,26533,27680,33266,34239,25419,28281,17381,22151,5277,9958,11581,10998,15262,14123,18660,18733,25052,25932,31733,32604,24599,27362,16853,21427,5085,9463,239372,223644,31590,29502,46571,44839,13298,95,42
2021-09-07T23:59:59+02:00,1488,1301,13203,12537,16501,15410,19806,20198,26496,27659,33232,34209,25395,28263,17375,22135,5272,9952,11523,10933,15208,14070,18623,18700,25005,25887,31681,32577,24571,27339,16845,21410,5080,9461,239139,223337,31505,29387,46571,44839,13139,95,42
2021-09-06T23:59:59+02:00,1473,1292,13174,12502,16478,15386,19787,20177,26479,27644,33221,34200,25392,28250,17372,22131,5269,9952,11502,10901,15189,14037,18601,18684,24989,25867,31659,32562,24560,27326,16844,21402,5077,9461,238919,223109,31505,29376,46571,44838,13106,95,42
2021-09-05T23:59:59+02:00,1463,1284,13158,12483,16461,15370,19776,20170,26473,27635,33211,34188,25390,28247,17370,22127,5269,9952,11483,10885,15163,14021,18590,18675,24982,25861,31650,32542,24557,27315,16841,21397,5075,9460,238793,222960,31505,29376,46571,44837,13080,95,42
2021-09-04T23:59:59+02:00,1463,1284,13157,12482,16461,15370,19774,20170,26472,27635,33211,34188,25390,28247,17370,22126,5269,9952,11483,10883,15161,14021,18585,18675,24981,25859,31650,32540,24556,27315,16841,21397,5075,9460,238791,222949,31505,29375,46571,44837,13076,95,42
2021-09-03T23:59:59+02:00,1436,1268,13054,12385,16404,15318,19736,20131,26430,27608,33174,34171,25372,28236,17366,22115,5267,9951,11342,10755,15095,13945,18514,18628,24910,25808,31591,32504,24523,27287,16828,21381,5072,9456,238291,222131,31505,29371,46571,44837,12977,95,42
2021-09-02T23:59:59+02:00,1421,1261,12990,12343,16361,15285,19702,20105,26396,27574,33149,34150,25357,28224,17361,22110,5267,9947,11266,10715,15047,13910,18476,18608,24877,25786,31553,32474,24504,27266,16822,21376,5072,9454,238069,221866,31441,29330,46567,44828,12848,95,42
2021-09-01T23:59:59+02:00,1398,1246,12954,12305,16340,15265,19683,20091,26378,27554,33128,34125,25347,28213,17355,22100,5264,9943,11225,10680,15027,13882,18456,18588,24856,25763,31528,32442,24490,27252,16814,21370,5070,9452,237771,221536,31441,29328,46566,44827,12833,95,42
2021-08-31T23:59:59+02:00,1366,1224,12899,12245,16295,15229,19650,20047,26333,27505,33089,34091,25331,28192,17349,22087,5260,9939,11153,10611,14979,13821,18404,18556,24806,25709,31470,32399,24459,27236,16805,21357,5067,9445,237464,221107,31378,29299,46566,44808,12645,95,42
2021-08-30T23:59:59+02:00,1342,1209,12858,12207,16270,15207,19630,20030,26310,27488,33067,34074,25320,28182,17349,22083,5258,9937,11075,10579,14952,13800,18382,18532,24778,25693,31443,32372,24448,27221,16799,21350,5064,9442,237213,220813,31378,29298,46566,44797,12585,95,42
2021-08-29T23:59:59+02:00,1336,1203,12844,12191,16259,15198,19621,20020,26307,27479,33060,34060,25315,28176,17347,22082,5258,9937,11057,10542,14942,13783,18366,18518,24765,25684,31435,32360,24439,27209,16797,21345,5064,9442,237109,220638,31378,29298,46566,44793,12561,95,42
2021-08-28T23:59:59+02:00,1329,1189,12812,12169,16244,15186,19610,20006,26300,27469,33051,34054,25313,28171,17346,22079,5258,9936,10981,10470,14908,13750,18319,18491,24729,25651,31392,32329,24422,27196,16788,21329,5064,9439,236946,220112,31378,29298,46566,44793,12553,95,42
2021-08-27T23:59:59+02:00,1310,1174,12749,12113,16198,15138,19551,19956,26245,27420,33008,34024,25295,28160,17342,22065,5258,9933,10944,10436,14868,13724,18303,18475,24694,25627,31364,32308,24409,27185,16785,21325,5064,9438,236521,219955,31378,29297,46566,44792,12395,95,42
2021-08-26T23:59:59+02:00,1290,1158,12680,12056,16152,15095,19506,19916,26191,27363,32957,33979,25265,28131,17335,22055,5255,9930,10874,10386,14821,13683,18257,18446,24649,25589,31318,32269,24387,27168,16777,21316,5064,9434,236153,219640,31319,29283,46566,44785,12195,95,42
2021-08-25T23:59:59+02:00,1273,1143,12657,12014,16132,15069,19484,19901,26164,27347,32922,33950,25247,28113,17328,22048,5254,9927,10825,10343,14790,13654,18224,18415,24627,25570,31285,32231,24374,27151,16770,21306,5062,9431,235843,219264,31319,29283,46560,44781,12168,95,42
2021-08-24T23:59:59+02:00,1246,1125,12597,11943,16075,15025,19439,19860,26117,27302,32877,33917,25227,28089,17316,22036,5253,9922,10746,10269,14746,13613,18178,18379,24576,25519,31243,32194,24350,27124,16755,21290,5061,9430,235532,218849,31194,29243,46560,44781,11996,95,42
2021-08-23T23:59:59+02:00,1233,1112,12558,11907,16050,15006,19418,19825,26096,27266,32847,33894,25213,28076,17312,22027,5253,9919,10691,10215,14716,13575,18140,18345,24549,25489,31208,32161,24337,27104,16748,21287,5059,9429,235230,218444,31193,29243,46559,44778,11945,95,42
2021-08-22T23:59:59+02:00,1225,1105,12543,11885,16035,14990,19411,19806,26084,27255,32836,33878,25202,28070,17310,22025,5250,9919,10662,10186,14695,13560,18120,18334,24536,25472,31193,32148,24329,27093,16746,21282,5058,9428,235065,218228,31193,29243,46559,44777,11927,95,42
2021-08-21T23:59:59+02:00,1137,1033,12468,11827,16023,14978,19401,19794,26074,27244,32826,33862,25197,28066,17307,22022,5250,9919,10638,10156,14678,13556,18112,18322,24527,25466,31186,32142,24326,27093,16745,21282,5058,9428,234691,218105,31187,29243,46559,44777,11906,95,42
2021-08-20T23:59:59+02:00,1117,1017,12407,11758,15964,14924,19339,19755,26020,27211,32776,33835,25182,28055,17298,22017,5249,9917,10583,10118,14636,13520,18072,18296,24492,25447,31156,32125,24317,27086,16739,21279,5058,9427,234192,217819,31187,29243,46559,44777,11818,95,42
2021-08-19T23:59:59+02:00,1091,993,12339,11702,15905,14892,19289,19704,25958,27161,32733,33800,25150,28032,17286,22006,5246,9915,10489,10042,14568,13481,18016,18258,24423,25404,31089,32080,24275,27067,16730,21262,5057,9424,233899,217382,31094,29234,46559,44769,11565,95,42
2021-08-18T23:59:59+02:00,1079,977,12298,11666,15876,14861,19261,19674,25928,27130,32696,33774,25131,28020,17281,21997,5244,9914,10434,9974,14521,13455,17966,18229,24377,25366,31030,32042,24253,27050,16724,21249,5053,9418,233580,216924,31093,29227,46558,44759,11491,95,42
2021-08-17T23:59:59+02:00,1052,952,12247,11624,15847,14819,19230,19642,25900,27107,32660,33736,25112,28000,17271,21980,5243,9909,10340,9892,14468,13407,17913,18175,24327,25325,30970,31998,24226,27026,16713,21229,5051,9411,233278,216325,30966,29168,46558,44756,11443,95,42
2021-08-16T23:59:59+02:00,1040,945,12215,11597,15830,14801,19212,19623,25877,27083,32641,33714,25092,27985,17263,21965,5240,9907,10285,9824,14443,13363,17889,18138,24283,25290,30933,31967,24199,26992,16698,21215,5051,9408,233049,215882,30966,29168,46558,44750,11371,95,42
2021-08-15T23:59:59+02:00,1032,945,12190,11581,15816,14784,19198,19608,25867,27074,32620,33699,25086,27976,17259,21954,5239,9907,10240,9789,14405,13340,17867,18116,24259,25276,30912,31941,24182,26984,16693,21207,5050,9406,232890,215596,30965,29168,46557,44745,11337,95,42
2021-08-14T23:59:59+02:00,1031,945,12189,11577,15816,14783,19195,19606,25866,27074,32620,33698,25086,27976,17259,21954,5239,9907,10074,9569,14299,13249,17792,18069,24210,25244,30872,31908,24167,26971,16690,21204,5048,9405,232881,214590,30965,29167,46557,44744,11332,95,42
2021-08-13T23:59:59+02:00,986,905,12036,11450,15763,14723,19129,19550,25795,27022,32568,33662,25061,27947,17248,21944,5238,9903,10021,9515,14258,13220,17753,18043,24178,25224,30848,31887,24156,26958,16684,21195,5048,9401,232046,214251,30964,29167,46557,44741,11279,93,42
2021-08-12T23:59:59+02:00,972,883,11979,11389,15714,14683,19093,19524,25750,26999,32522,33633,25036,27931,17239,21938,5238,9900,9930,9449,14184,13179,17692,17993,24112,25189,30794,31838,24128,26933,16668,21177,5046,9401,231815,213831,30940,29161,46557,44726,11026,93,42
2021-08-11T23:59:59+02:00,958,872,11944,11356,15695,14660,19060,19506,25728,26980,32497,33604,25017,27908,17235,21930,5237,9898,9857,9387,14132,13139,17645,17949,24071,25167,30754,31790,24098,26901,16652,21164,5045,9395,231521,213262,30939,29157,46556,44698,10984,93,42
2021-08-10T23:59:59+02:00,939,862,11856,11304,15643,14629,19016,19469,25673,26945,32440,33550,25000,27893,17228,21917,5236,9895,9762,9301,14079,13104,17613,17915,24023,25128,30701,31743,24065,26867,16645,21144,5041,9390,231139,212740,30807,29122,46554,44684,10910,93,42
2021-08-09T23:59:59+02:00,937,845,11828,11269,15627,14613,18994,19456,25641,26923,32411,33519,24992,27884,17222,21909,5236,9892,9708,9241,14038,13054,17576,17874,23992,25084,30666,31703,24051,26850,16640,21131,5039,9384,230900,212288,30807,29119,46553,44677,10853,93,42
2021-08-08T23:59:59+02:00,927,838,11792,11246,15606,14599,18974,19435,25616,26903,32389,33502,24984,27868,17215,21905,5235,9892,9633,9185,13989,13026,17549,17844,23959,25049,30634,31672,24038,26831,16632,21117,5038,9381,230709,211887,30807,29118,46553,44676,10771,93,42
2021-08-07T23:59:59+02:00,907,811,11695,11168,15563,14558,18932,19401,25577,26873,32343,33470,24967,27856,17206,21887,5234,9889,9009,8590,13545,12669,17337,17659,23808,24938,30482,31595,23979,26780,16611,21090,5033,9378,230121,208673,30807,29117,46553,44676,10770,93,42
2021-08-06T23:59:59+02:00,898,808,11665,11143,15547,14545,18922,19395,25562,26857,32334,33463,24963,27852,17201,21885,5234,9888,8426,7963,13030,12273,17109,17453,23663,24826,30388,31516,23948,26733,16599,21076,5030,9371,230071,205499,30685,29104,46553,44676,10767,93,42
2021-08-05T23:59:59+02:00,895,801,11625,11112,15505,14516,18881,19363,25516,26822,32286,33416,24922,27830,17199,21874,5234,9882,8371,7899,12981,12221,17059,17411,23599,24786,30312,31461,23901,26691,16585,21058,5028,9362,229843,205075,30684,29099,46552,44667,10512,93,42
2021-08-04T23:59:59+02:00,878,785,11595,11082,15486,14484,18848,19337,25489,26793,32241,33376,24907,27817,17194,21868,5232,9874,8281,7812,12924,12173,17007,17367,23542,24742,30252,31389,23864,26652,16575,21045,5026,9356,229577,204484,30682,29098,46550,44632,10389,93,42
2021-08-03T23:59:59+02:00,862,768,11548,11042,15463,14462,18817,19317,25463,26764,32206,33341,24887,27798,17184,21863,5228,9873,8198,7724,12854,12123,16939,17314,23482,24705,30209,31339,23828,26618,16560,21034,5023,9352,229241,203823,30681,29088,46549,44624,10327,93,42
2021-08-02T23:59:59+02:00,853,765,11513,11011,15441,14430,18790,19297,25434,26739,32174,33313,24873,27778,17176,21854,5227,9871,8102,7631,12774,12063,16879,17250,23425,24633,30159,31281,23810,26595,16539,21024,5021,9347,228961,203114,30681,29087,46549,44616,10259,93,42
2021-08-01T23:59:59+02:00,845,758,11486,10982,15430,14417,18775,19286,25415,26727,32157,33298,24869,27769,17175,21851,5225,9870,8034,7564,12713,12016,16835,17203,23389,24601,30132,31256,23794,26576,16535,21018,5019,9346,228817,202657,30676,29086,46549,44597,10204,93,42
2021-07-31T23:59:59+02:00,842,757,11483,10976,15428,14414,18771,19282,25414,26726,32154,33297,24869,27768,17175,21851,5225,9870,7881,7376,11941,11345,16279,16763,23294,24522,30067,31185,23765,26540,16523,20999,5018,9344,228787,199430,30675,29086,46549,44595,10202,93,42
2021-07-30T23:59:59+02:00,841,756,11470,10967,15425,14411,18764,19276,25407,26721,32144,33292,24868,27766,17175,21848,5225,9870,7600,7133,11399,10897,15799,16334,23157,24415,29958,31072,23728,26495,16506,20977,5018,9339,228719,196347,30674,29085,46547,44582,10197,93,42
2021-07-29T23:59:59+02:00,829,747,11430,10920,15387,14390,18724,19250,25370,26685,32091,33263,24850,27746,17164,21830,5225,9867,7226,6824,10734,10379,15281,15917,22980,24269,29810,30961,23673,26443,16477,20952,5014,9336,228397,192873,30673,29075,46547,44496,10062,93,42
2021-07-28T23:59:59+02:00,810,734,11383,10866,15363,14361,18693,19222,25344,26657,32064,33237,24834,27728,17159,21818,5224,9863,7059,6667,10589,10257,15169,15782,22887,24173,29708,30863,23630,26385,16459,20923,5013,9326,228067,191623,30673,29073,46542,44387,9989,93,42
2021-07-27T23:59:59+02:00,801,725,11338,10826,15320,14321,18652,19196,25315,26631,32028,33215,24818,27703,17152,21806,5223,9855,6837,6452,10427,10142,15025,15650,22783,24064,29600,30750,23578,26321,16443,20896,5010,9314,227746,190469,30673,28745,46541,44351,9876,93,42
2021-07-26T23:59:59+02:00,791,712,11288,10777,15294,14300,18635,19168,25287,26600,31996,33189,24803,27681,17140,21794,5222,9852,6720,6376,10330,10068,14958,15570,22701,24004,29535,30676,23545,26278,16431,20879,5006,9308,227447,189685,30671,28742,46540,44309,9781,93,42
2021-07-25T23:59:59+02:00,780,702,11260,10749,15272,14275,18615,19144,25260,26575,31975,33171,24786,27670,17136,21785,5221,9850,6644,6295,10261,10005,14885,15510,22647,23950,29479,30638,23514,26257,16419,20865,5006,9304,227249,189097,30671,28738,46539,44279,9677,93,42
2021-07-24T23:59:59+02:00,756,680,11183,10666,15233,14247,18591,19123,25240,26559,31963,33158,24786,27666,17133,21783,5221,9850,6246,5941,10113,9890,14509,15227,22423,23792,29361,30554,23478,26219,16402,20848,5003,9300,226869,186736,30671,28735,46539,44277,9669,93,42
2021-07-23T23:59:59+02:00,730,658,11115,10580,15203,14213,18563,19108,25219,26538,31948,33141,24775,27661,17131,21783,5221,9847,5876,5631,9991,9783,14162,14962,22227,23616,29241,30436,23426,26151,16391,20827,4999,9293,226480,184462,30671,28735,46539,44265,9654,93,42
2021-07-22T23:59:59+02:00,689,618,10960,10417,15106,14124,18475,19059,25139,26484,31875,33077,24739,27620,17116,21765,5217,9842,5558,5333,9722,9567,13578,14485,21907,23357,29009,30208,23325,26053,16348,20789,4995,9290,225526,181138,30670,28723,46538,44246,9498,93,42
2021-07-21T23:59:59+02:00,669,593,10895,10362,15069,14096,18435,19021,25099,26454,31836,33027,24714,27586,17100,21753,5214,9837,4942,4866,9280,9312,13194,14255,21675,23202,28823,30059,23260,25977,16323,20766,4993,9287,225095,179364,30659,27455,46535,44079,9381,93,42
2021-07-20T23:59:59+02:00,651,576,10838,10307,15043,14060,18400,18994,25068,26423,31800,32993,24694,27565,17095,21738,5211,9830,4802,4752,9130,9181,13027,14120,21562,23081,28692,29934,23180,25874,16301,20725,4986,9281,224717,178019,30659,27443,46533,43930,9286,93,42
2021-07-19T23:59:59+02:00,638,563,10800,10276,15011,14036,18376,18985,25039,26397,31767,32964,24677,27542,17089,21727,5209,9827,4722,4683,9032,9103,12909,14023,21464,22973,28593,29814,23124,25817,16276,20696,4981,9275,224468,177079,30659,27434,46524,43832,9181,93,42
2021-07-18T23:59:59+02:00,623,554,10747,10225,14976,14016,18351,18967,25019,26381,31744,32945,24667,27531,17083,21718,5208,9822,4614,4581,8898,8982,12782,13883,21378,22882,28520,29735,23095,25787,16267,20683,4978,9274,224193,176068,30659,27420,46524,43778,9110,93,42
2021-07-17T23:59:59+02:00,548,483,10457,9927,14863,13913,18260,18888,24913,26307,31636,32894,24632,27497,17070,21698,5206,9821,4566,4540,8844,8910,12546,13687,20952,22538,28390,29603,23058,25734,16258,20668,4977,9271,222632,174272,30659,27420,46522,43776,9109,93,42
2021-07-16T23:59:59+02:00,519,446,10322,9805,14803,13872,18207,18836,24877,26274,31616,32869,24623,27482,17067,21691,5206,9818,4519,4498,8768,8869,12174,13408,20407,22138,28257,29509,23009,25697,16249,20663,4975,9269,221963,172159,30659,27417,46521,43769,9099,93,42
2021-07-15T23:59:59+02:00,487,409,10184,9699,14735,13824,18151,18767,24822,26226,31566,32816,24598,27445,17049,21676,5199,9814,4307,4359,8439,8661,11658,13006,19299,21291,27840,29164,22839,25527,16184,20590,4965,9253,221232,167456,30657,27403,46520,43568,8967,93,42
2021-07-14T23:59:59+02:00,466,395,10155,9673,14698,13803,18121,18732,24784,26185,31515,32763,24568,27417,17038,21659,5198,9812,4183,4207,8182,8488,11428,12861,19120,21180,27693,29037,22774,25449,16150,20552,4960,9244,220861,165885,30657,27384,46519,43391,8854,93,42
2021-07-13T23:59:59+02:00,442,381,10105,9621,14668,13774,18094,18699,24747,26164,31480,32721,24552,27386,17027,21647,5197,9809,4086,4111,8007,8330,11227,12670,18984,21041,27539,28875,22677,25364,16115,20499,4956,9233,220450,164424,30657,27363,46518,43133,8798,93,42
2021-07-12T23:59:59+02:00,430,359,10059,9570,14641,13756,18064,18670,24710,26122,31446,32677,24528,27363,17012,21642,5194,9806,3980,4010,7836,8208,11068,12533,18868,20920,27416,28755,22603,25302,16088,20473,4955,9228,220078,163254,30656,27342,46517,42941,8706,93,42
2021-07-11T23:59:59+02:00,422,341,10028,9540,14619,13736,18047,18660,24688,26113,31425,32659,24516,27353,17010,21640,5194,9804,3910,3939,7718,8111,10920,12405,18742,20818,27315,28641,22559,25254,16067,20448,4953,9225,219881,162291,30653,27337,46516,42739,8653,93,42
2021-07-10T23:59:59+02:00,396,318,9915,9435,14565,13697,17997,18637,24664,26093,31406,32643,24508,27344,17006,21636,5192,9802,3875,3914,7659,8070,10885,12376,18713,20793,27286,28619,22551,25239,16063,20443,4953,9225,219353,161987,30652,27336,46513,42691,8644,93,42
2021-07-09T23:59:59+02:00,336,271,9656,9225,14464,13617,17919,18566,24578,26040,31357,32582,24485,27313,16992,21618,5192,9796,3808,3874,7522,7979,10667,12227,18488,20654,26870,28299,22366,25045,16008,20382,4950,9218,218132,159836,30652,27332,46512,42562,8619,93,42
2021-07-08T23:59:59+02:00,257,204,9462,9080,14361,13540,17824,18491,24519,25989,31274,32523,24457,27282,16979,21600,5188,9791,3652,3750,7211,7790,10314,11998,18141,20372,26566,28041,22191,24887,15940,20306,4943,9202,217021,157458,30649,27284,46499,41989,8560,93,42
2021-07-07T23:59:59+02:00,218,176,9373,8974,14320,13508,17787,18450,24465,25951,31232,32482,24432,27252,16967,21582,5188,9783,3470,3622,6890,7566,9373,11266,17555,19945,26164,27729,21954,24580,15863,20209,4929,9188,216381,154840,30646,25532,46497,41388,8524,93,42
2021-07-06T23:59:59+02:00,196,164,9293,8917,14269,13478,17751,18408,24423,25912,31171,32435,24396,27224,16952,21565,5186,9781,3353,3550,6685,7442,9103,11102,17309,19763,25887,27472,21797,24377,15782,20105,4916,9173,215815,152902,30631,25521,46494,40884,8489,93,42
2021-07-05T23:59:59+02:00,184,149,9207,8836,14228,13434,17716,18358,24387,25882,31126,32385,24372,27202,16943,21551,5185,9779,3302,3517,6557,7364,8954,10981,17163,19623,25716,27317,21654,24209,15732,20052,4905,9163,215267,151839,30631,25512,46492,40395,8442,93,42
2021-07-04T23:59:59+02:00,169,142,9156,8786,14195,13421,17690,18340,24361,25861,31105,32359,24357,27188,16937,21543,5184,9776,3252,3473,6492,7324,8866,10909,17076,19537,25587,27206,21529,24080,15690,20000,4903,9156,214992,151176,30630,25503,46477,39998,8379,93,42
2021-07-03T23:59:59+02:00,166,139,8650,8295,14036,13301,17590,18223,24266,25803,31041,32311,24336,27166,16925,21533,5182,9773,3192,3393,6372,7204,8692,10766,16859,19353,25198,26895,21414,23942,15660,19960,4899,9150,213177,149118,30629,25503,46477,39942,8361,93,42
2021-07-02T23:59:59+02:00,159,135,8082,7830,13890,13193,17498,18146,24196,25734,30981,32249,24298,27124,16919,21513,5180,9768,3081,3286,6100,7049,8435,10526,16489,19024,24721,26470,21187,23669,15591,19878,4893,9147,211342,146043,30629,25501,46474,39618,8358,93,42
2021-07-01T23:59:59+02:00,146,125,7954,7724,13807,13134,17428,18094,24128,25682,30928,32196,24270,27099,16909,21501,5179,9767,2892,3100,5751,6765,7997,10106,15898,18547,23949,25805,20696,23196,15464,19716,4881,9122,210553,141446,30624,25488,46468,38589,8334,93,42
2021-06-30T23:59:59+02:00,129,112,7808,7605,13742,13084,17376,18041,24076,25628,30868,32150,24239,27077,16895,21483,5179,9762,2795,3024,5595,6622,7769,9884,14939,17676,23334,25254,20336,22802,15331,19555,4867,9088,209986,139905,30450,23213,46464,37462,8262,93,42
2021-06-29T23:59:59+02:00,114,99,7741,7509,13695,13044,17338,17996,24023,25567,30818,32090,24219,27051,16885,21467,5176,9758,2736,2979,5464,6524,7615,9750,14770,17504,23092,25018,20075,22476,15232,19454,4855,9068,209357,138779,30448,23201,46461,36367,8232,93,42
2021-06-28T23:59:59+02:00,109,93,7676,7438,13628,12983,17289,17945,23981,25522,30761,32046,24202,27023,16878,21457,5174,9756,2705,2946,5397,6472,7522,9679,14673,17422,22940,24804,19872,22231,15177,19385,4851,9054,208814,138175,30446,23191,46453,35573,8156,93,42
2021-06-27T23:59:59+02:00,95,88,7628,7375,13596,12946,17260,17912,23962,25487,30734,32018,24190,27015,16871,21451,5174,9754,2683,2932,5347,6447,7449,9633,14577,17358,22844,24717,19745,22088,15146,19334,4847,9045,208458,137662,30446,23179,46447,35201,8113,93,42
2021-06-26T23:59:59+02:00,91,85,7123,6827,13204,12646,17146,17808,23896,25429,30698,31983,24181,26998,16867,21440,5173,9753,2582,2822,5157,6257,7248,9442,14030,16903,22181,24083,19597,21946,15101,19281,4845,9037,206272,134022,30444,23179,46447,35181,8113,73,22
2021-06-25T23:59:59+02:00,90,82,6644,6339,12746,12273,16986,17689,23805,25364,30618,31943,24158,26971,16862,21430,5171,9750,2479,2669,4982,6064,6989,9144,13497,16369,21628,23496,19401,21736,15043,19214,4841,9025,203862,130318,30444,23179,46447,34967,8096,73,22
2021-06-24T23:59:59+02:00,80,70,6423,6126,12521,12121,16880,17607,23731,25311,30560,31895,24124,26929,16856,21420,5169,9743,2272,2433,4612,5686,6489,8656,12773,15655,20475,22492,18937,21254,14938,19083,4829,9010,202590,124372,30442,23169,46440,34014,8022,73,22
2021-06-23T23:59:59+02:00,75,68,5849,5626,12357,12010,16761,17495,23656,25264,30496,31845,24090,26906,16849,21406,5165,9739,2233,2380,4549,5565,6397,8505,12539,15366,20231,22231,18638,20924,14841,18969,4818,8993,202075,123345,29107,23020,46430,32824,7973,73,22
2021-06-22T23:59:59+02:00,70,63,5708,5496,12257,11904,16673,17422,23597,25202,30427,31766,24063,26873,16839,21385,5161,9737,2181,2343,4454,5483,6272,8357,11669,14705,19817,21822,18303,20569,14733,18830,4808,8972,201138,122418,29100,21326,46410,31633,7923,73,22
2021-06-21T23:59:59+02:00,67,60,5572,5382,12180,11811,16609,17335,23540,25128,30377,31708,24038,26845,16826,21370,5161,9733,2148,2307,4394,5386,6185,8229,10887,13999,19363,21412,18077,20339,14672,18734,4799,8955,200310,121616,29094,19540,46405,30851,7861,73,22
2021-06-20T23:59:59+02:00,65,58,5455,5259,12014,11633,16543,17211,23491,25062,30335,31652,24022,26823,16820,21355,5156,9728,2130,2277,4353,5346,6114,8178,10784,13920,19251,21286,17919,20148,14606,18650,4795,8948,199306,121081,29090,19537,46399,30254,7815,73,22
2021-06-19T23:59:59+02:00,61,54,5437,5239,11243,10967,16063,16817,23430,25017,30291,31610,24004,26803,16812,21343,5156,9728,2057,2156,4148,5112,5830,7896,10456,13584,18194,20427,17746,19956,14573,18585,4790,8936,196701,116838,29090,19537,46398,30239,7814,73,22
2021-06-18T23:59:59+02:00,58,53,5401,5211,10598,10382,15449,16252,23338,24948,30221,31547,23977,26773,16801,21328,5155,9726,1987,2066,4007,4969,5552,7626,10073,13219,17042,19216,17543,19718,14524,18520,4787,8926,193854,112422,29082,19536,46398,29987,7812,73,22
2021-06-17T23:59:59+02:00,51,44,5287,5108,9919,9877,14960,15863,23238,24860,30139,31453,23937,26727,16787,21307,5154,9723,1858,1960,3749,4722,5164,7260,9532,12732,15853,18025,17083,19228,14383,18346,4774,8902,191270,107292,29079,19527,46395,29068,7673,18,15
2021-06-16T23:59:59+02:00,49,36,5155,4976,9724,9714,14815,15733,23145,24767,30039,31377,23893,26682,16772,21295,5153,9713,1816,1918,3642,4633,5061,7139,8499,11879,15581,17728,16787,18891,14248,18175,4768,8869,190096,106395,29068,17646,46393,28118,7464,18,15
2021-06-15T23:59:59+02:00,43,30,4973,4794,9540,9559,14679,15589,23053,24676,29963,31292,23850,26609,16746,21262,5145,9698,1756,1863,3561,4536,4966,7022,8383,11736,15400,17498,16467,18580,14106,18006,4746,8810,188780,105622,29065,17642,46374,26896,7265,18,15
2021-06-14T23:59:59+02:00,41,27,4896,4730,9449,9450,14602,15499,22981,24604,29892,31231,23818,26570,16731,21244,5142,9692,1734,1840,3525,4511,4925,6989,8282,11672,15263,17364,16287,18376,14013,17908,4741,8802,188036,105393,29059,17640,46368,26069,7119,18,15
2021-06-13T23:59:59+02:00,40,26,4838,4681,9364,9376,14517,15432,22919,24553,29825,31178,23792,26542,16722,21234,5142,9690,1685,1826,3482,4486,4869,6946,8209,11634,15163,17269,16130,18192,13959,17834,4734,8795,187454,105109,29053,17638,46352,25460,6995,18,15
2021-06-12T23:59:59+02:00,38,24,4819,4666,9337,9353,14278,15255,22789,24423,29780,31133,23771,26525,16713,21226,5141,9688,1562,1703,3245,4276,4462,6645,7661,11204,13384,15579,15776,17819,13879,17732,4732,8780,186545,98401,29053,17638,46352,25396,6993,17,15
2021-06-11T23:59:59+02:00,34,23,4766,4614,9256,9301,13956,15033,22593,24275,29684,31042,23734,26480,16695,21214,5140,9685,1462,1568,3054,4060,4164,6279,7149,10659,11740,13684,15295,17240,13766,17584,4717,8766,185187,91459,29048,17637,46350,25156,6924,17,15
2021-06-10T23:59:59+02:00,28,20,4481,4388,8708,8971,12680,14009,22026,23823,29309,30736,23598,26321,16643,21146,5127,9670,1340,1480,2818,3878,3836,5996,6712,10267,10322,12352,14781,16664,13594,17376,4702,8739,179845,86913,29030,17634,46345,23850,6449,16,15
2021-06-09T23:59:59+02:00,25,16,4248,4225,8116,8679,11778,13348,21705,23611,29079,30584,23535,26258,16623,21121,5124,9666,1253,1425,2665,3806,3694,5915,6505,10173,10057,12172,14456,16313,13422,17196,4695,8718,177731,86574,27761,17529,46339,22456,5895,16,15
2021-06-08T23:59:59+02:00,21,13,4118,4122,7715,8451,11291,13057,21479,23431,28878,30430,23477,26184,16591,21079,5118,9657,1176,1399,2529,3748,3534,5845,5608,9424,9584,11808,14118,15904,13196,16957,4681,8696,175974,86215,27389,15375,46314,21186,5420,16,15
2021-06-07T23:59:59+02:00,16,11,3997,4046,7475,8345,11001,12878,21275,23317,28723,30312,23419,26130,16573,21054,5114,9649,1128,1282,2407,3684,3404,5782,5442,9348,9373,11680,13887,15646,13040,16788,4674,8678,174741,86025,27379,15370,46306,19943,4894,16,15
2021-06-06T23:59:59+02:00,14,11,3880,3988,7238,8226,10751,12715,21088,23229,28637,30220,23388,26096,16561,21036,5111,9644,1108,1265,2343,3649,3307,5729,5335,9273,9254,11578,13731,15492,12967,16694,4671,8671,173590,85830,27361,15364,46296,19291,4571,16,15
2021-06-05T23:59:59+02:00,14,11,3851,3951,7199,8185,10574,12562,20460,22718,28475,30076,23338,26051,16547,21017,5111,9640,1076,1166,2176,3195,3074,5189,5166,8940,8474,10621,13078,14649,12855,16547,4660,8661,171549,80435,27361,15364,46295,19155,4561,15,15
2021-06-04T23:59:59+02:00,14,11,3821,3924,7160,8159,10476,12470,20095,22388,28371,29979,23303,26013,16533,21008,5109,9639,1044,1099,2078,2883,2914,4711,5009,8569,7957,9963,11577,12930,12728,16350,4653,8643,170262,74047,27348,15363,46294,19131,4555,15,15
2021-06-03T23:59:59+02:00,9,7,3685,3822,6941,8020,9921,12046,18871,21457,27973,29669,23169,25871,16480,20946,5105,9625,993,1054,1990,2772,2777,4552,4805,8263,7591,9513,11197,12530,12619,16236,4650,8630,165504,72255,27338,15360,46290,18074,4471,15,15
2021-06-02T23:59:59+02:00,9,7,3677,3814,6928,8002,9910,12035,18682,21276,27902,29620,23146,25850,16474,20937,5102,9623,988,1047,1978,2743,2754,4533,4594,8079,7055,9024,11160,12489,12604,16222,4646,8624,165434,72148,26793,13867,46290,18050,4463,15,15
2021-06-01T23:59:59+02:00,8,6,3549,3739,6686,7854,9626,11840,18227,20931,27664,29423,23052,25748,16433,20884,5099,9611,951,1000,1892,2673,2673,4459,4315,7845,6455,8491,10945,12275,12506,16121,4641,8612,163738,71702,26014,12574,46276,17228,4338,15,15
2021-05-31T23:59:59+02:00,8,6,3503,3694,6595,7786,9490,11738,18101,20841,27572,29346,22985,25686,16416,20855,5094,9604,921,973,1823,2630,2594,4416,4207,7781,6334,8416,10758,12105,12405,16005,4631,8604,162890,71334,25984,12567,46263,16521,4169,15,15
2021-05-30T23:59:59+02:00,8,5,3472,3669,6531,7730,9399,11645,18012,20761,27496,29275,22939,25641,16394,20828,5088,9594,914,964,1812,2620,2581,4404,4178,7755,6281,8374,10696,12025,12371,15962,4626,8595,162184,71291,25978,12564,46246,16226,4065,15,15
2021-05-29T23:59:59+02:00,8,5,3461,3650,6496,7703,9355,11606,17974,20721,27348,29169,22884,25567,16379,20808,5085,9590,878,945,1755,2574,2509,4320,3988,7500,6007,8075,8490,9363,12178,15620,4611,8566,161520,65036,25978,12562,46232,15703,4065,15,15
2021-05-28T23:59:59+02:00,8,5,3398,3595,6365,7626,9215,11474,17816,20589,27165,29047,22823,25489,16359,20790,5084,9589,865,932,1736,2551,2473,4265,3836,7204,5813,7811,5776,6245,11903,15221,4595,8517,160164,58140,25976,12562,46227,14972,4056,15,15
2021-05-27T23:59:59+02:00,8,5,3253,3471,6079,7446,8613,11141,17340,20251,26752,28699,22655,25324,16301,20727,5077,9571,817,874,1651,2454,2355,4131,3414,6232,5392,7211,5614,6070,11822,15147,4589,8500,156693,57656,25917,12515,46221,12221,3868,15,15
2021-05-26T23:59:59+02:00,8,5,3146,3386,5859,7279,8243,10856,16876,19945,26452,28461,22505,25191,16250,20653,5064,9551,800,864,1598,2429,2302,4100,3341,6157,5293,7139,5478,5943,11756,15079,4584,8488,153992,57574,25899,12513,46199,11625,3626,15,15
2021-05-25T23:59:59+02:00,8,5,3055,3324,5717,7163,8047,10692,15875,19168,26098,28106,22346,25034,16198,20573,5057,9541,781,847,1561,2381,2231,4040,3265,6086,5207,7076,5311,5773,11648,14998,4576,8476,152433,57504,23979,12323,46182,11016,3401,13,15
2021-05-24T23:59:59+02:00,8,5,2992,3308,5630,7118,7931,10630,14961,18479,25683,27795,22252,24929,16167,20537,5050,9529,772,845,1540,2364,2189,4003,3220,6038,5130,6996,5209,5665,11566,14922,4575,8470,151711,57466,21908,12247,46173,10578,3200,13,15
2021-05-23T23:59:59+02:00,8,4,2989,3303,5621,7110,7922,10622,14956,18478,25682,27794,22252,24929,16167,20537,5050,9529,770,842,1532,2357,2176,3990,3201,6023,5109,6963,5164,5613,11550,14898,4574,8468,151680,57458,21908,12247,46171,10330,3182,13,15
2021-05-22T23:59:59+02:00,7,4,2952,3259,5541,7058,7822,10534,14757,18314,25399,27548,22151,24842,16134,20493,5047,9524,748,822,1482,2302,2124,3907,3089,5900,4792,6389,4592,4865,10902,14074,4564,8429,150142,54211,21908,12247,46171,9357,3153,13,15
2021-05-21T23:59:59+02:00,5,4,2880,3186,5415,6959,7695,10387,14498,18085,25104,27312,22036,24734,16101,20445,5042,9515,719,769,1413,2173,2022,3638,2905,5567,4311,5494,4175,4326,10156,13132,4499,8303,148198,50459,21907,12247,46165,7761,3122,12,15
2021-05-20T23:59:59+02:00,5,4,2748,3027,5133,6703,7410,10017,14036,17602,24493,26761,21763,24438,16007,20324,5028,9485,705,758,1386,2149,1984,3604,2851,5512,4229,5415,4047,4223,10079,13069,4490,8291,144041,50363,21897,12235,46140,7285,2895,12,15
2021-05-19T23:59:59+02:00,5,4,2694,2975,5035,6561,7267,9835,12893,16566,24228,26470,21666,24308,15962,20263,5019,9478,688,732,1360,2101,1951,3518,2788,5365,4134,5307,3965,4131,10025,13004,4487,8287,142659,50332,19830,12169,46068,6667,2661,12,15
2021-05-18T23:59:59+02:00,5,4,2667,2951,4986,6528,7214,9803,12538,16291,24048,26317,21573,24219,15932,20210,5011,9466,659,674,1303,1973,1877,3317,2689,5157,4004,5110,3741,3853,9942,12924,4477,8277,142373,50308,18977,11167,46023,6109,2379,12,15
2021-05-17T23:59:59+02:00,5,4,2641,2932,4941,6458,7126,9695,12385,16112,23898,26154,21519,24168,15913,20187,5006,9458,651,660,1287,1937,1856,3270,2641,5049,3925,4996,3602,3700,9874,12861,4474,8269,141398,50285,18969,11157,46006,5378,2218,12,15
2021-05-16T23:59:59+02:00,5,4,2629,2919,4918,6391,7088,9612,12326,16038,23846,26093,21495,24151,15903,20173,5003,9455,646,655,1277,1934,1839,3261,2619,5037,3896,4972,3548,3633,9835,12829,4473,8267,140962,50270,18960,11146,45984,5160,2131,12,15
2021-05-15T23:59:59+02:00,4,4,2505,2782,4729,6185,6896,9424,11807,15619,23255,25544,21388,24033,15869,20130,5000,9447,596,593,1196,1845,1704,3108,2333,4729,3445,4461,3216,3204,9671,12624,4449,8238,137565,47311,18959,11146,45979,4835,2106,12,15
2021-05-14T23:59:59+02:00,4,4,2388,2606,4533,5962,6618,9112,11269,15107,22688,24974,21242,23893,15833,20072,4996,9436,534,515,1094,1724,1543,2893,2003,4325,2843,3872,2830,2767,9586,12475,4445,8234,133740,44378,18952,11144,45955,4069,2078,12,15
2021-05-13T23:59:59+02:00,4,4,2208,2321,4212,5580,6192,8641,10708,14418,21652,24060,20960,23619,15773,19973,4989,9421,530,515,1081,1709,1528,2875,1994,4301,2827,3851,2813,2753,9579,12471,4444,8234,127838,44326,18899,11135,45930,3974,2056,12,15
2021-05-12T23:59:59+02:00,4,4,2207,2319,4204,5579,6183,8635,10606,14296,21598,24020,20955,23608,15768,19965,4988,9421,523,493,1045,1654,1479,2796,1911,4214,2768,3792,2732,2658,9528,12398,4444,8234,127790,44323,18575,10308,45930,3971,2053,12,15
2021-05-11T23:59:59+02:00,4,4,2085,2280,4120,5516,6056,8520,10297,14045,21405,23858,20878,23536,15753,19932,4984,9416,498,469,984,1594,1409,2705,1812,4074,2695,3717,2578,2430,9463,12297,4443,8234,126842,44305,18238,9470,45646,3662,1951,12,15
2021-05-10T23:59:59+02:00,4,4,2044,2202,4013,5393,5920,8341,9509,13283,21025,23538,20787,23446,15715,19878,4974,9403,486,441,948,1530,1344,2615,1723,3912,2612,3625,2553,2411,9453,12279,4439,8229,125701,44293,16397,9289,45541,3176,1828,12,15
2021-05-09T23:59:59+02:00,4,4,2012,2189,3978,5354,5867,8293,9440,13214,20955,23465,20751,23405,15700,19851,4971,9389,479,433,925,1486,1318,2566,1689,3850,2574,3582,2544,2399,9442,12262,4439,8221,125253,44233,16393,9286,45445,2937,1739,12,15
2021-05-08T23:59:59+02:00,4,4,1949,2086,3796,5179,5593,8087,9130,12929,19822,22536,20556,23212,15667,19782,4966,9377,407,404,861,1446,1241,2493,1601,3748,2354,3369,1997,1971,9348,12176,4438,8221,121098,42752,16392,9285,45442,2298,1738,5,3
2021-05-07T23:59:59+02:00,4,4,1862,1972,3615,5010,5273,7792,8718,12555,18571,21261,20372,22999,15622,19725,4957,9358,321,346,751,1371,1109,2363,1467,3606,2178,3176,1627,1630,8859,11727,4437,8219,116152,41013,16388,9280,45420,1187,1705,5,3
2021-05-06T23:59:59+02:00,4,4,1678,1863,3329,4754,4822,7385,8077,11993,17328,20020,20039,22622,15514,19560,4947,9347,304,337,730,1341,1069,2316,1418,3522,2112,3108,1592,1575,8842,11696,4431,8216,110294,40993,16380,9274,45184,917,1423,5,3
2021-05-05T23:59:59+02:00,4,3,1608,1834,3245,4667,4743,7280,7949,11842,17174,19874,19919,22502,15437,19464,4925,9250,294,326,688,1290,1008,2242,1336,3373,2004,2991,1499,1476,8424,11128,4425,8198,109526,40956,16238,8145,45013,661,938,5,3
2021-05-04T23:59:59+02:00,4,3,1581,1805,3199,4589,4684,7169,7699,11546,16612,19297,19832,22371,15361,19366,4895,9136,278,313,665,1260,987,2188,1278,3253,1891,2834,1427,1370,8353,11024,4420,8180,108818,40929,14892,7869,44909,396,525,5,3
2021-05-03T23:59:59+02:00,4,3,1573,1802,3189,4574,4646,7144,7445,11312,15918,18701,19768,22285,15334,19332,4889,9126,263,293,643,1177,938,2100,1215,3114,1793,2697,1361,1289,8327,10989,4416,8171,108726,40919,13294,7662,44869,52,151,5,3
2021-05-02T23:59:59+02:00,4,3,1572,1800,3182,4572,4641,7141,7431,11302,15899,18690,19751,22277,15334,19330,4888,9126,263,290,640,1176,933,2097,1205,3108,1785,2691,1347,1282,8326,10984,4415,8171,108698,40896,13291,7660,44843,49,106,5,3
2021-05-01T23:59:59+02:00,4,3,1440,1656,2904,4323,4174,6784,6812,10820,13962,16809,19369,21879,15243,19214,4885,9110,261,290,637,1174,932,2094,1203,3106,1783,2687,1342,1278,8324,10982,4415,8171,101156,40865,13291,7660,44837,49,103,4,3
2021-04-30T23:59:59+02:00,3,3,1320,1510,2686,4102,3844,6388,6245,10228,12176,14775,18912,21339,15139,19072,4871,9099,256,289,630,1167,917,2086,1190,3096,1772,2674,1332,1269,8320,10977,4414,8170,93549,40820,13291,7660,44837,46,31,4,3
2021-04-29T23:59:59+02:00,2,3,1203,1448,2521,3978,3603,6185,5888,9927,10835,13498,18651,21062,15096,19002,4867,9093,255,285,625,1159,905,2080,1170,3091,1742,2637,1306,1245,8314,10968,4414,8170,88865,40787,13282,7527,44697,36,14,4,3
2021-04-28T23:59:59+02:00,2,3,1147,1442,2470,3958,3552,6161,5825,9894,10738,13429,18619,21028,15089,18986,4867,9090,255,284,623,1158,902,2078,1165,3087,1734,2636,1299,1226,7868,10445,4414,8170,88594,40764,13232,6534,44457,32,13,4,2
2021-04-27T23:59:59+02:00,2,3,1102,1415,2365,3914,3487,6133,5706,9838,10621,13352,18585,20988,15076,18971,4865,9088,254,284,621,1150,901,2076,1160,3084,1730,2632,1287,1209,7450,9863,4414,8170,88082,40744,13179,5501,44234,27,12,4,2
2021-04-26T23:59:59+02:00,2,3,1060,1386,2275,3821,3360,6033,5538,9717,10316,13094,18523,20933,15067,18953,4863,9088,253,283,620,1148,895,2072,1153,3081,1712,2623,1272,1196,7441,9843,4414,8170,86743,40657,13168,5480,44105,26,12,4,2
2021-04-25T23:59:59+02:00,2,3,1057,1384,2267,3819,3353,6028,5518,9709,10282,13063,18512,20921,15066,18947,4863,9087,252,283,620,1148,895,2072,1151,3081,1712,2623,1272,1196,7441,9841,4414,8170,86720,40655,13159,5478,43987,26,11,4,2
2021-04-24T23:59:59+02:00,2,2,1014,1271,2078,3281,3082,5412,5326,9297,9447,12016,17804,20023,14953,18787,4855,9076,251,282,619,1147,895,2071,1151,3080,1706,2618,1269,1191,7439,9839,4414,8169,80591,40630,13159,5474,43962,26,10,4,2
2021-04-23T23:59:59+02:00,1,2,981,1187,1966,2933,2900,4860,5130,8868,8893,11294,16173,18159,14804,18581,4847,9053,251,282,618,1147,893,2069,1150,3080,1705,2617,1264,1186,7435,9837,4414,8168,73558,40616,13158,5463,43902,26,10,4,2
2021-04-22T23:59:59+02:00,1,2,976,1175,1946,2917,2880,4840,5072,8822,8781,11190,16100,18082,14777,18551,4845,9048,249,282,614,1146,890,2068,1142,3068,1689,2597,1240,1164,7430,9829,4414,8168,73507,40602,13100,5352,43384,25,10,4,2
2021-04-21T23:59:59+02:00,1,2,966,1167,1932,2904,2852,4814,5026,8767,8673,11067,16014,17998,14748,18517,4845,9043,244,279,604,1137,876,2038,1132,3043,1679,2571,1227,1150,7205,9511,4413,8168,73463,40594,13042,4648,42817,24,10,4,2
2021-04-20T23:59:59+02:00,1,2,939,1119,1880,2790,2779,4651,4932,8588,8498,10858,15781,17716,14689,18458,4838,9037,231,276,586,1116,850,2006,1103,3017,1644,2530,1207,1137,7196,9506,4412,8167,73424,40573,11913,4381,42205,20,10,4,1
2021-04-19T23:59:59+02:00,1,2,930,1111,1848,2770,2729,4626,4808,8527,8298,10746,15689,17618,14667,18439,4838,9031,225,268,568,1095,832,1973,1085,2974,1598,2475,1189,1118,7189,9503,4410,8166,73025,40538,11892,4102,41747,18,10,4,1
2021-04-18T23:59:59+02:00,1,2,927,1110,1843,2764,2721,4614,4790,8516,8258,10703,15639,17559,14657,18422,4837,9029,225,268,568,1094,831,1973,1084,2974,1598,2474,1189,1117,7187,9502,4409,8166,72979,40531,11888,4100,41511,18,10,4,1
2021-04-17T23:59:59+02:00,0,2,895,1095,1794,2726,2653,4535,4636,8375,7995,10474,13270,14659,14458,18068,4820,8995,223,268,568,1091,827,1966,1072,2967,1588,2454,1150,1074,6854,9088,4384,8118,66159,39575,11888,4089,41389,18,10,4,1
2021-04-16T23:59:59+02:00,0,2,889,1089,1782,2716,2611,4495,4544,8291,7815,10280,10429,11410,14186,17651,4801,8940,222,264,567,1087,822,1962,1063,2964,1580,2441,1139,1059,6848,9082,4382,8115,58881,39496,11886,4073,41150,18,10,4,1
2021-04-15T23:59:59+02:00,0,2,877,1084,1760,2702,2568,4462,4426,8230,7586,10080,10178,11192,14124,17585,4794,8926,220,263,567,1085,821,1960,1060,2961,1577,2438,1134,1054,6846,9080,4382,8115,58857,39481,11884,4055,39821,17,10,4,1
2021-04-14T23:59:59+02:00,0,2,859,1057,1701,2619,2479,4338,4236,8046,7311,9798,9804,10707,13975,17404,4788,8914,196,238,526,1034,798,1893,1024,2881,1527,2375,1108,1024,6841,9071,4382,8114,58822,39465,10936,3542,38266,15,10,4,1
2021-04-13T23:59:59+02:00,0,2,835,1035,1664,2567,2412,4255,4135,7908,7098,9578,9397,10189,13829,17237,4783,8900,160,214,491,986,758,1800,989,2771,1474,2305,1089,989,6825,9060,4381,8114,58775,39401,9986,2986,37049,9,10,4,1
2021-04-12T23:59:59+02:00,0,2,830,1033,1645,2563,2383,4242,4083,7857,6957,9406,9131,9874,13765,17177,4772,8883,149,200,463,946,735,1735,969,2699,1430,2255,1067,972,6808,9040,4378,8109,58717,39284,9955,2652,35917,9,10,4,1
2021-04-11T23:59:59+02:00,0,2,829,1032,1634,2563,2369,4239,4060,7845,6892,9344,8997,9709,13738,17129,4767,8874,149,200,463,944,734,1733,967,2699,1429,2255,1067,972,6806,9040,4378,8109,58703,39276,9953,2651,35353,8,10,4,1
2021-04-10T23:59:59+02:00,0,2,813,1028,1605,2534,2332,4210,3990,7787,6760,9227,8440,8975,13071,16277,4756,8832,146,200,461,941,728,1730,967,2692,1420,2248,1053,956,6335,8541,4362,8093,55368,38206,9952,2649,35305,8,10,4,1
2021-04-09T23:59:59+02:00,0,2,791,1000,1564,2485,2266,4130,3837,7627,6413,8894,7913,8316,12249,15251,4685,8693,144,198,459,935,721,1722,958,2682,1405,2237,1031,934,6093,8269,4342,8066,51378,37533,9945,2645,34779,8,10,4,1
2021-04-08T23:59:59+02:00,0,2,781,990,1537,2461,2200,4081,3703,7538,6160,8593,7297,7660,12087,15051,4674,8677,144,196,454,931,716,1715,950,2671,1396,2224,1019,931,6090,8267,4341,8066,51343,37510,9920,2583,32215,8,10,4,1
2021-04-07T23:59:59+02:00,0,2,774,981,1511,2443,2141,4043,3616,7468,5929,8328,6740,7026,11477,14302,4661,8649,125,189,423,884,670,1646,893,2601,1346,2155,998,915,6082,8261,4340,8066,51313,37486,8762,2091,30003,8,9,4,1
2021-04-06T23:59:59+02:00,0,2,769,979,1497,2435,2112,4020,3543,7419,5748,8156,6294,6518,11274,14085,4646,8618,102,168,375,825,625,1571,849,2501,1293,2091,973,898,6063,8246,4338,8062,51244,37457,8577,1507,28282,8,8,4,1
2021-04-05T23:59:59+02:00,0,2,764,975,1481,2427,2086,4010,3492,7393,5604,8045,6089,6301,11207,13998,4640,8608,96,166,374,823,618,1562,841,2486,1280,2072,945,867,4958,6843,4260,7956,51044,34634,8573,1497,27493,8,8,4,1
2021-04-04T23:59:59+02:00,0,2,762,969,1479,2425,2082,4008,3474,7386,5594,8038,6078,6281,11193,13979,4638,8605,96,166,372,821,615,1557,834,2479,1265,2053,922,845,3948,5683,4194,7850,51028,32187,8571,1497,27382,8,8,4,1
2021-04-03T23:59:59+02:00,0,2,710,913,1398,2354,1959,3869,3214,7126,5133,7546,5733,5824,11021,13760,4610,8577,94,166,372,820,615,1555,833,2479,1265,2053,922,845,3948,5680,4194,7849,47786,32177,8571,1497,27380,8,8,4,1
2021-04-02T23:59:59+02:00,0,2,668,879,1343,2286,1861,3755,2961,6865,4615,7066,5341,5364,10920,13594,4605,8571,93,166,372,820,615,1555,831,2479,1263,2052,919,842,3945,5677,4193,7849,44853,32160,8570,1496,27262,8,7,4,1
2021-04-01T23:59:59+02:00,0,2,665,876,1333,2281,1841,3747,2932,6851,4541,6993,5232,5254,10881,13545,4604,8566,93,166,370,816,613,1552,831,2476,1259,2048,909,841,3940,5674,4192,7848,44836,32149,8426,1464,26871,8,7,4,1
2021-03-31T23:59:59+02:00,0,2,663,874,1326,2264,1833,3737,2904,6823,4478,6947,5092,5092,10367,12936,4600,8558,93,166,369,816,613,1552,831,2476,1257,2048,908,841,3940,5673,4192,7847,44825,32143,7293,1464,26368,8,7,3,1
2021-03-30T23:59:59+02:00,0,2,654,871,1308,2244,1804,3708,2867,6788,4392,6858,4923,4898,9839,12235,4593,8543,88,163,368,812,608,1550,826,2470,1249,2045,898,831,3932,5670,4191,7846,44800,32122,6104,1410,25613,8,7,3,1
2021-03-29T23:59:59+02:00,0,2,649,863,1295,2210,1788,3677,2836,6746,4320,6772,4723,4700,9753,12141,4590,8529,88,163,368,810,603,1546,824,2464,1244,2037,890,825,3924,5662,4191,7846,44731,32108,5887,1363,24966,7,7,3,1
2021-03-28T23:59:59+02:00,0,2,646,861,1292,2207,1774,3667,2820,6734,4285,6720,4628,4590,9717,12077,4585,8522,88,163,368,809,603,1546,822,2464,1242,2037,889,825,3923,5662,4191,7846,44709,32106,5878,1358,24530,7,7,3,1
2021-03-27T23:59:59+01:00,0,2,642,856,1282,2203,1757,3650,2792,6704,4121,6577,4050,4135,9488,11831,4572,8503,88,163,366,807,601,1544,820,2461,1234,2031,885,821,3744,5371,4084,7673,42762,31321,5874,1358,24519,7,7,3,1
2021-03-26T23:59:59+01:00,0,2,637,848,1274,2192,1735,3633,2767,6682,4045,6499,3642,3768,8885,11271,4559,8489,88,163,366,806,600,1541,816,2458,1224,2027,872,808,3020,4428,3875,7325,40818,29045,5861,1358,24239,7,7,3,1
2021-03-25T23:59:59+01:00,0,2,630,842,1261,2178,1716,3609,2708,6642,3961,6421,3468,3549,8774,11160,4553,8483,88,163,366,806,600,1540,816,2457,1222,2027,872,808,3019,4427,3874,7324,40804,29037,5753,1358,23390,7,7,3,1
2021-03-24T23:59:59+01:00,0,2,624,835,1228,2152,1671,3564,2630,6573,3804,6270,3148,3184,8363,10609,4544,8470,84,161,354,793,584,1522,783,2423,1172,1995,839,770,3010,4421,3874,7321,40780,28735,4994,1357,21887,7,7,3,1
2021-03-23T23:59:59+01:00,0,2,612,827,1203,2121,1629,3516,2548,6493,3655,6116,2767,2799,8146,10390,4536,8451,79,157,342,772,549,1491,722,2360,1071,1913,756,710,2973,4386,3870,7317,40735,28104,4703,1350,20364,7,7,2,1
2021-03-22T23:59:59+01:00,0,2,589,717,1166,2068,1596,3460,2495,6423,3514,5986,2525,2561,7815,10035,4520,8415,79,156,342,772,549,1489,720,2358,1068,1913,754,706,2969,4381,3869,7314,40267,28075,4381,1350,19230,7,7,2,1
2021-03-21T23:59:59+01:00,0,2,588,714,1160,2059,1585,3450,2478,6408,3476,5952,2383,2397,7722,9923,4511,8400,79,156,342,771,549,1489,720,2358,1068,1913,754,706,2969,4380,3869,7313,40263,28072,4367,1350,18569,7,7,2,1
2021-03-20T23:59:59+01:00,0,2,587,714,1158,2052,1578,3443,2472,6401,3458,5930,2350,2359,7231,9406,4494,8383,79,156,342,771,548,1489,718,2357,1068,1911,754,706,2969,4378,3867,7311,39221,28060,4355,1350,18433,7,7,2,1
2021-03-19T23:59:59+01:00,0,2,580,706,1140,2033,1543,3419,2404,6264,3394,5823,2168,2175,6922,9085,4472,8358,79,156,341,765,544,1486,713,2349,1059,1898,745,699,2541,3774,3443,6557,38610,25790,4339,1350,17530,2,7,2,1
2021-03-18T23:59:59+01:00,0,2,565,689,1120,2002,1516,3389,2364,6196,3319,5734,2015,1978,6801,8965,4466,8347,78,156,341,764,543,1486,712,2345,1055,1897,738,696,2491,3702,3416,6516,38589,25600,4328,1328,16543,2,6,2,1
2021-03-17T23:59:59+01:00,0,1,536,660,1075,1947,1479,3304,2286,6078,3167,5578,1761,1711,6635,8812,4456,8332,77,152,329,737,527,1442,690,2287,1017,1856,721,677,2249,3406,3328,6386,38517,24617,3800,1256,15493,2,6,2,1
2021-03-16T23:59:59+01:00,0,1,492,631,1035,1892,1428,3200,2221,5924,3052,5444,1562,1486,6500,8664,4445,8309,71,137,308,681,497,1366,661,2152,987,1728,671,626,2135,3268,3302,6299,38460,23858,3183,1024,14636,2,5,2,1
2021-03-15T23:59:59+01:00,0,1,480,620,1002,1843,1394,3132,2191,5839,2965,5360,1436,1351,5916,7976,4405,8245,68,130,294,623,482,1246,623,2022,947,1615,642,605,2097,3228,3287,6236,37221,23452,2828,691,14105,2,0,2,1
2021-03-14T23:59:59+01:00,0,1,475,613,993,1831,1390,3114,2175,5821,2931,5333,1393,1301,5519,7529,4382,8227,67,125,290,600,476,1219,617,1966,937,1590,642,605,2097,3228,3286,6234,36399,23446,2823,531,13804,2,0,2,1
2021-03-13T23:59:59+01:00,0,1,457,595,956,1783,1337,3050,1919,5233,2691,4918,1287,1188,4857,6679,4333,8152,67,125,289,597,474,1217,615,1964,936,1586,640,601,1735,2743,2760,5474,34714,21290,2819,531,11901,2,0,2,1
2021-03-12T23:59:59+01:00,0,1,441,574,935,1740,1306,2967,1716,4447,2485,4469,1215,1105,4160,5882,4286,8070,67,123,288,593,474,1214,613,1956,932,1580,637,594,1407,2198,2214,4678,33038,19036,2816,531,9943,1,0,2,1
2021-03-11T23:59:59+01:00,0,1,437,567,926,1725,1291,2949,1691,4411,2448,4432,1141,1049,4116,5845,4283,8066,67,115,282,571,460,1162,604,1907,913,1544,625,581,1401,2180,2205,4627,33000,18784,2720,459,9656,1,0,2,1
2021-03-10T23:59:59+01:00,0,1,417,555,880,1666,1235,2872,1617,4314,2381,4339,1107,1026,4100,5828,4282,8064,67,115,280,567,457,1155,599,1884,913,1539,620,573,1340,2093,2160,4570,32985,18497,2149,434,9548,1,0,2,1
2021-03-09T23:59:59+01:00,0,1,396,539,835,1617,1192,2808,1575,4231,2338,4286,1086,1015,4094,5821,4281,8062,65,114,279,566,456,1144,597,1872,907,1534,617,567,1134,1782,2042,4392,32938,17660,1703,407,9534,1,0,2,1
2021-03-08T23:59:59+01:00,0,1,389,528,825,1602,1184,2791,1568,4205,2326,4273,1073,1004,4057,5773,4279,8057,64,114,275,561,452,1138,596,1868,903,1532,617,567,1065,1691,1997,4347,32810,17403,1606,383,9517,1,0,2,1
2021-03-07T23:59:59+01:00,0,1,388,524,825,1601,1182,2789,1565,4198,2316,4268,1066,996,4051,5767,4278,8056,62,111,266,539,440,1112,580,1768,868,1457,616,567,961,1561,1945,4278,32794,17040,1566,91,9509,0,0,2,1
2021-03-06T23:59:59+01:00,0,1,380,508,806,1568,1158,2730,1524,4131,2122,3770,1036,959,3878,5494,4176,7891,62,111,266,539,440,1111,580,1768,868,1457,616,567,958,1560,1942,4277,32076,17031,1566,91,8488,0,0,2,1
2021-03-05T23:59:59+01:00,0,1,366,469,774,1462,1108,2514,1449,3919,1908,3103,1006,914,3123,4529,3971,7548,62,110,265,536,437,1105,579,1763,864,1454,613,565,919,1502,1919,4236,29759,16838,1565,91,6838,0,0,2,1
2021-03-04T23:59:59+01:00,0,1,353,460,766,1442,1095,2491,1430,3890,1885,3084,992,910,3119,4525,3968,7546,61,109,262,533,433,1089,569,1741,863,1446,611,563,882,1448,1896,4199,29746,16677,1526,28,6683,0,0,2,1
2021-03-03T23:59:59+01:00,0,1,344,427,747,1391,1065,2408,1380,3735,1806,2987,959,864,3109,4519,3968,7543,60,108,259,530,432,1085,567,1732,860,1442,611,562,862,1395,1807,4053,29431,16339,1526,26,6294,0,0,2,1
2021-03-02T23:59:59+01:00,0,1,338,418,731,1367,1017,2363,1312,3651,1690,2888,871,798,3066,4480,3962,7538,60,108,258,526,431,1077,567,1726,860,1438,610,562,862,1395,1807,4052,28791,16313,1461,26,6237,0,0,2,1
2021-03-01T23:59:59+01:00,0,1,334,404,724,1320,1004,2305,1292,3568,1663,2839,852,789,3058,4470,3962,7538,60,107,257,522,426,1063,563,1713,851,1430,609,560,766,1240,1750,3972,28751,15863,1409,26,5961,0,0,2,1
2021-02-28T23:59:59+01:00,0,1,329,391,716,1281,990,2228,1280,3481,1640,2760,848,779,3056,4466,3961,7535,60,107,256,522,426,1062,563,1713,849,1430,609,559,669,1115,1703,3891,28737,15509,1406,25,5597,0,0,2,1
2021-02-27T23:59:59+01:00,0,1,320,371,702,1254,971,2192,1245,3412,1617,2707,830,763,3053,4466,3960,7535,60,107,256,522,426,1062,562,1713,847,1430,609,559,669,1114,1703,3891,28733,15505,1406,25,5258,0,0,2,1
2021-02-26T23:59:59+01:00,0,1,294,318,655,1189,907,2073,1155,3246,1512,2568,801,740,2617,3859,3532,6755,60,107,253,519,426,1060,560,1711,844,1424,605,557,662,1102,1694,3872,26436,15431,1406,25,4378,0,0,2,1
2021-02-25T23:59:59+01:00,0,1,289,305,641,1159,886,2031,1136,3180,1494,2523,798,737,2570,3787,3502,6712,58,105,249,511,426,1056,555,1701,841,1413,599,553,585,993,1647,3814,26218,15083,1406,23,4125,0,0,2,1
2021-02-24T23:59:59+01:00,0,1,270,295,590,1113,839,1963,1078,3085,1451,2465,782,718,2331,3485,3412,6574,57,100,244,504,420,1037,546,1679,838,1393,592,541,571,973,1636,3791,25222,14907,1406,15,3822,0,0,2,1
2021-02-23T23:59:59+01:00,0,1,257,274,561,1057,802,1888,1010,2935,1377,2363,730,668,2217,3345,3386,6482,57,98,242,498,420,1021,536,1647,830,1371,583,534,555,922,1624,3738,24418,14661,1401,15,3532,0,0,2,1
2021-02-22T23:59:59+01:00,0,1,253,268,548,994,782,1812,984,2841,1341,2303,705,646,2187,3309,3377,6419,57,97,236,492,418,1008,527,1629,826,1346,569,521,533,896,1618,3683,24013,14441,1401,15,3354,0,0,2,1
2021-02-21T23:59:59+01:00,0,1,250,260,539,969,769,1775,976,2793,1311,2277,705,644,2185,3309,3376,6418,57,97,235,492,418,1008,527,1629,826,1345,569,520,533,896,1618,3682,24007,14437,1401,15,3147,0,0,2,1
2021-02-20T23:59:59+01:00,0,1,169,230,469,920,700,1698,906,2704,1226,2177,690,629,1811,2791,2821,5615,57,97,235,492,418,1008,527,1628,826,1345,569,520,533,896,1617,3681,21731,14434,1401,15,2423,0,0,2,1
2021-02-19T23:59:59+01:00,0,1,84,167,358,839,574,1566,773,2555,1090,2026,674,608,1503,2276,2271,4821,57,97,235,492,418,1007,527,1628,826,1345,569,520,527,894,1615,3675,19521,14417,1401,15,1262,0,0,2,1
2021-02-18T23:59:59+01:00,0,1,81,162,346,789,553,1477,740,2415,1057,1958,658,597,1494,2257,2262,4769,54,90,229,470,404,940,512,1548,806,1271,555,506,521,876,1612,3653,19277,14032,1376,15,961,0,0,2,1
2021-02-17T23:59:59+01:00,0,1,80,154,332,766,544,1444,711,2322,1020,1858,653,587,1436,2169,2214,4719,54,87,227,461,396,902,501,1483,787,1189,542,495,519,874,1612,3653,19016,13767,1303,15,689,0,0,2,1
2021-02-16T23:59:59+01:00,0,1,75,148,317,726,516,1371,679,2214,995,1753,642,580,1191,1822,2090,4536,53,78,226,455,390,872,488,1418,761,1122,521,482,517,874,1609,3652,18094,13516,1064,2,496,0,0,2,1
2021-02-15T23:59:59+01:00,0,1,70,132,291,622,481,1229,623,2001,945,1594,633,578,1108,1715,2038,4471,53,78,224,450,386,866,487,1414,759,1115,521,482,516,869,1608,3649,17764,13477,726,0,40,0,0,2,1
2021-02-14T23:59:59+01:00,0,1,69,125,286,596,476,1200,612,1947,931,1572,633,578,1010,1591,1991,4414,53,78,224,450,386,866,487,1412,759,1115,521,482,516,869,1608,3649,17435,13475,571,0,24,0,0,2,1
2021-02-13T23:59:59+01:00,0,1,69,124,286,595,475,1196,611,1945,929,1569,632,577,1009,1582,1987,4411,53,78,224,449,384,861,486,1407,757,1114,519,480,499,831,1348,3181,17401,12671,571,0,24,0,0,2,1
2021-02-12T23:59:59+01:00,0,1,68,124,285,594,471,1192,611,1942,926,1568,629,576,970,1531,1967,4370,53,78,224,445,381,852,481,1398,751,1107,512,472,481,790,985,2472,17231,11482,571,0,21,0,0,2,1
2021-02-11T23:59:59+01:00,0,1,67,117,282,581,458,1165,605,1916,919,1556,628,575,927,1473,1945,4331,53,75,209,414,367,805,465,1324,736,1075,509,471,481,790,984,2471,17051,11230,488,0,5,0,0,2,0
2021-02-10T23:59:59+01:00,0,1,66,117,278,578,456,1160,601,1899,914,1552,628,575,918,1457,1924,4288,52,65,175,336,313,703,415,1152,657,981,474,459,476,789,984,2470,16949,10502,460,0,1,0,0,2,0
2021-02-09T23:59:59+01:00,0,1,64,115,272,574,453,1147,600,1885,907,1546,627,574,906,1421,1854,4184,43,53,124,257,236,552,333,950,556,828,439,448,472,788,981,2470,16697,9531,431,0,0,0,0,2,0
2021-02-08T23:59:59+01:00,0,1,63,115,269,565,450,1139,598,1870,900,1538,625,571,803,1268,1797,4102,38,43,86,168,173,416,269,712,497,693,431,442,469,785,980,2470,16266,8673,406,0,0,0,0,2,0
2021-02-07T23:59:59+01:00,0,1,61,112,259,542,436,1108,582,1767,865,1459,624,570,701,1142,1749,4018,37,42,82,165,170,409,264,699,492,682,429,441,469,785,980,2469,15896,8616,98,0,0,0,0,2,0
2021-02-06T23:59:59+01:00,0,1,61,112,258,542,436,1108,580,1766,862,1456,621,568,699,1133,1743,4011,34,41,81,162,167,399,260,691,481,673,421,440,433,737,740,2078,15857,7839,98,0,0,0,0,2,0
2021-02-05T23:59:59+01:00,0,1,61,112,256,538,436,1106,579,1765,860,1454,619,568,689,1126,1737,3998,32,39,77,158,162,391,252,672,464,663,415,440,427,712,336,1444,15805,6685,98,0,0,0,0,2,0
2021-02-04T23:59:59+01:00,0,1,59,110,251,532,430,1090,563,1738,856,1440,612,558,604,1009,1686,3937,31,36,73,152,156,380,238,650,447,649,410,432,422,705,334,1437,15444,6553,30,0,0,0,0,2,0
2021-02-03T23:59:59+01:00,0,1,58,105,247,525,429,1070,560,1722,854,1425,608,548,593,999,1683,3923,24,28,59,121,123,280,175,508,337,499,304,330,337,548,256,1153,15320,5083,28,0,0,0,0,2,0
2021-02-02T23:59:59+01:00,0,1,58,103,244,520,429,1052,548,1689,845,1401,595,538,581,950,1673,3872,17,21,40,78,87,186,122,343,220,360,214,220,217,344,182,759,15070,3411,28,0,0,0,0,1,0
2021-02-01T23:59:59+01:00,0,1,58,101,240,512,427,1036,540,1667,841,1378,588,532,559,921,1665,3825,7,11,20,42,48,97,65,168,95,164,100,103,90,160,76,330,14862,1576,28,0,0,0,0,1,0
2021-01-31T23:59:59+01:00,0,1,58,101,239,511,425,1032,538,1662,839,1375,588,531,559,921,1665,3824,7,11,18,38,43,83,61,142,81,148,95,101,89,159,74,328,14840,1478,28,0,0,0,0,1,0
2021-01-30T23:59:59+01:00,0,1,58,101,239,511,425,1032,538,1662,839,1375,588,531,559,921,1665,3824,7,11,18,38,43,83,61,142,81,148,95,100,89,159,74,328,14840,1477,28,0,0,0,0,1,0
2021-01-29T23:59:59+01:00,0,1,58,101,239,511,425,1032,538,1662,839,1375,588,531,559,921,1665,3824,7,11,18,38,43,83,61,142,81,148,95,100,89,159,74,328,14840,1477,28,0,0,0,0,1,0
2021-01-28T23:59:59+01:00,0,1,56,93,235,482,413,965,520,1576,815,1293,575,516,553,904,1662,3805,3,2,4,6,11,15,19,34,22,32,16,22,21,34,19,99,14441,359,22,0,0,0,0,1,0
2021-01-27T23:59:59+01:00,0,1,54,89,235,472,405,926,510,1510,795,1210,563,504,551,902,1662,3805,3,2,4,6,9,15,19,33,21,30,16,21,21,34,19,99,14173,352,20,0,0,0,0,1,0
2021-01-26T23:59:59+01:00,0,1,53,83,230,469,398,897,499,1443,770,1143,541,491,549,902,1662,3805,1,2,4,6,9,14,17,29,17,25,14,18,19,32,19,91,13917,317,18,0,0,0,0,1,0
2021-01-25T23:59:59+01:00,0,1,53,83,227,464,395,891,499,1440,769,1138,541,491,549,899,1662,3803,0,0,0,0,0,1,0,0,0,0,1,1,0,2,0,0,13888,5,16,0,0,0,0,1,0
2021-01-24T23:59:59+01:00,0,1,53,83,227,464,395,891,499,1439,769,1138,541,491,549,899,1662,3803,0,0,0,0,0,1,0,0,0,0,1,1,0,2,0,0,13887,5,16,0,0,0,0,1,0
2021-01-23T23:59:59+01:00,0,1,53,83,227,463,394,887,499,1433,768,1136,538,489,532,861,1401,3325,0,0,0,0,0,1,0,0,0,0,1,1,0,2,0,0,13073,5,16,0,0,0,0,1,0
2021-01-22T23:59:59+01:00,0,1,53,83,226,459,390,877,494,1423,763,1128,532,481,515,819,1022,2586,0,0,0,0,0,1,0,0,0,0,1,1,0,2,0,0,11836,5,16,0,0,0,0,0,0
2021-01-21T23:59:59+01:00,0,1,53,80,207,425,363,821,467,1323,737,1094,528,481,515,819,1021,2585,0,0,0,0,0,1,0,0,0,0,1,1,0,2,0,0,11504,5,16,0,0,0,0,0,0
2021-01-20T23:59:59+01:00,0,1,51,70,179,353,322,736,424,1169,667,1003,492,470,510,819,1021,2584,0,0,0,0,0,1,0,0,0,0,1,1,0,2,0,0,10855,5,16,0,0,0,0,0,0
2021-01-19T23:59:59+01:00,0,1,44,57,135,275,248,577,347,987,577,863,457,458,506,817,1021,2584,0,0,0,0,0,0,0,0,0,0,1,0,0,2,0,0,9946,3,8,0,0,0,0,0,0
2021-01-18T23:59:59+01:00,0,1,40,44,86,175,179,426,279,724,506,706,448,451,503,812,1019,2584,0,0,0,0,0,0,0,0,0,0,0,0,0,1,0,0,8983,1,0,0,0,0,0,0,0
2021-01-17T23:59:59+01:00,0,1,37,43,83,171,175,418,275,713,501,693,446,451,503,812,1019,2583,0,0,0,0,0,0,0,0,0,0,0,0,0,0,0,0,8924,0,0,0,0,0,0,0,0
2021-01-16T23:59:59+01:00,0,1,34,42,81,169,171,409,268,706,486,684,438,449,464,765,773,2186,0,0,0,0,0,0,0,0,0,0,0,0,0,0,0,0,8126,0,0,0,0,0,0,0,0
2021-01-15T23:59:59+01:00,0,1,32,40,78,164,168,403,261,689,472,676,432,448,459,741,360,1543,0,0,0,0,0,0,0,0,0,0,0,0,0,0,0,0,6967,0,0,0,0,0,0,0,0
2021-01-14T23:59:59+01:00,0,1,32,38,77,158,163,398,253,678,461,668,429,445,459,740,360,1543,0,0,0,0,0,0,0,0,0,0,0,0,0,0,0,0,6903,0,0,0,0,0,0,0,0
2021-01-13T23:59:59+01:00,0,0,24,31,61,126,128,302,193,544,352,525,326,343,374,577,281,1248,0,0,0,0,0,0,0,0,0,0,0,0,0,0,0,0,5435,0,0,0,0,0,0,0,0
2021-01-12T23:59:59+01:00,0,0,17,24,45,87,93,214,139,393,239,389,234,235,247,371,203,848,0,0,0,0,0,0,0,0,0,0,0,0,0,0,0,0,3778,0,0,0,0,0,0,0,0
2021-01-11T23:59:59+01:00,0,0,9,15,26,47,62,137,88,220,126,208,116,112,106,179,92,375,0,0,0,0,0,0,0,0,0,0,0,0,0,0,0,0,1918,0,0,0,0,0,0,0,0
2021-01-10T23:59:59+01:00,0,0,8,15,22,44,55,109,80,179,106,175,110,108,102,177,89,375,0,0,0,0,0,0,0,0,0,0,0,0,0,0,0,0,1754,0,0,0,0,0,0,0,0
2021-01-09T23:59:59+01:00,0,0,8,15,22,44,55,109,80,179,106,175,110,107,102,177,89,375,0,0,0,0,0,0,0,0,0,0,0,0,0,0,0,0,1753,0,0,0,0,0,0,0,0
2021-01-08T23:59:59+01:00,0,0,8,14,21,43,52,102,75,168,100,172,107,103,97,168,87,365,0,0,0,0,0,0,0,0,0,0,0,0,0,0,0,0,1682,0,0,0,0,0,0,0,0
2021-01-07T23:59:59+01:00,0,0,3,3,4,7,11,16,20,34,24,36,17,22,23,35,23,107,0,0,0,0,0,0,0,0,0,0,0,0,0,0,0,0,385,0,0,0,0,0,0,0,0
2021-01-06T23:59:59+01:00,0,0,3,2,4,6,9,15,20,33,21,32,17,21,23,35,23,106,0,0,0,0,0,0,0,0,0,0,0,0,0,0,0,0,370,0,0,0,0,0,0,0,0
2021-01-05T23:59:59+01:00,0,0,3,2,4,6,9,15,20,33,21,32,17,21,23,35,23,106,0,0,0,0,0,0,0,0,0,0,0,0,0,0,0,0,370,0,0,0,0,0,0,0,0
2021-01-04T23:59:59+01:00,0,0,0,0,0,0,0,1,1,0,0,0,1,1,0,2,0,0,0,0,0,0,0,0,0,0,0,0,0,0,0,0,0,0,6,0,0,0,0,0,0,0,0
2021-01-03T23:59:59+01:00,0,0,0,0,0,0,0,1,1,0,0,0,1,1,0,2,0,0,0,0,0,0,0,0,0,0,0,0,0,0,0,0,0,0,6,0,0,0,0,0,0,0,0
2021-01-02T23:59:59+01:00,0,0,0,0,0,0,0,1,1,0,0,0,1,1,0,2,0,0,0,0,0,0,0,0,0,0,0,0,0,0,0,0,0,0,6,0,0,0,0,0,0,0,0
2021-01-01T23:59:59+01:00,0,0,0,0,0,0,0,1,1,0,0,0,1,1,0,2,0,0,0,0,0,0,0,0,0,0,0,0,0,0,0,0,0,0,6,0,0,0,0,0,0,0,0
2020-12-31T23:59:59+01:00,0,0,0,0,0,0,0,1,1,0,0,0,1,1,0,2,0,0,0,0,0,0,0,0,0,0,0,0,0,0,0,0,0,0,6,0,0,0,0,0,0,0,0
2020-12-30T23:59:59+01:00,0,0,0,0,0,0,0,1,1,0,0,0,1,1,0,2,0,0,0,0,0,0,0,0,0,0,0,0,0,0,0,0,0,0,6,0,0,0,0,0,0,0,0
2020-12-29T23:59:59+01:00,0,0,0,0,0,0,0,1,1,0,0,0,1,0,0,2,0,0,0,0,0,0,0,0,0,0,0,0,0,0,0,0,0,0,5,0,0,0,0,0,0,0,0
2020-12-28T23:59:59+01:00,0,0,0,0,0,0,0,1,0,0,0,0,1,0,0,1,0,0,0,0,0,0,0,0,0,0,0,0,0,0,0,0,0,0,3,0,0,0,0,0,0,0,0
2020-12-27T23:59:59+01:00,0,0,0,0,0,0,0,0,0,0,0,0,0,0,0,0,0,0,0,0,0,0,0,0,0,0,0,0,0,0,0,0,0,0,0,0,0,0,0,0,0,0,0
