Datum,<24_1_m,<24_1_w,25-34_1_m,25-34_1_w,35-44_1_m,35-44_1_w,45-54_1_m,45-54_1_w,55-64_1_m,55-64_1_w,65-74_1_m,65-74_1_w,75-84_1_m,75-84_1_w,>84_1_m,>84_1_w,<24_2_m,<24_2_w,25-34_2_m,25-34_2_w,35-44_2_m,35-44_2_w,45-54_2_m,45-54_2_w,55-64_2_m,55-64_2_w,65-74_2_m,65-74_2_w,75-84_2_m,75-84_2_w,>84_2_m,>84_2_w,bp_1,bp_2,mo_1,mo_2,az_1,az_2,ja
2021-06-15T23:59:59+02:00,5722,5522,9664,9818,15046,16143,23976,25618,29539,31121,22934,25622,15326,20112,4113,8055,2046,2196,3615,4661,5009,7226,8951,12245,15808,17856,15978,18052,13156,17244,3792,7338,186367,104108,28942,17520,45841,26364,7181
2021-06-14T23:59:59+02:00,5640,5447,9568,9708,14969,16066,23910,25545,29468,31063,22906,25586,15312,20095,4110,8049,2028,2172,3577,4636,4969,7189,8847,12181,15669,17708,15792,17853,13088,17164,3787,7333,185632,103890,28939,17517,45837,25552,7034
2021-06-13T23:59:59+02:00,5567,5399,9483,9627,14895,16007,23855,25492,29399,31015,22882,25561,15307,20084,4110,8048,1974,2157,3531,4610,4918,7149,8774,12140,15572,17601,15641,17681,13044,17105,3782,7329,185065,103614,28933,17516,45823,24968,6910
2021-06-12T23:59:59+02:00,5543,5382,9453,9602,14639,15817,23749,25381,29357,30972,22864,25551,15300,20077,4109,8046,1834,2028,3276,4391,4508,6838,8207,11691,13804,15905,15353,17371,12976,17015,3780,7318,184178,96967,28933,17516,45823,24904,6908
2021-06-11T23:59:59+02:00,5480,5326,9371,9545,14303,15580,23568,25245,29277,30888,22827,25511,15287,20066,4108,8043,1716,1881,3096,4168,4187,6472,7672,11122,12149,13970,14965,16922,12886,16881,3767,7309,182832,90122,28931,17515,45823,24687,6839
2021-06-10T23:59:59+02:00,5142,5074,8828,9200,13038,14529,23051,24857,28927,30594,22707,25373,15248,20008,4096,8030,1572,1775,2853,3984,3866,6186,7225,10716,10713,12607,14516,16414,12748,16710,3755,7286,177588,85608,28916,17513,45819,23426,6379
2021-06-09T23:59:59+02:00,4855,4872,8236,8917,12181,13890,22733,24653,28716,30440,22650,25319,15232,19985,4092,8027,1467,1717,2708,3910,3718,6107,7025,10623,10446,12416,14190,16069,12616,16556,3750,7271,175506,85295,27657,17414,45812,22057,5823
2021-06-08T23:59:59+02:00,4706,4750,7813,8690,11740,13607,22512,24475,28522,30300,22603,25250,15200,19944,4088,8020,1375,1688,2578,3850,3560,6042,6051,9837,10056,12088,13854,15680,12431,16360,3740,7254,173794,84949,27287,15269,45787,20874,5352
2021-06-07T23:59:59+02:00,4566,4663,7579,8576,11472,13435,22305,24367,28388,30194,22552,25199,15184,19922,4085,8014,1316,1557,2455,3793,3433,5982,5882,9762,9851,11958,13637,15434,12307,16224,3735,7240,172617,84765,27277,15266,45778,19706,4829
2021-06-06T23:59:59+02:00,4421,4595,7354,8447,11221,13287,22120,24273,28320,30111,22520,25165,15174,19908,4082,8010,1291,1537,2388,3758,3333,5927,5770,9684,9745,11858,13474,15272,12256,16149,3732,7234,171476,84582,27260,15262,45768,19060,4504
2021-06-05T23:59:59+02:00,4390,4551,7315,8407,10967,13065,21565,23818,28169,29979,22476,25131,15164,19890,4082,8006,1249,1405,2222,3296,3089,5378,5609,9377,8767,10695,13025,14670,12165,16021,3723,7227,169455,79231,27260,15262,45766,18931,4494
2021-06-04T23:59:59+02:00,4354,4523,7284,8381,10832,12945,21223,23509,28083,29885,22443,25103,15151,19881,4081,8005,1212,1315,2118,2971,2931,4879,5440,9034,7983,9707,11801,13302,12059,15848,3720,7212,168182,72872,27248,15261,45765,18911,4488
2021-06-03T23:59:59+02:00,4196,4410,7059,8237,10150,12403,20095,22690,27736,29584,22317,24981,15106,19823,4079,7994,1151,1265,2018,2853,2799,4713,5232,8721,7598,9222,11452,12967,11978,15758,3717,7202,163456,71105,27240,15258,45761,17880,4403
2021-06-02T23:59:59+02:00,4188,4401,7048,8219,10129,12390,19911,22512,27669,29534,22294,24962,15103,19816,4076,7993,1146,1258,2006,2819,2776,4693,4919,8441,7159,8832,11423,12930,11964,15745,3713,7196,163393,70997,26695,13768,45761,17859,4396
2021-06-01T23:59:59+02:00,4045,4309,6801,8074,9848,12197,19459,22170,27441,29339,22201,24875,15069,19763,4075,7984,1101,1207,1918,2749,2696,4622,4560,8123,6643,8373,11211,12721,11887,15663,3708,7184,161717,70563,25915,12478,45746,17053,4272
2021-05-31T23:59:59+02:00,3992,4259,6708,8009,9714,12096,19335,22084,27358,29258,22137,24816,15054,19739,4070,7979,1063,1181,1852,2708,2620,4579,4445,8061,6521,8290,11019,12548,11812,15567,3699,7178,160882,70205,25888,12473,45733,16360,4105
2021-05-30T23:59:59+02:00,3957,4229,6644,7951,9623,12016,19253,22006,27289,29192,22091,24771,15034,19717,4066,7970,1059,1174,1844,2699,2605,4569,4415,8031,6471,8248,10960,12475,11783,15529,3695,7169,160191,70166,25883,12471,45721,16075,4014
2021-05-29T23:59:59+02:00,3940,4208,6606,7922,9589,11981,19206,21956,27142,29085,22049,24706,15020,19703,4063,7966,1020,1153,1785,2644,2523,4483,4226,7757,6058,7812,8893,9940,11628,15257,3684,7144,159538,63965,25883,12469,45707,15559,4014
2021-05-28T23:59:59+02:00,3868,4148,6482,7851,9472,11860,19061,21831,26985,28968,21993,24641,15001,19688,4062,7965,1004,1136,1770,2623,2483,4421,4060,7435,5865,7554,6150,6768,11439,14984,3673,7103,158287,57163,25881,12469,45703,14831,4005
2021-05-27T23:59:59+02:00,3700,3999,6181,7665,8864,11528,18582,21479,26593,28646,21859,24492,14951,19632,4055,7948,949,1068,1683,2525,2367,4280,3594,6387,5471,7049,6001,6616,11374,14918,3669,7088,154836,56685,25825,12423,45695,12113,3818
2021-05-26T23:59:59+02:00,3570,3906,5958,7487,8475,11242,18139,21168,26300,28432,21728,24359,14907,19563,4045,7933,929,1057,1627,2501,2319,4245,3515,6313,5369,6968,5875,6491,11318,14866,3664,7078,152150,56613,25809,12421,45673,11521,3580
2021-05-25T23:59:59+02:00,3467,3836,5812,7371,8267,11069,17126,20380,25972,28105,21584,24210,14863,19496,4039,7924,906,1037,1590,2455,2248,4187,3439,6249,5285,6898,5700,6323,11233,14795,3658,7068,150614,56556,23888,12237,45659,10918,3360
2021-05-24T23:59:59+02:00,3403,3819,5721,7327,8138,10998,16207,19685,25598,27812,21504,24110,14835,19470,4032,7914,897,1035,1564,2437,2209,4151,3387,6196,5207,6817,5605,6218,11159,14727,3658,7062,149941,56526,21822,12161,45650,10482,3160
2021-05-23T23:59:59+02:00,3400,3815,5713,7319,8130,10992,16202,19684,25597,27811,21504,24110,14835,19470,4032,7914,896,1032,1556,2428,2197,4138,3370,6182,5186,6780,5561,6170,11145,14705,3657,7060,149916,56519,21822,12161,45648,10241,3142
2021-05-22T23:59:59+02:00,3358,3766,5644,7274,8027,10911,15973,19488,25346,27598,21415,24031,14809,19434,4029,7911,870,1007,1512,2377,2146,4062,3255,6045,4869,6213,4631,4999,10884,14342,3649,7025,148403,53301,21822,12161,45647,9282,3142
2021-05-21T23:59:59+02:00,3300,3690,5540,7190,7939,10791,15723,19250,25117,27400,21317,23934,14783,19393,4024,7902,836,945,1445,2248,2035,3791,3043,5680,4408,5340,4014,4188,10372,13710,3597,6920,146716,49589,21822,12161,45643,7710,3112
2021-05-20T23:59:59+02:00,3145,3507,5268,6926,7652,10428,15209,18722,24557,26874,21067,23677,14704,19286,4011,7876,819,930,1420,2229,1996,3757,2988,5616,4324,5266,3883,4084,10311,13659,3589,6910,142592,49505,21813,12151,45623,7244,2881
2021-05-19T23:59:59+02:00,3081,3450,5172,6779,7408,10162,14150,17750,24314,26604,20975,23561,14669,19232,4005,7870,798,902,1396,2176,1959,3670,2925,5469,4230,5159,3801,3994,10266,13608,3586,6906,141229,49478,19751,12089,45553,6629,2649
2021-05-18T23:59:59+02:00,3054,3427,5124,6743,7327,10101,13821,17501,24137,26456,20893,23472,14642,19188,3998,7859,761,834,1345,2036,1889,3474,2818,5261,4014,4877,3666,3812,10195,13539,3577,6897,140959,49460,18901,11093,45510,6069,2373
2021-05-17T23:59:59+02:00,3024,3401,5074,6668,7238,9994,13655,17305,24009,26318,20843,23425,14626,19167,3995,7852,752,815,1328,1999,1865,3426,2766,5153,3935,4757,3528,3661,10139,13488,3576,6889,139991,49438,18893,11083,45495,5341,2215
2021-05-16T23:59:59+02:00,3012,3380,5049,6604,7200,9913,13593,17229,23959,26260,20821,23410,14616,19155,3992,7850,747,808,1318,1997,1849,3414,2743,5143,3908,4730,3472,3590,10108,13468,3575,6887,139557,49429,18885,11072,45473,5128,2128
2021-05-15T23:59:59+02:00,2889,3262,4857,6404,7017,9721,12939,16678,23520,25861,20728,23299,14584,19116,3990,7843,686,742,1233,1907,1716,3246,2433,4818,3469,4240,3141,3173,9976,13291,3556,6865,136252,46511,18885,11072,45467,4805,2104
2021-05-14T23:59:59+02:00,2755,3067,4649,6176,6742,9407,12288,16060,23064,25414,20612,23167,14555,19066,3986,7836,614,649,1126,1788,1547,3013,2066,4399,2888,3649,2777,2754,9912,13183,3554,6861,132448,43593,18878,11070,45445,4044,2073
2021-05-13T23:59:59+02:00,2551,2753,4325,5784,6306,8915,11641,15305,22123,24583,20373,22931,14503,18987,3980,7822,610,647,1115,1772,1530,2996,2058,4375,2871,3628,2762,2739,9907,13182,3553,6861,126586,43541,18825,11062,45419,3951,2052
2021-05-12T23:59:59+02:00,2549,2750,4319,5783,6297,8908,11525,15175,22085,24555,20366,22919,14501,18981,3979,7822,599,622,1080,1711,1479,2918,1977,4289,2814,3576,2682,2645,9857,13109,3553,6861,126546,43538,18499,10236,45419,3948,2050
2021-05-11T23:59:59+02:00,2421,2712,4238,5709,6158,8785,11205,14924,21917,24407,20301,22852,14486,18954,3976,7819,566,594,1026,1647,1399,2825,1884,4150,2743,3512,2530,2421,9792,13009,3553,6861,125613,43522,18162,9403,45139,3637,1950
2021-05-10T23:59:59+02:00,2370,2627,4139,5583,6031,8624,10350,14126,21600,24126,20228,22770,14452,18904,3968,7809,550,558,990,1588,1330,2732,1789,3980,2669,3434,2508,2404,9785,12990,3550,6858,124532,43512,16315,9220,45036,3159,1824
2021-05-09T23:59:59+02:00,2336,2611,4102,5542,5980,8571,10280,14051,21539,24061,20194,22731,14437,18880,3966,7797,542,547,969,1541,1305,2684,1756,3924,2633,3390,2498,2392,9776,12972,3550,6852,124089,43453,16311,9217,44943,2926,1735
2021-05-08T23:59:59+02:00,2259,2496,3900,5370,5732,8362,9861,13695,20519,23220,20022,22556,14412,18822,3961,7788,460,514,909,1495,1228,2619,1665,3811,2358,3152,2019,2001,9701,12907,3549,6852,119990,42003,16310,9216,44940,2286,1735
2021-05-07T23:59:59+02:00,2165,2363,3699,5194,5402,8071,9435,13287,19317,21992,19856,22354,14375,18774,3953,7772,357,447,796,1418,1104,2486,1529,3667,2175,2944,1567,1618,9327,12548,3548,6851,115079,40292,16308,9213,44919,1174,1703
2021-05-06T23:59:59+02:00,1948,2240,3403,4920,4951,7671,8761,12695,18130,20781,19539,22000,14289,18636,3944,7762,339,436,772,1390,1065,2427,1478,3588,2111,2879,1532,1561,9311,12525,3543,6848,109263,40273,16301,9207,44685,904,1421
2021-05-05T23:59:59+02:00,1870,2200,3330,4833,4873,7556,8626,12541,17976,20644,19425,21888,14218,18535,3924,7677,326,420,732,1340,999,2345,1392,3429,2006,2775,1443,1464,8903,11963,3538,6832,108511,40240,16158,8089,44516,647,931
2021-05-04T23:59:59+02:00,1840,2169,3288,4750,4816,7449,8276,12144,17514,20156,19340,21766,14147,18442,3900,7575,308,407,708,1306,979,2296,1316,3284,1902,2633,1377,1361,8839,11869,3535,6817,107826,40215,14813,7813,44413,389,520
2021-05-03T23:59:59+02:00,1831,2164,3280,4737,4775,7425,7893,11799,16943,19666,19284,21689,14122,18414,3895,7565,293,380,686,1225,930,2205,1249,3141,1804,2498,1314,1287,8817,11841,3532,6808,107743,40208,13219,7606,44373,49,147
2021-05-02T23:59:59+02:00,1829,2162,3276,4735,4769,7421,7882,11787,16925,19655,19268,21683,14122,18412,3894,7565,292,379,684,1224,924,2202,1240,3134,1796,2492,1300,1280,8816,11836,3531,6808,107717,40186,13217,7605,44350,46,101
2021-05-01T23:59:59+02:00,1680,2011,2977,4471,4285,7054,7249,11273,14982,17763,18954,21349,14045,18309,3891,7552,290,379,682,1222,922,2199,1238,3132,1793,2487,1296,1277,8814,11835,3531,6808,100183,40155,13217,7605,44346,46,99
2021-04-30T23:59:59+02:00,1534,1845,2771,4226,3927,6655,6649,10649,13146,15652,18603,20945,13959,18178,3878,7545,283,378,677,1214,906,2191,1227,3123,1781,2474,1285,1266,8810,11832,3530,6808,92571,40108,13217,7605,44346,44,28
2021-04-29T23:59:59+02:00,1403,1764,2596,4098,3685,6446,6265,10328,11781,14332,18412,20737,13931,18125,3875,7539,281,374,671,1208,897,2185,1203,3116,1750,2436,1262,1241,8806,11827,3530,6808,87887,40076,13208,7473,44211,35,11
2021-04-28T23:59:59+02:00,1335,1757,2551,4077,3636,6424,6193,10291,11698,14264,18384,20706,13925,18112,3875,7536,281,373,668,1207,895,2183,1200,3112,1741,2433,1255,1221,8365,11312,3530,6808,87622,40055,13158,6488,43974,31,10
2021-04-27T23:59:59+02:00,1280,1728,2444,4032,3575,6398,6069,10229,11593,14191,18352,20672,13914,18099,3873,7534,280,372,666,1201,894,2181,1196,3109,1737,2426,1239,1203,7955,10737,3530,6808,87118,40036,13105,5462,43751,27,9
2021-04-26T23:59:59+02:00,1228,1692,2351,3936,3449,6302,5893,10101,11285,13914,18315,20653,13906,18081,3871,7534,279,371,664,1201,890,2178,1188,3105,1718,2417,1223,1188,7949,10719,3530,6808,85782,39951,13095,5442,43625,26,9
2021-04-25T23:59:59+02:00,1225,1689,2341,3934,3442,6297,5874,10093,11250,13883,18307,20643,13905,18075,3871,7534,279,371,664,1201,889,2178,1187,3105,1718,2417,1223,1188,7949,10717,3530,6808,85759,39949,13086,5440,43509,26,9
2021-04-24T23:59:59+02:00,1173,1537,2144,3381,3167,5667,5688,9707,10192,12594,17823,20014,13812,17935,3865,7526,278,370,663,1200,889,2177,1187,3104,1712,2410,1219,1185,7948,10716,3530,6807,79646,39925,13086,5436,43485,26,8
2021-04-23T23:59:59+02:00,1136,1431,2022,3013,2983,5088,5475,9309,9355,11524,16489,18522,13687,17750,3860,7508,278,370,661,1200,888,2175,1186,3104,1711,2409,1214,1180,7945,10714,3530,6806,72634,39912,13085,5425,43425,26,8
2021-04-22T23:59:59+02:00,1130,1419,2003,2996,2963,5071,5409,9259,9244,11416,16429,18455,13666,17725,3858,7504,276,369,659,1200,885,2173,1178,3091,1691,2388,1192,1159,7943,10709,3530,6806,72590,39900,13030,5316,42919,25,8
2021-04-21T23:59:59+02:00,1120,1410,1987,2978,2940,5049,5358,9194,9125,11291,16349,18378,13650,17697,3858,7501,271,365,648,1190,872,2142,1166,3064,1682,2370,1180,1145,7721,10394,3529,6806,72550,39894,12972,4619,42355,24,8
2021-04-20T23:59:59+02:00,1087,1347,1939,2860,2866,4892,5253,9011,8849,10980,16225,18212,13601,17646,3851,7496,258,361,627,1166,845,2114,1140,3034,1646,2335,1163,1131,7713,10391,3529,6805,72481,39874,11843,4354,41783,22,8
2021-04-19T23:59:59+02:00,1076,1336,1901,2840,2823,4861,5108,8953,8659,10850,16141,18135,13584,17629,3851,7491,250,350,607,1146,829,2079,1118,2989,1604,2282,1146,1115,7708,10387,3527,6805,72082,39840,11821,4074,41327,20,8
2021-04-18T23:59:59+02:00,1074,1335,1896,2834,2814,4850,5092,8936,8611,10806,16097,18079,13578,17618,3850,7489,250,350,607,1146,828,2079,1118,2989,1604,2281,1146,1114,7706,10386,3526,6805,72039,39835,11818,4072,41094,20,8
2021-04-17T23:59:59+02:00,1037,1321,1844,2787,2738,4772,4941,8780,8198,10395,13858,15312,13416,17337,3837,7458,248,350,607,1142,824,2073,1107,2981,1592,2260,1107,1069,7370,9968,3510,6767,65232,38886,11818,4061,40973,20,8
2021-04-16T23:59:59+02:00,1029,1314,1833,2777,2691,4730,4835,8692,8011,10187,10981,11971,13228,17043,3822,7413,246,344,606,1138,817,2068,1097,2973,1571,2242,1096,1057,7364,9963,3508,6764,57997,38781,11816,4045,40736,20,8
2021-04-15T23:59:59+02:00,1017,1309,1806,2761,2644,4695,4720,8624,7767,9958,10752,11787,13186,16989,3816,7401,244,344,606,1136,816,2067,1094,2970,1568,2239,1091,1053,7362,9961,3508,6764,57976,38767,11814,4028,39434,20,8
2021-04-14T23:59:59+02:00,993,1276,1749,2672,2548,4567,4526,8434,7478,9656,10390,11334,13061,16834,3812,7394,214,317,567,1084,794,1999,1056,2888,1524,2181,1067,1026,7358,9953,3508,6764,57944,38751,10868,3522,37904,19,8
2021-04-13T23:59:59+02:00,966,1251,1712,2615,2474,4481,4418,8290,7262,9431,9991,10839,12936,16675,3807,7384,174,291,533,1032,754,1898,1020,2785,1475,2114,1047,992,7344,9945,3508,6764,57866,38688,9922,2967,36736,13,8
2021-04-12T23:59:59+02:00,961,1248,1693,2612,2442,4465,4364,8236,7105,9246,9743,10546,12894,16628,3796,7371,160,272,507,993,731,1827,997,2715,1433,2071,1026,974,7328,9929,3505,6759,57810,38572,9891,2634,35641,13,8
2021-04-11T23:59:59+02:00,958,1247,1683,2612,2429,4463,4341,8221,7034,9176,9619,10394,12868,16586,3792,7367,160,271,507,992,730,1826,996,2715,1432,2071,1026,974,7326,9929,3505,6759,57798,38566,9889,2633,35095,12,8
2021-04-10T23:59:59+02:00,940,1236,1655,2586,2391,4434,4269,8156,6892,9053,8681,9192,12600,16216,3783,7329,157,269,505,990,725,1824,995,2709,1423,2063,1012,959,6857,9430,3493,6745,54469,37504,9888,2632,35048,12,8
2021-04-09T23:59:59+02:00,915,1204,1615,2536,2318,4353,4088,7975,6551,8718,7935,8224,12032,15518,3725,7217,154,268,503,984,720,1815,986,2701,1406,2051,993,938,6609,9155,3481,6724,50503,36840,9884,2628,34529,12,8
2021-04-08T23:59:59+02:00,904,1193,1584,2513,2252,4302,3946,7876,6258,8376,7350,7587,11902,15370,3716,7199,154,265,496,981,716,1807,978,2690,1398,2041,981,936,6606,9153,3481,6724,50471,36819,9860,2568,31989,12,8
2021-04-07T23:59:59+02:00,897,1182,1556,2494,2196,4260,3853,7799,6002,8078,6792,6972,11349,14658,3705,7176,135,253,461,930,671,1741,920,2616,1352,1979,964,922,6600,9148,3480,6724,50446,36796,8710,2081,29806,12,7
2021-04-06T23:59:59+02:00,893,1179,1538,2487,2167,4235,3775,7742,5789,7888,6348,6472,11188,14468,3694,7153,112,232,408,865,630,1658,871,2521,1301,1920,942,906,6585,9138,3478,6720,50376,36771,8527,1497,28106,12,7
2021-04-05T23:59:59+02:00,885,1175,1521,2480,2144,4225,3720,7714,5631,7761,6154,6263,11135,14394,3690,7146,106,229,407,864,622,1649,864,2504,1284,1902,914,867,5450,7690,3448,6673,50181,33967,8523,1487,27327,12,7
2021-04-04T23:59:59+02:00,884,1171,1519,2478,2138,4223,3704,7707,5619,7752,6142,6241,11124,14380,3689,7143,106,229,405,862,617,1644,859,2496,1269,1881,891,834,4409,6492,3424,6619,50168,31531,8522,1487,27217,12,7
2021-04-03T23:59:59+02:00,821,1112,1436,2402,2017,4079,3412,7414,5169,7271,5797,5795,10980,14189,3668,7120,104,229,405,861,617,1642,858,2496,1269,1881,891,834,4409,6488,3424,6619,46938,31521,8522,1487,27215,12,7
2021-04-02T23:59:59+02:00,777,1070,1375,2337,1910,3952,3123,7138,4668,6771,5417,5350,10909,14067,3665,7114,104,229,405,861,617,1642,857,2496,1267,1879,890,831,4407,6486,3424,6619,44019,31510,8521,1486,27097,12,6
2021-04-01T23:59:59+02:00,772,1068,1365,2334,1892,3944,3091,7121,4591,6692,5308,5243,10880,14025,3664,7112,103,229,403,857,616,1639,856,2493,1264,1875,880,830,4403,6483,3423,6619,44007,31501,8378,1454,26711,12,6
2021-03-31T23:59:59+02:00,770,1064,1357,2321,1880,3932,3064,7091,4524,6636,5166,5082,10381,13433,3661,7107,103,229,402,857,616,1639,856,2493,1262,1875,879,830,4403,6482,3423,6618,43997,31495,7251,1454,26215,12,6
2021-03-30T23:59:59+02:00,761,1059,1338,2301,1847,3901,3023,7055,4436,6542,4988,4875,9881,12756,3654,7093,98,225,402,853,611,1636,850,2488,1255,1872,867,821,4396,6478,3422,6618,43974,31475,6067,1401,25463,10,6
2021-03-29T23:59:59+02:00,756,1051,1325,2264,1826,3870,2991,7014,4364,6444,4781,4679,9814,12678,3652,7082,98,225,402,850,607,1633,849,2481,1251,1866,858,813,4389,6473,3422,6618,43907,31462,5852,1357,24826,10,6
2021-03-28T23:59:59+02:00,753,1049,1321,2261,1811,3860,2973,6999,4326,6383,4686,4566,9785,12628,3647,7075,98,225,402,849,607,1633,847,2481,1249,1866,857,813,4388,6473,3422,6618,43885,31460,5843,1352,24389,10,6
2021-03-27T23:59:59+01:00,749,1044,1313,2253,1791,3845,2947,6971,4098,6197,4173,4139,9574,12406,3639,7060,98,225,399,847,606,1631,844,2478,1242,1860,853,808,4158,6094,3373,6539,41975,30687,5839,1352,24379,10,6
2021-03-26T23:59:59+01:00,742,1036,1305,2243,1772,3827,2919,6946,4010,6097,3649,3701,9110,11948,3630,7047,98,225,398,846,605,1628,840,2475,1232,1854,842,793,3363,5049,3245,6307,40045,28432,5826,1352,24105,10,6
2021-03-25T23:59:59+01:00,735,1030,1292,2230,1750,3799,2858,6906,3918,6008,3465,3483,9025,11850,3624,7045,98,225,398,846,605,1628,839,2474,1232,1854,842,793,3361,5048,3245,6306,40032,28426,5720,1352,23260,10,6
2021-03-24T23:59:59+01:00,726,1021,1260,2205,1703,3749,2775,6829,3751,5847,3124,3120,8665,11337,3615,7034,94,223,386,831,586,1608,806,2442,1178,1823,815,756,3353,5043,3245,6304,40010,28126,4967,1351,21778,10,6
2021-03-23T23:59:59+01:00,713,1011,1231,2170,1657,3701,2689,6742,3589,5675,2741,2726,8481,11161,3608,7018,89,219,373,804,548,1576,740,2378,1074,1741,733,698,3327,5011,3242,6301,39969,27495,4677,1344,20261,9,6
2021-03-22T23:59:59+01:00,685,888,1194,2123,1626,3645,2626,6665,3441,5536,2488,2488,8183,10820,3595,6988,89,218,373,804,548,1574,739,2377,1071,1740,731,695,3324,5006,3241,6299,39501,27470,4353,1344,19131,9,6
2021-03-21T23:59:59+01:00,684,883,1189,2116,1615,3637,2608,6649,3394,5489,2336,2317,8110,10728,3589,6975,89,218,373,803,548,1574,739,2377,1071,1740,731,695,3324,5005,3241,6299,39497,27468,4339,1344,18477,9,6
2021-03-20T23:59:59+01:00,682,883,1188,2108,1609,3632,2602,6642,3373,5464,2306,2278,7619,10214,3576,6960,89,218,373,803,547,1574,738,2376,1071,1739,731,695,3324,5003,3239,6297,38460,27458,4327,1344,18343,9,6
2021-03-19T23:59:59+01:00,673,876,1174,2091,1574,3607,2531,6484,3306,5371,2119,2095,7322,9907,3562,6939,89,218,372,796,543,1572,733,2365,1059,1728,722,688,2791,4255,2935,5697,37854,25211,4311,1344,17460,2,6
2021-03-18T23:59:59+01:00,658,859,1154,2060,1543,3574,2493,6410,3231,5280,1948,1893,7222,9806,3560,6929,88,218,372,795,543,1572,732,2361,1055,1727,714,685,2731,4174,2920,5664,37834,25021,4300,1322,16480,2,6
2021-03-17T23:59:59+01:00,624,828,1111,2002,1506,3487,2406,6287,3076,5117,1680,1625,7086,9676,3551,6916,86,212,360,769,527,1521,710,2307,1016,1689,697,663,2473,3862,2861,5566,37763,24060,3777,1251,15432,2,6
2021-03-16T23:59:59+01:00,577,796,1070,1945,1456,3370,2332,6141,2961,4972,1469,1400,6981,9549,3542,6899,79,193,337,711,499,1438,677,2163,987,1580,643,612,2366,3722,2844,5492,37710,23316,3158,1020,14587,2,5
2021-03-15T23:59:59+01:00,562,779,1041,1901,1419,3296,2299,6057,2873,4889,1342,1263,6398,8858,3521,6855,76,181,322,651,481,1318,641,2036,943,1467,616,595,2329,3680,2833,5437,36479,22918,2805,686,14069,2,0
2021-03-14T23:59:59+01:00,557,772,1030,1887,1416,3280,2283,6039,2837,4860,1300,1207,5998,8416,3510,6844,75,176,318,628,475,1290,635,1975,933,1448,616,595,2329,3679,2832,5436,35666,22912,2800,526,13770,2,0
2021-03-13T23:59:59+01:00,535,748,990,1840,1358,3213,2011,5395,2610,4500,1197,1096,5324,7533,3493,6815,75,176,317,625,473,1288,633,1973,933,1444,613,590,1874,3045,2409,4837,33992,20777,2796,526,11870,2,0
2021-03-12T23:59:59+01:00,517,723,971,1796,1321,3114,1791,4533,2417,4134,1128,1023,4606,6697,3479,6779,75,174,316,621,473,1284,629,1967,930,1438,610,583,1472,2378,1957,4177,32320,18557,2793,526,9916,1,0
2021-03-11T23:59:59+01:00,512,716,961,1783,1307,3094,1765,4500,2379,4096,1053,970,4568,6664,3477,6777,75,165,309,600,460,1230,619,1918,908,1405,601,570,1467,2360,1948,4129,32287,18309,2700,454,9635,1,0
2021-03-10T23:59:59+01:00,490,700,911,1719,1252,3022,1689,4398,2318,4011,1023,948,4555,6652,3476,6775,74,165,307,595,458,1224,615,1896,908,1400,593,560,1400,2263,1913,4085,32272,18025,2136,430,9531,1,0
2021-03-09T23:59:59+01:00,468,682,859,1669,1215,2950,1642,4319,2276,3964,1007,939,4549,6645,3475,6774,72,163,306,593,457,1215,613,1884,902,1394,591,552,1168,1917,1826,3950,32226,17199,1688,403,9519,1,0
2021-03-08T23:59:59+01:00,461,671,849,1653,1205,2935,1636,4293,2263,3952,995,928,4515,6599,3473,6770,71,161,303,590,453,1209,611,1880,899,1392,591,552,1086,1817,1794,3917,32101,16946,1592,379,9505,1,0
2021-03-07T23:59:59+01:00,460,668,849,1652,1202,2933,1633,4286,2253,3946,988,920,4510,6595,3472,6769,68,157,293,569,441,1175,593,1776,867,1330,590,552,974,1671,1753,3865,32085,16587,1553,87,9498,0,0
2021-03-06T23:59:59+01:00,451,648,830,1618,1177,2877,1588,4204,2059,3457,965,892,4285,6237,3429,6697,68,157,293,569,441,1174,593,1776,867,1330,590,552,971,1670,1750,3864,31375,16578,1553,87,8486,0,0
2021-03-05T23:59:59+01:00,435,600,797,1512,1123,2653,1502,3975,1849,2796,947,866,3463,5170,3305,6470,68,156,292,566,437,1168,592,1771,865,1326,585,550,931,1608,1732,3834,29081,16394,1552,87,6830,0,0
2021-03-04T23:59:59+01:00,420,590,788,1493,1111,2629,1480,3945,1829,2778,934,863,3457,5166,3304,6469,68,155,289,562,433,1150,583,1751,864,1318,583,549,885,1545,1718,3808,29068,16236,1512,25,6676,0,0
2021-03-03T23:59:59+01:00,408,551,769,1435,1077,2544,1431,3794,1748,2689,907,820,3448,5162,3304,6467,67,155,286,558,432,1147,581,1742,861,1315,583,548,853,1485,1645,3670,28756,15905,1512,23,6286,0,0
2021-03-02T23:59:59+01:00,402,541,753,1405,1027,2499,1356,3708,1631,2594,819,758,3415,5125,3300,6464,66,155,286,553,431,1141,581,1734,861,1313,582,548,853,1485,1645,3670,28118,15881,1449,23,6230,0,0
2021-03-01T23:59:59+01:00,395,526,749,1354,1012,2436,1336,3633,1606,2545,803,749,3407,5119,3300,6464,66,153,285,550,422,1127,581,1719,851,1307,582,546,744,1307,1605,3615,28079,15437,1401,23,5954,0,0
2021-02-28T23:59:59+01:00,390,512,740,1309,1000,2358,1320,3551,1587,2466,799,743,3406,5115,3299,6462,66,153,285,550,422,1126,581,1719,850,1307,582,545,637,1159,1570,3559,28068,15088,1398,23,5591,0,0
2021-02-27T23:59:59+01:00,379,488,726,1285,980,2315,1287,3481,1562,2419,782,733,3404,5115,3299,6462,66,153,285,550,422,1126,580,1719,849,1307,582,545,637,1158,1570,3559,28066,15085,1398,23,5253,0,0
2021-02-26T23:59:59+01:00,349,426,677,1220,911,2189,1194,3317,1466,2287,757,717,2864,4359,2993,5844,66,153,282,548,422,1124,578,1716,846,1302,577,542,630,1144,1563,3543,25797,15013,1398,23,4375,0,0
2021-02-25T23:59:59+01:00,343,410,662,1192,890,2144,1174,3244,1450,2251,755,715,2805,4277,2976,5810,64,149,278,541,422,1121,573,1703,843,1293,569,536,548,1024,1526,3500,25578,14669,1398,21,4122,0,0
2021-02-24T23:59:59+01:00,318,393,616,1146,837,2071,1116,3153,1411,2199,737,693,2548,3956,2915,5706,63,145,274,531,416,1106,566,1680,840,1276,562,525,535,1003,1516,3481,24597,14504,1398,15,3820,0,0
2021-02-23T23:59:59+01:00,300,368,588,1089,801,1983,1035,2996,1349,2118,683,641,2438,3814,2898,5627,63,143,272,524,416,1087,556,1650,832,1257,551,517,523,952,1506,3441,23805,14275,1393,15,3530,0,0
2021-02-22T23:59:59+01:00,295,355,574,1028,784,1906,1008,2903,1312,2059,662,623,2411,3777,2891,5573,62,142,267,518,414,1073,547,1627,826,1239,536,503,507,926,1501,3390,23414,14063,1393,15,3354,0,0
2021-02-21T23:59:59+01:00,292,344,565,1005,771,1863,1000,2857,1282,2038,662,621,2409,3777,2890,5572,62,142,266,518,414,1073,547,1627,826,1237,536,503,507,926,1501,3389,23408,14059,1393,15,3147,0,0
2021-02-20T23:59:59+01:00,195,309,502,951,706,1792,925,2751,1199,1956,652,608,1944,3107,2442,4935,62,142,266,518,414,1073,547,1626,826,1237,536,503,507,926,1501,3389,21163,14058,1393,15,2418,0,0
2021-02-19T23:59:59+01:00,95,236,386,871,583,1649,789,2607,1072,1810,643,594,1555,2458,1990,4282,62,142,266,518,414,1072,547,1625,826,1237,536,503,499,922,1500,3384,18976,14039,1393,14,1251,0,0
2021-02-18T23:59:59+01:00,91,224,375,827,560,1555,759,2467,1035,1750,632,583,1547,2439,1981,4234,59,133,260,489,399,1010,534,1545,804,1168,525,489,493,904,1499,3367,18740,13664,1368,14,951,0,0
2021-02-17T23:59:59+01:00,90,216,362,799,548,1523,726,2345,1007,1685,624,571,1482,2341,1943,4197,59,129,257,478,391,965,522,1481,786,1093,513,478,491,903,1499,3367,18481,13398,1295,14,683,0,0
2021-02-16T23:59:59+01:00,84,208,344,753,523,1449,693,2233,984,1594,614,562,1210,1959,1854,4058,57,120,257,471,383,932,509,1416,760,1028,493,468,490,903,1496,3366,17574,13147,1057,2,491,0,0
2021-02-15T23:59:59+01:00,78,183,318,646,485,1305,639,2020,936,1451,604,561,1113,1840,1819,4010,56,120,256,465,379,927,507,1411,759,1022,493,468,489,900,1495,3363,17251,13110,719,0,38,0,0
2021-02-14T23:59:59+01:00,77,176,314,621,479,1274,629,1963,922,1434,604,561,1008,1704,1781,3966,56,120,256,465,379,927,507,1409,759,1022,493,468,489,900,1495,3363,16925,13108,565,0,23,0,0
2021-02-13T23:59:59+01:00,77,175,314,620,477,1270,628,1961,922,1430,603,560,1008,1700,1778,3964,56,119,256,465,377,923,506,1404,757,1020,491,467,470,856,1243,2911,16899,12321,565,0,23,0,0
2021-02-12T23:59:59+01:00,76,175,313,619,473,1266,628,1957,919,1429,598,559,967,1640,1762,3932,56,119,256,460,373,915,502,1395,751,1014,484,460,448,809,896,2222,16728,11160,565,0,20,0,0
2021-02-11T23:59:59+01:00,76,169,309,605,461,1239,622,1933,912,1417,597,559,916,1573,1749,3904,56,113,240,431,360,859,486,1324,733,992,484,459,448,809,895,2221,16553,10910,482,0,6,0,0
2021-02-10T23:59:59+01:00,74,169,306,602,458,1235,619,1917,907,1413,597,559,905,1555,1731,3862,55,99,201,349,307,747,434,1164,652,902,455,454,446,809,895,2220,16452,10189,455,0,2,0,0
2021-02-09T23:59:59+01:00,71,167,301,596,455,1226,618,1902,901,1408,596,558,884,1515,1675,3764,47,81,141,269,232,583,352,958,553,772,424,445,442,808,893,2220,16209,9220,427,0,1,0,0
2021-02-08T23:59:59+01:00,70,165,298,589,452,1219,617,1884,894,1403,596,556,768,1338,1635,3708,42,65,98,176,170,427,288,726,494,656,418,439,438,806,892,2220,15789,8355,402,0,1,0,0
2021-02-07T23:59:59+01:00,67,161,288,567,435,1180,600,1776,861,1337,596,555,655,1186,1599,3650,41,64,94,172,166,421,284,714,489,646,416,439,438,806,892,2219,15419,8301,94,0,0,0,0
2021-02-06T23:59:59+01:00,67,161,287,567,435,1179,598,1776,859,1334,592,553,653,1176,1593,3644,38,61,93,170,163,411,279,705,477,639,410,439,399,752,663,1842,15380,7541,94,0,0,0,0
2021-02-05T23:59:59+01:00,67,161,285,564,435,1177,597,1775,857,1332,590,553,644,1168,1587,3634,36,57,89,166,157,401,272,686,460,631,404,439,387,718,278,1230,15332,6411,94,0,0,0,0
2021-02-04T23:59:59+01:00,65,158,280,558,429,1158,581,1749,854,1318,581,544,555,1041,1547,3588,35,53,84,161,149,387,261,669,443,617,397,433,384,711,276,1224,14979,6284,27,0,0,0,0
2021-02-03T23:59:59+01:00,64,152,276,549,428,1142,579,1734,852,1304,575,532,546,1032,1544,3576,26,39,70,127,112,281,191,523,335,479,296,331,305,556,212,981,14860,4864,25,0,0,0,0
2021-02-02T23:59:59+01:00,64,150,273,542,428,1122,566,1700,844,1285,561,521,537,982,1535,3536,18,27,45,81,82,188,135,355,214,350,209,212,194,355,152,648,14621,3265,25,0,0,0,0
2021-02-01T23:59:59+01:00,63,148,270,534,426,1105,558,1672,838,1270,550,512,524,953,1528,3493,7,14,22,43,44,95,67,174,96,156,101,97,77,158,67,297,14419,1515,25,0,0,0,0
2021-01-31T23:59:59+01:00,63,147,269,534,422,1101,558,1667,836,1266,550,512,524,953,1528,3492,7,13,20,40,39,80,63,149,82,140,98,97,76,157,65,296,14397,1422,25,0,0,0,0
2021-01-30T23:59:59+01:00,63,147,269,534,422,1101,558,1667,836,1266,550,512,524,953,1528,3492,7,13,20,40,39,80,63,149,82,140,98,96,76,157,65,296,14397,1421,25,0,0,0,0
2021-01-29T23:59:59+01:00,63,147,269,534,422,1101,558,1667,836,1266,550,512,524,953,1528,3492,7,13,20,40,39,80,63,149,82,140,98,96,76,157,65,296,14397,1421,25,0,0,0,0
2021-01-28T23:59:59+01:00,61,137,263,499,409,1038,542,1578,812,1192,539,497,518,936,1526,3478,2,2,5,7,9,14,21,36,21,28,15,19,18,36,16,89,14006,338,19,0,0,0,0
2021-01-27T23:59:59+01:00,59,132,262,487,401,991,531,1513,794,1117,527,485,516,935,1526,3478,2,2,5,7,7,14,21,35,21,27,15,19,18,36,16,89,13737,334,17,0,0,0,0
2021-01-26T23:59:59+01:00,58,126,258,482,392,959,520,1446,769,1051,506,475,515,935,1526,3478,1,2,5,7,7,12,19,32,17,22,14,16,16,34,16,82,13480,302,16,0,0,0,0
2021-01-25T23:59:59+01:00,57,126,256,477,388,953,520,1443,768,1046,506,475,515,934,1526,3476,0,0,0,0,0,0,0,0,0,0,1,1,0,2,0,0,13451,4,15,0,0,0,0
2021-01-24T23:59:59+01:00,57,126,256,477,388,953,520,1442,768,1046,506,475,515,934,1526,3476,0,0,0,0,0,0,0,0,0,0,1,1,0,2,0,0,13450,4,15,0,0,0,0
2021-01-23T23:59:59+01:00,57,125,256,477,387,949,520,1435,767,1044,503,474,496,890,1276,3013,0,0,0,0,0,0,0,0,0,0,1,1,0,2,0,0,12654,4,15,0,0,0,0
2021-01-22T23:59:59+01:00,57,125,255,472,382,941,516,1425,762,1037,497,467,474,841,918,2300,0,0,0,0,0,0,0,0,0,0,1,1,0,2,0,0,11454,4,15,0,0,0,0
2021-01-21T23:59:59+01:00,57,119,236,439,356,873,487,1332,736,1012,495,467,474,841,917,2299,0,0,0,0,0,0,0,0,0,0,1,1,0,2,0,0,11125,4,15,0,0,0,0
2021-01-20T23:59:59+01:00,55,104,204,366,315,777,444,1186,661,926,465,461,472,841,917,2298,0,0,0,0,0,0,0,0,0,0,1,1,0,2,0,0,10477,4,15,0,0,0,0
2021-01-19T23:59:59+01:00,49,87,151,284,243,610,367,1000,574,807,435,452,468,840,917,2298,0,0,0,0,0,0,0,0,0,0,1,0,0,2,0,0,9575,3,7,0,0,0,0
2021-01-18T23:59:59+01:00,43,66,99,184,175,442,301,741,503,671,429,447,465,836,915,2298,0,0,0,0,0,0,0,0,0,0,0,0,0,1,0,0,8615,1,0,0,0,0,0
2021-01-17T23:59:59+01:00,41,65,96,178,170,435,298,731,498,659,427,447,465,836,915,2297,0,0,0,0,0,0,0,0,0,0,0,0,0,0,0,0,8558,0,0,0,0,0,0
2021-01-16T23:59:59+01:00,38,62,94,177,165,426,292,723,481,652,421,447,423,783,679,1915,0,0,0,0,0,0,0,0,0,0,0,0,0,0,0,0,7778,0,0,0,0,0,0
2021-01-15T23:59:59+01:00,36,58,91,172,162,418,285,706,467,645,415,447,412,749,287,1293,0,0,0,0,0,0,0,0,0,0,0,0,0,0,0,0,6643,0,0,0,0,0,0
2021-01-14T23:59:59+01:00,36,54,88,170,158,412,278,698,456,637,412,445,412,748,287,1293,0,0,0,0,0,0,0,0,0,0,0,0,0,0,0,0,6584,0,0,0,0,0,0
2021-01-13T23:59:59+01:00,26,40,72,136,120,309,210,559,351,504,314,343,334,588,223,1042,0,0,0,0,0,0,0,0,0,0,0,0,0,0,0,0,5171,0,0,0,0,0,0
2021-01-12T23:59:59+01:00,18,30,51,92,89,221,153,405,236,377,223,223,219,388,162,704,0,0,0,0,0,0,0,0,0,0,0,0,0,0,0,0,3591,0,0,0,0,0,0
2021-01-11T23:59:59+01:00,9,19,29,50,60,138,93,226,124,197,114,106,91,178,76,324,0,0,0,0,0,0,0,0,0,0,0,0,0,0,0,0,1834,0,0,0,0,0,0
2021-01-10T23:59:59+01:00,8,18,24,45,54,110,83,185,105,165,109,104,88,176,73,324,0,0,0,0,0,0,0,0,0,0,0,0,0,0,0,0,1671,0,0,0,0,0,0
2021-01-09T23:59:59+01:00,8,18,24,45,54,110,83,185,105,165,109,103,88,176,73,324,0,0,0,0,0,0,0,0,0,0,0,0,0,0,0,0,1670,0,0,0,0,0,0
2021-01-08T23:59:59+01:00,8,17,23,44,51,102,79,175,99,162,105,100,84,166,71,316,0,0,0,0,0,0,0,0,0,0,0,0,0,0,0,0,1602,0,0,0,0,0,0
2021-01-07T23:59:59+01:00,2,3,5,8,9,15,24,36,21,32,16,19,19,37,18,93,0,0,0,0,0,0,0,0,0,0,0,0,0,0,0,0,357,0,0,0,0,0,0
2021-01-06T23:59:59+01:00,2,2,5,7,7,14,23,35,20,29,16,19,19,37,18,92,0,0,0,0,0,0,0,0,0,0,0,0,0,0,0,0,345,0,0,0,0,0,0
2021-01-05T23:59:59+01:00,2,2,5,7,7,14,23,35,20,29,16,19,19,37,18,92,0,0,0,0,0,0,0,0,0,0,0,0,0,0,0,0,345,0,0,0,0,0,0
2021-01-04T23:59:59+01:00,0,0,0,0,0,0,1,0,0,0,1,1,0,2,0,0,0,0,0,0,0,0,0,0,0,0,0,0,0,0,0,0,5,0,0,0,0,0,0
2021-01-03T23:59:59+01:00,0,0,0,0,0,0,1,0,0,0,1,1,0,2,0,0,0,0,0,0,0,0,0,0,0,0,0,0,0,0,0,0,5,0,0,0,0,0,0
2021-01-02T23:59:59+01:00,0,0,0,0,0,0,1,0,0,0,1,1,0,2,0,0,0,0,0,0,0,0,0,0,0,0,0,0,0,0,0,0,5,0,0,0,0,0,0
2021-01-01T23:59:59+01:00,0,0,0,0,0,0,1,0,0,0,1,1,0,2,0,0,0,0,0,0,0,0,0,0,0,0,0,0,0,0,0,0,5,0,0,0,0,0,0
2020-12-31T23:59:59+01:00,0,0,0,0,0,0,1,0,0,0,1,1,0,2,0,0,0,0,0,0,0,0,0,0,0,0,0,0,0,0,0,0,5,0,0,0,0,0,0
2020-12-30T23:59:59+01:00,0,0,0,0,0,0,1,0,0,0,1,1,0,2,0,0,0,0,0,0,0,0,0,0,0,0,0,0,0,0,0,0,5,0,0,0,0,0,0
2020-12-29T23:59:59+01:00,0,0,0,0,0,0,1,0,0,0,1,0,0,2,0,0,0,0,0,0,0,0,0,0,0,0,0,0,0,0,0,0,4,0,0,0,0,0,0
2020-12-28T23:59:59+01:00,0,0,0,0,0,0,0,0,0,0,1,0,0,1,0,0,0,0,0,0,0,0,0,0,0,0,0,0,0,0,0,0,2,0,0,0,0,0,0
2020-12-27T23:59:59+01:00,0,0,0,0,0,0,0,0,0,0,0,0,0,0,0,0,0,0,0,0,0,0,0,0,0,0,0,0,0,0,0,0,0,0,0,0,0,0,0
