Datum,<15_m,<15_w,15-24_1_m,15-24_1_w,25-34_1_m,25-34_1_w,35-44_1_m,35-44_1_w,45-54_1_m,45-54_1_w,55-64_1_m,55-64_1_w,65-74_1_m,65-74_1_w,75-84_1_m,75-84_1_w,>84_1_m,>84_1_w,<24_2_m,<24_2_w,25-34_2_m,25-34_2_w,35-44_2_m,35-44_2_w,45-54_2_m,45-54_2_w,55-64_2_m,55-64_2_w,65-74_2_m,65-74_2_w,75-84_2_m,75-84_2_w,>84_2_m,>84_2_w,bp_1,bp_2,mo_1,mo_2,az_1,az_2,ja,unb_1,unb_2
2021-07-24T23:59:59+02:00,737,665,11195,10650,15094,14123,18488,18998,25137,26496,31835,33050,24644,27544,16935,21644,5018,9502,6238,5903,9996,9767,14397,15084,22262,23637,29159,30346,23281,26024,16231,20678,4842,9020,224959,184764,30597,28609,46294,43866,9647,258,123
2021-07-23T23:59:59+02:00,711,643,11130,10570,15069,14090,18459,18983,25115,26477,31819,33033,24633,27539,16933,21644,5018,9499,5872,5595,9879,9661,14052,14823,22071,23467,29039,30230,23229,25956,16220,20657,4838,9013,224580,182515,30596,28609,46294,43856,9637,258,123
2021-07-22T23:59:59+02:00,672,605,10981,10412,14972,14004,18375,18937,25036,26422,31748,32969,24598,27498,16918,21626,5014,9494,5559,5314,9613,9453,13473,14355,21756,23208,28810,30003,23131,25860,16177,20620,4834,9010,223654,179251,30594,28599,46293,43838,9482,258,123
2021-07-21T23:59:59+02:00,652,581,10917,10358,14941,13977,18338,18902,25001,26393,31710,32923,24574,27467,16903,21615,5012,9489,4944,4850,9177,9204,13099,14128,21528,23055,28624,29856,23066,25784,16152,20597,4832,9007,223243,177503,30587,27335,46292,43671,9373,258,123
2021-07-20T23:59:59+02:00,634,564,10860,10304,14915,13943,18303,18875,24971,26362,31675,32891,24554,27446,16898,21601,5009,9482,4801,4739,9024,9072,12938,13996,21415,22934,28496,29733,22987,25681,16130,20558,4825,9001,222874,176168,30587,27323,46289,43524,9279,258,123
2021-07-19T23:59:59+02:00,621,552,10823,10273,14886,13923,18284,18868,24946,26337,31642,32863,24537,27423,16892,21590,5007,9479,4722,4669,8928,8998,12826,13901,21320,22828,28397,29613,22931,25624,16105,20529,4820,8995,222639,175236,30587,27315,46280,43428,9182,258,123
2021-07-18T23:59:59+02:00,607,543,10770,10222,14851,13904,18259,18851,24926,26320,31619,32845,24528,27413,16886,21581,5007,9475,4615,4566,8794,8878,12700,13764,21234,22737,28326,29536,22904,25595,16096,20516,4817,8994,222368,174233,30587,27301,46280,43375,9114,258,123
2021-07-17T23:59:59+02:00,535,473,10487,9927,14741,13806,18171,18774,24821,26246,31514,32796,24496,27379,16874,21561,5005,9474,4571,4525,8742,8807,12467,13574,20817,22402,28198,29406,22867,25543,16087,20501,4816,8991,220842,172476,30587,27301,46280,43373,9113,258,123
2021-07-16T23:59:59+02:00,506,437,10355,9809,14683,13766,18117,18723,24790,26213,31494,32774,24487,27364,16871,21554,5005,9471,4523,4483,8667,8767,12093,13297,20276,22009,28066,29314,22818,25506,16078,20496,4814,8989,220193,170378,30586,27299,46280,43366,9102,258,123
2021-07-15T23:59:59+02:00,476,400,10218,9705,14617,13717,18061,18655,24740,26166,31443,32724,24462,27328,16853,21538,4998,9467,4318,4348,8348,8570,11581,12898,19175,21167,27653,28974,22649,25337,16013,20423,4804,8973,219477,165732,30585,27286,46279,43170,8969,258,123
2021-07-14T23:59:59+02:00,455,387,10190,9680,14583,13697,18032,18619,24704,26125,31393,32671,24433,27300,16842,21521,4997,9465,4196,4200,8095,8403,11352,12754,18997,21057,27509,28849,22584,25259,15979,20385,4801,8965,219114,164183,30585,27268,46279,42998,8858,258,123
2021-07-13T23:59:59+02:00,431,373,10141,9628,14554,13671,18010,18586,24669,26104,31359,32632,24417,27270,16831,21510,4996,9463,4102,4106,7920,8245,11152,12564,18865,20922,27356,28688,22487,25175,15944,20332,4797,8954,218721,162738,30585,27247,46278,42741,8803,258,123
2021-07-12T23:59:59+02:00,418,352,10098,9579,14529,13653,17979,18556,24635,26064,31325,32589,24392,27248,16816,21505,4993,9460,3995,4007,7752,8123,10995,12429,18752,20802,27235,28569,22413,25114,15917,20306,4796,8949,218359,161581,30584,27226,46278,42551,8712,258,123
2021-07-11T23:59:59+02:00,410,334,10069,9551,14512,13633,17962,18546,24615,26056,31304,32571,24380,27238,16814,21503,4993,9458,3926,3934,7633,8025,10849,12301,18629,20702,27134,28457,22371,25066,15896,20281,4794,8946,218169,160621,30584,27221,46277,42352,8661,258,123
2021-07-10T23:59:59+02:00,384,311,9961,9446,14458,13594,17916,18523,24591,26036,31286,32555,24372,27229,16810,21499,4991,9456,3902,3909,7589,7986,10820,12272,18604,20678,27107,28435,22364,25051,15892,20276,4794,8946,217648,160321,30583,27220,46277,42343,8652,258,123
2021-07-09T23:59:59+02:00,325,264,9699,9238,14354,13514,17840,18453,24505,25983,31237,32494,24349,27199,16797,21481,4991,9450,3835,3869,7457,7896,10603,12127,18380,20540,26693,28116,22180,24860,15837,20216,4791,8939,216429,158189,30583,27217,46276,42215,8627,258,123
2021-07-08T23:59:59+02:00,248,197,9509,9098,14254,13438,17746,18383,24445,25933,31155,32438,24322,27168,16784,21463,4987,9445,3680,3745,7149,7707,10250,11899,18037,20258,26388,27859,22008,24702,15769,20143,4784,8923,215345,155820,30580,27172,46263,41646,8567,258,123
2021-07-07T23:59:59+02:00,210,168,9408,8996,14203,13407,17702,18342,24395,25893,31114,32398,24298,27138,16773,21445,4987,9437,3485,3617,6821,7485,9305,11173,17457,19829,25987,27553,21775,24401,15692,20047,4770,8909,214726,153224,30577,25431,46260,41056,8493,258,123
2021-07-06T23:59:59+02:00,188,155,9331,8939,14152,13379,17666,18300,24356,25854,31053,32353,24262,27110,16758,21428,4985,9435,3371,3542,6623,7363,9036,11010,17215,19649,25713,27298,21620,24199,15611,19943,4758,8894,214169,151307,30560,25421,46257,40555,8460,258,123
2021-07-05T23:59:59+02:00,176,141,9245,8858,14114,13337,17633,18250,24320,25824,31008,32302,24238,27088,16750,21414,4984,9433,3320,3507,6495,7284,8887,10889,17074,19511,25543,27143,21477,24032,15562,19891,4747,8884,213631,150249,30560,25412,46254,40070,8412,258,123
2021-07-04T23:59:59+02:00,161,134,9191,8808,14082,13325,17610,18232,24295,25805,30988,32277,24223,27074,16744,21406,4983,9430,3268,3465,6432,7244,8800,10818,16989,19428,25415,27034,21353,23904,15521,19840,4745,8877,213364,149595,30559,25403,46238,39680,8349,258,123
2021-07-03T23:59:59+02:00,158,131,8681,8311,13924,13205,17510,18115,24202,25748,30924,32228,24202,27052,16732,21394,4981,9427,3209,3386,6314,7125,8633,10681,16776,19249,25027,26727,21238,23768,15491,19801,4741,8871,211537,147569,30559,25403,46238,39625,8333,258,123
2021-07-02T23:59:59+02:00,151,127,8112,7839,13780,13097,17418,18038,24133,25677,30864,32166,24164,27010,16726,21374,4979,9422,3098,3279,6044,6970,8376,10440,16407,18922,24556,26304,21010,23496,15421,19719,4735,8868,209696,144507,30559,25401,46234,39300,8330,258,122
2021-07-01T23:59:59+02:00,140,117,7986,7733,13698,13040,17349,17987,24064,25626,30813,32115,24136,26986,16716,21362,4978,9421,2911,3091,5699,6686,7943,10025,15821,18452,23797,25654,20526,23024,15294,19559,4723,8843,208916,139973,30555,25390,46231,38270,8307,258,121
2021-06-30T23:59:59+02:00,123,104,7839,7619,13631,12992,17296,17935,24014,25573,30755,32071,24107,26964,16702,21345,4978,9416,2815,3012,5547,6543,7719,9804,14865,17585,23187,25107,20169,22633,15162,19399,4709,8809,208366,138451,30381,23118,46227,37155,8232,258,121
2021-06-29T23:59:59+02:00,108,91,7772,7529,13588,12954,17257,17891,23962,25512,30706,32012,24086,26938,16692,21329,4975,9412,2756,2968,5419,6445,7565,9670,14698,17414,22946,24875,19911,22308,15063,19299,4697,8789,207751,137337,30379,23106,46224,36066,8202,258,121
2021-06-28T23:59:59+02:00,103,85,7708,7458,13524,12895,17211,17840,23921,25467,30650,31968,24069,26910,16685,21319,4973,9410,2727,2936,5351,6398,7472,9599,14601,17333,22796,24662,19707,22062,15008,19230,4693,8775,207219,136743,30377,23096,46216,35271,8126,258,121
2021-06-27T23:59:59+02:00,89,80,7660,7396,13494,12859,17182,17808,23902,25432,30624,31940,24057,26902,16678,21314,4973,9408,2704,2922,5300,6373,7401,9554,14505,17270,22702,24575,19580,21921,14977,19179,4689,8766,206870,136237,30377,23085,46210,34897,8083,258,121
2021-06-26T23:59:59+02:00,85,77,7158,6844,13102,12561,17070,17708,23839,25372,30588,31905,24049,26885,16674,21303,4972,9407,2603,2813,5114,6185,7202,9365,13961,16816,22046,23943,19433,21780,14932,19126,4687,8758,204720,132656,30377,23085,46210,34877,8083,209,68
2021-06-25T23:59:59+02:00,84,75,6673,6361,12651,12192,16911,17590,23749,25305,30507,31865,24027,26858,16669,21293,4970,9405,2500,2658,4942,5994,6944,9072,13435,16287,21495,23362,19236,21573,14874,19059,4683,8746,202324,128981,30377,23085,46210,34666,8065,209,68
2021-06-24T23:59:59+02:00,74,63,6451,6146,12428,12042,16805,17507,23677,25253,30449,31818,23993,26816,16665,21283,4968,9398,2292,2419,4571,5617,6445,8581,12716,15573,20345,22361,18773,21095,14770,18928,4671,8731,201059,123044,30375,23073,46203,33718,7990,209,68
2021-06-23T23:59:59+02:00,69,61,5878,5647,12266,11930,16686,17394,23604,25206,30386,31768,23959,26793,16658,21269,4964,9394,2255,2368,4508,5497,6354,8431,12484,15284,20102,22104,18474,20767,14673,18814,4660,8714,200552,122029,29037,22925,46194,32532,7940,209,68
2021-06-22T23:59:59+02:00,66,57,5736,5519,12168,11825,16600,17318,23546,25144,30319,31690,23933,26761,16648,21248,4960,9392,2202,2333,4413,5414,6231,8284,11617,14623,19691,21699,18142,20415,14565,18676,4650,8694,199621,121113,29030,21233,46179,31348,7891,209,68
2021-06-21T23:59:59+02:00,63,54,5600,5408,12094,11733,16540,17234,23492,25071,30269,31632,23909,26733,16635,21233,4960,9388,2169,2297,4355,5317,6144,8158,10836,13920,19242,21290,17916,20185,14505,18582,4641,8678,198808,120321,29026,19450,46174,30569,7831,209,68
2021-06-20T23:59:59+02:00,61,52,5483,5282,11931,11550,16475,17111,23441,25005,30227,31577,23893,26713,16629,21218,4955,9383,2151,2269,4314,5277,6074,8110,10733,13840,19130,21163,17759,19995,14439,18499,4637,8671,197799,119788,29023,19447,46168,29975,7787,209,68
2021-06-19T23:59:59+02:00,57,48,5465,5262,11169,10892,16000,16724,23381,24961,30183,31534,23875,26693,16621,21206,4955,9383,2081,2152,4109,5048,5797,7832,10409,13510,18083,20312,17592,19811,14406,18434,4632,8659,195223,115609,29023,19447,46168,29961,7786,209,68
2021-06-18T23:59:59+02:00,54,47,5431,5236,10529,10315,15392,16166,23291,24892,30114,31471,23847,26663,16610,21191,4954,9381,2012,2065,3966,4906,5519,7563,10030,13147,16938,19108,17391,19574,14358,18370,4629,8649,192405,111221,29017,19446,46168,29709,7785,209,68
2021-06-17T23:59:59+02:00,47,38,5313,5133,9850,9812,14904,15780,23192,24806,30033,31377,23807,26617,16596,21170,4953,9378,1883,1958,3710,4662,5133,7201,9488,12659,15754,17917,16932,19085,14217,18196,4616,8625,189919,106110,29015,19438,46165,28793,7643,64,56
2021-06-16T23:59:59+02:00,45,30,5179,4998,9653,9652,14759,15651,23100,24712,29936,31301,23763,26573,16581,21158,4952,9368,1843,1917,3606,4578,5031,7083,8461,11809,15481,17624,16637,18749,14082,18026,4610,8592,188748,105231,29004,17565,46162,27848,7433,64,56
2021-06-15T23:59:59+02:00,40,26,4992,4812,9474,9497,14625,15509,23008,24622,29860,31215,23720,26500,16555,21125,4944,9353,1781,1859,3529,4484,4938,6971,8345,11667,15304,17398,16320,18441,13941,17857,4587,8534,187437,104477,29002,17561,46142,26634,7232,64,56
2021-06-14T23:59:59+02:00,38,23,4916,4748,9381,9390,14547,15420,22939,24548,29790,31155,23688,26461,16540,21107,4941,9347,1758,1836,3492,4460,4897,6939,8246,11604,15166,17264,16140,18237,13851,17760,4582,8527,186696,104252,28998,17558,46136,25812,7085,64,56
2021-06-13T23:59:59+02:00,37,22,4858,4700,9295,9315,14463,15353,22878,24498,29723,31103,23662,26433,16531,21097,4941,9345,1708,1821,3450,4436,4843,6896,8175,11568,15067,17169,15984,18053,13797,17687,4575,8520,186116,103974,28992,17556,46121,25206,6961,64,56
2021-06-12T23:59:59+02:00,35,21,4839,4685,9267,9292,14228,15180,22749,24369,29680,31059,23642,26418,16522,21089,4940,9343,1583,1699,3212,4225,4439,6593,7629,11138,13293,15481,15632,17682,13717,17585,4573,8506,185223,97278,28992,17556,46121,25142,6959,63,56
2021-06-11T23:59:59+02:00,31,20,4785,4631,9186,9239,13911,14960,22553,24221,29584,30968,23605,26373,16504,21077,4939,9340,1480,1566,3028,4017,4140,6229,7122,10594,11663,13607,15157,17108,13603,17438,4558,8492,183865,90396,28989,17555,46121,24911,6889,63,55
2021-06-10T23:59:59+02:00,25,17,4501,4403,8641,8908,12641,13943,21986,23773,29212,30666,23468,26215,16451,21009,4926,9325,1357,1475,2793,3836,3811,5946,6690,10205,10253,12280,14644,16535,13433,17231,4543,8466,178543,85866,28974,17553,46115,23613,6415,63,55
2021-06-09T23:59:59+02:00,22,13,4266,4240,8048,8617,11743,13285,21667,23559,28982,30515,23405,26152,16432,20985,4923,9321,1269,1421,2640,3765,3669,5868,6485,10113,9991,12101,14325,16190,13263,17051,4536,8448,176444,85536,27703,17451,46109,22240,5857,62,55
2021-06-08T23:59:59+02:00,18,10,4136,4140,7646,8391,11257,12995,21441,23380,28783,30362,23346,26078,16400,20943,4917,9312,1191,1395,2505,3708,3511,5801,5590,9369,9523,11742,13995,15789,13039,16817,4522,8426,174693,85187,27332,15303,46085,20999,5383,62,55
2021-06-07T23:59:59+02:00,14,8,4017,4061,7415,8285,10969,12817,21239,23266,28630,30246,23288,26025,16383,20918,4913,9304,1142,1276,2384,3648,3381,5739,5427,9295,9318,11618,13775,15539,12887,16655,4516,8408,173480,85001,27322,15300,46076,19798,4858,62,55
2021-06-06T23:59:59+02:00,12,8,3899,4002,7177,8163,10720,12656,21053,23177,28544,30156,23257,25991,16371,20900,4910,9300,1122,1259,2320,3612,3285,5687,5321,9220,9202,11517,13618,15385,12816,16561,4513,8401,172330,84812,27305,15296,46066,19147,4533,62,55
2021-06-05T23:59:59+02:00,12,8,3871,3965,7139,8123,10543,12499,20429,22670,28383,30011,23207,25946,16357,20881,4910,9296,1090,1158,2156,3160,3053,5151,5151,8890,8423,10570,12970,14547,12703,16414,4502,8391,170297,79442,27305,15296,46064,19016,4523,61,55
2021-06-04T23:59:59+02:00,12,8,3842,3939,7103,8098,10446,12407,20068,22343,28279,29915,23172,25908,16343,20871,4908,9295,1058,1091,2058,2851,2893,4674,4994,8521,7910,9912,11472,12834,12579,16217,4495,8373,169023,73074,27292,15295,46064,18994,4517,61,55
2021-06-03T23:59:59+02:00,7,5,3708,3837,6884,7961,9890,11985,18842,21413,27881,29605,23038,25766,16290,20809,4904,9281,1005,1046,1970,2740,2757,4519,4791,8221,7550,9464,11095,12439,12473,16104,4492,8360,164269,71291,27282,15292,46060,17957,4434,61,55
2021-06-02T23:59:59+02:00,7,5,3701,3829,6872,7944,9880,11974,18654,21233,27810,29556,23015,25745,16284,20800,4901,9279,1001,1039,1958,2710,2736,4500,4580,8038,7015,8976,11058,12398,12458,16089,4488,8354,164204,71183,26737,13801,46060,17935,4427,61,55
2021-06-01T23:59:59+02:00,7,5,3574,3753,6635,7797,9592,11781,18199,20886,27573,29361,22921,25643,16243,20748,4898,9267,964,991,1874,2640,2656,4428,4302,7805,6419,8445,10846,12186,12360,15987,4483,8342,162518,70745,25957,12509,46046,17121,4301,61,55
2021-05-31T23:59:59+02:00,7,5,3527,3708,6546,7730,9456,11682,18073,20795,27483,29285,22854,25582,16226,20720,4893,9260,935,967,1807,2600,2576,4386,4196,7741,6301,8370,10660,12018,12259,15872,4473,8334,161679,70386,25927,12504,46033,16421,4132,61,55
2021-05-30T23:59:59+02:00,7,4,3496,3684,6482,7676,9368,11592,17986,20716,27406,29215,22809,25537,16204,20693,4888,9250,931,960,1798,2592,2565,4374,4168,7717,6250,8329,10599,11941,12225,15830,4468,8325,160981,70345,25922,12501,46020,16134,4040,50,55
2021-05-29T23:59:59+02:00,7,4,3485,3665,6446,7649,9324,11555,17948,20677,27261,29110,22754,25463,16189,20673,4885,9246,895,941,1741,2546,2492,4289,3979,7463,5978,8034,8411,9291,12034,15489,4453,8296,160323,64126,25922,12499,46006,15614,4040,50,55
2021-05-28T23:59:59+02:00,7,4,3422,3610,6315,7572,9184,11424,17791,20546,27080,28989,22688,25388,16168,20656,4884,9245,882,927,1722,2526,2456,4236,3828,7166,5784,7773,5726,6191,11757,15093,4438,8247,158970,57305,25920,12499,46002,14887,4031,50,32
2021-05-27T23:59:59+02:00,7,4,3275,3480,6032,7392,8583,11092,17315,20209,26667,28642,22521,25223,16110,20593,4877,9227,832,869,1640,2431,2339,4102,3405,6203,5361,7181,5566,6018,11679,15020,4432,8230,155499,56823,25862,12453,45995,12159,3843,50,32
2021-05-26T23:59:59+02:00,7,4,3168,3397,5813,7226,8211,10806,16850,19903,26366,28406,22373,25090,16059,20519,4864,9207,815,861,1588,2406,2286,4072,3332,6129,5264,7111,5434,5891,11614,14954,4427,8218,152796,56751,25846,12451,45973,11566,3604,50,32
2021-05-25T23:59:59+02:00,7,4,3077,3334,5671,7113,8014,10644,15849,19124,26013,28052,22215,24937,16007,20439,4857,9197,795,843,1552,2362,2215,4013,3257,6062,5180,7047,5268,5723,11506,14874,4419,8207,151244,56687,23922,12264,45959,10961,3381,48,32
2021-05-24T23:59:59+02:00,7,4,3014,3316,5584,7069,7896,10583,14936,18435,25598,27740,22121,24834,15976,20403,4850,9185,787,841,1530,2345,2171,3978,3212,6015,5103,6967,5169,5616,11427,14798,4418,8201,150520,56655,21854,12188,45950,10526,3179,48,32
2021-05-23T23:59:59+02:00,7,4,3011,3312,5575,7062,7887,10575,14931,18434,25597,27739,22121,24834,15976,20403,4850,9185,785,838,1523,2338,2159,3965,3193,6000,5082,6934,5125,5564,11410,14774,4417,8199,150492,56647,21854,12188,45948,10280,3161,48,32
2021-05-22T23:59:59+02:00,6,4,2975,3270,5502,7016,7787,10488,14733,18273,25318,27497,22022,24748,15943,20360,4847,9181,763,817,1480,2286,2108,3886,3080,5880,4770,6368,4555,4823,10766,13953,4407,8160,148959,53405,21854,12188,45948,9318,3161,48,32
2021-05-21T23:59:59+02:00,4,4,2903,3195,5376,6920,7661,10342,14476,18043,25025,27262,21908,24640,15910,20311,4842,9172,732,764,1412,2158,2006,3621,2898,5547,4296,5479,4145,4287,10025,13014,4342,8034,147025,49677,21853,12188,45943,7734,3131,42,32
2021-05-20T23:59:59+02:00,4,4,2772,3032,5098,6665,7375,9976,14017,17560,24414,26714,21638,24345,15817,20192,4828,9142,718,754,1385,2133,1967,3588,2845,5494,4213,5403,4019,4185,9950,12951,4333,8023,142883,49588,21844,12177,45924,7265,2900,42,32
2021-05-19T23:59:59+02:00,4,4,2720,2980,5001,6526,7232,9794,12871,16526,24151,26427,21541,24215,15772,20131,4820,9135,699,728,1360,2085,1935,3503,2782,5348,4118,5297,3938,4095,9897,12887,4330,8019,141513,49560,19774,12113,45854,6650,2667,42,32
2021-05-18T23:59:59+02:00,4,4,2697,2957,4954,6494,7183,9764,12517,16251,23971,26275,21448,24126,15742,20078,4812,9123,670,671,1305,1956,1863,3302,2685,5140,3989,5100,3713,3818,9815,12807,4320,8009,141238,49540,18921,11115,45811,6089,2388,42,32
2021-05-17T23:59:59+02:00,4,4,2671,2936,4911,6424,7095,9656,12365,16073,23822,26115,21394,24075,15724,20055,4807,9115,662,657,1289,1920,1842,3253,2637,5032,3910,4986,3577,3667,9748,12744,4317,8000,140268,49518,18913,11105,45796,5360,2227,42,32
2021-05-16T23:59:59+02:00,4,4,2659,2922,4888,6357,7057,9573,12305,15999,23770,26055,21370,24058,15714,20041,4804,9112,657,651,1279,1917,1825,3244,2615,5020,3881,4964,3526,3601,9709,12712,4316,7998,139831,49507,18905,11094,45774,5143,2140,42,32
2021-05-15T23:59:59+02:00,4,4,2533,2782,4700,6152,6866,9387,11788,15583,23183,25505,21264,23940,15680,19998,4801,9104,607,589,1196,1830,1687,3090,2327,4713,3433,4454,3194,3174,9546,12507,4292,7969,136445,46549,18904,11094,45768,4819,2115,42,32
2021-05-14T23:59:59+02:00,4,4,2417,2606,4505,5927,6589,9074,11252,15074,22616,24938,21119,23801,15644,19940,4797,9093,544,512,1094,1710,1528,2875,1996,4309,2834,3868,2809,2737,9462,12360,4288,7965,132629,43625,18897,11092,45746,4057,2086,42,32
2021-05-13T23:59:59+02:00,4,4,2234,2319,4183,5544,6162,8600,10694,14388,21584,24026,20836,23527,15584,19841,4790,9078,540,512,1081,1694,1513,2856,1986,4283,2812,3842,2793,2719,9455,12356,4287,7965,126727,43550,18844,11084,45720,3964,2065,42,32
2021-05-12T23:59:59+02:00,4,4,2233,2316,4176,5543,6153,8594,10593,14267,21531,23987,20831,23516,15579,19833,4789,9078,532,490,1045,1639,1464,2777,1903,4197,2753,3783,2712,2624,9404,12283,4287,7965,126685,43547,18518,10257,45720,3961,2062,42,32
2021-05-11T23:59:59+02:00,4,4,2112,2277,4092,5478,6028,8480,10288,14017,21339,23825,20755,23445,15564,19800,4785,9073,507,466,984,1579,1395,2686,1803,4059,2680,3709,2558,2397,9340,12182,4286,7965,125743,43529,18181,9424,45439,3651,1961,42,32
2021-05-10T23:59:59+02:00,4,4,2071,2201,3985,5356,5893,8301,9497,13254,20960,23502,20665,23356,15525,19746,4775,9060,494,437,946,1514,1329,2596,1713,3897,2596,3614,2529,2373,9331,12164,4282,7960,124609,43498,16333,9241,45336,3170,1835,42,32
2021-05-09T23:59:59+02:00,4,4,2039,2186,3951,5316,5841,8253,9431,13185,20890,23429,20632,23315,15510,19719,4772,9046,487,428,925,1471,1303,2548,1679,3835,2558,3571,2520,2361,9321,12147,4282,7952,124166,43439,16329,9238,45241,2935,1745,42,32
2021-05-08T23:59:59+02:00,4,4,1976,2085,3767,5141,5568,8047,9120,12900,19757,22500,20436,23120,15477,19650,4767,9034,414,398,860,1431,1227,2476,1591,3733,2340,3359,1976,1934,9227,12062,4281,7952,120037,41983,16328,9237,45238,2294,1744,6,4
2021-05-07T23:59:59+02:00,4,4,1888,1973,3583,4970,5248,7751,8711,12529,18509,21229,20254,22908,15432,19592,4758,9015,323,339,751,1357,1097,2347,1457,3589,2168,3167,1609,1600,8739,11616,4280,7950,115099,40261,16326,9234,45217,1181,1710,6,4
2021-05-06T23:59:59+02:00,4,4,1704,1864,3297,4718,4798,7347,8069,11965,17269,19986,19920,22530,15325,19429,4748,9004,306,330,730,1328,1057,2301,1409,3505,2101,3099,1573,1545,8722,11585,4274,7947,109245,40242,16319,9228,44983,911,1428,6,4
2021-05-05T23:59:59+02:00,4,3,1634,1834,3217,4631,4721,7243,7938,11814,17113,19840,19800,22411,15249,19333,4726,8908,295,318,688,1276,996,2226,1327,3355,1992,2982,1480,1447,8308,11017,4268,7929,108487,40206,16176,8104,44813,654,937,6,4
2021-05-04T23:59:59+02:00,4,3,1608,1805,3175,4557,4662,7133,7686,11520,16555,19261,19714,22281,15175,19236,4698,8798,279,305,665,1248,975,2172,1268,3236,1879,2825,1408,1341,8239,10914,4264,7911,107802,40181,14830,7828,44710,394,523,6,4
2021-05-03T23:59:59+02:00,4,3,1600,1801,3167,4543,4624,7111,7433,11289,15863,18665,19650,22196,15149,19202,4692,8788,264,284,643,1166,927,2084,1205,3098,1781,2688,1342,1261,8214,10879,4260,7902,107720,40172,13234,7621,44670,52,150,6,4
2021-05-02T23:59:59+02:00,4,3,1599,1798,3162,4541,4620,7108,7420,11279,15844,18653,19634,22188,15149,19200,4691,8788,264,282,640,1165,922,2081,1195,3092,1773,2681,1328,1254,8213,10874,4259,7902,107693,40150,13232,7619,44646,49,104,6,4
2021-05-01T23:59:59+02:00,4,3,1466,1656,2882,4291,4153,6748,6803,10796,13911,16773,19253,21792,15058,19084,4688,8772,262,282,637,1163,921,2078,1193,3091,1771,2677,1323,1250,8211,10872,4259,7902,100153,40120,13232,7619,44642,49,101,5,4
2021-04-30T23:59:59+02:00,3,3,1343,1506,2667,4068,3823,6352,6236,10201,12120,14735,18795,21253,14954,18942,4674,8762,257,281,630,1156,906,2070,1181,3081,1759,2663,1312,1241,8207,10867,4258,7902,92529,40073,13232,7619,44642,46,30,4,4
2021-04-29T23:59:59+02:00,2,3,1227,1441,2501,3942,3583,6148,5879,9898,10780,13458,18536,20976,14911,18872,4670,8756,256,277,625,1149,894,2064,1161,3076,1729,2627,1286,1217,8201,10858,4258,7902,87841,40041,13223,7486,44502,37,13,4,4
2021-04-28T23:59:59+02:00,2,3,1168,1435,2451,3923,3533,6124,5817,9865,10683,13390,18506,20942,14904,18856,4670,8753,256,276,623,1148,891,2062,1157,3072,1721,2626,1280,1199,7759,10338,4258,7902,87572,40020,13173,6501,44264,33,12,4,3
2021-04-27T23:59:59+02:00,2,3,1120,1409,2350,3879,3469,6097,5698,9810,10566,13314,18473,20904,14891,18841,4669,8751,255,276,621,1141,890,2060,1153,3069,1717,2622,1269,1182,7342,9758,4258,7902,87067,40001,13120,5472,44044,29,11,4,3
2021-04-26T23:59:59+02:00,2,3,1078,1380,2260,3787,3342,5997,5531,9690,10263,13055,18411,20850,14883,18823,4667,8751,254,275,620,1140,884,2057,1146,3066,1699,2612,1254,1169,7333,9738,4258,7902,85731,39915,13110,5451,43917,28,11,4,3
2021-04-25T23:59:59+02:00,2,3,1075,1377,2252,3785,3335,5993,5511,9683,10228,13025,18401,20838,14882,18817,4667,8750,253,275,620,1140,884,2057,1143,3066,1699,2612,1254,1169,7333,9736,4258,7902,85708,39912,13101,5449,43801,28,10,4,3
2021-04-24T23:59:59+02:00,2,2,1032,1260,2066,3248,3065,5381,5317,9271,9397,11980,17695,19944,14768,18658,4659,8739,252,274,619,1139,884,2056,1143,3065,1693,2607,1251,1164,7331,9735,4258,7901,79593,39888,13101,5445,43777,28,9,4,3
2021-04-23T23:59:59+02:00,1,2,1000,1177,1953,2901,2883,4830,5122,8842,8844,11259,16066,18088,14623,18452,4651,8716,252,274,618,1139,882,2054,1142,3065,1692,2606,1246,1159,7327,9733,4258,7900,72580,39874,13100,5434,43717,28,9,4,3
2021-04-22T23:59:59+02:00,1,2,995,1166,1934,2885,2863,4811,5065,8796,8733,11156,15996,18011,14597,18422,4649,8711,250,274,614,1138,879,2053,1134,3053,1677,2586,1222,1137,7322,9725,4258,7900,72534,39860,13044,5324,43202,27,9,4,3
2021-04-21T23:59:59+02:00,1,2,986,1158,1922,2872,2836,4785,5019,8741,8626,11033,15910,17927,14568,18388,4649,8706,245,271,604,1129,865,2024,1124,3028,1666,2561,1209,1124,7099,9408,4257,7900,72494,39853,12988,4624,42634,26,9,4,3
2021-04-20T23:59:59+02:00,1,2,959,1109,1870,2757,2763,4624,4926,8562,8452,10826,15679,17646,14510,18329,4642,8700,232,268,586,1108,839,1994,1096,3002,1631,2520,1190,1111,7091,9403,4256,7899,72458,39832,11859,4359,42027,24,9,4,3
2021-04-19T23:59:59+02:00,1,2,950,1100,1838,2736,2713,4599,4802,8501,8252,10715,15587,17548,14488,18310,4642,8694,226,260,568,1086,821,1962,1078,2959,1586,2465,1172,1092,7084,9400,4254,7898,72058,39798,11837,4080,41570,22,9,4,3
2021-04-18T23:59:59+02:00,1,2,947,1099,1833,2730,2705,4587,4784,8489,8212,10673,15538,17490,14478,18293,4641,8692,226,260,568,1085,820,1962,1078,2959,1586,2464,1172,1091,7082,9399,4253,7898,72012,39792,11834,4078,41335,22,9,4,3
2021-04-17T23:59:59+02:00,0,2,914,1085,1784,2692,2637,4508,4630,8349,7950,10445,13176,14590,14281,17941,4624,8656,224,260,568,1082,816,1956,1066,2952,1576,2444,1135,1050,6751,8983,4228,7850,65203,38841,11834,4067,41214,22,9,4,3
2021-04-16T23:59:59+02:00,0,2,908,1079,1772,2681,2595,4470,4538,8265,7770,10254,10351,11339,14007,17525,4605,8600,222,255,567,1079,811,1952,1056,2949,1568,2432,1124,1037,6745,8978,4225,7847,57941,38764,11832,4051,40975,22,9,4,2
2021-04-15T23:59:59+02:00,0,2,895,1074,1750,2667,2553,4437,4426,8204,7539,10053,10102,11120,13945,17459,4599,8586,220,255,567,1077,810,1950,1053,2946,1565,2429,1119,1033,6743,8976,4225,7847,57918,38750,11830,4034,39650,21,9,4,2
2021-04-14T23:59:59+02:00,0,2,876,1046,1692,2584,2464,4314,4237,8022,7266,9770,9729,10639,13796,17281,4593,8577,195,232,526,1026,787,1883,1018,2866,1515,2368,1093,1003,6739,8967,4225,7846,57886,38734,10883,3527,38106,19,9,4,1
2021-04-13T23:59:59+02:00,0,2,851,1024,1654,2532,2396,4231,4136,7886,7056,9555,9324,10122,13652,17114,4588,8565,159,208,491,977,747,1790,984,2756,1463,2298,1074,968,6723,8956,4224,7846,57843,38670,9937,2972,36895,13,9,4,1
2021-04-12T23:59:59+02:00,0,2,847,1022,1635,2529,2366,4218,4083,7835,6916,9384,9059,9807,13588,17055,4577,8549,148,194,463,938,724,1725,963,2684,1419,2248,1052,952,6707,8936,4221,7841,57785,38554,9906,2639,35768,13,9,4,1
2021-04-11T23:59:59+02:00,0,2,846,1021,1624,2529,2353,4216,4060,7823,6851,9323,8925,9642,13561,17007,4572,8540,148,194,463,936,724,1724,961,2684,1418,2248,1052,952,6705,8936,4221,7841,57773,38548,9904,2638,35205,12,9,4,1
2021-04-10T23:59:59+02:00,0,2,830,1016,1596,2500,2316,4187,3989,7767,6719,9206,8369,8907,12898,16155,4561,8498,145,194,461,933,719,1721,961,2678,1409,2241,1039,937,6236,8439,4206,7825,54443,37486,9903,2637,35157,12,9,4,1
2021-04-09T23:59:59+02:00,0,2,808,987,1556,2452,2249,4107,3836,7608,6372,8875,7848,8249,12084,15132,4491,8361,143,193,459,928,713,1714,953,2668,1394,2231,1017,916,5994,8170,4189,7798,50474,36826,9898,2633,34632,12,9,4,1
2021-04-08T23:59:59+02:00,0,2,799,977,1529,2428,2183,4058,3701,7521,6118,8576,7235,7594,11925,14932,4480,8344,143,190,454,926,708,1707,945,2658,1387,2218,1005,914,5991,8168,4188,7798,50441,36806,9874,2573,32074,12,9,4,1
2021-04-07T23:59:59+02:00,0,2,793,968,1503,2410,2125,4020,3615,7451,5887,8310,6682,6965,11321,14183,4468,8317,124,183,425,879,662,1638,889,2588,1337,2149,984,898,5983,8162,4187,7798,50414,36782,8721,2084,29873,12,8,4,1
2021-04-06T23:59:59+02:00,0,2,788,966,1489,2402,2096,3998,3542,7402,5706,8139,6235,6458,11120,13967,4453,8289,100,162,376,818,617,1563,846,2488,1285,2085,960,882,5966,8149,4185,7794,50343,36757,8538,1500,28160,12,7,4,1
2021-04-05T23:59:59+02:00,0,2,783,962,1473,2395,2073,3989,3491,7376,5563,8029,6034,6243,11053,13881,4447,8279,94,160,375,816,610,1554,838,2473,1272,2067,932,852,4875,6750,4107,7688,50147,33954,8534,1490,27381,12,7,4,1
2021-04-04T23:59:59+02:00,0,2,781,957,1471,2393,2069,3987,3474,7369,5553,8022,6023,6223,11039,13863,4445,8276,94,160,373,814,607,1549,831,2466,1257,2047,909,830,3875,5589,4041,7582,50133,31515,8532,1490,27271,12,7,4,1
2021-04-03T23:59:59+02:00,0,2,729,902,1389,2324,1946,3848,3213,7109,5093,7531,5680,5768,10868,13646,4419,8247,92,160,373,813,607,1547,830,2466,1257,2047,909,830,3875,5586,4041,7581,46902,31505,8532,1490,27269,12,7,4,1
2021-04-02T23:59:59+02:00,0,2,686,868,1334,2256,1848,3734,2957,6849,4579,7052,5290,5309,10771,13483,4414,8241,91,160,373,813,607,1547,828,2466,1255,2043,907,826,3872,5583,4040,7581,43981,31485,8531,1489,27151,12,6,4,1
2021-04-01T23:59:59+02:00,0,2,683,866,1323,2252,1828,3726,2928,6835,4505,6979,5182,5201,10732,13434,4413,8237,91,160,371,809,605,1544,828,2463,1251,2039,897,825,3868,5581,4039,7580,43966,31476,8387,1457,26763,12,6,4,1
2021-03-31T23:59:59+02:00,0,2,681,864,1316,2236,1820,3716,2900,6807,4442,6933,5043,5041,10223,12828,4409,8229,91,160,370,809,605,1544,828,2463,1249,2039,896,825,3868,5580,4039,7579,43954,31470,7260,1457,26267,12,6,3,1
2021-03-30T23:59:59+02:00,0,2,672,861,1298,2216,1790,3687,2865,6772,4357,6844,4876,4848,9698,12128,4402,8214,86,157,369,805,600,1541,823,2457,1241,2037,885,815,3860,5577,4038,7578,43929,31449,6075,1404,25517,10,6,3,1
2021-03-29T23:59:59+02:00,0,2,667,853,1285,2181,1773,3656,2834,6730,4287,6759,4677,4651,9613,12034,4399,8200,86,157,369,803,597,1537,821,2451,1237,2030,877,809,3852,5570,4038,7578,43862,31436,5858,1360,24872,10,6,3,1
2021-03-28T23:59:59+02:00,0,2,664,851,1282,2178,1758,3646,2819,6718,4253,6706,4581,4541,9576,11970,4394,8193,86,157,369,802,597,1537,819,2451,1235,2030,876,809,3851,5570,4038,7578,43840,31434,5849,1355,24434,10,6,3,1
2021-03-27T23:59:59+01:00,0,2,660,846,1273,2173,1742,3630,2791,6688,4090,6563,4005,4088,9347,11723,4381,8174,86,157,367,800,595,1535,817,2448,1227,2024,872,805,3674,5281,3937,7409,41898,30663,5845,1355,24424,10,6,3,1
2021-03-26T23:59:59+01:00,0,2,654,838,1265,2163,1722,3613,2765,6666,4015,6485,3600,3724,8751,11166,4368,8160,86,157,366,799,594,1532,813,2445,1218,2020,860,792,2957,4342,3728,7066,39970,28404,5832,1355,24147,10,6,2,1
2021-03-25T23:59:59+01:00,0,2,647,833,1252,2149,1703,3589,2706,6627,3932,6407,3425,3507,8642,11055,4363,8154,86,157,366,799,594,1532,813,2444,1217,2020,860,792,2956,4341,3727,7065,39957,28398,5725,1355,23303,10,6,2,1
2021-03-24T23:59:59+01:00,0,2,641,826,1219,2123,1658,3544,2628,6559,3776,6258,3107,3145,8236,10507,4354,8142,82,155,354,786,578,1514,780,2410,1167,1988,827,755,2947,4335,3727,7062,39934,28098,4970,1354,21813,9,6,2,1
2021-03-23T23:59:59+01:00,0,2,628,818,1194,2091,1616,3497,2548,6478,3627,6104,2728,2762,8020,10288,4347,8126,77,151,342,764,543,1483,719,2347,1065,1907,744,695,2911,4301,3723,7058,39893,27468,4680,1347,20293,9,6,2,1
2021-03-22T23:59:59+01:00,0,2,604,705,1158,2037,1583,3442,2495,6408,3487,5973,2486,2524,7690,9933,4331,8090,77,150,342,764,543,1481,718,2346,1062,1907,743,692,2907,4296,3722,7055,39425,27443,4357,1347,19158,9,6,2,1
2021-03-21T23:59:59+01:00,0,2,603,702,1153,2029,1572,3432,2478,6393,3450,5939,2345,2360,7597,9821,4323,8076,77,150,342,763,543,1481,718,2346,1062,1907,743,692,2907,4295,3722,7055,39421,27441,4343,1347,18503,9,6,2,1
2021-03-20T23:59:59+01:00,0,2,602,702,1151,2023,1566,3425,2472,6387,3433,5917,2313,2322,7107,9303,4307,8060,77,150,342,763,542,1481,716,2345,1062,1906,743,692,2907,4293,3720,7053,38384,27430,4331,1347,18369,9,6,2,1
2021-03-19T23:59:59+01:00,0,2,595,695,1137,2007,1531,3402,2402,6248,3371,5810,2130,2143,6800,8986,4288,8035,77,150,341,757,538,1478,711,2336,1051,1893,734,686,2484,3691,3306,6308,37781,25186,4315,1347,17478,2,6,2,1
2021-03-18T23:59:59+01:00,0,2,580,679,1117,1977,1504,3372,2362,6180,3298,5721,1978,1947,6682,8868,4282,8024,76,150,341,756,537,1478,710,2332,1048,1892,727,683,2434,3619,3279,6266,37761,24995,4304,1325,16500,2,6,2,1
2021-03-17T23:59:59+01:00,0,1,551,653,1072,1922,1467,3288,2284,6063,3146,5566,1723,1681,6516,8715,4272,8009,75,146,329,729,521,1434,688,2275,1010,1851,710,664,2196,3327,3199,6142,37690,24034,3781,1254,15451,2,6,1,1
2021-03-16T23:59:59+01:00,0,1,507,624,1032,1866,1416,3184,2219,5909,3030,5432,1527,1459,6382,8568,4262,7988,69,133,308,673,491,1357,659,2140,981,1723,661,614,2085,3193,3176,6058,37635,23291,3162,1023,14603,2,5,1,1
2021-03-15T23:59:59+01:00,0,1,495,613,1001,1821,1382,3116,2188,5824,2943,5349,1404,1325,5803,7882,4224,7925,66,126,293,615,476,1237,621,2010,941,1610,633,594,2048,3154,3163,5999,36404,22895,2809,689,14082,2,0,1,1
2021-03-14T23:59:59+01:00,0,1,490,607,991,1809,1379,3099,2172,5806,2909,5322,1362,1275,5411,7435,4201,7907,65,121,289,592,470,1210,615,1954,931,1585,633,594,2048,3154,3162,5997,35589,22889,2804,529,13782,2,0,1,1
2021-03-13T23:59:59+01:00,0,1,469,589,954,1762,1326,3035,1916,5218,2669,4910,1257,1162,4761,6588,4152,7832,65,121,288,589,468,1208,613,1952,930,1581,631,589,1689,2674,2639,5244,33920,20750,2800,529,11880,2,0,1,1
2021-03-12T23:59:59+01:00,0,1,453,568,934,1721,1296,2954,1712,4431,2462,4461,1187,1079,4065,5788,4105,7750,65,119,287,585,468,1205,611,1944,925,1575,628,582,1370,2138,2107,4453,32248,18532,2797,529,9921,1,0,1,1
2021-03-11T23:59:59+01:00,0,1,449,561,926,1710,1281,2937,1687,4397,2426,4425,1113,1025,4023,5752,4102,7746,65,112,281,563,454,1153,602,1895,906,1539,616,569,1364,2121,2098,4404,32216,18284,2704,457,9640,1,0,1,1
2021-03-10T23:59:59+01:00,0,1,428,550,881,1652,1227,2860,1614,4300,2360,4332,1080,1002,4007,5737,4101,7744,65,112,279,559,451,1146,597,1873,906,1534,610,561,1303,2035,2055,4348,32201,18001,2139,432,9535,1,0,1,1
2021-03-09T23:59:59+01:00,0,1,406,534,833,1602,1186,2797,1573,4217,2317,4279,1059,991,4001,5730,4100,7743,63,111,278,558,450,1135,595,1861,900,1529,608,555,1099,1726,1940,4176,32155,17178,1690,405,9523,1,0,1,1
2021-03-08T23:59:59+01:00,0,1,399,523,823,1588,1177,2781,1565,4192,2306,4266,1046,981,3965,5683,4098,7738,62,111,274,553,446,1129,594,1857,896,1527,608,555,1030,1636,1895,4133,32029,16924,1594,381,9508,1,0,1,1
2021-03-07T23:59:59+01:00,0,1,398,520,823,1587,1175,2779,1561,4186,2296,4261,1040,973,3959,5677,4097,7737,59,108,265,531,434,1103,579,1757,861,1452,607,555,927,1507,1845,4065,32013,16567,1555,88,9501,0,0,1,1
2021-03-06T23:59:59+01:00,0,1,390,504,804,1554,1152,2721,1520,4119,2103,3765,1011,936,3786,5406,4000,7576,59,108,265,531,434,1102,579,1757,861,1452,607,555,924,1506,1842,4064,31306,16558,1555,88,8486,0,0,1,1
2021-03-05T23:59:59+01:00,0,1,375,464,771,1450,1102,2504,1445,3906,1890,3095,983,891,3041,4447,3796,7237,59,107,264,528,431,1096,578,1752,857,1449,604,553,885,1448,1819,4026,29011,16368,1554,88,6832,0,0,1,1
2021-03-04T23:59:59+01:00,0,1,360,456,764,1430,1089,2481,1426,3877,1867,3076,970,887,3037,4443,3793,7235,59,106,261,525,427,1080,568,1730,856,1441,602,551,848,1394,1796,3991,28998,16210,1516,25,6677,0,0,1,1
2021-03-03T23:59:59+01:00,0,1,349,424,745,1379,1059,2398,1376,3723,1789,2979,937,843,3027,4437,3793,7232,58,106,258,523,426,1076,566,1721,853,1437,602,550,828,1341,1711,3846,28686,15879,1516,23,6288,0,0,1,1
2021-03-02T23:59:59+01:00,0,1,343,415,729,1355,1011,2353,1307,3639,1673,2883,849,777,2985,4400,3787,7227,58,106,257,519,425,1069,566,1715,853,1433,601,550,828,1341,1711,3846,28049,15855,1453,23,6231,0,0,1,1
2021-03-01T23:59:59+01:00,0,1,339,401,722,1308,999,2295,1287,3557,1647,2834,831,768,2977,4391,3787,7227,58,105,256,515,420,1055,562,1702,844,1425,600,548,732,1189,1658,3766,28010,15412,1405,23,5955,0,0,1,1
2021-02-28T23:59:59+01:00,0,1,334,388,714,1269,986,2219,1275,3470,1625,2755,827,758,2975,4387,3786,7225,58,105,256,515,420,1054,562,1702,843,1425,600,547,636,1065,1612,3686,27999,15063,1402,23,5592,0,0,1,1
2021-02-27T23:59:59+01:00,0,1,325,368,700,1244,966,2182,1240,3402,1602,2702,810,743,2972,4387,3785,7225,58,105,256,515,420,1054,561,1702,842,1425,600,547,636,1064,1612,3686,27997,15060,1402,23,5254,0,0,1,1
2021-02-26T23:59:59+01:00,0,1,300,315,652,1179,902,2064,1150,3236,1498,2563,781,721,2543,3782,3368,6459,58,105,253,513,420,1052,559,1700,839,1419,596,544,629,1052,1603,3667,25735,14986,1402,23,4376,0,0,1,1
2021-02-25T23:59:59+01:00,0,1,295,302,639,1148,881,2022,1131,3170,1480,2518,778,718,2497,3709,3338,6416,56,103,249,504,420,1048,554,1690,836,1408,590,539,552,942,1559,3611,25517,14640,1402,21,4123,0,0,1,1
2021-02-24T23:59:59+01:00,0,1,276,292,588,1101,834,1955,1073,3075,1436,2460,761,699,2259,3408,3257,6286,55,99,245,497,414,1031,546,1668,833,1389,583,528,539,922,1548,3589,24537,14471,1402,15,3821,0,0,1,1
2021-02-23T23:59:59+01:00,0,1,263,272,560,1044,797,1878,1005,2926,1364,2358,710,649,2148,3273,3234,6196,55,98,243,491,414,1015,536,1636,826,1367,575,522,524,875,1537,3545,23749,14244,1397,15,3531,0,0,1,1
2021-02-22T23:59:59+01:00,0,1,259,266,548,982,777,1802,980,2832,1328,2298,687,629,2121,3238,3226,6139,55,97,237,485,412,1002,527,1620,822,1342,561,510,507,850,1531,3495,23360,14038,1397,15,3355,0,0,1,1
2021-02-21T23:59:59+01:00,0,1,256,258,539,957,764,1765,972,2784,1298,2272,687,627,2119,3238,3225,6138,55,97,236,485,412,1002,527,1620,822,1341,561,509,507,850,1531,3494,23354,14034,1397,15,3148,0,0,1,1
2021-02-20T23:59:59+01:00,0,1,172,227,468,908,696,1688,902,2695,1213,2173,672,612,1753,2724,2676,5344,55,97,236,485,412,1002,527,1619,822,1341,561,509,507,850,1531,3494,21106,14033,1397,15,2420,0,0,1,1
2021-02-19T23:59:59+01:00,0,1,82,164,357,827,570,1555,769,2546,1078,2021,656,591,1451,2212,2142,4556,55,97,236,485,412,1001,527,1619,822,1340,561,509,499,846,1530,3488,18927,14013,1397,14,1253,0,0,1,1
2021-02-18T23:59:59+01:00,0,1,79,159,345,777,549,1466,736,2406,1045,1954,641,581,1442,2194,2133,4507,52,90,232,463,398,936,512,1539,803,1266,547,495,493,828,1529,3471,18690,13640,1372,14,952,0,0,1,1
2021-02-17T23:59:59+01:00,0,1,78,151,331,754,540,1433,707,2313,1009,1855,635,571,1384,2107,2087,4458,52,87,230,454,390,898,501,1474,784,1184,534,483,491,826,1529,3471,18432,13374,1299,14,682,0,0,1,1
2021-02-16T23:59:59+01:00,0,1,73,145,316,715,512,1360,675,2205,984,1750,625,564,1141,1763,1969,4281,51,78,229,449,384,868,488,1409,758,1117,513,470,489,826,1526,3470,17527,13123,1061,2,490,0,0,1,1
2021-02-15T23:59:59+01:00,0,1,68,129,290,612,477,1219,620,1993,934,1591,616,562,1058,1658,1918,4219,51,78,227,444,380,862,487,1405,755,1110,513,470,488,823,1525,3467,17204,13085,723,0,37,0,0,1,1
2021-02-14T23:59:59+01:00,0,1,67,122,285,587,472,1190,609,1939,920,1569,616,562,961,1535,1873,4163,51,78,227,444,380,862,487,1403,755,1110,513,470,488,823,1525,3467,16880,13083,568,0,22,0,0,1,1
2021-02-13T23:59:59+01:00,0,1,67,121,285,586,471,1186,608,1937,918,1566,615,561,960,1527,1869,4160,51,78,227,443,378,858,486,1398,753,1109,511,468,471,785,1270,3009,16847,12295,568,0,22,0,0,1,1
2021-02-12T23:59:59+01:00,0,1,66,121,284,585,467,1182,608,1934,915,1565,612,560,921,1476,1849,4120,51,78,227,439,375,849,481,1389,747,1103,504,460,453,746,924,2317,16678,11143,568,0,19,0,0,1,1
2021-02-11T23:59:59+01:00,0,1,66,115,281,574,454,1155,602,1908,908,1553,611,559,879,1418,1827,4083,51,75,212,409,361,802,465,1316,732,1071,501,459,453,746,923,2316,16503,10893,485,0,5,0,0,1,0
2021-02-10T23:59:59+01:00,0,1,65,115,277,571,452,1151,598,1892,903,1549,611,559,870,1402,1806,4039,50,65,178,332,307,699,415,1144,653,978,466,447,448,745,923,2315,16402,10166,457,0,1,0,0,1,0
2021-02-09T23:59:59+01:00,0,1,63,114,271,568,449,1138,597,1878,897,1543,610,558,858,1367,1741,3936,42,53,125,255,231,548,334,942,551,824,431,436,444,744,921,2315,16159,9197,429,0,0,0,0,1,0
2021-02-08T23:59:59+01:00,0,1,62,114,268,559,446,1131,596,1863,891,1535,609,556,757,1217,1687,3854,38,43,86,165,168,410,268,704,491,689,423,429,440,741,920,2315,15741,8331,404,0,0,0,0,1,0
2021-02-07T23:59:59+01:00,0,1,59,111,259,536,431,1100,580,1760,856,1456,608,555,655,1090,1640,3771,37,42,82,163,165,403,263,691,486,678,421,428,440,741,920,2314,15372,8275,95,0,0,0,0,1,0
2021-02-06T23:59:59+01:00,0,1,59,111,258,536,431,1100,578,1759,854,1453,605,553,653,1081,1634,3764,34,41,81,160,162,393,259,683,475,670,413,427,404,693,687,1934,15334,7517,95,0,0,0,0,1,0
2021-02-05T23:59:59+01:00,0,1,59,111,256,533,431,1098,577,1758,852,1451,603,553,643,1074,1628,3753,32,39,77,154,157,385,251,664,458,660,407,427,398,668,299,1312,15285,6389,95,0,0,0,0,1,0
2021-02-04T23:59:59+01:00,0,1,57,109,251,526,425,1082,561,1731,848,1437,596,544,560,957,1580,3695,31,36,73,149,151,374,237,643,441,646,402,421,393,661,297,1307,14932,6263,27,0,0,0,0,1,0
2021-02-03T23:59:59+01:00,0,1,56,104,247,519,424,1062,558,1716,846,1422,592,534,550,947,1577,3682,24,28,59,117,118,275,173,503,332,497,300,321,318,520,226,1046,14811,4858,25,0,0,0,0,1,0
2021-02-02T23:59:59+01:00,0,1,56,103,244,513,424,1044,546,1683,838,1398,579,525,539,902,1568,3638,17,21,40,76,82,181,121,339,217,358,211,215,202,326,162,692,14575,3261,25,0,0,0,0,1,0
2021-02-01T23:59:59+01:00,0,1,56,101,240,505,422,1028,538,1662,833,1375,571,519,522,873,1560,3594,7,11,20,40,44,93,64,168,94,161,99,98,85,152,70,307,14374,1513,25,0,0,0,0,1,0
2021-01-31T23:59:59+01:00,0,1,56,101,239,504,420,1024,536,1657,831,1372,571,518,522,873,1560,3593,7,11,18,36,39,79,60,142,81,146,95,98,84,151,68,306,14352,1421,25,0,0,0,0,1,0
2021-01-30T23:59:59+01:00,0,1,56,101,239,504,420,1024,536,1657,831,1372,571,518,522,873,1560,3593,7,11,18,36,39,79,60,142,81,146,95,97,84,151,68,306,14352,1420,25,0,0,0,0,1,0
2021-01-29T23:59:59+01:00,0,1,56,101,239,504,420,1024,536,1657,831,1372,571,518,522,873,1560,3593,7,11,18,36,39,79,60,142,81,146,95,97,84,151,68,306,14352,1420,25,0,0,0,0,1,0
2021-01-28T23:59:59+01:00,0,1,54,93,235,476,408,958,518,1571,809,1290,558,503,516,856,1558,3579,3,2,4,6,10,13,19,34,21,31,16,20,19,33,17,91,13963,339,19,0,0,0,0,1,0
2021-01-27T23:59:59+01:00,0,1,52,89,235,466,400,919,508,1505,789,1207,546,490,514,854,1558,3579,3,2,4,6,8,13,19,33,21,30,16,20,19,33,17,91,13694,335,17,0,0,0,0,1,0
2021-01-26T23:59:59+01:00,0,1,51,83,231,463,393,890,497,1437,764,1140,524,477,512,854,1558,3579,1,2,4,6,8,12,17,29,17,25,14,18,17,31,17,84,13437,302,16,0,0,0,0,1,0
2021-01-25T23:59:59+01:00,0,1,51,83,228,458,389,884,497,1434,762,1135,524,477,512,853,1558,3577,0,0,0,0,0,0,0,0,0,0,1,1,0,2,0,0,13407,4,15,0,0,0,0,1,0
2021-01-24T23:59:59+01:00,0,1,51,83,228,458,389,884,497,1433,762,1135,524,477,512,853,1558,3577,0,0,0,0,0,0,0,0,0,0,1,1,0,2,0,0,13406,4,15,0,0,0,0,1,0
2021-01-23T23:59:59+01:00,0,1,51,83,228,457,388,880,497,1427,761,1133,521,475,495,815,1305,3109,0,0,0,0,0,0,0,0,0,0,1,1,0,2,0,0,12610,4,15,0,0,0,0,1,0
2021-01-22T23:59:59+01:00,0,1,51,83,227,453,384,871,492,1417,756,1125,515,467,478,774,947,2394,0,0,0,0,0,0,0,0,0,0,1,1,0,2,0,0,11420,4,15,0,0,0,0,0,0
2021-01-21T23:59:59+01:00,0,1,51,80,209,420,357,815,465,1318,730,1091,511,467,478,774,946,2393,0,0,0,0,0,0,0,0,0,0,1,1,0,2,0,0,11091,4,15,0,0,0,0,0,0
2021-01-20T23:59:59+01:00,0,1,49,70,181,349,316,730,423,1164,660,1000,475,456,473,774,946,2392,0,0,0,0,0,0,0,0,0,0,1,1,0,2,0,0,10444,4,15,0,0,0,0,0,0
2021-01-19T23:59:59+01:00,0,1,43,57,135,272,243,571,346,982,570,860,440,444,469,772,946,2392,0,0,0,0,0,0,0,0,0,0,1,0,0,2,0,0,9536,3,7,0,0,0,0,0,0
2021-01-18T23:59:59+01:00,0,1,39,44,86,173,174,421,278,719,499,703,431,437,466,767,944,2392,0,0,0,0,0,0,0,0,0,0,0,0,0,1,0,0,8574,1,0,0,0,0,0,0,0
2021-01-17T23:59:59+01:00,0,1,37,43,83,169,170,413,274,708,494,690,429,437,466,767,944,2391,0,0,0,0,0,0,0,0,0,0,0,0,0,0,0,0,8516,0,0,0,0,0,0,0,0
2021-01-16T23:59:59+01:00,0,1,34,42,81,167,166,404,267,701,479,682,421,436,427,720,704,2006,0,0,0,0,0,0,0,0,0,0,0,0,0,0,0,0,7738,0,0,0,0,0,0,0,0
2021-01-15T23:59:59+01:00,0,1,32,40,78,160,163,398,260,684,465,674,415,435,422,696,310,1375,0,0,0,0,0,0,0,0,0,0,0,0,0,0,0,0,6608,0,0,0,0,0,0,0,0
2021-01-14T23:59:59+01:00,0,1,32,38,77,156,158,393,252,675,454,666,412,433,422,695,310,1375,0,0,0,0,0,0,0,0,0,0,0,0,0,0,0,0,6549,0,0,0,0,0,0,0,0
2021-01-13T23:59:59+01:00,0,0,24,31,61,123,123,298,192,541,346,523,315,332,348,550,239,1106,0,0,0,0,0,0,0,0,0,0,0,0,0,0,0,0,5152,0,0,0,0,0,0,0,0
2021-01-12T23:59:59+01:00,0,0,17,24,45,85,88,210,139,391,236,387,225,226,227,354,173,749,0,0,0,0,0,0,0,0,0,0,0,0,0,0,0,0,3576,0,0,0,0,0,0,0,0
2021-01-11T23:59:59+01:00,0,0,9,15,26,44,58,134,88,220,124,205,112,107,99,172,80,333,0,0,0,0,0,0,0,0,0,0,0,0,0,0,0,0,1826,0,0,0,0,0,0,0,0
2021-01-10T23:59:59+01:00,0,0,8,15,22,41,51,106,80,179,105,172,106,104,95,170,77,333,0,0,0,0,0,0,0,0,0,0,0,0,0,0,0,0,1664,0,0,0,0,0,0,0,0
2021-01-09T23:59:59+01:00,0,0,8,15,22,41,51,106,80,179,105,172,106,103,95,170,77,333,0,0,0,0,0,0,0,0,0,0,0,0,0,0,0,0,1663,0,0,0,0,0,0,0,0
2021-01-08T23:59:59+01:00,0,0,8,14,21,40,49,100,75,168,99,169,103,99,90,161,75,325,0,0,0,0,0,0,0,0,0,0,0,0,0,0,0,0,1596,0,0,0,0,0,0,0,0
2021-01-07T23:59:59+01:00,0,0,3,3,4,7,10,14,20,34,23,34,17,20,20,34,19,95,0,0,0,0,0,0,0,0,0,0,0,0,0,0,0,0,357,0,0,0,0,0,0,0,0
2021-01-06T23:59:59+01:00,0,0,3,2,4,6,8,13,20,33,21,31,17,20,20,34,19,94,0,0,0,0,0,0,0,0,0,0,0,0,0,0,0,0,345,0,0,0,0,0,0,0,0
2021-01-05T23:59:59+01:00,0,0,3,2,4,6,8,13,20,33,21,31,17,20,20,34,19,94,0,0,0,0,0,0,0,0,0,0,0,0,0,0,0,0,345,0,0,0,0,0,0,0,0
2021-01-04T23:59:59+01:00,0,0,0,0,0,0,0,0,1,0,0,0,1,1,0,2,0,0,0,0,0,0,0,0,0,0,0,0,0,0,0,0,0,0,5,0,0,0,0,0,0,0,0
2021-01-03T23:59:59+01:00,0,0,0,0,0,0,0,0,1,0,0,0,1,1,0,2,0,0,0,0,0,0,0,0,0,0,0,0,0,0,0,0,0,0,5,0,0,0,0,0,0,0,0
2021-01-02T23:59:59+01:00,0,0,0,0,0,0,0,0,1,0,0,0,1,1,0,2,0,0,0,0,0,0,0,0,0,0,0,0,0,0,0,0,0,0,5,0,0,0,0,0,0,0,0
2021-01-01T23:59:59+01:00,0,0,0,0,0,0,0,0,1,0,0,0,1,1,0,2,0,0,0,0,0,0,0,0,0,0,0,0,0,0,0,0,0,0,5,0,0,0,0,0,0,0,0
2020-12-31T23:59:59+01:00,0,0,0,0,0,0,0,0,1,0,0,0,1,1,0,2,0,0,0,0,0,0,0,0,0,0,0,0,0,0,0,0,0,0,5,0,0,0,0,0,0,0,0
2020-12-30T23:59:59+01:00,0,0,0,0,0,0,0,0,1,0,0,0,1,1,0,2,0,0,0,0,0,0,0,0,0,0,0,0,0,0,0,0,0,0,5,0,0,0,0,0,0,0,0
2020-12-29T23:59:59+01:00,0,0,0,0,0,0,0,0,1,0,0,0,1,0,0,2,0,0,0,0,0,0,0,0,0,0,0,0,0,0,0,0,0,0,4,0,0,0,0,0,0,0,0
2020-12-28T23:59:59+01:00,0,0,0,0,0,0,0,0,0,0,0,0,1,0,0,1,0,0,0,0,0,0,0,0,0,0,0,0,0,0,0,0,0,0,2,0,0,0,0,0,0,0,0
2020-12-27T23:59:59+01:00,0,0,0,0,0,0,0,0,0,0,0,0,0,0,0,0,0,0,0,0,0,0,0,0,0,0,0,0,0,0,0,0,0,0,0,0,0,0,0,0,0,0,0
