Datum,<15_1_m,<15_1_w,15-24_1_m,15-24_1_w,25-34_1_m,25-34_1_w,35-44_1_m,35-44_1_w,45-54_1_m,45-54_1_w,55-64_1_m,55-64_1_w,65-74_1_m,65-74_1_w,75-84_1_m,75-84_1_w,>84_1_m,>84_1_w,<15_2_m,<15_2_w,15-24_2_m,15-24_2_w,25-34_2_m,25-34_2_w,35-44_2_m,35-44_2_w,45-54_2_m,45-54_2_w,55-64_2_m,55-64_2_w,65-74_2_m,65-74_2_w,75-84_2_m,75-84_2_w,>84_2_m,>84_2_w,bp_1,bp_2,mo_1,mo_2,az_1,az_2,ja,unb_1,unb_2
2021-11-05T23:59:59+01:00,2288,2089,16058,15078,19124,17663,22053,22114,28517,29424,34842,35530,26061,28937,17675,22570,5370,10181,1913,1700,14151,13404,17342,16019,20452,20416,26705,27508,33205,33939,25367,28120,17222,21959,5200,9743,257964,240496,32803,30792,46596,44890,18151,91,36
2021-11-04T23:59:59+01:00,2259,2063,15932,14947,18990,17545,21960,22013,28421,29329,34771,35483,26050,28920,17673,22561,5369,10181,1893,1681,14092,13345,17285,15957,20406,20359,26663,27458,33166,33900,25356,28105,17209,21948,5200,9734,257074,240111,32757,30743,46596,44887,17980,91,36
2021-11-03T23:59:59+01:00,2242,2041,15815,14848,18891,17469,21864,21931,28336,29268,34715,35453,26030,28899,17666,22550,5366,10178,1875,1667,14056,13306,17247,15910,20369,20329,26628,27417,33125,33870,25342,28086,17200,21930,5199,9726,256211,239685,32751,30730,46596,44887,17944,91,36
2021-11-02T23:59:59+01:00,2233,2028,15744,14779,18806,17396,21791,21875,28271,29230,34680,35419,26018,28884,17658,22547,5365,10173,1856,1655,14012,13266,17201,15881,20335,20294,26600,27393,33093,33837,25332,28071,17195,21919,5197,9720,255608,239308,32723,30717,46596,44886,17910,91,36
2021-11-01T23:59:59+01:00,2226,2016,15687,14739,18741,17365,21747,21846,28234,29209,34661,35402,26012,28883,17657,22544,5365,10172,1844,1648,13974,13243,17179,15854,20314,20280,26580,27375,33081,33830,25324,28067,17192,21910,5196,9718,255242,239092,32723,30709,46594,44885,17887,91,36
2021-10-31T23:59:59+01:00,2226,2016,15687,14739,18741,17365,21747,21846,28233,29209,34661,35402,26012,28883,17657,22544,5365,10172,1844,1648,13974,13243,17179,15853,20314,20280,26579,27375,33081,33830,25324,28067,17192,21910,5196,9718,255242,239091,32723,30709,46594,44885,17886,91,36
2021-10-30T23:59:59+02:00,2224,2014,15684,14739,18741,17365,21745,21845,28233,29209,34661,35402,26012,28882,17657,22544,5365,10172,1842,1647,13973,13243,17179,15853,20314,20280,26579,27375,33080,33830,25324,28067,17192,21910,5196,9718,255232,239086,32722,30709,46594,44885,17886,91,36
2021-10-29T23:59:59+02:00,2200,1983,15552,14636,18596,17256,21625,21760,28114,29138,34595,35361,26001,28874,17652,22542,5365,10170,1829,1634,13908,13208,17128,15806,20265,20258,26542,27350,33062,33810,25321,28063,17190,21906,5196,9715,254327,238832,32673,30672,46594,44885,17766,91,36
2021-10-28T23:59:59+02:00,2177,1954,15415,14539,18412,17139,21505,21672,28015,29065,34534,35313,25988,28862,17648,22535,5365,10168,1815,1618,13830,13134,17033,15740,20204,20203,26494,27307,33023,33784,25299,28044,17183,21897,5192,9711,253487,238436,32588,30579,46593,44882,17578,91,36
2021-10-27T23:59:59+02:00,2152,1941,15354,14480,18364,17090,21449,21645,27981,29034,34507,35293,25983,28846,17641,22532,5365,10167,1803,1604,13798,13100,17012,15720,20190,20186,26475,27272,33000,33764,25281,28023,17175,21881,5188,9709,253039,238141,32585,30575,46593,44882,17547,91,36
2021-10-26T23:59:59+02:00,2139,1917,15312,14448,18326,17055,21419,21628,27963,29014,34488,35283,25975,28842,17638,22529,5365,10167,1794,1597,13774,13063,16988,15693,20168,20166,26458,27254,32978,33751,25270,28005,17165,21862,5184,9692,252736,237838,32579,30566,46593,44882,17540,91,36
2021-10-25T23:59:59+02:00,2132,1912,15279,14430,18304,17038,21404,21619,27950,29008,34484,35278,25975,28840,17638,22529,5365,10167,1793,1597,13770,13060,16985,15691,20168,20163,26457,27253,32975,33749,25270,28005,17165,21861,5184,9692,252584,237818,32575,30562,46593,44882,17540,91,36
2021-10-24T23:59:59+02:00,2122,1906,15264,14423,18289,17028,21392,21610,27938,28995,34476,35272,25974,28835,17636,22529,5365,10167,1787,1591,13759,13041,16978,15678,20161,20154,26448,27248,32970,33741,25266,28000,17163,21860,5183,9691,252462,237706,32575,30562,46591,44882,17533,91,36
2021-10-23T23:59:59+02:00,2122,1906,15264,14423,18288,17028,21392,21609,27938,28995,34476,35272,25974,28835,17636,22529,5365,10167,1787,1591,13759,13041,16978,15678,20161,20154,26448,27248,32969,33741,25266,28000,17163,21860,5183,9691,252460,237705,32575,30562,46591,44882,17533,91,36
2021-10-22T23:59:59+02:00,2107,1890,15198,14378,18196,16968,21325,21561,27884,28948,34445,35256,25974,28831,17635,22526,5364,10166,1770,1570,13708,12977,16933,15643,20131,20131,26428,27230,32949,33724,25258,27998,17163,21857,5183,9690,251991,237389,32515,30541,46591,44882,17495,91,36
2021-10-21T23:59:59+02:00,2077,1859,15080,14295,18075,16877,21234,21501,27811,28885,34379,35217,25960,28812,17629,22516,5363,10162,1743,1553,13630,12896,16864,15593,20074,20088,26374,27184,32903,33689,25241,27977,17152,21833,5182,9685,251235,236919,32461,30440,46591,44882,17384,91,36
2021-10-20T23:59:59+02:00,2064,1848,15034,14262,18027,16841,21187,21462,27780,28861,34351,35200,25953,28800,17622,22506,5362,10158,1721,1540,13601,12863,16832,15557,20044,20057,26344,27154,32880,33657,25222,27965,17141,21823,5182,9680,250846,236545,32447,30428,46591,44882,17372,91,36
2021-10-19T23:59:59+02:00,2055,1841,15014,14232,18006,16820,21171,21448,27767,28844,34333,35188,25941,28791,17620,22503,5362,10158,1707,1522,13581,12825,16796,15520,20014,20033,26320,27130,32849,33635,25205,27948,17134,21809,5178,9674,250635,236176,32447,30427,46591,44882,17359,91,36
2021-10-18T23:59:59+02:00,2050,1834,14992,14214,17989,16800,21146,21423,27753,28832,34320,35174,25939,28785,17618,22500,5359,10157,1693,1510,13554,12794,16781,15493,19993,20008,26302,27105,32834,33615,25193,27940,17130,21801,5175,9672,250450,235916,32436,30415,46591,44880,17346,91,36
2021-10-17T23:59:59+02:00,2046,1832,14967,14204,17986,16794,21142,21417,27747,28823,34317,35169,25934,28782,17616,22500,5358,10153,1691,1504,13528,12773,16761,15477,19979,19991,26286,27095,32825,33604,25184,27932,17126,21798,5170,9663,250362,235725,32435,30415,46591,44874,17337,91,36
2021-10-16T23:59:59+02:00,2046,1831,14967,14202,17986,16794,21141,21417,27747,28823,34317,35169,25934,28782,17616,22500,5358,10153,1691,1504,13528,12773,16761,15477,19979,19991,26286,27095,32825,33604,25184,27932,17126,21798,5170,9663,250358,235725,32435,30415,46591,44874,17337,91,36
2021-10-15T23:59:59+02:00,2041,1816,14938,14169,17966,16771,21116,21403,27732,28813,34302,35163,25934,28779,17615,22496,5358,10151,1674,1482,13458,12718,16728,15444,19941,19965,26264,27070,32814,33588,25181,27929,17121,21795,5169,9662,250191,235404,32410,30380,46591,44874,17309,91,36
2021-10-14T23:59:59+02:00,2013,1799,14844,14103,17905,16717,21078,21370,27695,28783,34273,35141,25926,28771,17611,22488,5357,10145,1647,1453,13360,12623,16663,15381,19895,19895,26206,27019,32772,33552,25163,27906,17107,21776,5167,9659,249783,234875,32354,30230,46591,44874,17229,91,36
2021-10-13T23:59:59+02:00,1998,1790,14812,14059,17880,16689,21062,21351,27671,28767,34252,35128,25919,28761,17603,22480,5356,10142,1632,1441,13315,12583,16634,15346,19858,19849,26178,26994,32743,33511,25143,27885,17098,21751,5162,9653,249503,234428,32352,30226,46591,44874,17212,91,36
2021-10-12T23:59:59+02:00,1989,1785,14781,14026,17861,16662,21036,21329,27652,28746,34233,35111,25913,28754,17601,22472,5355,10139,1618,1433,13274,12537,16610,15302,19824,19814,26153,26967,32714,33488,25126,27862,17087,21729,5152,9622,249238,233974,32350,30224,46591,44874,17204,91,36
2021-10-11T23:59:59+02:00,1983,1777,14758,14013,17847,16645,21022,21317,27640,28736,34224,35097,25909,28747,17597,22467,5355,10135,1614,1423,13240,12506,16594,15274,19805,19789,26135,26940,32689,33460,25108,27841,17080,21717,5151,9612,249078,233655,32350,30224,46590,44874,17189,91,36
2021-10-10T23:59:59+02:00,1970,1764,14740,13995,17829,16630,21012,21303,27634,28732,34213,35090,25909,28743,17596,22464,5353,10135,1594,1413,13212,12481,16567,15246,19784,19769,26119,26923,32676,33445,25100,27831,17075,21714,5149,9609,248936,233403,32350,30224,46590,44870,17174,91,36
2021-10-09T23:59:59+02:00,1970,1764,14740,13995,17828,16629,21011,21303,27634,28732,34212,35089,25909,28741,17596,22464,5353,10135,1594,1413,13212,12481,16566,15246,19783,19769,26119,26922,32675,33443,25100,27829,17075,21714,5149,9609,248935,233402,32350,30223,46590,44870,17168,91,36
2021-10-08T23:59:59+02:00,1953,1749,14703,13973,17800,16604,20988,21288,27615,28718,34198,35074,25904,28740,17596,22462,5352,10133,1571,1374,13135,12393,16511,15195,19730,19729,26090,26889,32654,33422,25089,27818,17070,21709,5147,9608,248740,232896,32332,30206,46590,44870,17126,91,36
2021-10-07T23:59:59+02:00,1931,1729,14634,13900,17732,16551,20942,21226,27568,28689,34148,35044,25880,28718,17588,22450,5351,10129,1531,1341,13039,12319,16447,15124,19680,19680,26017,26838,32606,33379,25064,27796,17052,21690,5139,9591,248280,232377,32274,30046,46589,44869,17005,91,36
2021-10-06T23:59:59+02:00,1922,1711,14598,13865,17709,16523,20924,21202,27538,28658,34115,35023,25866,28705,17585,22445,5348,10126,1514,1328,13012,12278,16422,15096,19655,19655,25989,26812,32583,33349,25052,27783,17042,21678,5137,9585,247979,232062,32274,30046,46589,44869,16957,91,36
2021-10-05T23:59:59+02:00,1915,1699,14574,13827,17676,16507,20903,21180,27516,28631,34095,34996,25849,28689,17576,22435,5348,10122,1497,1313,12979,12246,16396,15078,19634,19631,25968,26785,32561,33331,25046,27774,17035,21671,5133,9580,247678,231773,32273,30046,46588,44868,16935,91,36
2021-10-04T23:59:59+02:00,1903,1694,14529,13790,17645,16479,20883,21159,27493,28607,34079,34977,25842,28672,17573,22430,5347,10118,1475,1297,12945,12209,16377,15048,19621,19607,25944,26757,32543,33303,25035,27764,17029,21663,5131,9576,247427,231485,32248,30043,46587,44867,16893,91,36
2021-10-03T23:59:59+02:00,1891,1688,14511,13761,17628,16461,20871,21149,27484,28596,34069,34968,25833,28667,17566,22422,5346,10116,1464,1287,12923,12191,16353,15030,19610,19596,25934,26744,32532,33290,25024,27753,17029,21655,5131,9576,247291,231334,32239,30039,46584,44866,16847,91,36
2021-10-02T23:59:59+02:00,1890,1688,14509,13760,17627,16460,20871,21148,27484,28596,34068,34968,25833,28666,17566,22422,5346,10116,1464,1287,12923,12190,16353,15030,19610,19596,25934,26744,32532,33290,25024,27753,17029,21655,5131,9576,247282,231333,32239,30039,46584,44866,16847,91,36
2021-10-01T23:59:59+02:00,1877,1669,14447,13696,17565,16408,20829,21106,27448,28576,34042,34949,25825,28662,17566,22416,5346,10113,1429,1250,12820,12087,16271,14973,19551,19547,25898,26709,32500,33262,25009,27738,17025,21647,5130,9574,246954,230760,32207,30029,46584,44866,16729,91,36
2021-09-30T23:59:59+02:00,1864,1649,14349,13611,17502,16350,20767,21054,27391,28518,33984,34922,25803,28645,17557,22405,5344,10110,1405,1226,12714,12012,16198,14925,19500,19494,25843,26651,32445,33234,24988,27715,17019,21635,5127,9573,246586,230450,32079,29848,46581,44857,16513,91,36
2021-09-29T23:59:59+02:00,1849,1629,14324,13586,17479,16308,20729,21024,27364,28485,33958,34900,25783,28629,17551,22395,5344,10109,1387,1213,12682,11979,16178,14897,19487,19475,25828,26633,32427,33211,24973,27702,17009,21622,5124,9569,246236,230172,32079,29848,46581,44856,16484,91,36
2021-09-28T23:59:59+02:00,1832,1620,14295,13554,17450,16274,20702,20989,27332,28462,33931,34875,25769,28609,17541,22385,5341,10103,1362,1206,12643,11948,16157,14869,19473,19449,25809,26622,32414,33190,24967,27691,17006,21616,5122,9568,245882,229916,32078,29848,46581,44855,16457,91,36
2021-09-27T23:59:59+02:00,1824,1615,14267,13529,17431,16252,20677,20966,27310,28443,33912,34853,25761,28596,17539,22377,5341,10100,1348,1195,12605,11914,16136,14847,19447,19432,25789,26600,32405,33170,24959,27678,17000,21609,5120,9567,245663,229683,32078,29848,46581,44849,16405,91,36
2021-09-26T23:59:59+02:00,1820,1610,14251,13509,17411,16235,20666,20951,27294,28428,33904,34840,25750,28591,17535,22376,5340,10099,1341,1191,12589,11894,16121,14830,19434,19420,25780,26589,32394,33159,24953,27676,16997,21605,5119,9566,245511,229552,32078,29847,46581,44849,16374,91,36
2021-09-25T23:59:59+02:00,1817,1608,14238,13493,17390,16224,20645,20940,27275,28412,33891,34832,25743,28586,17530,22373,5339,10097,1339,1189,12578,11880,16103,14820,19414,19408,25765,26572,32382,33151,24947,27671,16992,21602,5119,9564,245468,229525,32078,29847,46581,44849,16239,91,36
2021-09-24T23:59:59+02:00,1799,1584,14156,13412,17321,16172,20590,20890,27236,28368,33851,34801,25725,28575,17520,22363,5337,10093,1310,1170,12481,11777,16021,14754,19360,19347,25718,26536,32334,33121,24924,27650,16983,21590,5117,9560,245071,229010,32059,29843,46581,44849,16015,91,36
2021-09-23T23:59:59+02:00,1778,1564,14053,13313,17228,16086,20498,20813,27154,28311,33802,34741,25699,28552,17508,22344,5333,10086,1297,1161,12392,11702,15951,14688,19286,19297,25658,26480,32288,33085,24904,27631,16977,21579,5114,9554,244581,228678,31958,29805,46580,44848,15677,91,36
2021-09-22T23:59:59+02:00,1759,1551,14016,13265,17178,16044,20446,20766,27115,28264,33751,34690,25669,28525,17500,22322,5329,10082,1280,1152,12350,11656,15905,14655,19256,19268,25629,26452,32238,33050,24876,27606,16971,21565,5110,9545,244160,228355,31933,29796,46580,44846,15531,91,36
2021-09-21T23:59:59+02:00,1746,1536,13954,13212,17156,15994,20413,20727,27084,28225,33717,34669,25656,28508,17488,22298,5321,10054,1255,1129,12303,11596,15875,14627,19223,19229,25602,26424,32213,33023,24855,27589,16968,21556,5108,9534,243672,227974,31929,29746,46580,44844,15509,91,36
2021-09-20T23:59:59+02:00,1736,1529,13903,13174,17119,15953,20372,20694,27042,28186,33682,34635,25636,28481,17480,22281,5310,10027,1236,1125,12247,11560,15842,14604,19194,19203,25574,26401,32191,32999,24842,27576,16965,21548,5103,9520,243231,227672,31929,29746,46580,44844,15432,91,36
2021-09-19T23:59:59+02:00,1731,1520,13878,13148,17088,15931,20345,20675,27021,28158,33669,34621,25628,28472,17477,22278,5309,10025,1232,1114,12222,11539,15820,14584,19180,19184,25561,26389,32181,32988,24835,27571,16959,21542,5102,9520,243002,227504,31928,29745,46580,44842,15396,91,36
2021-09-18T23:59:59+02:00,1728,1516,13866,13136,17077,15924,20335,20668,27014,28154,33663,34617,25628,28472,17477,22277,5309,10025,1232,1113,12215,11531,15810,14579,19170,19181,25554,26385,32176,32986,24835,27571,16959,21542,5102,9520,242965,227485,31915,29740,46580,44842,15358,91,36
2021-09-17T23:59:59+02:00,1705,1482,13765,13022,16969,15848,20254,20597,26944,28094,33610,34573,25605,28449,17465,22266,5308,10022,1215,1096,12130,11454,15709,14502,19082,19109,25485,26317,32113,32943,24816,27551,16949,21524,5101,9516,242500,227045,31868,29728,46580,44841,14962,91,36
2021-09-16T23:59:59+02:00,1678,1444,13666,12912,16881,15752,20162,20507,26842,28007,33533,34507,25573,28416,17451,22242,5301,10001,1191,1071,12040,11375,15639,14438,19000,19030,25396,26235,32052,32888,24774,27513,16939,21511,5098,9505,241883,226578,31771,29669,46580,44839,14573,91,36
2021-09-15T23:59:59+02:00,1660,1435,13606,12859,16829,15690,20116,20456,26786,27956,33481,34451,25547,28384,17436,22213,5294,9978,1171,1055,11980,11314,15583,14387,18948,18979,25335,26186,31994,32832,24741,27480,16923,21492,5094,9494,241463,226142,31750,29653,46576,44837,14320,91,36
2021-09-14T23:59:59+02:00,1644,1424,13542,12791,16756,15638,20056,20409,26736,27899,33431,34400,25525,28365,17423,22202,5290,9973,1143,1033,11917,11252,15510,14327,18894,18934,25287,26132,31937,32779,24710,27457,16909,21476,5094,9489,241062,225748,31698,29559,46576,44837,14100,91,36
2021-09-13T23:59:59+02:00,1622,1408,13504,12754,16729,15611,20037,20384,26714,27874,33410,34376,25515,28357,17418,22191,5290,9970,1126,1018,11874,11218,15477,14305,18871,18904,25263,26104,31910,32757,24700,27446,16896,21467,5091,9488,240780,225440,31697,29557,46571,44835,14047,91,36
2021-09-12T23:59:59+02:00,1611,1405,13471,12731,16687,15595,20023,20373,26703,27855,33404,34364,25509,28350,17417,22187,5290,9967,1114,1012,11830,11198,15431,14287,18847,18883,25247,26091,31896,32743,24692,27437,16893,21463,5090,9485,240620,225225,31697,29557,46569,44834,13987,91,36
2021-09-11T23:59:59+02:00,1600,1404,13455,12719,16673,15586,20013,20370,26691,27849,33400,34360,25505,28349,17416,22186,5288,9967,1035,950,11763,11147,15415,14279,18839,18872,25234,26080,31888,32730,24690,27435,16892,21462,5090,9485,240555,224901,31676,29555,46569,44834,13960,91,36
2021-09-10T23:59:59+02:00,1561,1358,13306,12592,16601,15509,19906,20285,26609,27785,33338,34306,25465,28318,17401,22163,5282,9962,1008,925,11642,11044,15330,14196,18730,18788,25141,26023,31814,32673,24648,27404,16876,21442,5085,9480,239957,224345,31658,29544,46569,44834,13490,91,36
2021-09-09T23:59:59+02:00,1538,1337,13236,12527,16547,15459,19853,20248,26557,27718,33296,34266,25437,28300,17396,22150,5278,9955,988,901,11579,10971,15278,14144,18677,18757,25085,25982,31767,32639,24626,27389,16863,21432,5082,9469,239589,223972,31583,29504,46569,44834,13283,91,36
2021-09-08T23:59:59+02:00,1523,1320,13207,12503,16531,15435,19833,20235,26541,27706,33283,34255,25425,28292,17390,22144,5275,9952,976,885,11535,10927,15253,14126,18665,18740,25067,25958,31746,32628,24612,27374,16861,21426,5082,9467,239369,223696,31583,29504,46565,44833,13259,91,36
2021-09-07T23:59:59+02:00,1490,1302,13149,12456,16491,15403,19810,20206,26504,27685,33249,34225,25401,28274,17384,22129,5270,9946,958,876,11477,10862,15199,14073,18628,18707,25020,25913,31694,32601,24584,27351,16853,21409,5077,9465,239136,223389,31499,29389,46565,44833,13100,91,36
2021-09-06T23:59:59+02:00,1475,1293,13119,12422,16470,15380,19791,20185,26488,27670,33238,34216,25398,28261,17381,22125,5267,9946,945,867,11455,10830,15181,14041,18606,18691,25004,25893,31672,32586,24573,27338,16852,21401,5074,9465,238919,223160,31499,29378,46565,44832,13068,91,36
2021-09-05T23:59:59+02:00,1465,1285,13102,12402,16454,15364,19780,20178,26482,27661,33228,34204,25396,28258,17379,22121,5267,9946,938,862,11436,10814,15156,14025,18595,18682,24997,25886,31663,32566,24570,27327,16849,21396,5072,9464,238791,223010,31499,29378,46565,44831,13043,91,36
2021-09-04T23:59:59+02:00,1465,1285,13101,12401,16454,15364,19778,20178,26481,27661,33228,34204,25396,28258,17379,22120,5267,9946,937,862,11436,10812,15154,14025,18590,18682,24996,25884,31663,32564,24569,27327,16849,21396,5072,9464,238789,222999,31499,29377,46565,44831,13039,91,36
2021-09-03T23:59:59+02:00,1438,1269,12999,12304,16398,15312,19740,20139,26439,27634,33191,34187,25378,28247,17375,22109,5265,9945,893,828,11295,10685,15090,13948,18519,18636,24925,25835,31604,32528,24536,27299,16836,21380,5069,9460,238291,222185,31499,29374,46565,44831,12940,91,36
2021-09-02T23:59:59+02:00,1423,1262,12935,12262,16355,15279,19706,20112,26405,27600,33166,34166,25363,28235,17370,22104,5265,9941,888,822,11218,10647,15042,13913,18481,18616,24892,25813,31566,32498,24517,27278,16830,21375,5069,9458,238068,221922,31435,29332,46561,44822,12811,91,36
2021-09-01T23:59:59+02:00,1400,1247,12899,12224,16334,15259,19687,20097,26387,27580,33144,34141,25353,28224,17364,22094,5262,9937,873,800,11177,10612,15022,13885,18461,18596,24871,25790,31541,32466,24502,27264,16822,21369,5067,9456,237768,221591,31435,29330,46560,44821,12796,91,36
2021-08-31T23:59:59+02:00,1368,1225,12844,12164,16289,15223,19654,20052,26341,27531,33105,34106,25337,28203,17358,22081,5258,9933,851,775,11105,10543,14974,13824,18409,18563,24821,25736,31483,32423,24471,27248,16813,21356,5064,9449,237459,221161,31372,29301,46560,44802,12608,90,36
2021-08-30T23:59:59+02:00,1344,1210,12799,12126,16264,15201,19634,20035,26318,27514,33083,34089,25326,28193,17358,22077,5256,9931,843,764,11028,10510,14946,13803,18387,18539,24793,25720,31456,32396,24460,27233,16807,21349,5061,9446,237204,220865,31372,29301,46560,44791,12548,90,36
2021-08-29T23:59:59+02:00,1338,1204,12785,12109,16253,15192,19625,20025,26315,27505,33076,34075,25321,28187,17356,22076,5256,9931,831,755,11010,10473,14936,13786,18371,18525,24780,25711,31448,32384,24451,27221,16805,21344,5061,9446,237099,220690,31372,29301,46560,44787,12524,90,36
2021-08-28T23:59:59+02:00,1331,1190,12753,12088,16238,15180,19614,20011,26308,27495,33067,34069,25319,28182,17355,22073,5256,9930,812,730,10934,10402,14901,13753,18324,18498,24744,25678,31405,32353,24434,27208,16796,21328,5061,9443,236936,220163,31372,29301,46560,44787,12517,90,36
2021-08-27T23:59:59+02:00,1312,1175,12690,12033,16192,15132,19556,19961,26253,27446,33024,34039,25301,28171,17351,22059,5256,9927,809,725,10897,10368,14860,13727,18308,18482,24709,25654,31377,32332,24421,27197,16793,21324,5061,9442,236513,220005,31372,29300,46560,44786,12359,90,36
2021-08-26T23:59:59+02:00,1292,1159,12620,11977,16146,15089,19512,19921,26199,27388,32973,33994,25271,28142,17344,22049,5253,9923,799,710,10828,10318,14813,13685,18263,18453,24664,25616,31331,32293,24399,27180,16785,21315,5061,9438,236143,219691,31313,29285,46560,44779,12160,90,36
2021-08-25T23:59:59+02:00,1275,1144,12597,11935,16125,15063,19490,19905,26172,27371,32938,33965,25252,28124,17337,22042,5252,9920,785,697,10778,10276,14782,13656,18230,18422,24641,25597,31298,32255,24386,27163,16778,21305,5059,9435,235829,219314,31313,29285,46554,44775,12133,90,36
2021-08-24T23:59:59+02:00,1248,1126,12538,11863,16068,15019,19445,19864,26125,27326,32893,33932,25232,28100,17325,22030,5251,9915,763,677,10700,10202,14738,13616,18184,18386,24591,25546,31256,32218,24362,27136,16763,21289,5058,9434,235518,218901,31187,29245,46554,44775,11962,90,36
2021-08-23T23:59:59+02:00,1235,1113,12499,11827,16043,15000,19424,19829,26105,27290,32863,33910,25218,28087,17321,22021,5251,9912,740,661,10645,10149,14708,13578,18146,18352,24564,25516,31221,32185,24349,27116,16756,21286,5056,9433,235218,218496,31186,29245,46553,44773,11911,90,36
2021-08-22T23:59:59+02:00,1227,1106,12484,11805,16028,14985,19417,19810,26093,27279,32852,33894,25207,28081,17319,22019,5248,9912,725,652,10616,10120,14686,13561,18126,18341,24551,25499,31206,32172,24341,27105,16754,21281,5055,9432,235054,218277,31186,29245,46553,44772,11893,90,36
2021-08-21T23:59:59+02:00,1139,1034,12409,11747,16016,14973,19406,19798,26083,27268,32842,33878,25202,28077,17316,22016,5248,9912,714,646,10592,10090,14669,13557,18117,18329,24542,25493,31199,32166,24338,27105,16753,21281,5055,9432,234680,218154,31180,29245,46553,44772,11871,90,36
2021-08-20T23:59:59+02:00,1119,1018,12348,11678,15956,14918,19343,19759,26029,27235,32792,33851,25187,28066,17307,22011,5247,9910,710,640,10537,10053,14627,13521,18077,18303,24507,25474,31169,32149,24329,27098,16747,21278,5055,9431,234179,217870,31180,29245,46553,44772,11782,90,36
2021-08-19T23:59:59+02:00,1093,994,12279,11621,15895,14886,19293,19708,25967,27185,32749,33816,25156,28043,17295,22000,5244,9908,701,628,10442,9974,14558,13482,18021,18265,24438,25431,31102,32104,24288,27079,16738,21261,5054,9428,233886,217433,31088,29236,46553,44764,11525,90,36
2021-08-18T23:59:59+02:00,1081,978,12239,11585,15866,14856,19265,19678,25937,27154,32712,33790,25137,28031,17290,21991,5242,9907,687,617,10387,9906,14510,13458,17971,18236,24392,25394,31043,32065,24266,27061,16732,21248,5050,9422,233568,216975,31087,29228,46552,44754,11452,90,36
2021-08-17T23:59:59+02:00,1054,953,12188,11544,15837,14814,19234,19646,25909,27131,32676,33752,25120,28011,17280,21974,5241,9902,672,593,10293,9824,14457,13410,17918,18182,24342,25353,30983,32021,24238,27037,16721,21228,5048,9415,233266,216375,30962,29168,46552,44751,11405,90,36
2021-08-16T23:59:59+02:00,1042,946,12156,11517,15819,14797,19215,19627,25886,27107,32657,33730,25100,27996,17272,21959,5238,9900,657,580,10237,9756,14432,13367,17893,18145,24298,25318,30946,31990,24211,27003,16706,21214,5048,9412,233036,215930,30961,29168,46552,44745,11334,90,36
2021-08-15T23:59:59+02:00,1034,946,12131,11501,15805,14780,19201,19612,25876,27097,32636,33715,25094,27987,17268,21948,5237,9900,650,572,10190,9721,14394,13344,17870,18122,24273,25304,30925,31964,24193,26995,16701,21206,5047,9410,232876,215637,30960,29168,46551,44740,11300,90,36
2021-08-14T23:59:59+02:00,1033,946,12130,11498,15805,14779,19198,19610,25875,27097,32636,33714,25094,27987,17268,21948,5237,9900,594,511,10024,9501,14288,13253,17795,18076,24224,25272,30885,31931,24178,26982,16698,21203,5045,9409,232868,214632,30960,29167,46551,44739,11295,90,36
2021-08-13T23:59:59+02:00,988,906,11978,11373,15753,14718,19133,19554,25804,27045,32584,33678,25069,27958,17257,21938,5236,9896,586,506,9971,9446,14248,13224,17756,18051,24192,25252,30861,31910,24167,26969,16692,21194,5045,9405,232037,214294,30959,29167,46551,44736,11242,88,36
2021-08-12T23:59:59+02:00,974,884,11921,11312,15704,14678,19096,19528,25758,27021,32538,33649,25044,27942,17248,21932,5236,9893,577,497,9879,9380,14175,13182,17694,18001,24125,25216,30807,31861,24139,26944,16676,21176,5043,9405,231805,213871,30934,29161,46551,44721,10988,88,36
2021-08-11T23:59:59+02:00,960,873,11888,11278,15685,14655,19063,19510,25736,27002,32513,33620,25025,27919,17244,21924,5235,9891,533,464,9806,9318,14121,13142,17647,17957,24084,25194,30767,31813,24109,26912,16660,21163,5042,9399,231512,213299,30933,29157,46550,44693,10946,88,36
2021-08-10T23:59:59+02:00,941,863,11800,11226,15633,14624,19019,19473,25682,26967,32456,33566,25008,27904,17237,21911,5234,9888,520,457,9710,9230,14069,13107,17615,17923,24037,25155,30714,31766,24076,26878,16653,21143,5038,9394,231130,212775,30801,29122,46548,44679,10873,88,36
2021-08-09T23:59:59+02:00,938,846,11772,11191,15617,14608,18997,19460,25650,26945,32427,33535,25000,27895,17231,21903,5234,9885,508,440,9655,9168,14029,13057,17578,17882,24006,25110,30679,31726,24062,26861,16648,21130,5036,9388,230890,212320,30801,29119,46547,44672,10816,88,36
2021-08-08T23:59:59+02:00,928,839,11736,11168,15595,14594,18977,19439,25625,26925,32405,33518,24992,27879,17224,21899,5233,9885,486,431,9579,9112,13980,13028,17551,17852,23973,25075,30647,31695,24049,26842,16640,21116,5035,9385,230699,211918,30801,29118,46547,44671,10733,88,36
2021-08-07T23:59:59+02:00,908,812,11639,11090,15551,14553,18935,19405,25586,26895,32359,33486,24975,27867,17215,21881,5232,9882,417,358,8959,8522,13536,12673,17338,17666,23822,24965,30495,31618,23990,26791,16619,21089,5030,9382,230110,208715,30801,29116,46547,44671,10732,88,36
2021-08-06T23:59:59+02:00,899,809,11609,11065,15537,14540,18924,19399,25571,26879,32350,33479,24971,27863,17210,21879,5232,9881,375,309,8374,7901,13023,12275,17109,17460,23677,24853,30400,31539,23959,26744,16607,21075,5027,9375,230061,205544,30680,29103,46547,44671,10728,88,36
2021-08-05T23:59:59+02:00,896,802,11569,11034,15494,14511,18884,19367,25525,26844,32302,33432,24930,27841,17208,21868,5232,9875,367,303,8319,7837,12974,12223,17060,17419,23613,24813,30324,31485,23912,26702,16593,21057,5025,9366,229833,205122,30679,29098,46545,44662,10474,88,36
2021-08-04T23:59:59+02:00,879,786,11539,11004,15475,14479,18851,19341,25498,26815,32257,33392,24915,27828,17203,21862,5230,9867,345,293,8229,7750,12918,12176,17008,17375,23556,24769,30264,31413,23875,26664,16583,21044,5023,9360,229567,204534,30677,29097,46543,44627,10351,88,36
2021-08-03T23:59:59+02:00,863,769,11492,10964,15452,14457,18819,19321,25472,26786,32222,33357,24895,27809,17193,21857,5226,9866,320,282,8147,7664,12848,12125,16939,17323,23496,24731,30221,31363,23839,26630,16568,21033,5020,9356,229231,203875,30676,29087,46542,44619,10288,88,36
2021-08-02T23:59:59+02:00,854,766,11456,10934,15429,14426,18792,19301,25443,26761,32190,33329,24881,27789,17185,21848,5225,9864,310,275,8051,7572,12770,12064,16880,17258,23439,24659,30171,31305,23820,26607,16547,21023,5018,9351,228950,203165,30675,29086,46542,44611,10222,88,36
2021-08-01T23:59:59+02:00,846,759,11430,10905,15416,14412,18777,19290,25423,26749,32173,33314,24877,27780,17184,21845,5223,9863,297,258,7984,7505,12708,12016,16835,17211,23402,24627,30144,31280,23804,26588,16543,21017,5016,9350,228803,202706,30671,29085,46542,44592,10166,88,36
2021-07-31T23:59:59+02:00,843,758,11427,10899,15414,14409,18773,19286,25422,26748,32170,33313,24877,27779,17184,21845,5223,9863,275,238,7831,7320,11938,11347,16279,16772,23306,24548,30079,31209,23774,26552,16531,20998,5015,9348,228773,199484,30670,29085,46542,44591,10164,88,36
2021-07-30T23:59:59+02:00,842,757,11414,10890,15411,14406,18766,19279,25415,26743,32160,33308,24876,27777,17184,21842,5223,9863,228,198,7550,7081,11395,10900,15800,16341,23168,24441,29970,31097,23737,26507,16514,20976,5015,9344,228705,196405,30669,29084,46540,44579,10158,88,36
2021-07-29T23:59:59+02:00,830,748,11375,10843,15373,14385,18726,19253,25378,26709,32107,33279,24858,27757,17173,21824,5223,9860,138,134,7178,6773,10730,10380,15283,15925,22991,24295,29822,30986,23682,26455,16485,20951,5011,9341,228387,192933,30667,29074,46540,44494,10023,88,36
2021-07-28T23:59:59+02:00,811,735,11328,10790,15349,14356,18695,19225,25352,26681,32080,33254,24842,27739,17168,21812,5222,9856,119,105,7013,6620,10583,10256,15171,15790,22898,24199,29720,30887,23640,26397,16466,20922,5010,9331,228058,191684,30667,29072,46535,44384,9951,88,36
2021-07-27T23:59:59+02:00,802,726,11283,10750,15306,14316,18654,19199,25323,26655,32044,33232,24826,27714,17161,21800,5221,9848,99,92,6792,6406,10421,10141,15026,15658,22794,24090,29612,30774,23588,26333,16450,20895,5007,9319,227737,190531,30667,28744,46534,44348,9838,88,36
2021-07-26T23:59:59+02:00,792,713,11233,10701,15280,14295,18636,19171,25295,26624,32012,33206,24811,27692,17149,21788,5220,9845,91,83,6676,6330,10325,10067,14959,15578,22712,24030,29547,30700,23555,26289,16438,20878,5003,9313,227437,189746,30665,28741,46533,44308,9743,88,36
2021-07-25T23:59:59+02:00,781,703,11204,10673,15259,14270,18616,19147,25268,26599,31991,33188,24794,27681,17145,21779,5219,9843,76,78,6600,6250,10257,10004,14886,15518,22658,23976,29491,30662,23524,26268,16426,20864,5003,9309,227238,189159,30665,28737,46532,44278,9640,88,36
2021-07-24T23:59:59+02:00,757,681,11127,10590,15220,14243,18592,19126,25248,26583,31979,33175,24794,27677,17142,21777,5219,9843,76,77,6201,5902,10108,9891,14510,15235,22434,23817,29373,30578,23488,26230,16409,20847,5000,9305,226858,186802,30665,28734,46532,44276,9633,88,36
2021-07-23T23:59:59+02:00,731,659,11059,10504,15190,14209,18564,19112,25227,26562,31964,33157,24783,27672,17140,21777,5219,9840,73,73,5829,5596,9989,9784,14163,14970,22237,23641,29253,30460,23436,26162,16398,20826,4996,9298,226470,184532,30664,28734,46532,44264,9618,88,36
2021-07-22T23:59:59+02:00,690,619,10904,10339,15092,14120,18477,19063,25147,26508,31891,33093,24747,27631,17126,21759,5215,9835,61,62,5512,5299,9720,9568,13579,14492,21916,23382,29021,30231,23335,26064,16356,20788,4992,9295,225514,181207,30663,28722,46531,44245,9463,88,36
2021-07-21T23:59:59+02:00,670,594,10839,10284,15055,14093,18437,19025,25107,26478,31851,33043,24722,27596,17110,21747,5212,9830,51,56,4904,4835,9277,9312,13195,14262,21683,23228,28834,30082,23270,25988,16331,20765,4990,9292,225083,179435,30652,27462,46528,44077,9345,88,36
2021-07-20T23:59:59+02:00,652,577,10781,10229,15029,14057,18402,18998,25076,26447,31815,33009,24702,27575,17105,21732,5209,9823,46,46,4763,4723,9128,9181,13028,14127,21570,23107,28703,29957,23190,25884,16309,20725,4983,9286,224704,178093,30652,27450,46526,43927,9250,88,36
2021-07-19T23:59:59+02:00,639,564,10743,10198,14998,14033,18378,18989,25047,26421,31782,32980,24685,27552,17099,21721,5207,9820,40,43,4683,4656,9030,9103,12910,14030,21472,22999,28604,29837,23134,25827,16283,20696,4978,9280,224456,177154,30652,27441,46517,43829,9145,88,36
2021-07-18T23:59:59+02:00,624,555,10690,10146,14963,14012,18353,18971,25027,26405,31759,32961,24675,27541,17093,21712,5206,9815,38,41,4575,4555,8894,8982,12783,13890,21385,22908,28531,29758,23105,25797,16274,20683,4975,9279,224179,176142,30652,27426,46517,43775,9074,88,36
2021-07-17T23:59:59+02:00,549,484,10402,9847,14848,13910,18262,18892,24921,26331,31651,32910,24640,27507,17080,21692,5204,9814,37,40,4528,4514,8840,8909,12547,13695,20959,22563,28400,29626,23068,25744,16265,20668,4974,9276,222618,174345,30652,27426,46515,43773,9073,88,36
2021-07-16T23:59:59+02:00,520,447,10267,9726,14788,13869,18210,18840,24885,26298,31631,32885,24631,27492,17077,21685,5204,9811,37,40,4482,4472,8764,8868,12176,13416,20415,22163,28267,29532,23018,25707,16256,20663,4972,9274,221950,172233,30652,27423,46514,43766,9064,88,36
2021-07-15T23:59:59+02:00,488,410,10129,9621,14721,13820,18154,18771,24830,26250,31581,32832,24606,27455,17059,21670,5197,9807,24,30,4269,4335,8434,8658,11660,13014,19307,21316,27850,29187,22848,25537,16191,20590,4962,9258,221220,167528,30650,27409,46513,43565,8932,88,36
2021-07-14T23:59:59+02:00,467,396,10099,9595,14683,13799,18124,18736,24792,26209,31530,32779,24576,27427,17048,21653,5196,9805,21,27,4145,4185,8177,8486,11429,12869,19129,21205,27702,29060,22783,25459,16157,20552,4957,9249,220847,165960,30650,27390,46512,43387,8819,88,36
2021-07-13T23:59:59+02:00,443,382,10049,9542,14653,13770,18097,18703,24755,26188,31495,32737,24560,27396,17037,21641,5195,9802,21,25,4050,4089,8002,8328,11228,12678,18993,21065,27548,28897,22686,25374,16122,20498,4953,9238,220435,164497,30650,27369,46511,43130,8763,88,36
2021-07-12T23:59:59+02:00,431,360,10003,9490,14625,13751,18067,18674,24718,26145,31461,32693,24536,27373,17022,21636,5192,9799,20,22,3944,3990,7830,8207,11069,12541,18877,20944,27425,28777,22613,25312,16095,20472,4952,9233,220060,163328,30649,27350,46510,42939,8670,88,36
2021-07-11T23:59:59+02:00,423,342,9972,9461,14604,13731,18050,18664,24696,26136,31440,32675,24524,27363,17020,21634,5192,9797,17,20,3875,3920,7713,8109,10921,12413,18751,20842,27324,28663,22569,25264,16074,20447,4950,9230,219864,162367,30646,27345,46509,42736,8618,88,36
2021-07-10T23:59:59+02:00,397,319,9859,9358,14550,13691,18000,18641,24671,26116,31421,32659,24516,27354,17016,21630,5190,9795,17,19,3840,3896,7654,8069,10886,12384,18722,20817,27295,28641,22561,25249,16070,20442,4950,9230,219337,162065,30644,27344,46506,42688,8609,88,36
2021-07-09T23:59:59+02:00,337,271,9600,9147,14447,13611,17921,18570,24585,26063,31372,32598,24493,27323,17002,21612,5190,9790,16,18,3773,3857,7517,7978,10668,12235,18496,20678,26879,28322,22376,25055,16015,20381,4947,9223,218112,159915,30644,27340,46505,42559,8584,88,36
2021-07-08T23:59:59+02:00,258,204,9405,9003,14346,13534,17827,18496,24526,26012,31289,32540,24465,27292,16989,21594,5186,9785,14,15,3615,3733,7206,7789,10316,12006,18149,20395,26574,28063,22201,24897,15947,20305,4940,9207,217007,157537,30641,27292,46492,41983,8524,88,36
2021-07-07T23:59:59+02:00,219,176,9317,8899,14306,13503,17790,18455,24473,25975,31247,32499,24440,27262,16976,21576,5186,9777,12,11,3438,3606,6887,7567,9377,11273,17562,19967,26172,27752,21963,24589,15868,20208,4926,9193,216368,154923,30638,25537,46490,41382,8493,88,36
2021-07-06T23:59:59+02:00,197,164,9238,8842,14255,13473,17754,18412,24431,25936,31186,32452,24404,27234,16961,21559,5184,9775,12,10,3321,3533,6683,7443,9106,11109,17316,19785,25895,27496,21806,24386,15787,20104,4913,9178,215801,152986,30624,25525,46487,40878,8458,88,36
2021-07-05T23:59:59+02:00,185,149,9151,8757,14214,13428,17719,18362,24394,25906,31141,32402,24381,27211,16952,21545,5183,9773,12,9,3269,3500,6556,7365,8956,10988,17171,19645,25724,27340,21663,24218,15738,20051,4902,9168,215247,151922,30624,25516,46485,40391,8410,88,36
2021-07-04T23:59:59+02:00,170,142,9099,8707,14181,13415,17693,18344,24368,25885,31120,32376,24366,27197,16946,21537,5182,9770,10,8,3220,3456,6491,7324,8867,10916,17085,19559,25595,27229,21538,24089,15696,19999,4900,9161,214970,151258,30623,25506,46470,39995,8348,88,36
2021-07-03T23:59:59+02:00,167,139,8593,8226,14022,13297,17593,18228,24272,25826,31056,32328,24345,27175,16934,21527,5180,9767,9,8,3160,3378,6371,7204,8693,10773,16867,19373,25206,26918,21423,23951,15666,19959,4897,9155,213166,149201,30622,25506,46470,39938,8330,88,36
2021-07-02T23:59:59+02:00,160,135,8024,7768,13879,13188,17501,18151,24203,25757,30996,32266,24307,27133,16928,21507,5178,9762,8,8,3049,3271,6100,7048,8436,10533,16496,19044,24727,26491,21196,23677,15597,19877,4891,9152,211340,146120,30622,25504,46467,39614,8327,88,36
2021-07-01T23:59:59+02:00,147,125,7896,7664,13795,13129,17431,18098,24135,25705,30943,32213,24279,27108,16918,21495,5177,9761,7,7,2861,3085,5752,6765,7997,10112,15906,18565,23956,25826,20705,23204,15470,19715,4879,9127,210552,141524,30617,25491,46460,38585,8303,88,36
2021-06-30T23:59:59+02:00,129,112,7751,7548,13731,13079,17377,18045,24082,25651,30883,32167,24248,27086,16904,21477,5177,9756,6,7,2765,3010,5596,6623,7769,9890,14947,17693,23341,25274,20345,22810,15337,19554,4865,9093,209986,139983,30442,23216,46456,37458,8232,88,36
2021-06-29T23:59:59+02:00,114,99,7684,7450,13684,13039,17340,18000,24029,25590,30832,32107,24228,27060,16894,21461,5174,9752,4,5,2707,2964,5466,6526,7615,9756,14778,17520,23095,25038,20084,22484,15238,19453,4853,9073,209357,138857,30440,23203,46453,36363,8200,88,36
2021-06-28T23:59:59+02:00,109,93,7619,7379,13616,12977,17293,17949,23987,25545,30775,32063,24211,27032,16887,21451,5172,9750,3,4,2676,2931,5398,6474,7524,9685,14681,17438,22943,24824,19881,22238,15183,19384,4849,9059,208813,138253,30438,23193,46445,35568,8125,88,36
2021-06-27T23:59:59+02:00,95,88,7571,7317,13585,12940,17264,17916,23968,25510,30748,32035,24199,27024,16880,21445,5172,9748,2,3,2654,2917,5349,6449,7451,9639,14584,17373,22847,24737,19754,22095,15152,19333,4845,9050,208458,137738,30438,23181,46439,35196,8083,88,36
2021-06-26T23:59:59+02:00,91,85,7070,6776,13192,12640,17149,17812,23903,25453,30712,32000,24190,27007,16876,21434,5171,9747,2,3,2554,2808,5160,6259,7251,9448,14037,16918,22184,24101,19606,21953,15107,19280,4843,9042,206283,134097,30436,23181,46439,35176,8083,68,19
2021-06-25T23:59:59+02:00,90,82,6591,6295,12738,12267,16988,17693,23813,25388,30631,31960,24167,26980,16871,21424,5169,9744,2,3,2453,2654,4984,6064,6992,9150,13504,16384,21631,23514,19410,21743,15049,19213,4839,9030,203883,130391,30436,23181,46439,34962,8066,68,19
2021-06-24T23:59:59+02:00,80,70,6369,6084,12515,12115,16882,17611,23740,25335,30573,31912,24133,26938,16865,21414,5167,9737,2,3,2249,2420,4614,5683,6492,8661,12779,15669,20478,22509,18946,21261,14944,19082,4827,9015,202615,124442,30434,23170,46432,34011,7992,68,19
2021-06-23T23:59:59+02:00,75,68,5801,5587,12353,12004,16763,17499,23665,25288,30509,31862,24099,26915,16858,21400,5163,9733,2,3,2211,2367,4551,5563,6400,8511,12545,15380,20234,22248,18647,20931,14847,18968,4816,8998,202103,123418,29107,23021,46422,32821,7943,68,19
2021-06-22T23:59:59+02:00,70,63,5661,5458,12253,11898,16675,17425,23605,25226,30440,31783,24071,26882,16848,21379,5159,9731,2,2,2159,2330,4457,5481,6275,8364,11675,14720,19820,21839,18311,20576,14739,18829,4806,8977,201164,122492,29100,21329,46403,31629,7893,68,19
2021-06-21T23:59:59+02:00,67,60,5527,5345,12176,11805,16610,17338,23548,25152,30390,31725,24046,26854,16835,21364,5159,9727,2,2,2126,2295,4397,5384,6188,8236,10893,14011,19367,21429,18083,20346,14677,18732,4797,8960,200338,121687,29094,19541,46398,30847,7831,68,19
2021-06-20T23:59:59+02:00,65,58,5411,5221,12010,11628,16544,17215,23499,25086,30348,31669,24030,26832,16829,21349,5154,9722,2,2,2108,2265,4356,5343,6117,8185,10790,13932,19256,21303,17926,20156,14611,18648,4793,8953,199336,121153,29090,19538,46392,30251,7785,68,19
2021-06-19T23:59:59+02:00,61,54,5394,5203,11241,10964,16064,16820,23437,25041,30304,31626,24012,26812,16821,21337,5154,9722,2,2,2035,2144,4151,5108,5833,7901,10461,13595,18199,20445,17753,19964,14578,18583,4788,8941,196735,116906,29090,19538,46391,30236,7784,68,19
2021-06-18T23:59:59+02:00,58,53,5358,5175,10598,10380,15453,16255,23345,24972,30234,31563,23984,26782,16810,21322,5153,9720,2,2,1965,2054,4010,4965,5555,7630,10078,13230,17046,19232,17550,19726,14529,18518,4785,8931,193893,112488,29082,19537,46391,29982,7782,68,19
2021-06-17T23:59:59+02:00,51,44,5243,5071,9919,9876,14964,15866,23245,24884,30152,31469,23944,26736,16796,21301,5152,9717,2,2,1836,1948,3753,4718,5166,7264,9536,12743,15857,18039,17089,19236,14388,18343,4772,8907,191304,107352,29079,19528,46388,29062,7644,16,13
2021-06-16T23:59:59+02:00,49,36,5112,4940,9722,9711,14819,15736,23151,24790,30053,31393,23900,26691,16781,21289,5151,9707,2,2,1794,1907,3646,4629,5062,7143,8504,11890,15585,17740,16793,18899,14253,18173,4766,8874,190128,106453,29067,17649,46386,28112,7435,16,13
2021-06-15T23:59:59+02:00,43,30,4930,4760,9539,9557,14682,15592,23059,24699,29977,31308,23857,26617,16755,21256,5143,9692,2,2,1735,1852,3564,4533,4967,7025,8388,11747,15403,17510,16473,18588,14111,18004,4744,8815,188812,105677,29064,17645,46367,26890,7238,16,13
2021-06-14T23:59:59+02:00,41,27,4853,4698,9447,9448,14605,15502,22987,24627,29906,31246,23825,26578,16740,21238,5140,9686,2,2,1715,1829,3528,4508,4926,6992,8287,11684,15266,17376,16293,18384,14019,17906,4739,8807,188067,105451,29058,17643,46361,26063,7093,16,13
2021-06-13T23:59:59+02:00,40,26,4796,4649,9364,9374,14520,15435,22925,24576,29839,31193,23799,26550,16731,21228,5140,9684,2,2,1668,1816,3484,4484,4870,6949,8214,11646,15166,17280,16136,18200,13965,17832,4732,8800,187489,105169,29051,17641,46345,25454,6969,16,13
2021-06-12T23:59:59+02:00,38,24,4777,4634,9336,9350,14281,15257,22795,24445,29794,31148,23778,26533,16722,21220,5139,9682,2,2,1546,1693,3248,4274,4463,6649,7666,11216,13388,15589,15782,17827,13885,17730,4730,8785,186576,98464,29051,17641,46345,25390,6967,15,13
2021-06-11T23:59:59+02:00,34,23,4724,4583,9255,9299,13961,15035,22599,24297,29698,31057,23741,26488,16704,21208,5138,9679,2,2,1446,1560,3057,4059,4167,6283,7154,10671,11743,13694,15300,17247,13772,17582,4715,8771,185220,91522,29046,17640,46343,25150,6900,15,13
2021-06-10T23:59:59+02:00,28,20,4439,4360,8709,8971,12684,14010,22032,23844,29325,30751,23605,26329,16652,21140,5125,9664,2,2,1326,1472,2822,3878,3841,6000,6717,10279,10326,12360,14785,16670,13600,17374,4700,8744,179878,86973,29029,17637,46338,23845,6430,14,13
2021-06-09T23:59:59+02:00,25,16,4206,4199,8116,8680,11785,13348,21710,23632,29095,30600,23541,26266,16632,21115,5122,9660,2,2,1241,1418,2666,3805,3700,5919,6508,10185,10060,12181,14460,16318,13428,17194,4693,8723,177767,86632,27760,17532,46332,22450,5876,14,13
2021-06-08T23:59:59+02:00,21,13,4078,4100,7716,8454,11299,13057,21484,23451,28895,30445,23483,26193,16600,21073,5116,9651,2,2,1164,1391,2530,3746,3541,5849,5611,9434,9587,11815,14122,15910,13202,16953,4679,8701,176017,86268,27390,15377,46307,21179,5402,14,13
2021-06-07T23:59:59+02:00,16,11,3958,4024,7476,8349,11009,12878,21280,23337,28741,30327,23425,26139,16582,21048,5112,9643,2,2,1116,1275,2408,3682,3411,5786,5445,9358,9376,11687,13891,15651,13046,16784,4672,8683,174785,86077,27381,15372,46299,19936,4877,14,13
2021-06-06T23:59:59+02:00,14,11,3841,3966,7239,8230,10759,12714,21093,23249,28655,30235,23394,26105,16570,21030,5109,9638,2,2,1096,1258,2344,3647,3315,5731,5338,9283,9257,11586,13735,15495,12973,16690,4669,8676,173634,85881,27363,15367,46289,19283,4553,14,13
2021-06-05T23:59:59+02:00,14,11,3812,3929,7200,8190,10582,12562,20465,22738,28493,30091,23344,26060,16556,21011,5109,9634,2,1,1064,1159,2176,3193,3082,5191,5169,8950,8477,10629,13082,14653,12861,16543,4658,8666,171595,80487,27363,15367,46288,19146,4543,13,13
2021-06-04T23:59:59+02:00,14,11,3782,3902,7161,8163,10484,12470,20100,22408,28389,29994,23309,26022,16542,21002,5107,9633,2,1,1032,1092,2078,2881,2922,4713,5012,8579,7961,9971,11581,12933,12734,16346,4651,8648,170308,74099,27350,15366,46287,19123,4536,13,13
2021-06-03T23:59:59+02:00,9,7,3646,3801,6943,8022,9929,12046,18877,21476,27991,29682,23176,25881,16489,20940,5103,9619,2,1,982,1047,1990,2770,2784,4554,4808,8272,7596,9521,11201,12534,12624,16232,4648,8635,165552,72308,27339,15363,46283,18066,4451,13,13
2021-06-02T23:59:59+02:00,9,7,3638,3793,6930,8005,9917,12035,18688,21295,27919,29633,23153,25860,16483,20931,5100,9617,2,1,977,1039,1978,2741,2761,4535,4597,8087,7060,9032,11164,12493,12609,16217,4644,8629,165481,72200,26794,13869,46283,18041,4443,13,13
2021-06-01T23:59:59+02:00,8,6,3512,3718,6689,7856,9633,11840,18231,20950,27681,29437,23060,25758,16442,20878,5097,9605,2,1,940,991,1892,2671,2681,4460,4318,7853,6461,8498,10949,12279,12511,16116,4639,8617,163785,71751,26016,12577,46269,17219,4319,13,13
2021-05-31T23:59:59+02:00,8,6,3466,3674,6598,7789,9497,11738,18105,20860,27589,29360,22993,25696,16425,20849,5092,9598,2,1,911,963,1822,2628,2602,4417,4210,7789,6339,8420,10762,12109,12410,16000,4629,8609,162938,71382,25987,12570,46256,16508,4150,13,13
2021-05-30T23:59:59+02:00,8,5,3435,3649,6533,7733,9405,11645,18016,20781,27513,29288,22948,25651,16403,20821,5086,9588,2,1,904,955,1811,2619,2589,4405,4181,7764,6286,8378,10701,12030,12376,15957,4624,8600,162228,71341,25981,12567,46239,16214,4048,13,13
2021-05-29T23:59:59+02:00,8,5,3424,3632,6498,7705,9361,11606,17978,20741,27365,29182,22893,25577,16388,20801,5083,9584,1,1,868,936,1754,2573,2517,4321,3990,7508,6011,8079,8491,9368,12183,15615,4609,8571,161565,65081,25981,12565,46225,15689,4048,13,13
2021-05-28T23:59:59+02:00,8,5,3361,3577,6368,7628,9221,11474,17820,20609,27182,29059,22832,25499,16368,20783,5082,9583,1,1,855,923,1735,2550,2479,4266,3838,7212,5816,7815,5776,6248,11910,15216,4593,8522,160209,58182,25979,12565,46220,14957,4039,13,13
2021-05-27T23:59:59+02:00,8,5,3217,3454,6082,7448,8618,11141,17344,20270,26769,28712,22664,25334,16310,20720,5075,9565,1,1,808,866,1650,2454,2361,4132,3416,6241,5394,7215,5615,6072,11829,15141,4587,8505,156740,57697,25919,12518,46214,12209,3851,13,13
2021-05-26T23:59:59+02:00,8,5,3111,3370,5862,7281,8249,10856,16880,19963,26468,28475,22514,25201,16258,20646,5062,9545,1,1,792,856,1597,2429,2308,4100,3343,6165,5295,7142,5479,5945,11763,15073,4582,8493,154042,57614,25900,12516,46192,11613,3608,13,13
2021-05-25T23:59:59+02:00,8,5,3020,3308,5720,7164,8053,10692,15878,19185,26114,28122,22355,25043,16205,20566,5055,9535,1,1,773,839,1560,2382,2237,4040,3267,6093,5209,7079,5311,5775,11655,14992,4574,8481,152479,57543,23982,12326,46174,11005,3382,12,13
2021-05-24T23:59:59+02:00,8,5,2956,3292,5634,7119,7937,10630,14963,18494,25699,27811,22261,24938,16174,20530,5048,9523,1,1,764,837,1539,2365,2195,4003,3222,6045,5132,6999,5209,5667,11573,14916,4573,8475,151757,57505,21908,12250,46165,10567,3181,12,13
2021-05-23T23:59:59+02:00,8,4,2953,3287,5625,7111,7928,10622,14957,18493,25698,27810,22261,24938,16174,20530,5048,9523,1,1,762,834,1531,2358,2182,3990,3203,6030,5111,6966,5164,5615,11557,14893,4572,8473,151725,57497,21908,12250,46163,10320,3163,12,13
2021-05-22T23:59:59+02:00,7,4,2916,3243,5547,7060,7828,10536,14758,18330,25415,27564,22161,24851,16141,20486,5045,9518,1,1,740,814,1483,2304,2130,3909,3091,5908,4794,6391,4593,4866,10909,14068,4562,8434,150187,54248,21908,12250,46163,9346,3141,12,13
2021-05-21T23:59:59+02:00,5,4,2844,3171,5420,6959,7701,10389,14499,18101,25120,27328,22046,24743,16108,20438,5041,9509,1,1,713,761,1414,2175,2029,3640,2907,5575,4313,5496,4177,4327,10163,13128,4496,8308,148242,50501,21907,12250,46157,7750,3110,11,13
2021-05-20T23:59:59+02:00,5,4,2713,3015,5137,6704,7416,10018,14037,17616,24510,26777,21773,24447,16014,20317,5027,9479,0,1,700,751,1388,2151,1991,3606,2853,5518,4231,5417,4049,4223,10086,13065,4487,8296,144087,50404,21897,12239,46132,7274,2883,11,13
2021-05-19T23:59:59+02:00,5,4,2660,2962,5039,6562,7273,9837,12895,16580,24246,26486,21676,24319,15971,20256,5018,9472,0,1,683,725,1362,2103,1958,3520,2790,5371,4137,5309,3968,4133,10034,13000,4484,8292,142705,50373,19831,12173,46061,6657,2654,11,13
2021-05-18T23:59:59+02:00,5,4,2634,2937,4991,6529,7220,9805,12541,16306,24066,26333,21584,24230,15941,20203,5011,9460,0,1,654,667,1306,1975,1884,3319,2691,5162,4008,5112,3745,3855,9951,12920,4475,8282,142419,50348,18979,11171,46017,6100,2375,11,13
2021-05-17T23:59:59+02:00,5,4,2608,2918,4946,6459,7132,9697,12388,16127,23916,26170,21531,24180,15922,20181,5006,9452,0,1,646,653,1290,1939,1863,3271,2643,5055,3929,4997,3607,3703,9882,12857,4472,8274,141444,50324,18971,11161,46000,5367,2217,11,13
2021-05-16T23:59:59+02:00,5,4,2596,2905,4924,6392,7094,9614,12331,16053,23864,26109,21507,24163,15912,20167,5003,9449,0,1,641,649,1280,1936,1846,3262,2622,5043,3900,4973,3553,3636,9843,12825,4471,8272,141009,50309,18961,11150,45980,5150,2131,11,13
2021-05-15T23:59:59+02:00,4,4,2473,2769,4736,6186,6903,9426,11812,15634,23273,25557,21400,24045,15878,20124,5000,9441,0,1,592,586,1198,1847,1711,3109,2335,4734,3449,4463,3221,3207,9679,12620,4447,8243,137613,47349,18960,11150,45975,4824,2106,11,13
2021-05-14T23:59:59+02:00,4,4,2359,2593,4540,5963,6625,9114,11274,15122,22706,24987,21254,23905,15842,20066,4996,9430,0,1,530,510,1095,1726,1550,2894,2005,4329,2847,3874,2835,2770,9594,12471,4443,8239,133790,44414,18953,11148,45952,4060,2078,11,13
2021-05-13T23:59:59+02:00,4,4,2182,2309,4218,5579,6199,8643,10713,14432,21669,24071,20972,23631,15782,19967,4989,9415,0,1,526,510,1082,1711,1535,2876,1996,4305,2830,3853,2818,2756,9587,12467,4442,8239,127888,44362,18899,11139,45926,3965,2055,11,13
2021-05-12T23:59:59+02:00,4,4,2181,2307,4209,5576,6190,8637,10611,14310,21615,24031,20967,23620,15777,19959,4988,9415,0,1,519,488,1046,1657,1485,2797,1913,4218,2771,3794,2737,2661,9536,12394,4442,8239,127837,44359,18575,10312,45926,3962,2052,11,13
2021-05-11T23:59:59+02:00,4,4,2060,2268,4124,5513,6063,8522,10302,14059,21422,23869,20889,23548,15762,19927,4984,9410,0,1,494,464,985,1597,1415,2706,1814,4078,2698,3719,2583,2433,9471,12293,4441,8239,126888,44341,18238,9474,45643,3653,1950,11,13
2021-05-10T23:59:59+02:00,4,4,2021,2192,4017,5391,5926,8344,9513,13296,21043,23549,20798,23458,15723,19873,4974,9397,0,1,482,436,949,1534,1350,2615,1725,3917,2616,3627,2557,2414,9461,12275,4437,8234,125747,44328,16398,9294,45539,3167,1828,11,13
2021-05-09T23:59:59+02:00,4,4,1989,2179,3980,5353,5873,8296,9444,13227,20973,23476,20762,23417,15708,19846,4971,9383,0,1,475,429,926,1490,1324,2566,1691,3855,2578,3584,2548,2401,9450,12258,4437,8226,125299,44268,16394,9291,45442,2928,1739,11,13
2021-05-08T23:59:59+02:00,4,4,1926,2076,3798,5178,5599,8089,9134,12941,19840,22548,20567,23224,15675,19777,4966,9371,0,1,406,400,863,1450,1247,2493,1603,3754,2359,3371,2000,1974,9356,12172,4436,8226,121143,42787,16393,9290,45439,2293,1738,4,3
2021-05-07T23:59:59+02:00,4,4,1840,1963,3618,5009,5279,7794,8722,12566,18588,21272,20383,23011,15630,19720,4957,9352,0,1,321,345,753,1375,1115,2364,1469,3612,2183,3178,1630,1633,8868,11724,4435,8224,116197,41050,16389,9285,45416,1186,1706,4,3
2021-05-06T23:59:59+02:00,4,4,1656,1854,3333,4753,4828,7387,8080,12005,17343,20030,20050,22633,15522,19555,4947,9341,0,1,304,336,734,1345,1075,2317,1420,3528,2116,3110,1595,1578,8851,11693,4429,8221,110335,41030,16382,9279,45180,917,1424,4,3
2021-05-05T23:59:59+02:00,4,3,1586,1824,3248,4666,4749,7282,7952,11854,17189,19884,19930,22513,15445,19458,4925,9245,0,1,294,325,691,1294,1013,2243,1338,3379,2008,2993,1502,1479,8433,11125,4423,8204,109566,40992,16239,8150,45009,661,939,4,3
2021-05-04T23:59:59+02:00,4,3,1559,1795,3200,4588,4690,7171,7702,11558,16627,19304,19842,22380,15369,19360,4895,9131,0,1,278,313,668,1264,992,2189,1280,3259,1895,2835,1429,1372,8362,11021,4418,8186,108853,40965,14894,7874,44904,397,523,4,3
2021-05-03T23:59:59+02:00,4,3,1551,1791,3190,4573,4652,7146,7448,11324,15933,18708,19779,22294,15343,19326,4889,9121,0,1,263,293,646,1180,942,2101,1217,3120,1797,2698,1364,1291,8337,10986,4414,8177,108760,40955,13296,7666,44864,52,151,4,3
2021-05-02T23:59:59+02:00,4,3,1550,1789,3183,4571,4647,7143,7434,11314,15914,18697,19762,22286,15343,19324,4888,9121,0,1,263,290,643,1179,937,2098,1207,3114,1789,2692,1350,1284,8336,10981,4413,8177,108732,40932,13293,7664,44838,49,106,4,3
2021-05-01T23:59:59+02:00,4,3,1420,1646,2906,4322,4180,6787,6815,10832,13978,16816,19380,21888,15252,19208,4885,9105,0,1,261,290,640,1177,936,2095,1205,3112,1787,2688,1345,1280,8334,10979,4413,8177,101196,40901,13293,7664,44832,49,103,3,3
2021-04-30T23:59:59+02:00,3,3,1300,1501,2688,4101,3851,6391,6248,10240,12191,14782,18922,21347,15148,19066,4871,9094,0,1,256,289,633,1170,920,2087,1192,3102,1776,2674,1335,1271,8330,10974,4412,8176,93588,40855,13293,7664,44832,45,31,3,3
2021-04-29T23:59:59+02:00,2,3,1187,1439,2522,3976,3612,6188,5891,9939,10850,13501,18661,21070,15105,18996,4867,9088,0,1,255,285,628,1162,908,2081,1172,3097,1745,2637,1309,1247,8324,10965,4412,8176,88903,40822,13284,7530,44693,35,14,3,3
2021-04-28T23:59:59+02:00,2,3,1134,1433,2471,3956,3561,6164,5828,9906,10752,13432,18629,21036,15097,18980,4867,9085,0,1,255,284,625,1161,905,2079,1167,3093,1737,2636,1302,1228,7878,10442,4412,8176,88633,40798,13234,6537,44453,31,13,3,2
2021-04-27T23:59:59+02:00,2,3,1089,1406,2366,3911,3496,6135,5708,9849,10635,13354,18595,20996,15084,18965,4865,9083,0,1,254,284,623,1153,904,2077,1162,3090,1733,2632,1290,1211,7460,9860,4412,8176,88118,40778,13180,5504,44229,26,12,3,2
2021-04-26T23:59:59+02:00,2,3,1049,1377,2275,3818,3369,6035,5540,9728,10331,13095,18533,20941,15075,18947,4863,9083,0,1,253,283,622,1151,898,2073,1155,3087,1715,2623,1275,1198,7451,9840,4412,8176,86780,40691,13169,5483,44100,25,12,3,2
2021-04-25T23:59:59+02:00,2,3,1046,1375,2267,3815,3362,6030,5520,9720,10297,13064,18523,20929,15074,18941,4863,9082,0,1,252,283,622,1151,898,2073,1153,3087,1715,2623,1275,1198,7451,9838,4412,8176,86757,40689,13161,5481,43981,25,11,3,2
2021-04-24T23:59:59+02:00,2,2,1004,1262,2079,3277,3091,5414,5328,9307,9461,12017,17815,20032,14961,18781,4855,9071,0,1,251,282,621,1150,898,2072,1153,3086,1709,2618,1272,1193,7449,9836,4412,8175,80629,40664,13161,5477,43956,25,10,3,2
2021-04-23T23:59:59+02:00,1,2,971,1178,1967,2931,2908,4862,5132,8878,8905,11295,16184,18167,14812,18575,4847,9048,0,1,251,282,620,1150,896,2070,1152,3086,1708,2617,1267,1188,7445,9834,4412,8174,73594,40650,13160,5466,43896,25,10,3,2
2021-04-22T23:59:59+02:00,1,2,966,1166,1948,2915,2888,4842,5075,8832,8790,11190,16111,18090,14785,18545,4845,9043,0,1,249,282,616,1149,893,2069,1144,3074,1692,2597,1243,1166,7440,9826,4412,8174,73542,40636,13102,5355,43377,24,10,3,2
2021-04-21T23:59:59+02:00,1,2,956,1158,1934,2903,2860,4816,5029,8777,8682,11067,16025,18005,14756,18511,4845,9038,0,1,245,279,606,1140,879,2039,1134,3049,1682,2570,1230,1152,7214,9508,4411,8174,73499,40627,13044,4651,42809,23,10,3,2
2021-04-20T23:59:59+02:00,1,2,929,1110,1882,2789,2787,4653,4935,8598,8508,10858,15792,17723,14697,18452,4838,9032,0,1,232,276,588,1119,853,2007,1105,3023,1647,2529,1210,1138,7205,9503,4410,8174,73460,40606,11915,4384,42198,19,10,3,1
2021-04-19T23:59:59+02:00,1,2,920,1102,1848,2769,2737,4628,4811,8537,8308,10746,15700,17625,14675,18433,4838,9026,0,1,226,268,570,1098,834,1974,1087,2980,1601,2474,1192,1119,7198,9500,4408,8173,73059,40570,11894,4105,41740,17,10,3,1
2021-04-18T23:59:59+02:00,1,2,917,1101,1843,2763,2729,4616,4793,8526,8268,10703,15650,17566,14665,18416,4837,9024,0,1,226,268,570,1097,833,1974,1086,2980,1601,2473,1192,1118,7196,9499,4407,8173,73013,40563,11890,4103,41504,17,10,3,1
2021-04-17T23:59:59+02:00,0,2,885,1086,1794,2724,2660,4536,4638,8383,8004,10474,13278,14666,14466,18062,4820,8990,0,1,224,268,570,1094,829,1967,1074,2971,1590,2453,1153,1075,6863,9085,4382,8125,66183,39604,11890,4092,41382,17,10,3,1
2021-04-16T23:59:59+02:00,0,2,879,1080,1782,2714,2618,4496,4546,8299,7824,10280,10437,11416,14196,17644,4801,8935,0,1,223,264,568,1090,824,1963,1065,2968,1582,2440,1142,1060,6857,9079,4380,8122,58905,39525,11888,4075,41143,17,10,3,1
2021-04-15T23:59:59+02:00,0,2,867,1075,1760,2700,2575,4463,4428,8238,7594,10079,10186,11198,14134,17578,4794,8921,0,1,221,263,568,1088,823,1961,1062,2965,1579,2437,1136,1055,6855,9077,4380,8122,58881,39510,11886,4056,39812,16,10,3,1
2021-04-14T23:59:59+02:00,0,2,849,1048,1701,2619,2485,4339,4238,8054,7319,9795,9812,10713,13985,17397,4788,8909,0,1,197,238,527,1035,800,1894,1026,2885,1528,2374,1110,1025,6850,9069,4380,8121,58844,39494,10939,3541,38257,14,10,3,1
2021-04-13T23:59:59+02:00,0,2,825,1026,1664,2567,2417,4256,4137,7915,7106,9575,9404,10195,13839,17230,4783,8895,0,1,162,215,492,987,759,1801,991,2775,1475,2304,1091,990,6834,9058,4379,8121,58794,39430,9989,2986,37040,8,10,3,1
2021-04-12T23:59:59+02:00,0,2,820,1024,1645,2563,2388,4243,4085,7864,6965,9403,9138,9880,13776,17170,4772,8878,0,1,151,201,464,947,737,1737,971,2703,1431,2254,1069,973,6817,9038,4376,8116,58736,39313,9958,2654,35909,8,10,3,1
2021-04-11T23:59:59+02:00,0,2,819,1023,1634,2563,2374,4240,4062,7852,6900,9341,9004,9715,13749,17122,4767,8869,0,1,151,201,464,945,735,1735,969,2703,1429,2254,1069,973,6815,9038,4376,8116,58722,39303,9956,2653,35345,7,10,3,1
2021-04-10T23:59:59+02:00,0,2,803,1019,1605,2534,2337,4211,3992,7793,6767,9224,8446,8981,13082,16269,4756,8827,0,1,148,200,462,942,729,1732,969,2696,1420,2247,1055,957,6343,8539,4360,8100,55385,38231,9955,2651,35295,7,10,3,1
2021-04-09T23:59:59+02:00,0,2,782,991,1564,2485,2271,4131,3839,7633,6420,8891,7919,8321,12260,15245,4684,8688,0,1,146,198,460,936,722,1724,960,2686,1405,2236,1033,934,6101,8267,4340,8073,51396,37557,9948,2647,34769,7,10,3,1
2021-04-08T23:59:59+02:00,0,2,772,981,1537,2461,2205,4082,3706,7544,6165,8590,7302,7666,12098,15045,4673,8672,0,1,146,196,455,932,717,1717,952,2675,1396,2223,1021,931,6098,8265,4339,8073,51362,37534,9923,2585,32203,7,10,3,1
2021-04-07T23:59:59+02:00,0,2,765,972,1511,2443,2146,4044,3619,7474,5934,8325,6745,7032,11488,14296,4660,8644,0,1,127,189,423,885,671,1648,895,2605,1346,2154,1000,915,6090,8259,4338,8073,51332,37510,8765,2092,29991,7,9,3,1
2021-04-06T23:59:59+02:00,0,2,760,970,1499,2435,2117,4021,3546,7425,5753,8153,6299,6524,11285,14079,4645,8613,0,1,104,168,375,825,626,1573,851,2505,1293,2090,974,898,6071,8244,4336,8069,51263,37479,8580,1508,28272,7,8,3,1
2021-04-05T23:59:59+02:00,0,2,755,966,1483,2427,2091,4011,3495,7399,5609,8042,6094,6306,11218,13992,4639,8603,0,1,98,165,374,823,619,1564,842,2490,1280,2071,946,867,4965,6841,4259,7963,51063,34654,8576,1498,27482,7,8,3,1
2021-04-04T23:59:59+02:00,0,2,753,960,1481,2425,2087,4009,3477,7392,5599,8035,6083,6286,11204,13974,4637,8600,0,1,98,165,372,821,616,1559,835,2483,1265,2052,923,845,3955,5680,4193,7857,51048,32206,8574,1498,27371,7,8,3,1
2021-04-03T23:59:59+02:00,0,2,702,904,1399,2354,1964,3870,3216,7131,5138,7544,5738,5829,11032,13755,4609,8572,0,1,94,165,372,820,616,1557,834,2483,1265,2052,923,845,3955,5677,4193,7856,47805,32194,8574,1498,27369,7,8,3,1
2021-04-02T23:59:59+02:00,0,2,659,870,1343,2286,1866,3756,2963,6870,4620,7064,5346,5369,10932,13589,4604,8566,0,1,93,165,372,820,616,1557,833,2483,1263,2051,920,842,3952,5674,4192,7856,44872,32178,8573,1497,27250,7,7,3,1
2021-04-01T23:59:59+02:00,0,2,656,867,1333,2281,1846,3748,2934,6856,4545,6991,5237,5259,10893,13540,4603,8561,0,1,93,165,370,816,614,1553,833,2480,1259,2047,910,841,3947,5671,4191,7855,44855,32166,8428,1465,26859,7,7,3,1
2021-03-31T23:59:59+02:00,0,2,654,865,1325,2264,1838,3738,2906,6828,4482,6945,5097,5097,10378,12931,4599,8553,0,1,93,165,369,816,614,1553,833,2480,1257,2047,909,841,3947,5670,4191,7854,44842,32160,7295,1465,26356,7,7,2,1
2021-03-30T23:59:59+02:00,0,2,645,862,1307,2244,1809,3709,2869,6793,4396,6856,4928,4903,9850,12231,4592,8539,0,1,88,163,368,812,609,1551,828,2474,1249,2044,899,831,3939,5667,4190,7853,44818,32139,6107,1412,25601,7,7,2,1
2021-03-29T23:59:59+02:00,0,2,640,853,1294,2211,1791,3678,2838,6751,4324,6770,4728,4705,9764,12137,4589,8525,0,1,88,163,368,810,604,1547,826,2468,1244,2036,891,825,3931,5659,4190,7853,44748,32125,5889,1365,24954,6,7,2,1
2021-03-28T23:59:59+02:00,0,2,637,851,1291,2208,1777,3668,2822,6739,4289,6718,4633,4595,9728,12073,4584,8518,0,1,88,163,368,809,604,1547,823,2468,1242,2036,890,825,3930,5659,4190,7853,44726,32123,5880,1359,24518,6,7,2,1
2021-03-27T23:59:59+01:00,0,2,633,846,1281,2204,1760,3651,2794,6709,4126,6575,4054,4141,9499,11827,4571,8499,0,1,88,163,366,807,602,1545,821,2465,1234,2030,886,821,3751,5369,4083,7680,42780,31339,5876,1359,24507,6,7,2,1
2021-03-26T23:59:59+01:00,0,2,628,838,1273,2193,1738,3634,2769,6687,4050,6497,3645,3774,8897,11268,4558,8485,0,1,88,163,366,806,601,1542,817,2462,1224,2026,873,808,3024,4425,3874,7332,40838,29059,5863,1359,24226,6,7,2,1
2021-03-25T23:59:59+01:00,0,2,621,833,1260,2179,1719,3610,2710,6648,3966,6419,3471,3555,8786,11157,4552,8479,0,1,88,163,366,806,601,1541,817,2461,1222,2026,873,808,3023,4424,3873,7331,40824,29051,5755,1359,23379,6,7,2,1
2021-03-24T23:59:59+01:00,0,2,616,825,1227,2153,1674,3565,2632,6579,3809,6267,3152,3190,8375,10606,4543,8466,0,1,84,161,354,793,585,1523,784,2427,1172,1994,839,770,3014,4418,3873,7328,40800,28748,4996,1358,21876,6,7,2,1
2021-03-23T23:59:59+01:00,0,2,604,817,1202,2122,1632,3517,2550,6500,3660,6113,2771,2805,8158,10388,4535,8447,0,1,79,157,342,773,550,1492,723,2363,1071,1912,756,710,2977,4383,3869,7324,40755,28117,4706,1351,20354,6,7,1,1
2021-03-22T23:59:59+01:00,0,2,581,707,1165,2069,1599,3461,2497,6430,3519,5983,2529,2566,7827,10033,4519,8411,0,1,79,156,342,773,550,1490,721,2361,1068,1912,754,706,2973,4378,3867,7321,40287,28087,4385,1351,19218,6,7,1,1
2021-03-21T23:59:59+01:00,0,2,580,704,1159,2060,1587,3451,2480,6415,3481,5949,2387,2401,7734,9921,4510,8396,0,1,79,156,342,772,550,1490,721,2361,1068,1912,754,706,2973,4377,3867,7320,40282,28084,4371,1351,18556,6,7,1,1
2021-03-20T23:59:59+01:00,0,2,579,704,1157,2053,1580,3444,2474,6408,3463,5926,2354,2363,7242,9404,4493,8379,0,1,79,156,342,772,549,1490,719,2360,1068,1910,754,706,2973,4375,3865,7318,39239,28072,4359,1351,18419,6,7,1,1
2021-03-19T23:59:59+01:00,0,2,572,696,1138,2033,1545,3420,2406,6270,3399,5819,2172,2180,6933,9084,4471,8354,0,1,79,156,341,767,545,1487,714,2352,1059,1897,745,699,2543,3772,3442,6565,38629,25803,4342,1351,17515,2,7,1,1
2021-03-18T23:59:59+01:00,0,2,557,679,1118,2004,1518,3390,2366,6202,3324,5731,2018,1983,6812,8964,4465,8343,0,1,78,156,341,766,544,1487,713,2348,1055,1896,738,696,2493,3700,3415,6523,38608,25612,4330,1329,16531,2,6,1,1
2021-03-17T23:59:59+01:00,0,1,528,650,1073,1947,1481,3305,2288,6084,3171,5575,1763,1716,6646,8811,4455,8328,0,1,77,152,329,739,528,1443,691,2290,1017,1855,721,677,2253,3406,3328,6393,38536,24634,3799,1257,15480,2,6,1,1
2021-03-16T23:59:59+01:00,0,1,485,622,1033,1892,1429,3201,2223,5930,3055,5441,1563,1491,6511,8663,4444,8305,0,1,71,137,308,683,498,1367,662,2155,987,1727,671,627,2138,3268,3302,6306,38478,23875,3182,1025,14623,2,5,1,1
2021-03-15T23:59:59+01:00,0,1,473,610,1000,1843,1396,3134,2193,5845,2968,5357,1437,1356,5925,7974,4404,8241,0,1,68,130,294,625,483,1247,624,2025,947,1614,642,606,2100,3228,3287,6242,37237,23468,2829,692,14090,2,0,1,1
2021-03-14T23:59:59+01:00,0,1,468,603,991,1831,1392,3116,2177,5827,2933,5330,1394,1305,5529,7526,4381,8223,0,1,67,125,290,602,477,1220,618,1969,937,1589,642,606,2100,3228,3286,6240,36414,23462,2824,532,13788,2,0,1,1
2021-03-13T23:59:59+01:00,0,1,448,584,954,1783,1339,3052,1920,5239,2692,4915,1288,1192,4867,6676,4333,8150,0,1,67,125,289,599,475,1218,616,1967,936,1585,640,602,1737,2742,2758,5478,34728,21300,2820,532,11884,2,0,1,1
2021-03-12T23:59:59+01:00,0,1,432,563,933,1739,1308,2969,1717,4453,2486,4466,1216,1109,4166,5880,4286,8068,0,1,67,123,288,595,475,1215,614,1958,932,1579,637,595,1409,2198,2214,4682,33049,19048,2817,532,9925,1,0,1,1
2021-03-11T23:59:59+01:00,0,1,428,556,924,1725,1293,2950,1692,4417,2449,4429,1142,1053,4122,5843,4283,8064,0,1,67,115,282,573,461,1163,605,1909,913,1543,625,583,1403,2180,2205,4631,33010,18797,2721,460,9639,1,0,1,1
2021-03-10T23:59:59+01:00,0,1,409,544,878,1666,1237,2872,1618,4320,2382,4336,1108,1030,4106,5826,4282,8062,0,1,67,115,280,569,458,1156,600,1886,913,1538,620,575,1342,2093,2160,4574,32995,18510,2150,435,9531,1,0,1,1
2021-03-09T23:59:59+01:00,0,1,388,528,833,1617,1194,2808,1576,4237,2339,4283,1087,1019,4100,5819,4281,8060,0,1,65,114,279,568,457,1145,598,1874,907,1533,617,569,1136,1782,2042,4395,32948,17672,1704,408,9517,1,0,1,1
2021-03-08T23:59:59+01:00,0,1,381,517,822,1601,1186,2791,1569,4211,2327,4270,1074,1007,4063,5771,4279,8055,0,1,64,114,275,563,453,1139,597,1870,903,1531,617,569,1067,1691,1997,4350,32818,17415,1607,384,9499,1,0,1,1
2021-03-07T23:59:59+01:00,0,1,380,514,822,1600,1184,2789,1566,4204,2317,4265,1067,999,4057,5765,4278,8054,0,1,62,111,266,541,441,1113,581,1770,868,1456,616,569,962,1560,1945,4280,32802,17049,1567,92,9492,0,0,1,1
2021-03-06T23:59:59+01:00,0,1,372,498,803,1567,1160,2731,1525,4136,2123,3767,1037,962,3884,5492,4176,7889,0,1,62,111,266,541,441,1112,581,1770,868,1456,616,569,959,1559,1942,4279,32084,17040,1567,92,8471,0,0,1,1
2021-03-05T23:59:59+01:00,0,1,359,459,771,1463,1110,2515,1450,3923,1909,3101,1006,917,3127,4526,3971,7545,0,1,62,110,265,538,438,1106,580,1765,864,1453,613,567,920,1501,1919,4237,29763,16846,1566,92,6823,0,0,1,1
2021-03-04T23:59:59+01:00,0,1,346,450,763,1443,1097,2492,1431,3894,1886,3082,992,913,3123,4522,3968,7543,0,1,61,109,262,535,434,1090,570,1743,863,1445,611,565,883,1447,1896,4200,29750,16685,1527,29,6668,0,0,1,1
2021-03-03T23:59:59+01:00,0,1,337,419,744,1392,1067,2409,1381,3739,1807,2985,959,867,3113,4516,3968,7540,0,1,60,108,259,532,433,1086,568,1734,860,1441,611,564,863,1394,1807,4053,29435,16346,1527,27,6281,0,0,1,1
2021-03-02T23:59:59+01:00,0,1,331,411,729,1369,1019,2364,1313,3654,1691,2886,871,801,3070,4477,3962,7535,0,1,60,108,258,528,432,1078,568,1728,860,1437,610,564,863,1394,1807,4052,28795,16320,1463,27,6225,0,0,1,1
2021-03-01T23:59:59+01:00,0,1,327,397,722,1322,1006,2306,1293,3571,1664,2837,852,792,3062,4467,3961,7535,0,1,60,107,257,524,427,1064,564,1715,851,1429,609,562,767,1239,1750,3972,28754,15870,1411,27,5949,0,0,1,1
2021-02-28T23:59:59+01:00,0,1,322,385,714,1283,992,2229,1280,3484,1641,2758,848,782,3060,4463,3960,7532,0,1,60,107,256,524,427,1063,564,1715,849,1429,609,561,670,1114,1703,3891,28740,15516,1407,26,5586,0,0,1,1
2021-02-27T23:59:59+01:00,0,1,313,364,700,1256,973,2193,1245,3415,1618,2705,830,766,3057,4463,3959,7532,0,1,60,107,256,524,427,1063,563,1715,847,1429,609,561,670,1114,1703,3891,28736,15513,1407,26,5246,0,0,1,1
2021-02-26T23:59:59+01:00,0,1,287,313,653,1191,909,2074,1155,3248,1513,2567,801,743,2620,3857,3532,6754,0,1,60,107,253,521,427,1061,561,1713,844,1423,605,559,663,1102,1694,3872,26442,15439,1407,26,4368,0,0,1,1
2021-02-25T23:59:59+01:00,0,1,282,300,639,1161,888,2032,1136,3182,1495,2522,798,739,2573,3785,3502,6710,0,1,58,104,249,513,427,1057,556,1703,841,1412,599,555,585,993,1647,3814,26223,15089,1407,24,4114,0,0,1,1
2021-02-24T23:59:59+01:00,0,1,263,291,588,1116,841,1964,1078,3087,1452,2464,782,720,2332,3483,3413,6572,0,1,57,99,244,506,421,1038,547,1681,838,1392,592,543,571,973,1636,3791,25226,14913,1407,16,3813,0,0,1,1
2021-02-23T23:59:59+01:00,0,1,251,270,559,1060,804,1889,1010,2937,1378,2362,730,670,2217,3343,3387,6479,0,1,57,97,242,500,421,1022,537,1649,830,1370,583,536,555,922,1624,3738,24420,14667,1402,16,3524,0,0,1,1
2021-02-22T23:59:59+01:00,0,1,247,264,546,997,784,1813,984,2843,1342,2302,705,648,2187,3307,3378,6416,0,1,57,96,236,494,419,1009,528,1631,826,1345,569,522,533,896,1618,3683,24015,14447,1402,15,3346,0,0,1,1
2021-02-21T23:59:59+01:00,0,1,244,257,537,972,771,1776,976,2795,1312,2276,705,646,2185,3307,3377,6415,0,1,57,96,235,494,419,1009,528,1631,826,1344,569,521,533,896,1618,3682,24009,14443,1402,15,3140,0,0,1,1
2021-02-20T23:59:59+01:00,0,1,166,227,468,923,702,1699,906,2706,1227,2176,690,631,1811,2789,2821,5612,0,1,57,96,235,494,419,1009,528,1630,826,1344,569,521,533,896,1617,3682,21732,14441,1402,15,2420,0,0,1,1
2021-02-19T23:59:59+01:00,0,1,83,166,357,842,575,1567,773,2557,1091,2024,674,610,1503,2274,2272,4819,0,1,57,96,235,494,419,1008,528,1630,826,1344,569,521,527,894,1615,3676,19523,14424,1402,15,1262,0,0,1,1
2021-02-18T23:59:59+01:00,0,1,80,161,345,792,554,1478,740,2417,1058,1956,658,599,1494,2255,2263,4767,0,1,54,89,229,472,405,941,513,1550,806,1271,555,507,521,876,1612,3654,19279,14040,1377,15,961,0,0,1,1
2021-02-17T23:59:59+01:00,0,1,79,153,331,769,545,1445,711,2324,1021,1856,653,589,1436,2167,2215,4717,0,1,54,86,227,463,397,903,502,1485,787,1189,542,495,519,874,1612,3654,19018,13774,1304,15,689,0,0,1,1
2021-02-16T23:59:59+01:00,0,1,74,148,316,729,517,1371,679,2216,996,1751,642,582,1192,1820,2091,4534,0,1,53,77,226,456,391,873,489,1420,761,1123,521,482,517,874,1609,3653,18097,13523,1065,2,496,0,0,1,1
2021-02-15T23:59:59+01:00,0,1,69,132,290,624,482,1229,623,2003,946,1592,633,580,1109,1713,2039,4469,0,1,53,77,224,451,387,867,488,1416,759,1116,521,482,516,869,1608,3650,17767,13484,727,0,39,0,0,1,1
2021-02-14T23:59:59+01:00,0,1,68,125,285,598,477,1200,612,1949,932,1570,633,580,1010,1589,1992,4412,0,1,53,77,224,451,387,867,488,1414,759,1116,521,482,516,869,1608,3650,17437,13482,572,0,23,0,0,1,1
2021-02-13T23:59:59+01:00,0,1,68,124,285,597,476,1196,611,1947,930,1567,632,579,1009,1580,1988,4409,0,1,53,77,224,450,385,862,487,1409,757,1115,519,480,499,831,1349,3180,17403,12677,572,0,23,0,0,1,1
2021-02-12T23:59:59+01:00,0,1,67,124,284,596,472,1192,611,1944,927,1566,629,578,971,1528,1968,4368,0,1,53,77,224,446,381,853,482,1400,751,1108,512,472,481,790,986,2468,17233,11484,572,0,20,0,0,1,1
2021-02-11T23:59:59+01:00,0,1,66,117,281,583,459,1165,605,1918,920,1554,628,577,928,1471,1946,4329,0,1,53,74,209,415,367,806,465,1326,736,1076,509,471,481,790,985,2467,17054,11231,489,0,4,0,0,1,0
2021-02-10T23:59:59+01:00,0,1,65,117,278,580,457,1160,601,1901,915,1550,628,577,919,1455,1925,4285,0,1,52,64,176,337,313,704,415,1154,656,981,474,459,476,789,985,2466,16951,10502,461,0,1,0,0,1,0
2021-02-09T23:59:59+01:00,0,1,63,115,272,576,454,1147,600,1887,908,1544,627,576,907,1419,1855,4181,0,1,43,53,125,258,236,554,333,952,554,828,439,448,472,788,982,2466,16699,9532,432,0,0,0,0,1,0
2021-02-08T23:59:59+01:00,0,1,62,115,269,567,451,1140,598,1872,901,1536,625,573,804,1266,1798,4099,0,1,38,43,87,169,173,417,270,714,495,693,432,442,469,785,981,2466,16269,8675,407,0,0,0,0,1,0
2021-02-07T23:59:59+01:00,0,1,60,112,259,544,437,1109,582,1769,866,1457,624,572,702,1140,1750,4015,0,1,37,42,83,166,170,410,265,701,490,682,430,441,469,785,981,2465,15899,8618,99,0,0,0,0,1,0
2021-02-06T23:59:59+01:00,0,1,60,112,258,544,437,1109,580,1768,863,1454,621,570,700,1132,1744,4008,0,1,34,41,82,163,167,400,261,693,479,673,422,440,433,737,741,2074,15861,7841,99,0,0,0,0,1,0
2021-02-05T23:59:59+01:00,0,1,60,112,256,540,437,1107,579,1767,861,1452,619,570,690,1125,1738,3995,0,1,32,39,78,159,162,392,253,674,462,663,416,440,427,712,337,1442,15809,6689,99,0,0,0,0,1,0
2021-02-04T23:59:59+01:00,0,1,59,110,251,534,431,1091,563,1740,857,1438,612,560,604,1008,1687,3934,0,1,31,36,73,153,156,381,238,650,445,649,410,432,422,705,335,1435,15448,6552,31,0,0,0,0,1,0
2021-02-03T23:59:59+01:00,0,1,58,105,247,527,430,1072,560,1724,855,1423,608,550,593,998,1684,3920,0,1,24,28,59,122,123,280,175,508,335,499,304,330,337,548,257,1151,15325,5081,29,0,0,0,0,1,0
2021-02-02T23:59:59+01:00,0,1,58,103,244,522,430,1054,548,1691,846,1399,595,540,581,949,1674,3869,0,1,17,21,40,79,87,186,122,343,219,360,214,220,217,344,184,756,15075,3410,29,0,0,0,0,0,0
2021-02-01T23:59:59+01:00,0,1,58,101,240,514,428,1038,540,1669,842,1376,588,534,559,920,1666,3822,0,0,7,11,20,42,48,98,65,168,95,164,100,103,90,160,77,329,14867,1577,29,0,0,0,0,0,0
2021-01-31T23:59:59+01:00,0,1,58,101,239,513,426,1034,538,1664,840,1373,588,533,559,920,1666,3821,0,0,7,11,18,38,43,84,61,142,81,148,95,101,89,159,75,327,14845,1479,29,0,0,0,0,0,0
2021-01-30T23:59:59+01:00,0,1,58,101,239,513,426,1034,538,1664,840,1373,588,533,559,920,1666,3821,0,0,7,11,18,38,43,84,61,142,81,148,95,100,89,159,75,327,14845,1478,29,0,0,0,0,0,0
2021-01-29T23:59:59+01:00,0,1,58,101,239,513,426,1034,538,1664,840,1373,588,533,559,920,1666,3821,0,0,7,11,18,38,43,84,61,142,81,148,95,100,89,159,75,327,14845,1478,29,0,0,0,0,0,0
2021-01-28T23:59:59+01:00,0,1,56,93,235,484,414,967,520,1578,816,1292,575,518,553,903,1663,3802,0,0,3,2,4,6,11,16,19,34,22,32,16,22,21,34,19,99,14447,360,23,0,0,0,0,0,0
2021-01-27T23:59:59+01:00,0,1,54,89,235,474,406,928,510,1512,796,1209,563,505,551,901,1663,3802,0,0,3,2,4,6,9,16,19,33,21,30,16,21,21,34,19,99,14178,353,21,0,0,0,0,0,0
2021-01-26T23:59:59+01:00,0,1,53,83,230,471,399,899,499,1445,771,1142,541,492,549,901,1663,3802,0,0,1,2,4,6,9,15,17,29,17,25,14,18,19,32,19,91,13922,318,19,0,0,0,0,0,0
2021-01-25T23:59:59+01:00,0,1,53,83,227,465,396,893,499,1442,770,1137,541,492,549,898,1663,3800,0,0,0,0,0,0,0,2,0,0,0,0,1,1,0,2,0,0,13892,6,17,0,0,0,0,0,0
2021-01-24T23:59:59+01:00,0,1,53,83,227,465,396,893,499,1441,770,1137,541,492,549,898,1663,3800,0,0,0,0,0,0,0,2,0,0,0,0,1,1,0,2,0,0,13891,6,17,0,0,0,0,0,0
2021-01-23T23:59:59+01:00,0,1,53,83,227,464,395,889,499,1435,769,1135,538,490,532,860,1403,3322,0,0,0,0,0,0,0,1,0,0,0,0,1,1,0,2,0,0,13078,5,17,0,0,0,0,0,0
2021-01-22T23:59:59+01:00,0,1,53,83,226,460,390,879,494,1425,764,1128,532,481,515,818,1024,2583,0,0,0,0,0,0,0,1,0,0,0,0,1,1,0,2,0,0,11840,5,16,0,0,0,0,0,0
2021-01-21T23:59:59+01:00,0,1,53,80,207,426,363,823,466,1325,737,1093,528,481,515,818,1023,2582,0,0,0,0,0,0,0,1,0,0,0,0,1,1,0,2,0,0,11505,5,16,0,0,0,0,0,0
2021-01-20T23:59:59+01:00,0,1,51,70,180,354,322,738,423,1171,667,1003,492,470,510,818,1023,2581,0,0,0,0,0,0,0,1,0,0,0,0,1,1,0,2,0,0,10858,5,16,0,0,0,0,0,0
2021-01-19T23:59:59+01:00,0,1,44,57,136,276,248,580,346,989,577,863,457,458,506,816,1023,2581,0,0,0,0,0,0,0,0,0,0,0,0,1,0,0,2,0,0,9950,3,8,0,0,0,0,0,0
2021-01-18T23:59:59+01:00,0,1,40,44,87,175,179,429,279,726,505,706,449,451,503,812,1021,2581,0,0,0,0,0,0,0,0,0,0,0,0,0,0,0,1,0,0,8988,1,0,0,0,0,0,0,0
2021-01-17T23:59:59+01:00,0,1,37,43,84,172,175,421,275,715,500,693,447,451,503,812,1021,2580,0,0,0,0,0,0,0,0,0,0,0,0,0,0,0,0,0,0,8930,0,0,0,0,0,0,0,0
2021-01-16T23:59:59+01:00,0,1,34,42,82,170,171,412,268,708,485,684,438,449,464,765,774,2183,0,0,0,0,0,0,0,0,0,0,0,0,0,0,0,0,0,0,8130,0,0,0,0,0,0,0,0
2021-01-15T23:59:59+01:00,0,1,32,40,79,165,168,406,261,691,471,676,432,448,459,741,361,1541,0,0,0,0,0,0,0,0,0,0,0,0,0,0,0,0,0,0,6972,0,0,0,0,0,0,0,0
2021-01-14T23:59:59+01:00,0,1,32,38,77,159,163,401,253,678,460,668,429,445,459,740,361,1541,0,0,0,0,0,0,0,0,0,0,0,0,0,0,0,0,0,0,6905,0,0,0,0,0,0,0,0
2021-01-13T23:59:59+01:00,0,0,24,31,61,127,128,304,193,544,351,525,326,343,374,577,282,1246,0,0,0,0,0,0,0,0,0,0,0,0,0,0,0,0,0,0,5436,0,0,0,0,0,0,0,0
2021-01-12T23:59:59+01:00,0,0,17,24,45,88,93,216,139,393,238,389,234,235,247,371,205,845,0,0,0,0,0,0,0,0,0,0,0,0,0,0,0,0,0,0,3779,0,0,0,0,0,0,0,0
2021-01-11T23:59:59+01:00,0,0,9,15,26,48,62,139,88,220,125,208,116,112,106,179,93,374,0,0,0,0,0,0,0,0,0,0,0,0,0,0,0,0,0,0,1920,0,0,0,0,0,0,0,0
2021-01-10T23:59:59+01:00,0,0,8,15,22,44,55,110,80,179,105,175,110,108,102,177,90,374,0,0,0,0,0,0,0,0,0,0,0,0,0,0,0,0,0,0,1754,0,0,0,0,0,0,0,0
2021-01-09T23:59:59+01:00,0,0,8,15,22,44,55,110,80,179,105,175,110,107,102,177,90,374,0,0,0,0,0,0,0,0,0,0,0,0,0,0,0,0,0,0,1753,0,0,0,0,0,0,0,0
2021-01-08T23:59:59+01:00,0,0,8,14,21,43,52,103,75,168,99,172,107,103,97,168,88,364,0,0,0,0,0,0,0,0,0,0,0,0,0,0,0,0,0,0,1682,0,0,0,0,0,0,0,0
2021-01-07T23:59:59+01:00,0,0,3,3,4,7,11,17,20,34,24,36,17,22,23,35,23,107,0,0,0,0,0,0,0,0,0,0,0,0,0,0,0,0,0,0,386,0,0,0,0,0,0,0,0
2021-01-06T23:59:59+01:00,0,0,3,2,4,6,9,16,20,33,21,32,17,21,23,35,23,106,0,0,0,0,0,0,0,0,0,0,0,0,0,0,0,0,0,0,371,0,0,0,0,0,0,0,0
2021-01-05T23:59:59+01:00,0,0,3,2,4,6,9,16,20,33,21,32,17,21,23,35,23,106,0,0,0,0,0,0,0,0,0,0,0,0,0,0,0,0,0,0,371,0,0,0,0,0,0,0,0
2021-01-04T23:59:59+01:00,0,0,0,0,0,0,0,2,1,0,0,0,1,1,0,2,0,0,0,0,0,0,0,0,0,0,0,0,0,0,0,0,0,0,0,0,7,0,0,0,0,0,0,0,0
2021-01-03T23:59:59+01:00,0,0,0,0,0,0,0,2,1,0,0,0,1,1,0,2,0,0,0,0,0,0,0,0,0,0,0,0,0,0,0,0,0,0,0,0,7,0,0,0,0,0,0,0,0
2021-01-02T23:59:59+01:00,0,0,0,0,0,0,0,1,1,0,0,0,1,1,0,2,0,0,0,0,0,0,0,0,0,0,0,0,0,0,0,0,0,0,0,0,6,0,0,0,0,0,0,0,0
2021-01-01T23:59:59+01:00,0,0,0,0,0,0,0,1,1,0,0,0,1,1,0,2,0,0,0,0,0,0,0,0,0,0,0,0,0,0,0,0,0,0,0,0,6,0,0,0,0,0,0,0,0
2020-12-31T23:59:59+01:00,0,0,0,0,0,0,0,1,1,0,0,0,1,1,0,2,0,0,0,0,0,0,0,0,0,0,0,0,0,0,0,0,0,0,0,0,6,0,0,0,0,0,0,0,0
2020-12-30T23:59:59+01:00,0,0,0,0,0,0,0,1,1,0,0,0,1,1,0,2,0,0,0,0,0,0,0,0,0,0,0,0,0,0,0,0,0,0,0,0,6,0,0,0,0,0,0,0,0
2020-12-29T23:59:59+01:00,0,0,0,0,0,0,0,1,1,0,0,0,1,0,0,2,0,0,0,0,0,0,0,0,0,0,0,0,0,0,0,0,0,0,0,0,5,0,0,0,0,0,0,0,0
2020-12-28T23:59:59+01:00,0,0,0,0,0,0,0,1,0,0,0,0,1,0,0,1,0,0,0,0,0,0,0,0,0,0,0,0,0,0,0,0,0,0,0,0,3,0,0,0,0,0,0,0,0
2020-12-27T23:59:59+01:00,0,0,0,0,0,0,0,0,0,0,0,0,0,0,0,0,0,0,0,0,0,0,0,0,0,0,0,0,0,0,0,0,0,0,0,0,0,0,0,0,0,0,0,0,0
