Datum,<15_1_m,<15_1_w,15-24_1_m,15-24_1_w,25-34_1_m,25-34_1_w,35-44_1_m,35-44_1_w,45-54_1_m,45-54_1_w,55-64_1_m,55-64_1_w,65-74_1_m,65-74_1_w,75-84_1_m,75-84_1_w,>84_1_m,>84_1_w,<15_2_m,<15_2_w,15-24_2_m,15-24_2_w,25-34_2_m,25-34_2_w,35-44_2_m,35-44_2_w,45-54_2_m,45-54_2_w,55-64_2_m,55-64_2_w,65-74_2_m,65-74_2_w,75-84_2_m,75-84_2_w,>84_2_m,>84_2_w,bp_1,bp_2,mo_1,mo_2,az_1,az_2,ja,unb_1,unb_2
2021-11-22T23:59:59+01:00,3077,2863,18623,17229,21325,19605,23858,23743,30100,30821,35979,36622,26446,29395,17873,22830,5415,10269,2096,1901,15014,14127,18156,16726,21147,21036,27392,28195,33781,34446,25585,28393,17340,22128,5230,9841,277554,247742,33211,31210,46629,44922,18624,87,36
2021-11-21T23:59:59+01:00,3050,2850,18585,17195,21290,19576,23825,23723,30074,30798,35947,36591,26436,29375,17868,22821,5412,10266,2094,1900,14999,14122,18141,16708,21137,21026,27378,28176,33767,34434,25577,28385,17338,22118,5229,9840,277175,247591,33211,31210,46628,44919,18613,87,36
2021-11-20T23:59:59+01:00,3015,2817,18483,17121,21208,19492,23730,23652,30008,30757,35918,36554,26419,29353,17863,22817,5411,10263,2092,1892,14967,14099,18087,16683,21115,21004,27357,28151,33746,34420,25566,28378,17336,22113,5229,9839,276375,247298,33210,31209,46628,44918,18613,87,36
2021-11-19T23:59:59+01:00,2945,2768,18323,16971,21083,19374,23622,23537,29901,30658,35845,36476,26392,29322,17852,22798,5410,10256,2067,1862,14821,14001,17972,16587,21024,20929,27245,28075,33679,34365,25553,28361,17325,22105,5229,9837,275065,246305,33178,31171,46628,44918,18607,87,36
2021-11-18T23:59:59+01:00,2896,2723,18208,16883,20951,19263,23541,23453,29827,30577,35771,36398,26364,29281,17832,22774,5404,10252,2050,1843,14756,13946,17904,16538,20967,20881,27200,28018,33621,34323,25538,28338,17316,22087,5226,9833,274026,245757,33136,31121,46628,44918,18553,87,36
2021-11-17T23:59:59+01:00,2851,2676,18102,16784,20853,19154,23448,23350,29751,30503,35710,36326,26316,29233,17815,22744,5398,10243,2034,1829,14706,13902,17860,16487,20923,20847,27155,27979,33579,34291,25517,28312,17308,22067,5223,9817,272932,245255,33116,31098,46625,44918,18529,87,36
2021-11-16T23:59:59+01:00,2809,2649,17978,16682,20735,19038,23334,23256,29667,30430,35640,36260,26284,29188,17794,22709,5395,10238,2018,1818,14670,13857,17820,16445,20882,20815,27128,27928,33537,34249,25500,28304,17298,22055,5222,9808,271797,244813,33094,31072,46625,44918,18515,87,36
2021-11-15T23:59:59+01:00,2787,2618,17895,16608,20644,18961,23272,23188,29602,30352,35586,36207,26266,29162,17781,22700,5394,10231,2009,1810,14622,13836,17788,16424,20866,20783,27098,27889,33519,34223,25489,28284,17291,22042,5213,9780,270992,244457,33088,31058,46622,44918,18497,87,36
2021-11-14T23:59:59+01:00,2768,2586,17847,16583,20593,18912,23230,23145,29567,30312,35563,36167,26254,29147,17777,22692,5391,10226,2004,1805,14599,13819,17763,16407,20848,20769,27077,27859,33498,34208,25479,28278,17285,22038,5210,9776,270543,244256,33086,31058,46620,44917,18455,87,36
2021-11-13T23:59:59+01:00,2718,2534,17633,16440,20401,18773,23116,23037,29449,30226,35487,36094,26241,29130,17769,22680,5389,10224,1999,1798,14566,13804,17735,16381,20819,20747,27053,27843,33474,34185,25471,28270,17281,22033,5210,9776,269127,243981,33085,31058,46620,44917,18453,87,36
2021-11-12T23:59:59+01:00,2658,2467,17351,16205,20180,18579,22953,22894,29286,30074,35364,35991,26216,29101,17754,22654,5383,10219,1991,1779,14483,13741,17643,16307,20737,20703,26979,27777,33435,34140,25466,28254,17280,22024,5210,9773,267186,243308,33033,31027,46619,44916,18435,87,36
2021-11-11T23:59:59+01:00,2596,2411,17156,16043,20019,18442,22805,22748,29150,29959,35291,35897,26178,29062,17736,22637,5380,10210,1976,1758,14406,13682,17575,16243,20667,20639,26916,27721,33382,34099,25448,28228,17275,22012,5206,9770,265732,242739,32955,30955,46619,44915,18358,87,36
2021-11-10T23:59:59+01:00,2547,2375,17025,15924,19872,18327,22701,22645,29049,29876,35221,35824,26152,29029,17727,22619,5376,10198,1967,1746,14370,13627,17529,16203,20622,20587,26866,27667,33343,34062,25421,28199,17259,22003,5206,9767,264567,242244,32922,30925,46618,44915,18324,87,36
2021-11-09T23:59:59+01:00,2528,2345,16911,15808,19766,18225,22590,22547,28971,29804,35153,35760,26130,29002,17713,22604,5374,10192,1960,1732,14344,13591,17504,16179,20596,20562,26834,27634,33308,34033,25409,28184,17251,21994,5206,9761,263541,241934,32899,30888,46618,44915,18309,87,36
2021-11-08T23:59:59+01:00,2423,2225,16679,15618,19641,18114,22484,22456,28877,29724,35076,35700,26105,28982,17700,22590,5372,10187,1949,1726,14296,13545,17478,16143,20572,20526,26804,27603,33281,34000,25397,28165,17249,21986,5202,9759,262113,241592,32898,30865,46612,44914,18274,87,36
2021-11-07T23:59:59+01:00,2409,2209,16632,15582,19583,18066,22438,22418,28835,29697,35038,35670,26096,28973,17694,22584,5372,10185,1938,1720,14278,13518,17459,16116,20553,20506,26793,27584,33260,33984,25388,28155,17242,21979,5201,9756,261680,241375,32896,30865,46609,44914,18240,87,36
2021-11-06T23:59:59+01:00,2371,2168,16416,15398,19413,17927,22306,22319,28714,29607,34973,35615,26082,28961,17689,22580,5371,10184,1933,1718,14253,13501,17435,16098,20541,20492,26779,27573,33254,33970,25384,28151,17240,21977,5201,9755,260295,241200,32894,30865,46609,44914,18240,87,36
2021-11-05T23:59:59+01:00,2298,2100,16103,15113,19173,17701,22096,22141,28548,29457,34867,35534,26066,28941,17682,22569,5371,10182,1916,1706,14172,13422,17377,16046,20487,20446,26737,27538,33232,33951,25378,28142,17235,21966,5201,9752,258301,240787,32833,30824,46609,44914,18143,87,36
2021-11-04T23:59:59+01:00,2262,2069,15954,14971,19026,17568,21990,22027,28440,29348,34787,35485,26053,28918,17679,22561,5370,10182,1896,1686,14112,13362,17317,15979,20437,20379,26693,27480,33188,33910,25365,28124,17222,21954,5201,9743,257278,240362,32787,30775,46604,44910,17965,87,36
2021-11-03T23:59:59+01:00,2244,2045,15833,14871,18927,17490,21892,21944,28355,29286,34730,35455,26033,28896,17672,22550,5367,10179,1878,1672,14076,13323,17279,15932,20400,20348,26657,27439,33147,33880,25350,28104,17213,21936,5200,9734,256400,239931,32781,30762,46603,44910,17929,87,36
2021-11-02T23:59:59+01:00,2235,2032,15762,14802,18842,17418,21818,21888,28289,29244,34695,35421,26021,28881,17667,22548,5366,10176,1858,1660,14032,13281,17232,15903,20364,20313,26628,27414,33115,33847,25340,28089,17208,21926,5198,9728,255799,239549,32752,30747,46603,44909,17895,87,36
2021-11-01T23:59:59+01:00,2228,2019,15704,14762,18777,17385,21774,21859,28252,29223,34675,35404,26015,28880,17665,22545,5366,10175,1846,1653,13994,13258,17210,15876,20343,20299,26608,27396,33103,33840,25332,28085,17205,21917,5197,9726,255427,239333,32752,30739,46601,44908,17872,87,36
2021-10-31T23:59:59+01:00,2228,2019,15704,14762,18777,17385,21774,21859,28251,29223,34675,35404,26015,28880,17665,22545,5366,10175,1846,1653,13994,13258,17210,15875,20343,20299,26607,27396,33103,33840,25332,28085,17205,21917,5197,9726,255427,239332,32752,30739,46601,44908,17871,87,36
2021-10-30T23:59:59+02:00,2226,2016,15701,14762,18777,17385,21772,21858,28250,29223,34675,35403,26015,28879,17665,22545,5366,10175,1844,1651,13993,13258,17210,15875,20343,20299,26607,27396,33102,33840,25332,28085,17205,21917,5197,9726,255414,239326,32751,30739,46601,44908,17871,87,36
2021-10-29T23:59:59+02:00,2202,1985,15569,14659,18631,17275,21650,21771,28131,29152,34608,35362,26004,28871,17660,22543,5366,10173,1831,1638,13928,13223,17159,15828,20294,20277,26570,27371,33083,33820,25329,28081,17203,21913,5197,9723,254502,239071,32702,30702,46601,44908,17751,87,36
2021-10-28T23:59:59+02:00,2179,1956,15432,14560,18447,17159,21529,21683,28033,29079,34547,35314,25991,28859,17656,22536,5366,10171,1817,1622,13850,13149,17064,15762,20233,20222,26522,27328,33044,33794,25307,28062,17196,21904,5193,9719,253661,238675,32617,30609,46600,44905,17563,87,36
2021-10-27T23:59:59+02:00,2154,1943,15371,14501,18399,17110,21472,21655,27999,29048,34520,35294,25986,28843,17649,22533,5366,10170,1805,1608,13818,13115,17043,15742,20218,20204,26503,27293,33021,33774,25289,28041,17188,21888,5189,9717,253211,238378,32614,30605,46600,44905,17532,87,36
2021-10-26T23:59:59+02:00,2141,1919,15329,14469,18361,17075,21442,21638,27981,29028,34501,35283,25979,28839,17646,22531,5366,10170,1796,1601,13794,13077,17018,15715,20196,20183,26486,27275,32999,33761,25279,28023,17178,21869,5185,9700,252908,238072,32608,30596,46600,44905,17526,87,36
2021-10-25T23:59:59+02:00,2134,1914,15296,14451,18339,17058,21427,21629,27968,29022,34497,35278,25979,28837,17646,22531,5366,10170,1795,1601,13790,13073,17015,15713,20196,20180,26485,27274,32996,33759,25279,28023,17178,21868,5185,9700,252756,238051,32604,30592,46600,44905,17526,87,36
2021-10-24T23:59:59+02:00,2124,1908,15281,14444,18324,17048,21415,21621,27956,29009,34489,35271,25978,28832,17644,22531,5366,10170,1789,1595,13777,13054,17008,15700,20189,20171,26475,27268,32991,33751,25275,28018,17176,21867,5184,9699,252633,237935,32604,30592,46599,44905,17519,87,36
2021-10-23T23:59:59+02:00,2124,1908,15281,14444,18323,17048,21415,21620,27956,29009,34489,35271,25978,28832,17644,22531,5366,10170,1789,1595,13777,13054,17008,15700,20189,20171,26475,27268,32990,33751,25275,28018,17176,21867,5184,9699,252631,237934,32604,30592,46599,44905,17519,87,36
2021-10-22T23:59:59+02:00,2109,1891,15214,14398,18231,16988,21348,21571,27902,28962,34458,35255,25978,28828,17643,22528,5365,10169,1772,1574,13724,12990,16963,15665,20158,20147,26455,27250,32970,33734,25267,28016,17176,21864,5184,9698,252158,237614,32544,30571,46599,44905,17481,87,36
2021-10-21T23:59:59+02:00,2079,1859,15095,14314,18111,16897,21257,21511,27829,28899,34393,35216,25964,28808,17637,22518,5364,10165,1745,1557,13646,12909,16895,15615,20101,20103,26400,27204,32922,33699,25250,27997,17165,21842,5183,9693,251400,237144,32489,30470,46599,44905,17371,87,36
2021-10-20T23:59:59+02:00,2066,1848,15049,14280,18061,16860,21209,21471,27798,28873,34365,35198,25957,28795,17629,22507,5363,10160,1723,1544,13617,12876,16862,15579,20071,20072,26369,27174,32899,33666,25230,27985,17154,21832,5183,9688,250999,236767,32475,30458,46599,44905,17358,87,36
2021-10-19T23:59:59+02:00,2057,1841,15029,14250,18039,16839,21193,21456,27785,28856,34347,35186,25945,28786,17627,22504,5363,10160,1709,1526,13597,12838,16825,15542,20041,20048,26345,27150,32868,33644,25213,27968,17148,21818,5179,9682,250787,236399,32475,30457,46599,44905,17344,87,36
2021-10-18T23:59:59+02:00,2052,1834,15007,14232,18022,16819,21168,21431,27771,28844,34334,35172,25943,28780,17625,22501,5360,10159,1695,1514,13570,12807,16810,15515,20020,20023,26327,27125,32853,33624,25201,27960,17144,21810,5176,9680,250602,236139,32464,30445,46599,44903,17331,87,36
2021-10-17T23:59:59+02:00,2048,1832,14982,14222,18019,16813,21164,21425,27765,28835,34331,35167,25938,28777,17623,22501,5359,10155,1693,1508,13543,12786,16790,15499,20006,20006,26311,27113,32843,33613,25192,27952,17140,21807,5171,9671,250514,235944,32463,30444,46599,44898,17322,87,36
2021-10-16T23:59:59+02:00,2048,1831,14982,14219,18019,16813,21163,21425,27765,28835,34331,35167,25938,28777,17623,22501,5359,10155,1693,1508,13543,12786,16790,15499,20006,20006,26311,27113,32843,33613,25192,27952,17140,21807,5171,9671,250509,235944,32463,30444,46599,44898,17322,87,36
2021-10-15T23:59:59+02:00,2043,1816,14953,14186,17999,16790,21139,21411,27750,28825,34316,35161,25938,28774,17622,22497,5359,10153,1676,1486,13473,12731,16756,15466,19969,19980,26289,27088,32832,33597,25189,27949,17135,21804,5170,9670,250342,235622,32438,30409,46599,44898,17295,87,36
2021-10-14T23:59:59+02:00,2015,1799,14858,14119,17938,16736,21101,21378,27713,28794,34287,35139,25930,28766,17618,22489,5358,10147,1649,1457,13374,12635,16691,15403,19923,19910,26231,27037,32789,33561,25171,27926,17121,21785,5168,9667,249932,235091,32382,30259,46599,44898,17214,87,36
2021-10-13T23:59:59+02:00,2000,1790,14826,14076,17913,16708,21085,21360,27689,28778,34266,35126,25923,28756,17610,22481,5357,10144,1634,1445,13329,12594,16661,15368,19885,19864,26203,27011,32760,33520,25151,27905,17112,21760,5163,9661,249654,234640,32380,30255,46599,44898,17197,87,36
2021-10-12T23:59:59+02:00,1991,1785,14794,14044,17894,16682,21059,21338,27670,28757,34247,35109,25918,28750,17608,22473,5356,10142,1620,1437,13288,12547,16637,15323,19851,19829,26178,26984,32732,33497,25133,27881,17101,21738,5153,9630,249393,234183,32378,30253,46599,44898,17189,87,36
2021-10-11T23:59:59+02:00,1985,1777,14771,14031,17880,16665,21045,21326,27658,28747,34238,35095,25914,28743,17604,22468,5356,10138,1616,1426,13254,12515,16621,15295,19832,19803,26159,26957,32707,33469,25115,27860,17094,21726,5152,9620,249233,233860,32378,30253,46598,44898,17174,87,36
2021-10-10T23:59:59+02:00,1972,1764,14753,14013,17862,16650,21036,21312,27652,28742,34228,35088,25914,28739,17603,22465,5354,10138,1596,1416,13226,12490,16594,15267,19812,19783,26143,26939,32694,33454,25107,27850,17089,21723,5150,9617,249091,233607,32378,30253,46598,44894,17160,87,36
2021-10-09T23:59:59+02:00,1972,1764,14753,14013,17861,16649,21035,21312,27652,28742,34227,35087,25914,28737,17603,22465,5354,10138,1596,1416,13226,12490,16593,15267,19811,19783,26143,26938,32693,33452,25107,27848,17089,21723,5150,9617,249090,233606,32378,30252,46598,44894,17154,87,36
2021-10-08T23:59:59+02:00,1955,1749,14716,13991,17833,16624,21012,21297,27633,28728,34212,35072,25909,28736,17603,22463,5353,10136,1573,1377,13149,12402,16537,15216,19758,19743,26114,26905,32672,33431,25096,27837,17084,21718,5148,9616,248894,233099,32360,30235,46598,44894,17112,87,36
2021-10-07T23:59:59+02:00,1933,1729,14647,13918,17765,16571,20967,21236,27585,28700,34163,35042,25885,28714,17595,22451,5352,10132,1533,1344,13053,12328,16473,15145,19709,19694,26040,26852,32623,33388,25071,27815,17066,21699,5140,9599,248436,232577,32303,30075,46597,44893,16991,87,36
2021-10-06T23:59:59+02:00,1925,1711,14611,13882,17741,16543,20948,21212,27556,28669,34130,35021,25871,28701,17592,22446,5349,10129,1516,1331,13026,12287,16448,15117,19684,19668,26012,26825,32600,33358,25059,27802,17056,21687,5138,9593,248134,232260,32303,30075,46597,44893,16943,87,36
2021-10-05T23:59:59+02:00,1918,1699,14587,13844,17708,16527,20927,21190,27534,28642,34110,34994,25854,28685,17583,22435,5349,10126,1499,1316,12993,12255,16422,15099,19663,19644,25991,26798,32578,33340,25051,27793,17049,21680,5134,9588,247833,231969,32302,30075,46596,44892,16921,87,36
2021-10-04T23:59:59+02:00,1906,1694,14538,13805,17676,16499,20905,21169,27510,28618,34094,34975,25847,28668,17580,22430,5348,10122,1477,1300,12956,12218,16402,15069,19649,19620,25966,26770,32560,33312,25040,27783,17043,21673,5132,9584,247580,231682,32275,30072,46595,44891,16873,87,36
2021-10-03T23:59:59+02:00,1894,1688,14520,13776,17658,16481,20893,21159,27500,28606,34084,34966,25838,28663,17573,22422,5347,10120,1466,1290,12934,12200,16378,15051,19638,19609,25956,26757,32549,33299,25029,27772,17043,21665,5132,9584,247442,231531,32265,30068,46592,44890,16827,87,36
2021-10-02T23:59:59+02:00,1893,1688,14518,13775,17657,16480,20893,21158,27500,28606,34083,34966,25838,28662,17573,22422,5347,10120,1466,1290,12934,12199,16378,15051,19638,19609,25956,26757,32549,33299,25029,27772,17043,21665,5132,9584,247433,231530,32265,30068,46592,44890,16827,87,36
2021-10-01T23:59:59+02:00,1880,1669,14454,13711,17595,16428,20850,21116,27464,28586,34058,34947,25830,28658,17573,22416,5347,10117,1431,1253,12831,12096,16296,14994,19579,19560,25920,26722,32518,33271,25014,27757,17039,21657,5131,9582,247102,230957,32233,30058,46592,44890,16710,87,36
2021-09-30T23:59:59+02:00,1867,1649,14356,13625,17531,16370,20788,21064,27408,28528,34001,34921,25808,28641,17564,22406,5345,10114,1407,1229,12725,12021,16223,14946,19528,19507,25866,26664,32464,33243,24993,27735,17033,21645,5128,9581,246734,230647,32105,29878,46589,44881,16496,87,36
2021-09-29T23:59:59+02:00,1852,1629,14331,13600,17508,16328,20751,21034,27381,28495,33976,34898,25789,28625,17558,22396,5345,10113,1389,1216,12693,11988,16203,14918,19514,19488,25850,26646,32445,33220,24978,27722,17023,21632,5125,9577,246387,230366,32104,29878,46589,44880,16467,87,36
2021-09-28T23:59:59+02:00,1835,1620,14302,13568,17479,16294,20724,20999,27349,28472,33949,34874,25775,28605,17548,22386,5342,10107,1364,1209,12653,11957,16182,14890,19499,19462,25831,26635,32432,33199,24972,27711,17020,21626,5123,9576,246034,230108,32103,29878,46589,44879,16440,87,36
2021-09-27T23:59:59+02:00,1827,1615,14273,13543,17459,16272,20697,20976,27327,28453,33930,34852,25767,28592,17546,22378,5342,10104,1350,1198,12614,11923,16160,14868,19471,19445,25811,26613,32423,33179,24964,27698,17014,21619,5121,9575,245815,229875,32103,29878,46589,44873,16384,87,36
2021-09-26T23:59:59+02:00,1823,1610,14257,13523,17439,16255,20686,20961,27311,28438,33922,34839,25756,28587,17542,22377,5341,10103,1343,1194,12598,11903,16145,14851,19458,19433,25802,26602,32412,33168,24958,27696,17011,21615,5120,9574,245663,229744,32103,29877,46589,44873,16353,87,36
2021-09-25T23:59:59+02:00,1820,1608,14244,13507,17417,16243,20665,20950,27292,28422,33909,34831,25749,28582,17537,22374,5340,10101,1341,1192,12587,11889,16126,14840,19438,19421,25787,26585,32400,33160,24952,27691,17006,21612,5120,9572,245620,229717,32103,29877,46589,44873,16216,87,36
2021-09-24T23:59:59+02:00,1802,1584,14162,13426,17348,16194,20610,20900,27253,28378,33869,34801,25731,28571,17527,22364,5338,10097,1312,1173,12490,11785,16043,14771,19384,19360,25740,26549,32352,33131,24929,27670,16997,21600,5118,9568,245226,229198,32084,29872,46589,44873,15993,87,36
2021-09-23T23:59:59+02:00,1780,1564,14058,13327,17255,16108,20519,20823,27171,28319,33819,34741,25705,28548,17515,22345,5334,10090,1299,1164,12401,11710,15973,14704,19310,19310,25680,26492,32306,33095,24909,27651,16991,21589,5115,9562,244733,228865,31983,29834,46588,44872,15654,87,36
2021-09-22T23:59:59+02:00,1761,1551,14021,13278,17205,16066,20466,20776,27132,28272,33768,34690,25675,28521,17507,22323,5330,10086,1282,1155,12359,11664,15927,14671,19280,19281,25651,26464,32256,33060,24881,27626,16985,21575,5112,9553,244310,228543,31958,29825,46588,44870,15508,87,36
2021-09-21T23:59:59+02:00,1748,1536,13959,13224,17183,16016,20433,20737,27101,28231,33732,34669,25662,28503,17495,22299,5322,10058,1257,1132,12312,11604,15897,14643,19247,19242,25624,26436,32231,33033,24860,27609,16982,21566,5110,9542,243816,228162,31954,29775,46588,44868,15486,87,36
2021-09-20T23:59:59+02:00,1738,1529,13908,13185,17146,15975,20392,20704,27059,28193,33697,34635,25642,28476,17487,22282,5311,10031,1238,1128,12256,11568,15864,14620,19218,19216,25595,26412,32209,33009,24846,27596,16980,21558,5105,9528,243375,227858,31954,29775,46588,44868,15409,87,36
2021-09-19T23:59:59+02:00,1733,1520,13883,13159,17115,15953,20366,20685,27038,28164,33684,34621,25634,28467,17484,22279,5310,10029,1234,1117,12232,11547,15842,14600,19205,19197,25582,26400,32199,32998,24839,27591,16974,21552,5104,9528,243146,227691,31952,29774,46588,44866,15374,87,36
2021-09-18T23:59:59+02:00,1730,1516,13871,13147,17104,15946,20356,20678,27031,28160,33678,34617,25634,28467,17484,22278,5310,10029,1234,1115,12225,11539,15832,14595,19195,19194,25575,26396,32194,32996,24839,27591,16974,21552,5104,9528,243109,227671,31939,29769,46588,44866,15336,87,36
2021-09-17T23:59:59+02:00,1707,1482,13770,13033,16996,15870,20275,20607,26960,28100,33625,34573,25611,28444,17472,22267,5309,10026,1217,1098,12140,11462,15731,14518,19107,19122,25505,26327,32131,32953,24820,27571,16964,21534,5103,9524,242644,227230,31892,29757,46588,44865,14939,87,36
2021-09-16T23:59:59+02:00,1680,1444,13671,12923,16908,15774,20183,20517,26859,28014,33548,34507,25579,28411,17458,22243,5302,10005,1193,1072,12050,11383,15661,14454,19025,19043,25417,26246,32070,32898,24778,27533,16954,21521,5100,9513,242027,226762,31795,29698,46588,44863,14552,87,36
2021-09-15T23:59:59+02:00,1662,1435,13611,12870,16856,15712,20137,20466,26803,27963,33496,34451,25553,28379,17443,22214,5295,9982,1173,1056,11990,11322,15605,14403,18973,18992,25356,26196,32012,32842,24746,27500,16938,21502,5096,9502,241607,226326,31774,29682,46584,44861,14299,87,36
2021-09-14T23:59:59+02:00,1646,1424,13548,12802,16783,15660,20077,20419,26753,27906,33446,34400,25530,28360,17430,22203,5291,9977,1145,1034,11928,11260,15532,14343,18918,18947,25308,26142,31955,32790,24715,27477,16924,21486,5096,9497,241205,225932,31722,29588,46584,44861,14080,87,36
2021-09-13T23:59:59+02:00,1624,1408,13509,12765,16755,15633,20058,20394,26731,27881,33425,34376,25519,28352,17425,22192,5291,9974,1128,1019,11885,11226,15498,14321,18894,18917,25284,26114,31928,32768,24704,27466,16911,21477,5093,9496,240922,225623,31721,29586,46579,44859,14025,87,36
2021-09-12T23:59:59+02:00,1613,1405,13476,12742,16713,15617,20044,20383,26720,27862,33419,34364,25513,28345,17424,22188,5291,9971,1116,1013,11841,11206,15452,14303,18870,18896,25268,26101,31914,32754,24696,27457,16908,21473,5092,9493,240762,225408,31721,29586,46577,44858,13965,87,36
2021-09-11T23:59:59+02:00,1602,1404,13460,12730,16699,15608,20034,20380,26708,27856,33415,34360,25509,28344,17423,22187,5289,9971,1037,951,11774,11155,15436,14295,18862,18885,25255,26090,31906,32741,24694,27455,16907,21472,5092,9493,240697,225084,31700,29584,46577,44858,13938,87,36
2021-09-10T23:59:59+02:00,1563,1358,13311,12603,16627,15531,19927,20295,26626,27792,33353,34306,25469,28313,17408,22164,5283,9966,1010,926,11653,11052,15351,14212,18753,18801,25162,26033,31832,32684,24652,27424,16891,21452,5087,9488,240099,224528,31682,29573,46577,44858,13468,87,36
2021-09-09T23:59:59+02:00,1540,1337,13241,12538,16573,15481,19874,20256,26573,27725,33311,34266,25441,28295,17403,22151,5279,9959,990,902,11589,10979,15299,14160,18700,18770,25106,25992,31784,32650,24630,27409,16878,21442,5084,9477,239728,224153,31607,29533,46577,44858,13261,87,36
2021-09-08T23:59:59+02:00,1525,1320,13212,12514,16557,15457,19854,20243,26557,27713,33298,34255,25429,28287,17397,22145,5276,9956,978,886,11545,10935,15274,14142,18688,18753,25088,25968,31762,32639,24616,27394,16876,21436,5084,9475,239508,223876,31607,29533,46573,44857,13237,87,36
2021-09-07T23:59:59+02:00,1492,1302,13154,12467,16517,15425,19831,20214,26520,27692,33264,34225,25404,28269,17391,22130,5271,9950,960,877,11486,10870,15220,14089,18651,18720,25041,25923,31710,32612,24588,27371,16868,21419,5079,9473,239274,223568,31523,29418,46573,44857,13078,87,36
2021-09-06T23:59:59+02:00,1477,1294,13124,12433,16496,15402,19812,20194,26503,27677,33253,34216,25402,28257,17388,22126,5268,9950,947,867,11464,10838,15202,14057,18629,18705,25025,25903,31688,32597,24578,27359,16867,21411,5076,9473,239057,223338,31523,29407,46573,44856,13049,87,36
2021-09-05T23:59:59+02:00,1467,1286,13107,12413,16480,15386,19801,20187,26497,27668,33243,34204,25400,28254,17386,22122,5268,9950,940,862,11445,10822,15177,14041,18618,18696,25018,25896,31679,32577,24575,27348,16864,21406,5074,9472,238929,223188,31523,29407,46573,44855,13024,87,36
2021-09-04T23:59:59+02:00,1467,1286,13106,12412,16480,15386,19799,20187,26496,27668,33243,34204,25400,28254,17386,22121,5268,9950,939,862,11445,10820,15175,14041,18613,18696,25017,25894,31679,32575,24574,27348,16864,21406,5074,9472,238927,223177,31523,29406,46573,44855,13020,87,36
2021-09-03T23:59:59+02:00,1440,1270,13004,12315,16423,15331,19761,20148,26454,27641,33206,34187,25382,28243,17382,22110,5266,9949,895,828,11305,10693,15112,13967,18542,18650,24946,25845,31620,32539,24541,27320,16851,21390,5071,9468,238425,222369,31523,29402,46573,44855,12921,87,36
2021-09-02T23:59:59+02:00,1425,1263,12940,12273,16380,15298,19726,20121,26420,27607,33181,34166,25367,28231,17377,22105,5266,9945,890,822,11228,10655,15064,13932,18504,18630,24913,25823,31582,32509,24522,27299,16845,21385,5071,9466,238201,222106,31459,29360,46569,44846,12792,87,36
2021-09-01T23:59:59+02:00,1402,1248,12904,12235,16359,15278,19707,20106,26402,27587,33159,34140,25357,28220,17371,22095,5263,9941,875,800,11187,10620,15044,13904,18484,18610,24892,25801,31557,32476,24507,27285,16837,21379,5069,9464,237901,221776,31459,29358,46568,44845,12776,87,36
2021-08-31T23:59:59+02:00,1370,1226,12849,12175,16313,15242,19674,20061,26356,27538,33119,34105,25341,28199,17365,22082,5259,9937,853,775,11115,10551,14996,13843,18432,18577,24842,25747,31500,32433,24476,27269,16828,21366,5066,9457,237590,221347,31396,29329,46568,44826,12588,86,36
2021-08-30T23:59:59+02:00,1346,1211,12804,12137,16288,15220,19654,20044,26333,27521,33097,34088,25330,28189,17365,22078,5257,9935,845,764,11037,10518,14968,13822,18410,18553,24814,25731,31473,32406,24465,27254,16822,21359,5063,9454,237335,221050,31396,29329,46568,44815,12528,86,36
2021-08-29T23:59:59+02:00,1340,1205,12790,12120,16277,15211,19645,20034,26330,27512,33090,34074,25325,28183,17363,22077,5257,9935,832,755,11019,10481,14957,13805,18394,18539,24801,25721,31464,32394,24456,27242,16820,21354,5063,9454,237230,220871,31396,29329,46568,44811,12504,86,36
2021-08-28T23:59:59+02:00,1333,1191,12758,12099,16262,15199,19634,20020,26323,27502,33081,34068,25323,28178,17362,22074,5257,9934,813,730,10943,10410,14922,13772,18347,18512,24765,25688,31421,32363,24439,27229,16811,21338,5063,9451,237067,220344,31396,29329,46568,44811,12497,86,36
2021-08-27T23:59:59+02:00,1314,1176,12695,12044,16216,15151,19576,19970,26268,27452,33038,34038,25305,28167,17358,22060,5257,9931,810,725,10906,10376,14881,13745,18331,18496,24730,25664,31393,32342,24426,27218,16808,21334,5063,9450,236643,220185,31396,29328,46568,44810,12339,86,36
2021-08-26T23:59:59+02:00,1294,1160,12626,11988,16170,15108,19532,19930,26214,27394,32987,33993,25275,28138,17351,22050,5254,9927,800,710,10838,10326,14833,13701,18284,18467,24685,25627,31347,32303,24404,27201,16801,21325,5063,9446,236273,219868,31337,29313,46568,44803,12141,86,36
2021-08-25T23:59:59+02:00,1277,1145,12603,11946,16149,15082,19510,19914,26187,27376,32952,33964,25256,28120,17344,22043,5253,9924,786,697,10788,10284,14802,13672,18251,18436,24662,25608,31314,32265,24391,27184,16794,21315,5061,9443,235958,219491,31337,29313,46562,44799,12114,86,36
2021-08-24T23:59:59+02:00,1250,1127,12544,11873,16092,15038,19465,19873,26140,27331,32907,33931,25236,28096,17332,22031,5252,9919,764,677,10710,10210,14758,13632,18205,18400,24612,25557,31272,32228,24367,27157,16779,21299,5060,9442,235647,219078,31210,29273,46562,44799,11943,86,36
2021-08-23T23:59:59+02:00,1237,1114,12506,11837,16067,15019,19442,19838,26120,27295,32877,33909,25222,28083,17328,22022,5252,9916,741,661,10654,10157,14728,13594,18167,18366,24585,25527,31237,32195,24354,27137,16772,21296,5058,9441,235346,218673,31209,29273,46561,44796,11892,86,36
2021-08-22T23:59:59+02:00,1229,1107,12491,11815,16052,15003,19435,19819,26108,27284,32866,33893,25210,28077,17326,22020,5249,9916,726,652,10625,10127,14707,13577,18146,18355,24572,25509,31222,32182,24345,27126,16770,21291,5057,9440,235181,218452,31209,29273,46561,44795,11873,86,36
2021-08-21T23:59:59+02:00,1141,1035,12416,11757,16040,14991,19424,19807,26098,27273,32856,33877,25205,28073,17323,22017,5249,9916,715,646,10601,10097,14689,13573,18137,18343,24563,25503,31215,32176,24342,27126,16769,21291,5057,9440,234807,218328,31203,29273,46561,44795,11851,86,36
2021-08-20T23:59:59+02:00,1121,1019,12355,11688,15980,14936,19361,19768,26044,27240,32806,33850,25190,28062,17314,22012,5248,9914,711,640,10546,10060,14647,13537,18097,18317,24528,25484,31185,32159,24333,27119,16763,21288,5057,9439,234306,218044,31203,29273,46561,44795,11762,86,36
2021-08-19T23:59:59+02:00,1095,995,12286,11632,15919,14903,19311,19717,25983,27191,32762,33815,25159,28039,17302,22001,5245,9912,702,628,10450,9982,14578,13499,18041,18279,24460,25442,31118,32115,24292,27100,16754,21271,5056,9436,234012,217609,31111,29264,46560,44786,11508,86,36
2021-08-18T23:59:59+02:00,1083,979,12246,11596,15890,14873,19282,19687,25952,27160,32725,33789,25140,28027,17297,21992,5243,9911,688,617,10395,9914,14529,13475,17991,18250,24413,25405,31059,32076,24270,27082,16748,21258,5052,9430,233692,217151,31110,29256,46559,44775,11435,86,35
2021-08-17T23:59:59+02:00,1056,954,12195,11555,15861,14831,19251,19655,25924,27137,32689,33751,25122,28007,17287,21975,5242,9905,673,593,10301,9832,14475,13427,17937,18195,24363,25364,30999,32033,24242,27058,16737,21238,5050,9423,233389,216552,30985,29196,46559,44771,11387,86,34
2021-08-16T23:59:59+02:00,1044,947,12163,11528,15843,14814,19232,19636,25901,27113,32670,33729,25102,27992,17279,21960,5239,9903,658,580,10245,9764,14450,13384,17912,18158,24319,25329,30962,32002,24215,27024,16722,21224,5050,9420,233159,216107,30984,29196,46559,44765,11316,86,34
2021-08-15T23:59:59+02:00,1036,947,12138,11512,15829,14797,19218,19621,25891,27103,32649,33714,25096,27983,17275,21949,5238,9903,651,572,10197,9729,14412,13361,17889,18135,24294,25315,30941,31976,24197,27016,16717,21216,5049,9418,232999,215813,30983,29196,46558,44760,11282,86,34
2021-08-14T23:59:59+02:00,1035,947,12137,11509,15829,14796,19215,19619,25890,27103,32649,33713,25096,27983,17275,21949,5238,9903,595,511,10031,9509,14306,13270,17814,18089,24245,25283,30901,31943,24182,27003,16714,21213,5047,9417,232991,214808,30983,29195,46558,44759,11277,86,34
2021-08-13T23:59:59+02:00,990,907,11987,11384,15777,14735,19150,19564,25819,27052,32597,33678,25071,27955,17264,21939,5237,9899,587,506,9976,9454,14266,13241,17774,18063,24213,25263,30877,31921,24171,26989,16708,21204,5047,9413,232165,214464,30982,29195,46558,44756,11224,85,34
2021-08-12T23:59:59+02:00,976,885,11930,11323,15728,14695,19113,19538,25773,27028,32551,33649,25046,27939,17255,21933,5237,9896,578,497,9884,9388,14193,13199,17712,18013,24146,25227,30823,31872,24143,26964,16692,21186,5045,9413,231933,214041,30957,29189,46558,44741,10970,85,34
2021-08-11T23:59:59+02:00,962,874,11897,11288,15709,14672,19080,19520,25752,27009,32526,33620,25027,27917,17251,21925,5236,9894,534,464,9810,9326,14139,13158,17665,17969,24106,25205,30783,31824,24113,26932,16676,21173,5044,9407,231639,213467,30957,29185,46557,44713,10929,85,34
2021-08-10T23:59:59+02:00,943,864,11809,11234,15657,14641,19035,19483,25698,26974,32469,33566,25010,27902,17244,21912,5235,9891,521,457,9714,9238,14087,13123,17632,17935,24059,25166,30730,31777,24080,26898,16669,21153,5040,9402,231257,212943,30823,29150,46555,44699,10855,85,34
2021-08-09T23:59:59+02:00,940,847,11781,11199,15641,14625,19013,19470,25666,26952,32440,33536,25002,27893,17238,21904,5235,9888,509,440,9659,9176,14046,13073,17595,17894,24028,25121,30695,31738,24066,26881,16664,21140,5038,9396,231017,212487,30823,29147,46554,44692,10799,85,34
2021-08-08T23:59:59+02:00,929,840,11745,11176,15618,14611,18993,19449,25641,26931,32417,33519,24994,27877,17231,21900,5234,9888,487,431,9582,9120,13997,13044,17568,17864,23995,25086,30663,31707,24053,26862,16656,21126,5037,9393,230822,212084,30823,29146,46554,44691,10716,85,34
2021-08-07T23:59:59+02:00,909,813,11648,11098,15574,14570,18951,19415,25602,26901,32371,33487,24977,27865,17222,21882,5233,9885,418,358,8962,8530,13553,12689,17354,17678,23844,24976,30510,31630,23995,26811,16635,21099,5032,9390,230233,208880,30823,29144,46554,44691,10715,85,34
2021-08-06T23:59:59+02:00,900,810,11618,11073,15560,14556,18940,19409,25587,26885,32362,33480,24973,27861,17217,21880,5233,9884,376,309,8376,7909,13039,12291,17125,17472,23698,24864,30415,31551,23964,26764,16623,21085,5029,9383,230183,205706,30702,29131,46554,44691,10711,85,34
2021-08-05T23:59:59+02:00,897,803,11578,11042,15517,14527,18901,19377,25541,26850,32314,33433,24932,27839,17215,21869,5233,9878,368,303,8321,7845,12990,12239,17076,17431,23634,24824,30339,31497,23917,26722,16609,21067,5027,9374,229956,205284,30701,29126,46552,44682,10457,85,34
2021-08-04T23:59:59+02:00,880,787,11548,11012,15498,14495,18867,19351,25514,26821,32268,33395,24917,27826,17210,21863,5231,9870,346,293,8231,7758,12934,12192,17023,17387,23577,24780,30279,31427,23880,26684,16599,21054,5025,9368,229688,204695,30699,29125,46550,44647,10336,85,34
2021-08-03T23:59:59+02:00,864,770,11501,10972,15474,14473,18835,19331,25488,26792,32233,33360,24897,27807,17200,21858,5227,9869,321,282,8149,7672,12864,12140,16954,17335,23517,24742,30236,31377,23844,26650,16584,21043,5022,9364,229352,204035,30697,29115,46549,44639,10273,85,34
2021-08-02T23:59:59+02:00,855,767,11465,10942,15451,14442,18808,19311,25459,26767,32201,33332,24883,27787,17192,21849,5226,9867,311,275,8052,7580,12786,12079,16895,17270,23460,24670,30185,31319,23825,26627,16563,21033,5020,9359,229071,203323,30696,29114,46549,44631,10207,85,34
2021-08-01T23:59:59+02:00,847,760,11439,10913,15438,14428,18793,19300,25439,26755,32184,33317,24879,27778,17191,21846,5224,9866,298,258,7985,7513,12724,12031,16849,17223,23423,24638,30158,31294,23809,26608,16559,21027,5018,9358,228924,202863,30692,29113,46549,44612,10151,85,34
2021-07-31T23:59:59+02:00,844,759,11436,10907,15436,14425,18789,19296,25438,26754,32181,33316,24879,27777,17191,21846,5224,9866,276,238,7832,7328,11954,11362,16293,16784,23327,24559,30093,31223,23779,26572,16547,21008,5017,9356,228894,199641,30691,29113,46549,44611,10149,85,34
2021-07-30T23:59:59+02:00,843,758,11423,10898,15433,14422,18782,19289,25431,26749,32171,33311,24878,27775,17191,21843,5224,9866,229,198,7551,7089,11411,10915,15814,16353,23189,24452,29984,31111,23742,26527,16530,20986,5017,9352,228826,196562,30690,29112,46547,44599,10143,85,34
2021-07-29T23:59:59+02:00,831,749,11384,10851,15395,14401,18742,19263,25394,26715,32118,33282,24860,27755,17180,21825,5224,9863,139,134,7179,6781,10746,10395,15297,15937,23012,24306,29836,31000,23687,26475,16501,20961,5013,9349,228508,193090,30688,29102,46547,44514,10008,85,34
2021-07-28T23:59:59+02:00,812,735,11337,10798,15371,14372,18711,19235,25368,26687,32091,33257,24844,27737,17175,21813,5223,9859,120,106,7014,6628,10599,10271,15184,15802,22919,24210,29734,30901,23645,26417,16482,20932,5012,9339,228178,191841,30688,29100,46542,44404,9936,85,34
2021-07-27T23:59:59+02:00,803,726,11292,10758,15328,14332,18670,19209,25339,26661,32056,33236,24828,27712,17168,21801,5222,9851,100,93,6793,6413,10437,10156,15039,15670,22815,24100,29627,30789,23593,26353,16466,20904,5009,9327,227857,190685,30688,28772,46541,44368,9825,85,34
2021-07-26T23:59:59+02:00,793,713,11242,10709,15301,14311,18652,19181,25311,26630,32023,33210,24813,27690,17156,21789,5221,9848,92,84,6677,6337,10341,10082,14972,15590,22732,24040,29562,30715,23560,26309,16454,20887,5005,9321,227555,189900,30686,28768,46540,44328,9730,85,34
2021-07-25T23:59:59+02:00,782,703,11213,10681,15280,14286,18632,19157,25284,26605,32002,33192,24796,27679,17152,21780,5220,9846,77,79,6601,6257,10273,10019,14898,15530,22678,23986,29506,30677,23529,26288,16442,20873,5005,9317,227356,189312,30686,28764,46539,44298,9627,85,34
2021-07-24T23:59:59+02:00,758,681,11136,10598,15241,14259,18608,19136,25264,26589,31990,33179,24796,27675,17149,21778,5220,9846,77,78,6202,5909,10123,9906,14522,15247,22454,23827,29388,30593,23493,26250,16425,20856,5002,9313,226976,186955,30686,28760,46539,44296,9620,85,34
2021-07-23T23:59:59+02:00,732,659,11068,10512,15211,14225,18580,19122,25243,26568,31975,33161,24785,27670,17147,21778,5220,9843,74,74,5830,5603,10003,9799,14175,14982,22257,23651,29268,30475,23441,26182,16414,20835,4998,9306,226588,184684,30685,28760,46539,44284,9605,85,34
2021-07-22T23:59:59+02:00,691,619,10913,10347,15113,14136,18493,19073,25163,26514,31902,33097,24749,27629,17133,21760,5216,9838,62,63,5513,5306,9734,9583,13591,14504,21936,23392,29036,30246,23340,26084,16372,20797,4994,9303,225632,181359,30684,28748,46538,44265,9450,85,34
2021-07-21T23:59:59+02:00,671,594,10848,10292,15076,14109,18453,19035,25123,26485,31862,33047,24724,27594,17117,21748,5213,9833,52,57,4905,4841,9291,9327,13207,14274,21703,23237,28849,30097,23275,26007,16346,20774,4992,9300,225201,179587,30674,27484,46535,44097,9332,85,34
2021-07-20T23:59:59+02:00,653,577,10790,10237,15050,14072,18418,19009,25092,26453,31826,33013,24704,27573,17112,21733,5210,9826,47,47,4764,4729,9142,9196,13040,14140,21590,23116,28718,29972,23195,25903,16323,20733,4985,9294,224820,178243,30674,27472,46533,43947,9238,85,34
2021-07-19T23:59:59+02:00,640,564,10751,10206,15019,14048,18394,19000,25063,26427,31793,32984,24686,27550,17106,21722,5208,9823,41,44,4684,4662,9044,9118,12922,14043,21492,23008,28619,29852,23139,25846,16297,20704,4980,9288,224570,177304,30674,27463,46524,43849,9133,85,34
2021-07-18T23:59:59+02:00,625,555,10698,10154,14984,14027,18369,18982,25043,26411,31770,32965,24676,27540,17100,21713,5207,9818,39,42,4576,4561,8908,8997,12795,13903,21405,22917,28546,29773,23110,25816,16288,20691,4977,9287,224294,176292,30674,27448,46524,43795,9062,85,34
2021-07-17T23:59:59+02:00,550,484,10408,9855,14869,13925,18277,18902,24937,26337,31662,32913,24642,27505,17087,21693,5205,9817,38,41,4530,4520,8854,8924,12560,13709,20979,22572,28414,29642,23073,25764,16279,20676,4976,9284,222728,174499,30674,27448,46522,43793,9061,85,34
2021-07-16T23:59:59+02:00,521,447,10273,9734,14809,13884,18225,18850,24901,26304,31642,32888,24633,27490,17084,21686,5205,9814,38,41,4484,4478,8778,8883,12189,13430,20434,22172,28279,29548,23023,25727,16270,20671,4974,9282,222060,172384,30674,27445,46521,43786,9052,85,34
2021-07-15T23:59:59+02:00,489,410,10135,9629,14741,13833,18168,18781,24846,26256,31592,32835,24608,27453,17066,21671,5198,9810,25,31,4271,4341,8449,8673,11673,13028,19326,21323,27862,29204,22853,25557,16205,20598,4964,9266,221326,167678,30672,27432,46520,43585,8920,85,34
2021-07-14T23:59:59+02:00,468,396,10104,9603,14703,13812,18138,18746,24807,26214,31541,32782,24578,27425,17055,21654,5197,9807,21,28,4147,4189,8190,8501,11442,12883,19148,21212,27714,29077,22788,25479,16171,20560,4959,9256,220950,166105,30672,27413,46519,43407,8806,85,34
2021-07-13T23:59:59+02:00,444,382,10054,9550,14673,13783,18111,18713,24770,26193,31505,32740,24562,27394,17044,21642,5196,9804,21,25,4052,4093,8014,8343,11241,12692,19012,21072,27559,28914,22691,25395,16136,20506,4955,9245,220538,164640,30672,27392,46518,43151,8749,85,34
2021-07-12T23:59:59+02:00,432,360,10008,9498,14645,13764,18081,18684,24732,26150,31472,32697,24538,27371,17029,21637,5193,9801,20,22,3946,3994,7842,8222,11082,12555,18895,20951,27437,28795,22618,25334,16109,20480,4954,9240,220163,163472,30671,27373,46517,42960,8657,85,34
2021-07-11T23:59:59+02:00,424,342,9977,9469,14624,13744,18063,18674,24710,26141,31451,32679,24526,27361,17027,21635,5193,9799,17,20,3877,3924,7725,8123,10933,12427,18769,20849,27336,28680,22574,25286,16088,20455,4952,9237,219966,162509,30668,27368,46516,42756,8605,85,34
2021-07-10T23:59:59+02:00,398,319,9864,9366,14570,13704,18012,18651,24685,26121,31432,32663,24518,27352,17023,21631,5191,9797,17,19,3842,3900,7666,8083,10898,12397,18740,20824,27307,28658,22566,25270,16084,20450,4952,9237,219438,162205,30666,27367,46513,42708,8596,85,34
2021-07-09T23:59:59+02:00,338,271,9605,9155,14468,13624,17933,18580,24599,26068,31383,32602,24495,27321,17009,21614,5191,9792,16,18,3775,3861,7528,7992,10679,12248,18514,20685,26891,28339,22381,25076,16029,20390,4949,9230,218214,160053,30666,27362,46512,42580,8572,85,34
2021-07-08T23:59:59+02:00,259,204,9410,9010,14367,13547,17838,18506,24540,26017,31300,32544,24467,27290,16996,21596,5187,9787,14,15,3617,3736,7217,7803,10327,12019,18167,20402,26586,28080,22206,24918,15961,20314,4942,9214,217108,157675,30663,27314,46499,42004,8511,85,34
2021-07-07T23:59:59+02:00,220,176,9322,8906,14328,13516,17801,18465,24487,25980,31258,32504,24442,27260,16983,21578,5187,9779,12,11,3440,3609,6899,7581,9388,11285,17579,19973,26184,27768,21967,24610,15882,20217,4928,9200,216470,155060,30660,25557,46497,41401,8481,85,34
2021-07-06T23:59:59+02:00,198,164,9243,8849,14277,13486,17765,18422,24445,25940,31197,32457,24406,27232,16968,21561,5185,9777,12,10,3323,3536,6695,7456,9117,11121,17333,19791,25907,27512,21810,24407,15801,20113,4915,9185,215902,153123,30646,25544,46494,40897,8446,85,34
2021-07-05T23:59:59+02:00,186,149,9156,8764,14236,13440,17730,18372,24407,25910,31152,32407,24383,27209,16959,21547,5184,9775,12,9,3271,3503,6568,7378,8968,11000,17185,19651,25735,27354,21667,24239,15752,20059,4904,9175,215347,152055,30646,25535,46492,40409,8397,85,34
2021-07-04T23:59:59+02:00,171,142,9104,8714,14203,13427,17703,18354,24381,25889,31131,32381,24368,27195,16953,21539,5183,9772,10,8,3222,3459,6502,7336,8879,10928,17099,19565,25605,27242,21542,24110,15710,20007,4902,9168,215069,151390,30645,25523,46477,40012,8335,85,34
2021-07-03T23:59:59+02:00,168,139,8598,8233,14044,13309,17602,18238,24285,25830,31067,32333,24347,27173,16941,21529,5181,9769,9,8,3162,3381,6382,7216,8705,10785,16880,19378,25216,26930,21426,23972,15680,19967,4899,9162,213264,149329,30644,25523,46477,39955,8317,85,34
2021-07-02T23:59:59+02:00,161,135,8030,7775,13901,13200,17510,18161,24216,25761,31007,32271,24309,27131,16935,21509,5179,9764,8,8,3051,3273,6111,7060,8447,10544,16509,19049,24736,26503,21199,23698,15611,19885,4893,9159,211439,146245,30644,25520,46474,39631,8314,85,34
2021-07-01T23:59:59+02:00,148,125,7902,7671,13817,13141,17441,18108,24148,25710,30955,32218,24281,27106,16925,21497,5178,9763,7,7,2863,3087,5763,6777,8007,10123,15919,18571,23966,25836,20710,23227,15484,19723,4881,9134,210652,141647,30639,25507,46467,38605,8292,85,34
2021-06-30T23:59:59+02:00,130,112,7757,7555,13753,13091,17387,18055,24095,25656,30895,32172,24250,27084,16911,21479,5178,9758,6,7,2767,3012,5607,6635,7779,9901,14960,17699,23350,25284,20350,22833,15351,19562,4867,9100,210086,140105,30464,23232,46463,37478,8221,85,34
2021-06-29T23:59:59+02:00,115,99,7690,7457,13706,13051,17350,18010,24042,25595,30844,32112,24230,27057,16900,21463,5175,9754,4,5,2709,2966,5476,6537,7625,9767,14791,17526,23104,25048,20091,22507,15251,19461,4855,9080,209457,138976,30460,23219,46460,36385,8189,85,34
2021-06-28T23:59:59+02:00,110,93,7625,7386,13638,12989,17303,17959,24000,25550,30787,32068,24213,27029,16893,21453,5173,9752,3,4,2678,2933,5407,6484,7534,9695,14694,17444,22952,24834,19889,22261,15196,19392,4851,9066,208913,138371,30458,23207,46452,35591,8114,85,34
2021-06-27T23:59:59+02:00,96,88,7577,7325,13606,12952,17274,17926,23981,25515,30760,32040,24201,27021,16886,21447,5173,9750,2,3,2656,2919,5359,6459,7461,9649,14597,17379,22856,24747,19762,22118,15165,19341,4847,9057,208559,137856,30457,23195,46446,35220,8072,85,34
2021-06-26T23:59:59+02:00,92,85,7076,6784,13213,12652,17159,17822,23916,25458,30724,32005,24192,27004,16882,21436,5172,9749,2,3,2556,2810,5169,6269,7261,9458,14050,16924,22193,24111,19614,21976,15120,19288,4845,9049,206382,134213,30455,23194,46446,35200,8072,67,19
2021-06-25T23:59:59+02:00,91,82,6596,6303,12759,12279,16998,17703,23826,25393,30643,31965,24169,26977,16877,21426,5170,9746,2,3,2455,2656,4993,6074,7001,9160,13517,16390,21640,23523,19418,21766,15061,19221,4841,9037,203981,130505,30455,23194,46446,34985,8055,67,19
2021-06-24T23:59:59+02:00,81,70,6374,6092,12536,12127,16892,17621,23753,25340,30585,31917,24135,26935,16871,21416,5168,9739,2,3,2251,2422,4623,5693,6501,8671,12792,15675,20487,22518,18954,21284,14956,19090,4829,9022,202713,124556,30453,23183,46439,34034,7981,67,19
2021-06-23T23:59:59+02:00,76,68,5806,5595,12374,12016,16773,17509,23678,25292,30521,31867,24102,26912,16864,21402,5164,9735,2,3,2213,2369,4559,5573,6409,8521,12558,15386,20242,22256,18655,20953,14859,18976,4818,9005,202202,123528,29125,23034,46429,32844,7932,67,19
2021-06-22T23:59:59+02:00,70,63,5666,5465,12273,11910,16685,17435,23618,25230,30452,31788,24074,26879,16854,21381,5160,9733,2,2,2161,2332,4465,5491,6284,8374,11687,14726,19828,21848,18319,20598,14750,18838,4808,8984,201260,122603,29118,21342,46410,31651,7882,67,19
2021-06-21T23:59:59+02:00,67,60,5532,5352,12196,11817,16620,17348,23561,25156,30402,31730,24049,26851,16841,21366,5160,9729,2,2,2128,2297,4405,5394,6197,8246,10905,14017,19374,21438,18091,20368,14688,18741,4799,8967,200434,121798,29112,19554,46405,30868,7820,67,19
2021-06-20T23:59:59+02:00,65,58,5415,5228,12029,11640,16554,17225,23512,25090,30360,31674,24033,26829,16835,21351,5155,9724,2,2,2110,2267,4363,5353,6126,8195,10802,13938,19263,21313,17934,20178,14622,18657,4795,8960,199431,121264,29108,19551,46399,30273,7773,67,19
2021-06-19T23:59:59+02:00,61,54,5398,5209,11260,10976,16074,16830,23450,25045,30316,31631,24015,26809,16827,21339,5155,9724,2,2,2037,2146,4158,5118,5842,7911,10473,13601,18205,20453,17760,19986,14589,18592,4790,8948,196829,117015,29108,19551,46398,30256,7772,67,19
2021-06-18T23:59:59+02:00,58,53,5362,5181,10617,10392,15463,16265,23357,24976,30246,31568,23987,26779,16816,21324,5154,9722,2,2,1967,2056,4016,4975,5564,7640,10091,13236,17051,19239,17557,19747,14540,18527,4787,8938,193986,112594,29100,19550,46398,30002,7770,67,19
2021-06-17T23:59:59+02:00,51,44,5247,5077,9938,9888,14974,15876,23257,24888,30164,31474,23947,26733,16802,21303,5153,9719,2,2,1838,1950,3759,4728,5175,7273,9550,12749,15862,18045,17096,19257,14399,18352,4774,8914,191392,107458,29097,19541,46395,29081,7632,20,13
2021-06-16T23:59:59+02:00,49,36,5116,4946,9740,9722,14828,15746,23163,24794,30065,31398,23904,26689,16787,21291,5152,9709,2,2,1796,1909,3651,4638,5070,7152,8517,11896,15589,17746,16801,18921,14264,18182,4768,8881,190215,106558,29085,17662,46393,28129,7423,20,13
2021-06-15T23:59:59+02:00,43,29,4934,4764,9556,9568,14691,15602,23071,24703,29989,31313,23861,26615,16760,21258,5144,9694,2,2,1737,1853,3568,4542,4976,7034,8401,11753,15407,17516,16482,18610,14122,18013,4745,8822,188896,105783,29082,17658,46374,26907,7224,20,13
2021-06-14T23:59:59+02:00,41,26,4857,4702,9465,9459,14614,15512,22999,24631,29918,31250,23829,26576,16745,21240,5141,9688,2,2,1717,1830,3533,4516,4935,7001,8300,11690,15271,17382,16302,18405,14029,17915,4740,8814,188150,105556,29076,17656,46368,26079,7080,20,13
2021-06-13T23:59:59+02:00,40,25,4800,4653,9382,9385,14529,15446,22937,24580,29851,31197,23803,26548,16736,21230,5141,9686,2,2,1670,1817,3489,4492,4880,6958,8227,11652,15171,17286,16145,18221,13975,17841,4733,8807,187571,105273,29069,17654,46352,25470,6958,20,13
2021-06-12T23:59:59+02:00,38,23,4781,4638,9354,9361,14290,15268,22807,24449,29806,31152,23782,26531,16727,21222,5140,9684,2,2,1548,1694,3253,4282,4473,6659,7679,11221,13393,15595,15791,17848,13894,17739,4731,8792,186658,98568,29069,17653,46352,25406,6956,19,13
2021-06-11T23:59:59+02:00,34,22,4728,4587,9273,9310,13970,15046,22611,24301,29710,31061,23745,26486,16709,21210,5139,9681,2,2,1448,1561,3062,4067,4177,6293,7168,10676,11747,13701,15309,17268,13781,17591,4716,8778,185302,91627,29064,17652,46350,25166,6889,19,13
2021-06-10T23:59:59+02:00,28,19,4443,4364,8726,8982,12693,14021,22043,23848,29336,30756,23609,26327,16657,21142,5126,9666,2,2,1328,1473,2826,3885,3851,6009,6731,10284,10327,12368,14795,16690,13609,17383,4701,8751,179959,87072,29047,17649,46345,23862,6419,17,13
2021-06-09T23:59:59+02:00,25,15,4210,4203,8133,8691,11794,13359,21721,23636,29107,30605,23545,26264,16637,21117,5123,9662,2,2,1243,1419,2670,3812,3710,5928,6522,10190,10061,12189,14469,16338,13437,17203,4694,8730,177848,86731,27778,17544,46339,22465,5866,17,13
2021-06-08T23:59:59+02:00,21,12,4082,4104,7732,8463,11307,13068,21495,23455,28907,30450,23487,26191,16605,21075,5117,9653,2,2,1166,1392,2533,3753,3550,5857,5624,9439,9588,11822,14131,15929,13211,16962,4680,8708,176096,86365,27407,15387,46314,21193,5391,17,13
2021-06-07T23:59:59+02:00,16,10,3962,4028,7492,8357,11017,12889,21291,23342,28753,30331,23429,26137,16587,21050,5113,9645,2,2,1118,1277,2412,3689,3420,5794,5458,9364,9377,11693,13900,15669,13054,16793,4673,8689,174862,86174,27396,15382,46306,19946,4869,17,13
2021-06-06T23:59:59+02:00,14,10,3845,3970,7255,8238,10767,12725,21104,23254,28667,30240,23398,26103,16575,21032,5110,9640,2,2,1098,1260,2348,3654,3323,5739,5351,9289,9258,11593,13745,15513,12981,16699,4670,8682,173711,85978,27378,15376,46296,19294,4546,17,13
2021-06-05T23:59:59+02:00,14,10,3816,3933,7216,8198,10590,12573,20476,22743,28505,30096,23348,26058,16561,21013,5110,9636,2,1,1066,1161,2180,3200,3090,5199,5182,8956,8478,10635,13091,14672,12869,16552,4659,8672,171672,80582,27378,15376,46295,19158,4536,16,13
2021-06-04T23:59:59+02:00,14,10,3786,3906,7177,8171,10492,12481,20111,22413,28401,29999,23313,26020,16547,21004,5108,9635,2,1,1034,1094,2082,2888,2930,4721,5025,8584,7962,9977,11589,12952,12742,16355,4652,8654,170385,74192,27365,15375,46294,19135,4529,16,13
2021-06-03T23:59:59+02:00,9,6,3650,3805,6958,8030,9936,12057,18889,21481,28003,29687,23182,25879,16494,20942,5104,9621,2,1,984,1049,1994,2777,2791,4563,4821,8274,7596,9528,11209,12551,12631,16241,4649,8641,165630,72400,27354,15372,46289,18072,4445,16,13
2021-06-02T23:59:59+02:00,9,6,3642,3797,6945,8013,9924,12046,18700,21300,27931,29638,23159,25858,16488,20933,5101,9619,2,1,979,1041,1982,2748,2768,4544,4609,8089,7059,9039,11172,12509,12616,16226,4645,8635,165559,72290,26809,13877,46289,18047,4437,16,13
2021-06-01T23:59:59+02:00,8,5,3516,3722,6704,7864,9639,11852,18243,20955,27693,29442,23066,25756,16447,20880,5098,9607,2,1,942,993,1896,2678,2687,4469,4330,7855,6460,8504,10958,12295,12518,16125,4640,8623,163864,71841,26031,12585,46274,17224,4313,16,13
2021-05-31T23:59:59+02:00,8,5,3470,3678,6613,7797,9503,11750,18117,20865,27601,29365,22999,25694,16430,20851,5093,9600,2,1,913,965,1826,2635,2607,4426,4222,7791,6338,8426,10770,12125,12417,16009,4630,8615,163017,71472,26002,12578,46261,16512,4144,16,12
2021-05-30T23:59:59+02:00,8,4,3439,3653,6548,7741,9411,11656,18028,20786,27525,29293,22954,25649,16408,20823,5087,9590,2,1,906,957,1815,2626,2593,4412,4193,7766,6285,8384,10709,12046,12383,15965,4625,8606,162306,71428,25996,12575,46244,16217,4042,16,12
2021-05-29T23:59:59+02:00,8,4,3428,3636,6513,7713,9368,11617,17990,20746,27377,29187,22899,25575,16393,20803,5084,9586,1,1,870,938,1758,2580,2521,4328,4002,7510,6010,8085,8499,9381,12190,15623,4610,8577,161643,65165,25996,12573,46231,15692,4042,16,12
2021-05-28T23:59:59+02:00,8,4,3365,3581,6382,7636,9228,11485,17832,20614,27194,29064,22838,25497,16373,20786,5083,9585,1,1,857,925,1739,2557,2483,4273,3850,7214,5815,7821,5782,6253,11918,15223,4594,8528,160286,58257,25994,12573,46227,14959,4033,16,12
2021-05-27T23:59:59+02:00,8,4,3221,3458,6096,7456,8625,11152,17355,20274,26781,28716,22670,25332,16315,20723,5076,9567,1,1,810,868,1654,2460,2364,4139,3427,6242,5391,7221,5621,6077,11837,15148,4588,8511,156816,57767,25934,12526,46219,12210,3845,16,12
2021-05-26T23:59:59+02:00,8,4,3115,3374,5875,7289,8255,10867,16891,19967,26480,28479,22520,25199,16263,20649,5063,9547,1,1,794,858,1601,2434,2311,4107,3353,6166,5293,7149,5485,5950,11771,15080,4583,8499,154117,57682,25915,12524,46197,11616,3602,15,12
2021-05-25T23:59:59+02:00,8,4,3024,3312,5733,7172,8059,10703,15888,19189,26126,28125,22362,25041,16210,20569,5056,9537,1,1,775,841,1564,2387,2240,4047,3276,6094,5207,7084,5318,5780,11663,14999,4575,8487,152554,57610,23996,12334,46179,11007,3376,14,12
2021-05-24T23:59:59+02:00,8,4,2959,3296,5647,7127,7943,10641,14973,18498,25712,27814,22268,24937,16179,20533,5049,9525,1,1,766,839,1543,2370,2198,4010,3231,6046,5130,7004,5216,5673,11581,14924,4574,8481,151832,57572,21923,12258,46169,10570,3176,14,12
2021-05-23T23:59:59+02:00,8,3,2956,3291,5638,7119,7933,10633,14967,18497,25711,27813,22268,24937,16179,20533,5049,9525,1,1,764,836,1535,2363,2185,3997,3212,6031,5109,6971,5171,5621,11565,14901,4573,8479,151799,57564,21923,12258,46167,10323,3158,14,12
2021-05-22T23:59:59+02:00,7,3,2919,3247,5561,7069,7833,10547,14768,18334,25428,27567,22169,24851,16147,20489,5046,9520,1,1,742,816,1488,2310,2133,3916,3099,5909,4792,6396,4599,4871,10916,14076,4563,8440,150264,54313,21923,12257,46167,9348,3138,14,12
2021-05-21T23:59:59+02:00,5,3,2847,3175,5434,6968,7704,10400,14509,18105,25132,27331,22054,24743,16114,20441,5042,9511,1,1,715,763,1419,2181,2031,3647,2915,5576,4312,5501,4182,4330,10170,13135,4497,8314,148317,50562,21921,12257,46161,7753,3106,14,12
2021-05-20T23:59:59+02:00,5,3,2716,3019,5151,6713,7420,10029,14047,17620,24522,26779,21781,24447,16020,20320,5028,9481,0,1,702,753,1393,2157,1994,3613,2861,5519,4230,5422,4054,4226,10093,13072,4488,8302,144161,50465,21911,12246,46136,7277,2880,14,12
2021-05-19T23:59:59+02:00,5,3,2663,2966,5053,6571,7277,9848,12905,16584,24259,26488,21684,24320,15977,20260,5019,9474,0,1,685,727,1367,2109,1961,3527,2798,5372,4137,5313,3973,4137,10041,13008,4485,8298,142779,50434,19845,12179,46065,6660,2654,14,12
2021-05-18T23:59:59+02:00,5,3,2636,2941,5004,6538,7223,9816,12550,16310,24079,26335,21592,24231,15947,20207,5012,9462,0,1,656,669,1311,1981,1886,3326,2699,5163,4008,5117,3750,3859,9958,12928,4476,8288,142491,50409,18993,11177,46020,6104,2374,14,12
2021-05-17T23:59:59+02:00,5,3,2610,2922,4959,6468,7135,9707,12398,16131,23929,26172,21541,24181,15928,20185,5007,9455,0,1,648,655,1295,1945,1865,3276,2650,5056,3929,5002,3614,3707,9889,12865,4473,8281,141516,50382,18985,11167,46003,5371,2219,14,12
2021-05-16T23:59:59+02:00,5,3,2598,2909,4937,6401,7098,9624,12341,16058,23877,26112,21517,24164,15918,20171,5004,9452,0,1,643,651,1285,1941,1849,3267,2629,5045,3900,4979,3560,3640,9850,12833,4472,8279,141081,50366,18975,11156,45983,5154,2136,14,12
2021-05-15T23:59:59+02:00,4,3,2475,2773,4749,6195,6907,9436,11822,15639,23286,25559,21410,24046,15884,20128,5001,9444,0,1,594,588,1203,1851,1714,3114,2344,4736,3448,4470,3229,3212,9686,12628,4448,8250,137684,47409,18974,11156,45978,4828,2111,14,12
2021-05-14T23:59:59+02:00,4,3,2362,2597,4553,5972,6629,9124,11284,15127,22719,24989,21264,23906,15848,20070,4997,9433,0,1,531,512,1100,1730,1553,2898,2014,4331,2847,3882,2842,2773,9601,12479,4444,8246,133863,44472,18967,11153,45955,4065,2082,14,12
2021-05-13T23:59:59+02:00,4,3,2185,2313,4230,5587,6203,8653,10722,14437,21682,24074,20982,23632,15788,19971,4990,9418,0,1,527,512,1087,1715,1538,2880,2004,4307,2830,3861,2825,2759,9594,12475,4443,8246,127962,44420,18911,11144,45929,3970,2058,14,12
2021-05-12T23:59:59+02:00,4,3,2184,2311,4219,5584,6194,8647,10620,14315,21627,24034,20977,23621,15783,19963,4989,9418,0,1,520,490,1051,1661,1488,2801,1920,4220,2771,3802,2744,2664,9543,12402,4443,8246,127908,44416,18587,10317,45929,3967,2055,14,12
2021-05-11T23:59:59+02:00,4,3,2063,2272,4134,5521,6067,8532,10311,14064,21434,23872,20899,23549,15767,19931,4985,9413,0,1,495,466,990,1601,1418,2710,1821,4080,2698,3727,2590,2436,9478,12301,4442,8246,126959,44398,18250,9479,45645,3658,1953,14,12
2021-05-10T23:59:59+02:00,4,3,2024,2196,4027,5399,5929,8354,9520,13300,21055,23551,20808,23459,15727,19877,4975,9400,0,1,483,438,954,1538,1353,2619,1733,3919,2616,3635,2564,2417,9468,12283,4438,8241,125817,44385,16406,9300,45541,3172,1831,13,12
2021-05-09T23:59:59+02:00,4,3,1992,2183,3989,5361,5875,8305,9451,13231,20985,23478,20771,23418,15712,19850,4972,9386,0,1,476,431,931,1494,1327,2570,1699,3857,2578,3592,2555,2404,9457,12266,4438,8233,125367,44325,16401,9297,45443,2933,1742,13,12
2021-05-08T23:59:59+02:00,4,3,1929,2081,3807,5186,5601,8097,9141,12945,19851,22550,20576,23225,15679,19781,4967,9374,0,1,407,402,867,1454,1250,2496,1611,3756,2359,3379,2007,1976,9362,12180,4437,8233,121211,42838,16400,9296,45440,2297,1740,6,6
2021-05-07T23:59:59+02:00,4,3,1843,1968,3626,5017,5281,7801,8729,12570,18599,21275,20392,23012,15635,19724,4958,9355,0,1,321,347,755,1379,1118,2367,1477,3614,2183,3185,1635,1634,8872,11731,4436,8231,116264,41094,16396,9291,45418,1187,1708,6,6
2021-05-06T23:59:59+02:00,4,3,1659,1858,3341,4761,4831,7393,8087,12009,17353,20033,20059,22634,15527,19559,4948,9344,0,1,304,337,736,1349,1078,2320,1428,3529,2115,3117,1600,1578,8855,11700,4430,8228,110402,41072,16389,9285,45181,917,1425,6,6
2021-05-05T23:59:59+02:00,4,3,1589,1828,3255,4673,4752,7286,7956,11858,17199,19888,19939,22514,15451,19462,4926,9248,0,1,294,326,693,1297,1015,2244,1345,3380,2007,3001,1507,1479,8438,11132,4424,8211,109630,41031,16246,8156,45009,661,940,6,6
2021-05-04T23:59:59+02:00,4,3,1562,1798,3207,4594,4692,7175,7706,11562,16636,19306,19851,22381,15375,19364,4896,9134,0,1,278,314,670,1267,994,2190,1287,3260,1894,2842,1434,1372,8367,11028,4419,8193,108915,41004,14897,7880,44904,396,524,6,6
2021-05-03T23:59:59+02:00,4,3,1554,1794,3197,4578,4654,7150,7452,11328,15942,18709,19787,22296,15349,19330,4890,9124,0,1,263,294,648,1183,944,2102,1223,3121,1797,2705,1367,1292,8342,10993,4415,8184,108820,40993,13298,7672,44864,50,153,6,6
2021-05-02T23:59:59+02:00,4,3,1553,1792,3190,4576,4649,7145,7438,11317,15923,18697,19770,22288,15349,19328,4889,9124,0,1,263,291,645,1182,939,2099,1213,3115,1789,2698,1353,1285,8341,10988,4414,8184,108790,40970,13294,7670,44838,47,107,6,6
2021-05-01T23:59:59+02:00,4,3,1423,1649,2913,4327,4182,6789,6819,10836,13986,16816,19388,21889,15258,19212,4886,9108,0,1,261,291,642,1180,938,2096,1211,3113,1787,2694,1348,1280,8339,10986,4414,8184,101253,40938,13294,7670,44832,47,104,5,6
2021-04-30T23:59:59+02:00,3,3,1303,1504,2695,4106,3853,6393,6252,10244,12198,14782,18930,21348,15154,19071,4872,9097,0,1,256,290,635,1173,922,2088,1198,3103,1776,2680,1338,1271,8335,10981,4413,8183,93645,40892,13294,7670,44832,43,32,5,6
2021-04-29T23:59:59+02:00,2,3,1190,1442,2528,3981,3614,6189,5895,9943,10856,13501,18670,21070,15111,19001,4868,9091,0,1,255,286,630,1165,910,2082,1178,3098,1745,2643,1312,1247,8329,10972,4413,8183,88958,40859,13285,7536,44692,33,15,5,6
2021-04-28T23:59:59+02:00,2,3,1137,1436,2477,3961,3563,6165,5832,9910,10758,13432,18638,21036,15103,18985,4868,9088,0,1,255,285,627,1164,907,2080,1173,3094,1737,2642,1305,1228,7883,10450,4413,8183,88688,40835,13235,6544,44452,29,14,5,5
2021-04-27T23:59:59+02:00,2,3,1092,1409,2371,3916,3498,6136,5713,9853,10641,13354,18604,20996,15090,18970,4866,9086,0,1,254,285,625,1156,906,2078,1168,3091,1733,2638,1293,1211,7465,9867,4413,8183,88173,40815,13181,5510,44228,24,13,5,5
2021-04-26T23:59:59+02:00,2,3,1052,1380,2280,3823,3371,6035,5544,9732,10337,13094,18542,20941,15081,18952,4864,9086,0,1,253,284,624,1154,900,2074,1161,3088,1715,2629,1278,1198,7456,9847,4413,8183,86832,40728,13170,5489,44099,23,13,5,5
2021-04-25T23:59:59+02:00,2,3,1049,1378,2272,3819,3364,6030,5524,9723,10302,13063,18532,20929,15080,18946,4864,9085,0,1,252,284,624,1153,900,2074,1159,3088,1715,2629,1278,1198,7456,9845,4413,8183,86806,40726,13162,5486,43980,23,12,5,5
2021-04-24T23:59:59+02:00,2,2,1007,1265,2084,3281,3093,5414,5332,9310,9466,12016,17823,20033,14967,18786,4856,9074,0,1,251,283,623,1152,900,2073,1159,3087,1709,2624,1275,1193,7454,9843,4413,8182,80678,40701,13162,5482,43955,23,11,5,5
2021-04-23T23:59:59+02:00,1,2,974,1181,1972,2935,2910,4862,5136,8881,8910,11294,16191,18169,14818,18580,4848,9051,0,1,251,283,622,1152,898,2071,1158,3087,1708,2623,1270,1188,7450,9841,4413,8181,73643,40687,13161,5471,43895,23,11,5,5
2021-04-22T23:59:59+02:00,1,2,969,1169,1953,2919,2890,4842,5079,8835,8795,11189,16118,18091,14791,18550,4846,9046,0,1,249,283,618,1151,895,2070,1150,3075,1692,2603,1246,1166,7445,9833,4413,8181,73590,40673,13103,5360,43376,22,11,5,5
2021-04-21T23:59:59+02:00,1,2,959,1161,1939,2907,2862,4816,5031,8780,8687,11066,16031,18006,14762,18516,4846,9041,0,1,245,280,608,1142,881,2040,1139,3050,1682,2576,1233,1152,7219,9514,4412,8181,73545,40663,13045,4655,42807,21,11,5,5
2021-04-20T23:59:59+02:00,1,2,932,1113,1887,2793,2789,4653,4937,8601,8513,10857,15798,17724,14703,18457,4839,9035,0,1,232,277,590,1121,855,2008,1110,3024,1647,2535,1213,1138,7210,9509,4411,8181,73506,40642,11916,4388,42196,17,11,5,4
2021-04-19T23:59:59+02:00,1,2,923,1105,1853,2773,2739,4628,4813,8540,8313,10745,15706,17626,14681,18438,4839,9029,0,1,226,269,572,1100,836,1975,1092,2981,1601,2480,1195,1119,7203,9506,4409,8180,73105,40606,11895,4109,41738,15,11,5,4
2021-04-18T23:59:59+02:00,1,2,920,1104,1848,2767,2731,4616,4795,8529,8273,10702,15656,17567,14671,18421,4838,9027,0,1,226,269,572,1099,835,1975,1091,2981,1601,2479,1195,1118,7201,9505,4408,8180,73059,40599,11891,4107,41502,15,11,5,4
2021-04-17T23:59:59+02:00,0,2,888,1089,1799,2728,2663,4537,4640,8384,8008,10473,13284,14665,14472,18067,4821,8993,0,1,224,269,572,1096,831,1968,1079,2974,1591,2459,1155,1075,6868,9090,4383,8132,66226,39641,11891,4096,41380,15,11,5,4
2021-04-16T23:59:59+02:00,0,2,882,1083,1787,2718,2621,4497,4548,8300,7828,10279,10444,11409,14202,17649,4802,8938,0,1,223,265,570,1092,826,1964,1070,2971,1583,2446,1142,1060,6862,9084,4381,8129,58944,39560,11888,4079,41141,15,11,5,4
2021-04-15T23:59:59+02:00,0,2,870,1078,1765,2704,2578,4463,4430,8240,7597,10078,10193,11191,14140,17583,4795,8924,0,1,221,264,570,1090,825,1962,1067,2968,1580,2443,1136,1055,6860,9082,4381,8129,58918,39545,11886,4060,39811,14,11,5,4
2021-04-14T23:59:59+02:00,0,2,852,1051,1706,2623,2488,4339,4240,8056,7322,9794,9819,10706,13991,17402,4789,8912,0,1,197,239,529,1037,802,1895,1031,2888,1529,2380,1110,1025,6855,9074,4381,8128,58881,39529,10939,3545,38256,12,11,5,4
2021-04-13T23:59:59+02:00,0,2,828,1029,1669,2570,2419,4255,4139,7917,7110,9574,9411,10187,13845,17235,4784,8898,0,1,162,216,494,989,761,1801,996,2778,1476,2310,1091,990,6839,9063,4380,8128,58828,39464,9990,2990,37038,6,11,5,4
2021-04-12T23:59:59+02:00,0,2,823,1027,1650,2566,2390,4242,4087,7866,6969,9402,9144,9872,13782,17175,4773,8881,0,1,151,202,466,949,739,1737,976,2706,1432,2260,1069,973,6822,9043,4377,8123,58769,39347,9959,2658,35907,6,11,5,4
2021-04-11T23:59:59+02:00,0,2,822,1026,1639,2566,2376,4239,4064,7854,6904,9340,9011,9707,13755,17127,4768,8872,0,1,151,202,466,947,737,1735,974,2706,1430,2260,1069,973,6820,9043,4377,8123,58755,39337,9957,2657,35344,5,11,5,4
2021-04-10T23:59:59+02:00,0,2,806,1022,1610,2537,2339,4210,3994,7795,6771,9223,8452,8973,13088,16273,4757,8830,0,1,148,201,464,944,731,1732,974,2699,1421,2253,1055,957,6348,8543,4361,8107,55417,38264,9955,2655,35294,5,11,5,4
2021-04-09T23:59:59+02:00,0,2,785,994,1569,2488,2273,4130,3841,7635,6424,8890,7925,8314,12266,15249,4685,8691,0,1,146,199,462,938,724,1724,965,2689,1406,2242,1033,934,6106,8270,4341,8080,51429,37589,9948,2651,34768,5,11,5,4
2021-04-08T23:59:59+02:00,0,2,775,984,1542,2464,2207,4081,3708,7546,6168,8588,7307,7659,12104,15049,4674,8675,0,1,146,197,457,934,719,1717,957,2678,1397,2229,1021,931,6103,8268,4340,8080,51394,37566,9923,2589,32200,5,11,5,4
2021-04-07T23:59:59+02:00,0,2,768,975,1516,2446,2148,4043,3621,7476,5937,8323,6750,7024,11494,14302,4661,8647,0,1,127,190,425,887,673,1648,900,2608,1347,2160,1000,915,6095,8262,4339,8080,51364,37542,8767,2096,29987,5,10,5,4
2021-04-06T23:59:59+02:00,0,2,763,973,1504,2438,2119,4020,3548,7427,5756,8151,6304,6516,11290,14085,4646,8616,0,1,104,169,377,827,628,1573,856,2508,1294,2096,974,898,6076,8247,4337,8076,51295,37511,8582,1512,28267,5,9,5,4
2021-04-05T23:59:59+02:00,0,2,758,969,1488,2430,2093,4010,3497,7401,5612,8040,6099,6298,11223,13998,4640,8606,0,1,98,166,376,825,621,1564,847,2493,1281,2077,946,867,4969,6844,4260,7970,51095,34685,8578,1502,27477,5,9,5,4
2021-04-04T23:59:59+02:00,0,2,756,962,1486,2428,2089,4008,3479,7394,5602,8033,6088,6278,11209,13980,4638,8603,0,1,98,166,374,823,618,1559,840,2486,1266,2058,923,845,3959,5682,4194,7864,51079,32236,8576,1502,27366,5,9,5,4
2021-04-03T23:59:59+02:00,0,2,705,906,1404,2357,1966,3869,3220,7133,5140,7542,5743,5822,11037,13762,4610,8575,0,1,94,166,374,821,618,1557,839,2486,1266,2058,923,845,3959,5679,4194,7863,47840,32223,8576,1502,27363,5,9,5,4
2021-04-02T23:59:59+02:00,0,2,661,872,1348,2289,1868,3755,2967,6872,4622,7063,5350,5361,10935,13596,4605,8569,0,1,94,166,374,821,618,1557,838,2486,1264,2057,922,843,3957,5676,4193,7863,44903,32212,8575,1501,27244,5,8,5,4
2021-04-01T23:59:59+02:00,0,2,658,869,1338,2284,1848,3747,2938,6858,4547,6990,5241,5251,10896,13547,4604,8564,0,1,94,166,372,817,616,1553,838,2483,1260,2053,912,842,3952,5673,4192,7862,44886,32200,8430,1469,26853,5,8,5,4
2021-03-31T23:59:59+02:00,0,2,656,867,1330,2267,1840,3737,2910,6830,4484,6944,5101,5089,10381,12938,4600,8556,0,1,94,166,371,817,616,1553,838,2483,1258,2053,911,842,3952,5672,4192,7861,44873,32194,7297,1469,26350,5,8,4,4
2021-03-30T23:59:59+02:00,0,2,647,864,1311,2247,1811,3708,2873,6795,4398,6855,4932,4896,9854,12236,4593,8542,0,1,89,164,370,813,611,1551,833,2477,1250,2050,901,832,3944,5669,4191,7860,44849,32173,6108,1416,25595,5,8,4,4
2021-03-29T23:59:59+02:00,0,2,642,855,1298,2214,1793,3677,2842,6753,4326,6769,4732,4698,9768,12142,4590,8528,0,1,89,164,369,811,605,1547,830,2470,1244,2042,893,826,3936,5661,4191,7860,44779,32154,5890,1369,24948,4,8,4,4
2021-03-28T23:59:59+02:00,0,2,639,853,1295,2211,1778,3667,2826,6741,4291,6717,4637,4588,9732,12078,4585,8521,0,1,89,164,369,809,605,1547,827,2470,1242,2042,892,826,3935,5661,4191,7860,44757,32152,5881,1362,24511,4,8,4,4
2021-03-27T23:59:59+01:00,0,2,635,848,1285,2207,1761,3650,2798,6711,4128,6573,4058,4133,9503,11832,4572,8502,0,1,89,164,367,807,603,1545,825,2467,1234,2036,888,822,3756,5371,4084,7687,42811,31368,5877,1362,24498,4,8,4,4
2021-03-26T23:59:59+01:00,0,2,630,840,1277,2196,1739,3633,2773,6689,4052,6495,3649,3767,8901,11273,4559,8488,0,1,89,164,367,806,602,1542,821,2464,1225,2032,875,809,3028,4427,3875,7339,40870,29088,5864,1362,24217,4,8,4,4
2021-03-25T23:59:59+01:00,0,2,623,835,1264,2182,1720,3609,2714,6650,3968,6417,3475,3548,8790,11162,4553,8482,0,1,89,164,367,806,602,1541,821,2463,1223,2032,875,809,3027,4426,3874,7338,40856,29080,5756,1362,23370,4,8,4,4
2021-03-24T23:59:59+01:00,0,2,618,827,1231,2156,1675,3564,2636,6581,3811,6265,3156,3184,8379,10611,4544,8469,0,1,85,162,355,793,586,1523,788,2429,1173,1999,841,771,3018,4420,3874,7335,40832,28776,4997,1361,21868,4,8,4,4
2021-03-23T23:59:59+01:00,0,2,606,819,1206,2124,1633,3516,2554,6502,3662,6111,2775,2800,8162,10393,4536,8450,0,1,80,158,343,773,551,1492,727,2365,1072,1917,758,711,2981,4385,3870,7331,40787,28145,4706,1354,20347,4,8,3,4
2021-03-22T23:59:59+01:00,0,2,582,709,1169,2071,1600,3460,2501,6432,3521,5981,2532,2561,7831,10038,4520,8414,0,1,80,157,343,773,551,1490,725,2363,1069,1917,756,707,2977,4379,3868,7328,40318,28114,4384,1354,19211,4,8,3,4
2021-03-21T23:59:59+01:00,0,2,581,706,1163,2062,1588,3450,2484,6417,3483,5947,2390,2396,7738,9926,4511,8399,0,1,80,157,343,772,551,1490,724,2362,1069,1917,756,707,2977,4378,3868,7327,40313,28109,4370,1354,18549,4,8,3,4
2021-03-20T23:59:59+01:00,0,2,580,706,1161,2055,1581,3443,2478,6410,3465,5924,2357,2358,7246,9407,4494,8382,0,1,80,157,343,772,550,1490,722,2361,1069,1915,756,707,2977,4376,3866,7325,39268,28097,4358,1354,18412,4,8,3,4
2021-03-19T23:59:59+01:00,0,2,573,698,1142,2035,1546,3419,2409,6272,3401,5817,2175,2177,6937,9087,4472,8357,0,1,80,157,342,767,546,1487,717,2353,1061,1902,747,700,2547,3775,3443,6571,38658,25829,4341,1354,17509,1,8,3,4
2021-03-18T23:59:59+01:00,0,2,558,681,1122,2006,1519,3389,2369,6204,3326,5729,2021,1981,6816,8968,4466,8346,0,1,79,157,342,766,545,1487,716,2349,1057,1901,740,697,2497,3703,3416,6529,38637,25638,4329,1332,16527,1,7,3,4
2021-03-17T23:59:59+01:00,0,1,529,652,1077,1949,1482,3304,2292,6086,3173,5573,1766,1716,6650,8815,4456,8331,0,1,78,153,330,738,529,1443,694,2291,1019,1860,723,678,2255,3409,3329,6399,38565,24657,3802,1260,15475,1,7,3,4
2021-03-16T23:59:59+01:00,0,1,486,624,1037,1894,1430,3199,2227,5932,3057,5439,1566,1491,6515,8667,4445,8308,0,1,72,138,309,682,499,1367,665,2156,989,1732,673,628,2140,3271,3303,6312,38506,23898,3185,1028,14618,1,6,3,4
2021-03-15T23:59:59+01:00,0,1,474,612,1004,1844,1397,3132,2196,5847,2971,5355,1440,1357,5929,7978,4405,8244,0,1,69,131,295,624,484,1247,626,2026,948,1618,643,607,2102,3232,3288,6248,37264,23492,2833,694,14086,1,0,3,2
2021-03-14T23:59:59+01:00,0,1,469,605,995,1832,1393,3114,2180,5829,2936,5328,1397,1306,5533,7529,4382,8226,0,1,68,126,291,601,478,1220,620,1970,938,1593,643,607,2102,3232,3287,6246,36440,23486,2828,534,13784,1,0,3,2
2021-03-13T23:59:59+01:00,0,1,449,586,958,1782,1340,3050,1923,5242,2695,4914,1291,1193,4871,6679,4334,8152,0,1,68,126,290,598,476,1218,618,1968,937,1589,641,602,1739,2746,2760,5483,34752,21323,2824,534,11881,1,0,3,2
2021-03-12T23:59:59+01:00,0,1,433,565,937,1739,1309,2967,1720,4455,2489,4465,1219,1109,4170,5881,4287,8070,0,1,68,124,289,594,476,1215,616,1960,933,1583,638,596,1410,2198,2216,4687,33071,19067,2821,534,9921,1,0,3,2
2021-03-11T23:59:59+01:00,0,1,429,558,927,1725,1294,2948,1695,4419,2452,4428,1145,1053,4125,5844,4284,8066,0,1,68,116,283,572,461,1163,607,1911,914,1547,626,583,1404,2180,2207,4636,33032,18815,2724,462,9634,1,0,3,1
2021-03-10T23:59:59+01:00,0,1,410,546,881,1666,1238,2870,1621,4322,2385,4335,1111,1030,4109,5827,4283,8064,0,1,68,116,281,568,458,1156,602,1888,914,1542,621,575,1343,2093,2161,4579,33017,18527,2153,437,9526,1,0,3,1
2021-03-09T23:59:59+01:00,0,1,389,530,836,1617,1195,2806,1579,4239,2342,4282,1090,1019,4103,5820,4282,8063,0,1,66,115,280,567,457,1145,600,1875,907,1537,618,569,1137,1781,2043,4400,32971,17688,1707,408,9512,1,0,3,1
2021-03-08T23:59:59+01:00,0,1,382,519,825,1601,1186,2789,1571,4212,2329,4269,1077,1007,4066,5772,4280,8058,0,1,65,115,276,562,453,1139,598,1871,903,1535,618,569,1067,1690,1998,4355,32837,17429,1610,384,9494,1,0,3,1
2021-03-07T23:59:59+01:00,0,1,381,516,824,1600,1184,2787,1568,4205,2319,4264,1070,999,4060,5766,4279,8057,0,1,63,112,267,540,441,1113,582,1771,868,1460,617,569,962,1559,1946,4284,32820,17062,1570,92,9487,0,0,3,1
2021-03-06T23:59:59+01:00,0,1,373,500,805,1567,1160,2729,1527,4137,2126,3767,1040,962,3887,5493,4177,7892,0,1,63,112,267,540,441,1112,582,1771,868,1460,617,569,959,1558,1943,4283,32102,17053,1570,92,8468,0,0,3,1
2021-03-05T23:59:59+01:00,0,1,360,461,773,1463,1110,2513,1452,3924,1912,3102,1009,917,3130,4527,3972,7548,0,1,63,111,266,537,438,1106,581,1766,864,1457,614,567,920,1500,1920,4241,29781,16859,1569,92,6821,0,0,3,1
2021-03-04T23:59:59+01:00,0,1,347,452,765,1443,1097,2490,1433,3895,1890,3083,995,913,3126,4523,3969,7546,0,1,62,109,263,534,434,1090,571,1744,863,1449,612,565,883,1446,1897,4204,29768,16697,1530,29,6667,0,0,3,1
2021-03-03T23:59:59+01:00,0,1,338,421,746,1392,1067,2407,1383,3740,1810,2986,962,867,3116,4517,3969,7543,0,1,61,108,260,531,433,1086,569,1735,860,1445,612,564,863,1393,1809,4057,29452,16359,1530,27,6280,0,0,3,1
2021-03-02T23:59:59+01:00,0,1,332,413,731,1369,1019,2362,1315,3655,1694,2887,874,802,3073,4478,3963,7538,0,1,61,108,259,527,432,1078,569,1729,860,1441,611,564,863,1393,1809,4057,28813,16334,1466,27,6224,0,0,3,1
2021-03-01T23:59:59+01:00,0,1,328,399,724,1322,1006,2304,1295,3572,1667,2837,855,793,3065,4468,3962,7538,0,1,61,107,258,523,427,1064,565,1716,851,1433,610,562,766,1238,1752,3977,28772,15883,1414,27,5947,0,0,3,1
2021-02-28T23:59:59+01:00,0,1,323,387,716,1283,992,2227,1281,3484,1644,2758,851,783,3063,4464,3961,7535,0,1,61,107,257,523,427,1063,565,1716,849,1433,610,561,669,1113,1704,3896,28756,15528,1410,26,5584,0,0,3,1
2021-02-27T23:59:59+01:00,0,1,314,366,702,1256,973,2191,1246,3415,1621,2705,833,767,3060,4464,3960,7535,0,1,60,107,257,523,427,1063,564,1716,847,1433,610,561,669,1113,1704,3896,28752,15524,1410,26,5244,0,0,3,1
2021-02-26T23:59:59+01:00,0,1,288,315,655,1192,909,2073,1156,3248,1516,2568,804,744,2623,3858,3533,6757,0,1,60,107,254,520,427,1061,562,1714,844,1427,606,559,662,1101,1695,3877,26458,15450,1410,26,4369,0,0,3,1
2021-02-25T23:59:59+01:00,0,1,283,302,641,1162,888,2031,1137,3182,1498,2523,801,740,2576,3786,3503,6713,0,1,58,104,250,512,427,1057,557,1704,841,1416,600,555,585,992,1648,3819,26239,15101,1410,24,4115,0,0,3,1
2021-02-24T23:59:59+01:00,0,1,264,292,590,1116,841,1963,1079,3087,1454,2465,784,721,2335,3484,3414,6575,0,1,57,99,245,505,421,1038,548,1682,838,1396,593,543,571,972,1637,3796,25239,14925,1410,16,3813,0,0,3,1
2021-02-23T23:59:59+01:00,0,1,252,271,561,1060,804,1888,1011,2937,1380,2363,732,671,2220,3344,3388,6482,0,1,57,97,243,499,421,1022,538,1650,830,1374,584,536,555,921,1625,3743,24433,14679,1405,16,3524,0,0,3,1
2021-02-22T23:59:59+01:00,0,1,248,265,548,997,784,1812,985,2843,1344,2303,707,649,2190,3307,3379,6419,0,1,57,96,237,493,419,1009,529,1632,826,1349,570,522,532,895,1619,3688,24027,14458,1405,15,3346,0,0,3,1
2021-02-21T23:59:59+01:00,0,1,245,258,539,972,771,1775,977,2795,1314,2277,707,647,2188,3307,3378,6418,0,1,57,96,236,493,419,1009,529,1632,826,1348,570,521,532,895,1619,3687,24021,14454,1405,15,3140,0,0,3,1
2021-02-20T23:59:59+01:00,0,1,167,228,470,923,702,1698,907,2706,1229,2178,692,632,1814,2789,2822,5614,0,1,57,96,236,493,419,1009,529,1631,826,1348,570,521,532,895,1618,3687,21743,14452,1405,15,2421,0,0,3,1
2021-02-19T23:59:59+01:00,0,1,84,167,358,842,575,1566,776,2557,1093,2025,676,611,1506,2274,2273,4822,0,1,57,96,236,493,419,1008,529,1631,826,1348,570,521,527,893,1616,3681,19535,14436,1405,15,1263,0,0,3,1
2021-02-18T23:59:59+01:00,0,1,81,162,346,792,554,1477,743,2417,1060,1957,660,599,1497,2255,2264,4770,0,1,54,89,230,471,405,941,514,1551,806,1274,556,507,521,875,1613,3659,19291,14051,1379,15,962,0,0,3,1
2021-02-17T23:59:59+01:00,0,1,80,154,332,769,545,1444,714,2324,1023,1857,655,589,1439,2167,2216,4720,0,1,54,86,228,462,397,903,503,1486,787,1192,543,495,519,873,1613,3659,19030,13785,1306,15,690,0,0,3,1
2021-02-16T23:59:59+01:00,0,1,75,149,317,729,517,1370,682,2216,998,1752,644,582,1194,1820,2092,4537,0,1,53,77,227,455,391,873,490,1421,761,1126,522,482,517,873,1610,3658,18108,13534,1067,2,497,0,0,3,1
2021-02-15T23:59:59+01:00,0,1,70,133,291,624,482,1228,624,2003,947,1592,635,580,1110,1713,2040,4472,0,1,53,77,225,450,387,867,489,1417,759,1119,522,482,516,868,1609,3655,17776,13495,729,0,39,0,0,1,1
2021-02-14T23:59:59+01:00,0,1,69,126,286,597,477,1199,613,1949,933,1570,635,580,1011,1589,1993,4415,0,1,53,77,225,450,387,867,489,1415,759,1119,522,482,516,868,1609,3655,17446,13493,573,0,23,0,0,1,1
2021-02-13T23:59:59+01:00,0,1,69,125,286,596,476,1195,612,1947,931,1567,634,579,1010,1580,1989,4412,0,1,53,77,225,449,385,862,488,1410,757,1118,520,480,499,830,1350,3183,17412,12686,573,0,23,0,0,1,1
2021-02-12T23:59:59+01:00,0,1,68,125,285,595,472,1191,612,1944,928,1566,631,578,971,1528,1969,4372,0,1,53,77,225,445,381,853,483,1401,751,1111,513,472,481,789,986,2469,17242,11490,573,0,20,0,0,1,1
2021-02-11T23:59:59+01:00,0,1,67,117,282,582,459,1164,606,1918,921,1554,630,577,928,1470,1947,4333,0,1,53,74,210,414,367,806,466,1327,736,1079,510,471,481,789,985,2468,17061,11237,490,0,4,0,0,1,0
2021-02-10T23:59:59+01:00,0,1,66,117,279,579,457,1159,602,1901,916,1550,630,577,919,1454,1926,4288,0,1,52,64,177,336,313,704,416,1155,656,984,476,459,476,788,985,2467,16957,10509,462,0,1,0,0,1,0
2021-02-09T23:59:59+01:00,0,1,64,115,273,575,454,1146,601,1886,908,1544,629,576,907,1418,1856,4183,0,1,43,53,126,257,237,554,334,953,554,830,440,448,472,787,982,2467,16704,9538,431,0,0,0,0,1,0
2021-02-08T23:59:59+01:00,0,1,63,115,270,566,451,1139,599,1871,901,1536,627,573,804,1265,1799,4101,0,1,38,43,88,168,174,417,271,716,495,695,433,442,469,784,981,2467,16274,8682,406,0,0,0,0,1,0
2021-02-07T23:59:59+01:00,0,1,61,112,260,544,437,1108,583,1768,866,1457,626,572,702,1140,1750,4017,0,1,37,42,84,165,171,410,266,703,490,684,431,441,469,784,981,2466,15904,8625,99,0,0,0,0,1,0
2021-02-06T23:59:59+01:00,0,1,60,112,259,544,437,1108,581,1767,863,1454,623,570,700,1132,1744,4010,0,1,34,41,83,162,168,400,262,695,479,675,423,440,433,736,741,2074,15865,7847,99,0,0,0,0,1,0
2021-02-05T23:59:59+01:00,0,1,60,112,257,540,437,1106,580,1766,861,1452,621,570,690,1125,1738,3997,0,1,32,39,79,158,163,392,254,676,462,665,417,440,427,711,337,1441,15813,6694,99,0,0,0,0,1,0
2021-02-04T23:59:59+01:00,0,1,59,110,252,534,431,1090,564,1739,857,1438,614,560,604,1008,1687,3936,0,1,31,36,74,152,157,381,239,652,445,651,411,432,422,704,335,1434,15452,6557,31,0,0,0,0,1,0
2021-02-03T23:59:59+01:00,0,1,58,105,248,527,430,1071,561,1723,855,1423,610,550,593,998,1684,3922,0,1,24,28,60,121,123,280,175,510,335,501,305,330,337,547,257,1150,15329,5084,29,0,0,0,0,1,0
2021-02-02T23:59:59+01:00,0,1,58,103,245,522,430,1053,549,1691,846,1399,597,540,581,949,1674,3871,0,1,17,21,41,78,87,186,122,344,219,362,215,220,217,344,184,755,15080,3413,29,0,0,0,0,0,0
2021-02-01T23:59:59+01:00,0,1,58,101,241,514,428,1037,541,1669,842,1376,590,534,559,920,1666,3824,0,0,7,11,21,42,48,98,65,168,95,166,101,103,90,160,77,329,14872,1581,29,0,0,0,0,0,0
2021-01-31T23:59:59+01:00,0,1,58,101,240,513,426,1033,539,1664,840,1373,590,533,559,920,1666,3823,0,0,7,11,19,38,43,84,61,142,81,150,96,101,89,159,75,327,14850,1483,29,0,0,0,0,0,0
2021-01-30T23:59:59+01:00,0,1,58,101,240,513,426,1033,539,1664,840,1373,590,533,559,920,1666,3823,0,0,7,11,19,38,43,84,61,142,81,150,96,100,89,159,75,327,14850,1482,29,0,0,0,0,0,0
2021-01-29T23:59:59+01:00,0,1,58,101,240,513,426,1033,539,1664,840,1373,590,533,559,920,1666,3823,0,0,7,11,19,38,43,84,61,142,81,150,96,100,89,159,75,327,14850,1482,29,0,0,0,0,0,0
2021-01-28T23:59:59+01:00,0,1,56,93,236,484,414,966,521,1578,816,1292,577,518,553,903,1663,3804,0,0,3,2,5,6,11,16,19,34,22,33,17,22,21,34,19,99,14452,363,23,0,0,0,0,0,0
2021-01-27T23:59:59+01:00,0,1,54,89,236,474,406,927,511,1512,796,1209,565,505,551,901,1663,3804,0,0,3,2,5,6,9,16,19,33,21,31,17,21,21,34,19,99,14183,356,21,0,0,0,0,0,0
2021-01-26T23:59:59+01:00,0,1,53,83,231,471,399,898,500,1445,771,1142,543,492,549,901,1663,3804,0,0,1,2,5,6,9,15,17,29,17,26,15,18,19,32,19,91,13927,321,19,0,0,0,0,0,0
2021-01-25T23:59:59+01:00,0,1,53,83,228,465,396,892,500,1442,770,1137,543,492,549,898,1663,3802,0,0,0,0,0,0,0,2,0,0,0,0,1,1,0,2,0,0,13897,6,17,0,0,0,0,0,0
2021-01-24T23:59:59+01:00,0,1,53,83,228,465,396,892,500,1441,770,1137,543,492,549,898,1663,3802,0,0,0,0,0,0,0,2,0,0,0,0,1,1,0,2,0,0,13896,6,17,0,0,0,0,0,0
2021-01-23T23:59:59+01:00,0,1,53,83,228,464,395,888,500,1435,769,1135,540,490,532,860,1403,3324,0,0,0,0,0,0,0,1,0,0,0,0,1,1,0,2,0,0,13083,5,17,0,0,0,0,0,0
2021-01-22T23:59:59+01:00,0,1,53,83,227,460,390,878,495,1425,764,1128,534,481,515,818,1024,2583,0,0,0,0,0,0,0,1,0,0,0,0,1,1,0,2,0,0,11843,5,16,0,0,0,0,0,0
2021-01-21T23:59:59+01:00,0,1,53,80,208,426,363,822,467,1325,737,1093,530,481,515,818,1023,2582,0,0,0,0,0,0,0,1,0,0,0,0,1,1,0,2,0,0,11508,5,16,0,0,0,0,0,0
2021-01-20T23:59:59+01:00,0,1,51,70,181,354,322,737,424,1172,667,1003,494,470,510,818,1023,2581,0,0,0,0,0,0,0,1,0,0,0,0,1,1,0,2,0,0,10862,5,16,0,0,0,0,0,0
2021-01-19T23:59:59+01:00,0,1,44,57,137,276,248,579,347,990,577,863,459,458,506,816,1023,2581,0,0,0,0,0,0,0,0,0,0,0,0,1,0,0,2,0,0,9954,3,8,0,0,0,0,0,0
2021-01-18T23:59:59+01:00,0,1,40,44,88,175,179,429,280,727,505,706,451,451,503,812,1021,2581,0,0,0,0,0,0,0,0,0,0,0,0,0,0,0,1,0,0,8993,1,0,0,0,0,0,0,0
2021-01-17T23:59:59+01:00,0,1,37,43,85,172,175,421,276,716,500,693,449,451,503,812,1021,2580,0,0,0,0,0,0,0,0,0,0,0,0,0,0,0,0,0,0,8935,0,0,0,0,0,0,0,0
2021-01-16T23:59:59+01:00,0,1,34,42,83,170,171,412,269,709,485,684,440,449,464,765,774,2183,0,0,0,0,0,0,0,0,0,0,0,0,0,0,0,0,0,0,8135,0,0,0,0,0,0,0,0
2021-01-15T23:59:59+01:00,0,1,32,40,80,165,168,406,262,692,471,676,434,448,459,741,361,1541,0,0,0,0,0,0,0,0,0,0,0,0,0,0,0,0,0,0,6977,0,0,0,0,0,0,0,0
2021-01-14T23:59:59+01:00,0,1,32,38,78,159,163,401,254,679,460,668,431,445,459,740,361,1541,0,0,0,0,0,0,0,0,0,0,0,0,0,0,0,0,0,0,6910,0,0,0,0,0,0,0,0
2021-01-13T23:59:59+01:00,0,0,24,31,62,127,128,304,194,545,351,525,328,343,374,577,282,1246,0,0,0,0,0,0,0,0,0,0,0,0,0,0,0,0,0,0,5441,0,0,0,0,0,0,0,0
2021-01-12T23:59:59+01:00,0,0,17,24,46,88,93,216,140,393,238,389,236,235,247,371,205,845,0,0,0,0,0,0,0,0,0,0,0,0,0,0,0,0,0,0,3783,0,0,0,0,0,0,0,0
2021-01-11T23:59:59+01:00,0,0,9,15,27,48,62,139,88,220,125,208,116,112,106,179,93,374,0,0,0,0,0,0,0,0,0,0,0,0,0,0,0,0,0,0,1921,0,0,0,0,0,0,0,0
2021-01-10T23:59:59+01:00,0,0,8,15,23,44,55,110,80,179,105,175,110,108,102,177,90,374,0,0,0,0,0,0,0,0,0,0,0,0,0,0,0,0,0,0,1755,0,0,0,0,0,0,0,0
2021-01-09T23:59:59+01:00,0,0,8,15,23,44,55,110,80,179,105,175,110,107,102,177,90,374,0,0,0,0,0,0,0,0,0,0,0,0,0,0,0,0,0,0,1754,0,0,0,0,0,0,0,0
2021-01-08T23:59:59+01:00,0,0,8,14,22,43,52,103,75,168,99,172,107,103,97,168,88,364,0,0,0,0,0,0,0,0,0,0,0,0,0,0,0,0,0,0,1683,0,0,0,0,0,0,0,0
2021-01-07T23:59:59+01:00,0,0,3,3,5,7,11,17,20,34,24,36,17,22,23,35,23,107,0,0,0,0,0,0,0,0,0,0,0,0,0,0,0,0,0,0,387,0,0,0,0,0,0,0,0
2021-01-06T23:59:59+01:00,0,0,3,2,5,6,9,16,20,33,21,32,17,21,23,35,23,106,0,0,0,0,0,0,0,0,0,0,0,0,0,0,0,0,0,0,372,0,0,0,0,0,0,0,0
2021-01-05T23:59:59+01:00,0,0,3,2,5,6,9,16,20,33,21,32,17,21,23,35,23,106,0,0,0,0,0,0,0,0,0,0,0,0,0,0,0,0,0,0,372,0,0,0,0,0,0,0,0
2021-01-04T23:59:59+01:00,0,0,0,0,0,0,0,2,1,0,0,0,1,1,0,2,0,0,0,0,0,0,0,0,0,0,0,0,0,0,0,0,0,0,0,0,7,0,0,0,0,0,0,0,0
2021-01-03T23:59:59+01:00,0,0,0,0,0,0,0,2,1,0,0,0,1,1,0,2,0,0,0,0,0,0,0,0,0,0,0,0,0,0,0,0,0,0,0,0,7,0,0,0,0,0,0,0,0
2021-01-02T23:59:59+01:00,0,0,0,0,0,0,0,1,1,0,0,0,1,1,0,2,0,0,0,0,0,0,0,0,0,0,0,0,0,0,0,0,0,0,0,0,6,0,0,0,0,0,0,0,0
2021-01-01T23:59:59+01:00,0,0,0,0,0,0,0,1,1,0,0,0,1,1,0,2,0,0,0,0,0,0,0,0,0,0,0,0,0,0,0,0,0,0,0,0,6,0,0,0,0,0,0,0,0
2020-12-31T23:59:59+01:00,0,0,0,0,0,0,0,1,1,0,0,0,1,1,0,2,0,0,0,0,0,0,0,0,0,0,0,0,0,0,0,0,0,0,0,0,6,0,0,0,0,0,0,0,0
2020-12-30T23:59:59+01:00,0,0,0,0,0,0,0,1,1,0,0,0,1,1,0,2,0,0,0,0,0,0,0,0,0,0,0,0,0,0,0,0,0,0,0,0,6,0,0,0,0,0,0,0,0
2020-12-29T23:59:59+01:00,0,0,0,0,0,0,0,1,1,0,0,0,1,0,0,2,0,0,0,0,0,0,0,0,0,0,0,0,0,0,0,0,0,0,0,0,5,0,0,0,0,0,0,0,0
2020-12-28T23:59:59+01:00,0,0,0,0,0,0,0,1,0,0,0,0,1,0,0,1,0,0,0,0,0,0,0,0,0,0,0,0,0,0,0,0,0,0,0,0,3,0,0,0,0,0,0,0,0
2020-12-27T23:59:59+01:00,0,0,0,0,0,0,0,0,0,0,0,0,0,0,0,0,0,0,0,0,0,0,0,0,0,0,0,0,0,0,0,0,0,0,0,0,0,0,0,0,0,0,0,0,0
