Datum,<15_m,<15_w,15-24_1_m,15-24_1_w,25-34_1_m,25-34_1_w,35-44_1_m,35-44_1_w,45-54_1_m,45-54_1_w,55-64_1_m,55-64_1_w,65-74_1_m,65-74_1_w,75-84_1_m,75-84_1_w,>84_1_m,>84_1_w,<24_2_m,<24_2_w,25-34_2_m,25-34_2_w,35-44_2_m,35-44_2_w,45-54_2_m,45-54_2_w,55-64_2_m,55-64_2_w,65-74_2_m,65-74_2_w,75-84_2_m,75-84_2_w,>84_2_m,>84_2_w,bp_1,bp_2,mo_1,mo_2,az_1,az_2,ja,unb_1,unb_2
2021-08-19T23:59:59+02:00,1075,987,12382,11718,15795,14800,19225,19619,25895,27110,32630,33737,25026,27936,17107,21878,5047,9570,10521,10052,14454,13386,17937,18151,24325,25307,30955,31965,24145,26943,16599,21129,4902,9151,232384,215846,31052,29155,46374,44597,11568,159,71
2021-08-18T23:59:59+02:00,1063,970,12341,11683,15767,14770,19197,19590,25868,27081,32597,33714,25008,27924,17102,21869,5045,9569,10468,9989,14407,13361,17890,18123,24280,25271,30898,31928,24124,26926,16593,21116,4899,9146,232079,215406,31052,29150,46373,44588,11495,159,71
2021-08-17T23:59:59+02:00,1038,945,12291,11642,15738,14731,19164,19561,25841,27059,32563,33676,24991,27905,17092,21852,5044,9564,10375,9909,14357,13315,17839,18069,24231,25232,30838,31885,24100,26903,16582,21096,4897,9139,231788,214823,30930,29091,46373,44587,11447,159,71
2021-08-16T23:59:59+02:00,1027,938,12259,11618,15721,14713,19147,19544,25818,27035,32544,33654,24971,27890,17084,21837,5041,9562,10319,9843,14335,13273,17816,18033,24187,25197,30802,31854,24076,26872,16567,21083,4897,9136,231563,214392,30930,29090,46373,44583,11378,159,71
2021-08-15T23:59:59+02:00,1019,938,12234,11604,15708,14696,19133,19529,25808,27026,32523,33640,24965,27881,17080,21826,5040,9562,10275,9809,14305,13251,17799,18012,24165,25184,30782,31828,24059,26864,16562,21075,4896,9134,231405,214125,30929,29090,46372,44578,11347,159,71
2021-08-14T23:59:59+02:00,1018,938,12233,11600,15708,14694,19130,19527,25808,27026,32523,33639,24965,27881,17080,21826,5040,9562,10108,9590,14199,13161,17725,17965,24118,25153,30742,31795,24044,26851,16559,21072,4894,9133,231396,213124,30929,29089,46372,44577,11342,159,71
2021-08-13T23:59:59+02:00,974,898,12083,11472,15654,14640,19066,19470,25737,26974,32470,33603,24940,27852,17069,21816,5039,9558,10058,9538,14158,13133,17686,17940,24086,25134,30718,31774,24034,26838,16553,21063,4894,9129,230571,212792,30928,29089,46372,44576,11289,155,71
2021-08-12T23:59:59+02:00,961,877,12027,11411,15610,14602,19030,19444,25693,26953,32425,33574,24915,27837,17061,21811,5039,9555,9967,9471,14085,13091,17627,17892,24021,25101,30666,31727,24006,26814,16537,21045,4892,9129,230356,212383,30906,29083,46372,44561,11036,155,71
2021-08-11T23:59:59+02:00,947,866,11994,11378,15590,14579,19001,19424,25672,26934,32402,33546,24898,27816,17057,21804,5038,9553,9894,9409,14031,13052,17581,17848,23982,25080,30626,31679,23977,26782,16521,21032,4891,9124,230073,211817,30906,29079,46371,44535,10994,155,71
2021-08-10T23:59:59+02:00,929,856,11907,11327,15538,14550,18960,19387,25619,26900,32347,33493,24881,27802,17050,21791,5037,9550,9799,9328,13982,13017,17550,17816,23936,25041,30573,31633,23944,26750,16515,21014,4887,9119,229704,211313,30775,29044,46369,44522,10921,155,71
2021-08-09T23:59:59+02:00,927,840,11881,11293,15523,14535,18938,19375,25587,26879,32319,33462,24874,27794,17046,21783,5037,9547,9745,9267,13947,12967,17512,17775,23907,24998,30538,31593,23930,26733,16510,21001,4885,9114,229478,210870,30775,29041,46368,44515,10864,155,71
2021-08-08T23:59:59+02:00,917,833,11846,11270,15501,14522,18918,19354,25562,26859,32297,33446,24866,27779,17039,21779,5036,9547,9669,9213,13903,12941,17485,17745,23874,24964,30506,31562,23917,26714,16502,20987,4884,9111,229291,210477,30775,29040,46368,44514,10782,155,71
2021-08-07T23:59:59+02:00,898,806,11750,11193,15458,14481,18878,19321,25523,26829,32251,33414,24849,27767,17030,21761,5035,9544,9052,8613,13466,12591,17274,17561,23723,24853,30357,31487,23860,26663,16481,20960,4879,9108,228710,207290,30775,29040,46368,44514,10780,155,71
2021-08-06T23:59:59+02:00,888,803,11720,11166,15441,14468,18868,19315,25509,26813,32242,33408,24845,27763,17025,21759,5035,9543,8472,7985,12952,12197,17047,17358,23583,24742,30262,31408,23829,26616,16469,20946,4876,9102,228661,204135,30653,29027,46368,44514,10774,155,71
2021-08-05T23:59:59+02:00,885,796,11681,11135,15404,14441,18827,19285,25463,26777,32198,33361,24805,27741,17023,21748,5035,9538,8416,7920,12908,12147,16997,17316,23520,24702,30189,31354,23782,26575,16456,20928,4874,9093,228444,203717,30652,29022,46368,44506,10524,155,71
2021-08-04T23:59:59+02:00,868,780,11651,11105,15386,14409,18798,19262,25436,26748,32152,33322,24790,27728,17018,21743,5033,9530,8327,7831,12849,12100,16946,17275,23464,24658,30130,31283,23745,26536,16446,20915,4872,9087,228185,203130,30650,29021,46367,44471,10402,155,71
2021-08-03T23:59:59+02:00,853,761,11604,11067,15367,14389,18768,19242,25410,26720,32120,33289,24770,27709,17009,21738,5029,9529,8244,7742,12782,12050,16879,17225,23405,24621,30091,31235,23709,26502,16431,20904,4869,9083,227861,202478,30648,29011,46367,44464,10343,155,71
2021-08-02T23:59:59+02:00,844,758,11569,11036,15347,14359,18742,19223,25382,26695,32089,33262,24756,27690,17001,21729,5028,9527,8149,7649,12702,11990,16822,17162,23349,24550,30044,31178,23691,26479,16410,20894,4867,9078,227590,201777,30647,29010,46367,44456,10278,155,71
2021-08-01T23:59:59+02:00,837,751,11544,11007,15336,14346,18727,19212,25363,26683,32072,33247,24752,27682,17000,21726,5026,9526,8078,7582,12641,11943,16781,17116,23313,24519,30017,31153,23676,26460,16406,20888,4865,9077,227449,201322,30643,29009,46367,44438,10223,155,71
2021-07-31T23:59:59+02:00,834,750,11541,11001,15334,14343,18725,19208,25362,26682,32069,33246,24752,27681,17000,21726,5026,9526,7925,7393,11877,11271,16229,16680,23218,24440,29953,31082,23647,26424,16394,20869,4864,9075,227421,198110,30642,29009,46367,44437,10221,155,71
2021-07-30T23:59:59+02:00,833,749,11527,10992,15331,14340,18720,19203,25355,26677,32059,33241,24751,27679,17000,21724,5026,9526,7640,7153,11331,10827,15752,16253,23081,24333,29844,30970,23610,26379,16378,20847,4864,9070,227355,195032,30641,29008,46365,44424,10217,155,71
2021-07-29T23:59:59+02:00,821,740,11487,10945,15293,14319,18680,19178,25319,26643,32007,33212,24733,27660,16989,21707,5026,9524,7266,6842,10666,10314,15237,15841,22905,24188,29698,30860,23556,26327,16349,20822,4860,9067,227040,191571,30640,29000,46365,44339,10083,155,71
2021-07-28T23:59:59+02:00,803,728,11440,10893,15269,14289,18649,19151,25293,26616,31982,33188,24720,27642,16984,21695,5025,9520,7100,6685,10521,10196,15126,15706,22814,24093,29599,30764,23513,26271,16331,20793,4859,9057,226722,190336,30639,28998,46360,44230,10011,155,71
2021-07-27T23:59:59+02:00,794,719,11396,10856,15229,14249,18609,19125,25265,26590,31945,33166,24704,27617,16978,21684,5024,9512,6879,6473,10363,10079,14982,15572,22711,23987,29491,30651,23462,26207,16315,20766,4857,9046,226411,189188,30639,28672,46359,44197,9898,155,71
2021-07-26T23:59:59+02:00,784,707,11347,10812,15205,14228,18594,19098,25237,26561,31913,33140,24689,27596,16966,21673,5023,9509,6763,6396,10269,10002,14916,15494,22629,23927,29426,30577,23429,26164,16303,20749,4853,9040,226126,188404,30637,28669,46358,44155,9806,155,71
2021-07-25T23:59:59+02:00,773,697,11319,10784,15185,14202,18574,19074,25210,26537,31894,33122,24673,27585,16962,21664,5022,9507,6687,6314,10201,9938,14843,15434,22574,23873,29371,30539,23399,26142,16291,20735,4853,9036,225932,187815,30636,28665,46357,44125,9704,155,71
2021-07-24T23:59:59+02:00,749,676,11240,10701,15146,14175,18551,19052,25190,26523,31881,33109,24673,27581,16959,21662,5022,9507,6289,5955,10057,9824,14470,15153,22350,23716,29254,30456,23363,26104,16274,20718,4850,9032,225554,185460,30635,28664,46357,44123,9696,155,71
2021-07-23T23:59:59+02:00,723,654,11173,10619,15118,14142,18522,19037,25168,26504,31865,33092,24662,27576,16957,21662,5022,9504,5920,5645,9937,9718,14123,14889,22154,23544,29134,30339,23311,26036,16263,20697,4846,9025,225172,183195,30634,28664,46357,44112,9682,155,71
2021-07-22T23:59:59+02:00,682,614,11021,10456,15020,14054,18435,18989,25087,26450,31793,33028,24626,27535,16942,21644,5018,9499,5601,5347,9669,9504,13541,14414,21837,23284,28903,30112,23211,25939,16219,20660,4842,9022,224225,179883,30632,28653,46356,44093,9525,155,71
2021-07-21T23:59:59+02:00,662,589,10957,10402,14985,14027,18396,18953,25049,26421,31755,32978,24602,27503,16926,21632,5016,9494,4984,4881,9230,9254,13164,14185,21605,23131,28716,29963,23146,25863,16194,20637,4840,9019,223803,178124,30625,27385,46354,43926,9410,155,71
2021-07-20T23:59:59+02:00,644,572,10899,10348,14959,13991,18360,18926,25019,26389,31719,32945,24582,27482,16921,21618,5013,9487,4839,4769,9077,9122,13000,14052,21492,23010,28586,29840,23067,25760,16172,20597,4833,9013,223427,176782,30625,27373,46352,43777,9315,155,71
2021-07-19T23:59:59+02:00,631,560,10862,10317,14930,13971,18338,18918,24992,26364,31686,32916,24565,27459,16915,21607,5011,9484,4759,4699,8981,9046,12885,13955,21394,22904,28487,29720,23011,25703,16147,20568,4828,9007,223191,175845,30625,27365,46343,43681,9212,155,71
2021-07-18T23:59:59+02:00,616,551,10808,10266,14895,13950,18313,18901,24972,26347,31663,32897,24556,27449,16909,21598,5010,9479,4651,4596,8846,8925,12758,13816,21308,22813,28415,29641,22983,25674,16138,20555,4825,9006,222915,174834,30625,27351,46343,43628,9142,155,71
2021-07-17T23:59:59+02:00,544,481,10523,9969,14784,13852,18224,18824,24867,26273,31557,32848,24523,27415,16896,21578,5008,9478,4605,4554,8794,8853,12525,13624,20886,22474,28286,29510,22946,25622,16129,20540,4824,9003,221381,173060,30625,27351,46342,43626,9141,155,71
2021-07-16T23:59:59+02:00,515,444,10390,9849,14725,13812,18170,18773,24835,26240,31537,32824,24514,27400,16893,21571,5008,9475,4557,4512,8718,8813,12151,13345,20345,22078,28153,29416,22897,25585,16120,20535,4822,9001,220724,170953,30624,27349,46342,43619,9130,155,71
2021-07-15T23:59:59+02:00,485,407,10251,9744,14659,13763,18113,18706,24782,26192,31487,32771,24490,27364,16875,21555,5001,9471,4345,4373,8393,8606,11633,12944,19241,21235,27737,29073,22728,25416,16055,20462,4812,8985,219999,166261,30623,27336,46341,43423,8998,155,71
2021-07-14T23:59:59+02:00,464,394,10222,9719,14625,13743,18084,18671,24746,26151,31436,32718,24460,27336,16864,21538,5000,9469,4221,4222,8138,8434,11404,12799,19063,21124,27592,28947,22663,25338,16021,20424,4809,8976,219634,164696,30623,27318,46341,43249,8887,155,71
2021-07-13T23:59:59+02:00,440,379,10172,9667,14596,13716,18059,18638,24711,26130,31402,32678,24444,27306,16853,21527,4999,9467,4125,4127,7963,8275,11204,12608,18930,20986,27439,28786,22566,25253,15986,20371,4805,8965,219234,163242,30623,27297,46340,42991,8832,155,71
2021-07-12T23:59:59+02:00,427,358,10126,9617,14570,13697,18028,18608,24676,26089,31368,32633,24419,27283,16838,21522,4996,9464,4018,4028,7796,8154,11045,12473,18816,20865,27317,28665,22492,25192,15959,20345,4804,8960,218862,162082,30622,27275,46340,42801,8740,155,71
2021-07-11T23:59:59+02:00,419,340,10096,9588,14553,13677,18011,18598,24656,26081,31347,32615,24407,27273,16836,21520,4996,9462,3949,3955,7677,8054,10898,12345,18692,20765,27216,28551,22449,25144,15938,20320,4802,8957,218670,161115,30622,27270,46339,42602,8689,155,71
2021-07-10T23:59:59+02:00,393,317,9986,9482,14498,13638,17963,18575,24632,26061,31328,32599,24399,27264,16832,21516,4994,9460,3916,3930,7616,8012,10863,12316,18663,20741,27187,28529,22442,25129,15934,20315,4802,8957,218145,160813,30621,27269,46336,42554,8680,155,71
2021-07-09T23:59:59+02:00,333,270,9724,9273,14393,13556,17887,18505,24546,26008,31279,32538,24376,27233,16819,21498,4994,9454,3849,3890,7483,7921,10646,12171,18439,20603,26772,28208,22258,24935,15879,20255,4799,8950,216920,158674,30621,27266,46335,42425,8655,155,71
2021-07-08T23:59:59+02:00,254,203,9531,9130,14292,13480,17793,18433,24486,25958,31196,32480,24349,27202,16806,21480,4990,9449,3693,3764,7175,7732,10292,11942,18094,20321,26467,27951,22085,24777,15811,20182,4792,8934,215822,156298,30618,27221,46322,41855,8595,155,71
2021-07-07T23:59:59+02:00,215,174,9429,9025,14241,13447,17750,18390,24435,25918,31154,32440,24325,27172,16794,21462,4990,9441,3497,3635,6846,7507,9339,11212,17510,19891,26065,27641,21851,24475,15734,20086,4778,8920,215192,153684,30615,25471,46319,41262,8521,155,71
2021-07-06T23:59:59+02:00,193,162,9351,8966,14191,13419,17714,18348,24393,25879,31093,32393,24289,27144,16779,21445,4988,9439,3383,3560,6647,7385,9068,11049,17266,19711,25788,27384,21694,24273,15653,19982,4765,8905,214629,151755,30598,25461,46316,40759,8488,155,71
2021-07-05T23:59:59+02:00,181,147,9264,8885,14151,13377,17681,18298,24357,25849,31048,32342,24265,27122,16771,21431,4987,9437,3331,3525,6518,7306,8919,10928,17124,19572,25617,27229,21551,24106,15603,19929,4754,8895,214087,150691,30598,25452,46313,40273,8440,155,71
2021-07-04T23:59:59+02:00,166,140,9210,8835,14120,13364,17656,18280,24332,25830,31027,32316,24250,27108,16765,21423,4986,9434,3279,3483,6455,7266,8831,10856,17037,19487,25488,27119,21426,23977,15561,19878,4752,8888,213816,150033,30597,25443,46298,39877,8376,155,71
2021-07-03T23:59:59+02:00,163,137,8698,8337,13962,13244,17555,18162,24238,25772,30962,32267,24229,27086,16753,21411,4984,9431,3219,3404,6336,7147,8661,10714,16822,19306,25100,26810,21311,23841,15531,19838,4748,8882,211981,147990,30597,25443,46298,39822,8360,155,71
2021-07-02T23:59:59+02:00,156,133,8129,7865,13818,13135,17463,18085,24168,25702,30902,32205,24191,27044,16747,21391,4982,9426,3108,3296,6066,6992,8404,10472,16452,18979,24628,26386,21083,23568,15461,19756,4742,8879,210139,144921,30597,25441,46294,39497,8357,155,71
2021-07-01T23:59:59+02:00,143,123,8000,7758,13735,13077,17394,18033,24099,25651,30850,32152,24163,27019,16737,21379,4981,9425,2920,3107,5720,6708,7967,10056,15865,18508,23864,25732,20596,23094,15334,19595,4730,8854,209349,140363,30592,25430,46290,38466,8333,155,71
2021-06-30T23:59:59+02:00,126,110,7854,7642,13666,13028,17341,17980,24048,25598,30791,32106,24132,26997,16723,21361,4981,9420,2824,3028,5566,6565,7742,9835,14908,17639,23251,25182,20238,22700,15201,19434,4716,8820,208787,138832,30418,23157,46286,37343,8258,155,71
2021-06-29T23:59:59+02:00,111,97,7787,7549,13623,12989,17302,17935,23995,25537,30741,32047,24111,26971,16713,21345,4978,9416,2765,2984,5437,6467,7588,9701,14740,17467,23010,24948,19979,22375,15102,19334,4704,8800,208165,137713,30416,23145,46283,36253,8228,155,71
2021-06-28T23:59:59+02:00,106,91,7723,7478,13559,12930,17256,17884,23953,25492,30685,32003,24094,26943,16706,21335,4976,9414,2736,2952,5369,6420,7495,9630,14643,17386,22860,24734,19775,22129,15047,19265,4700,8786,207632,137118,30414,23135,46275,35458,8152,155,71
2021-06-27T23:59:59+02:00,92,86,7674,7415,13529,12894,17227,17851,23934,25457,30658,31975,24082,26935,16699,21329,4976,9412,2713,2937,5318,6395,7424,9585,14547,17323,22765,24647,19648,21988,15016,19214,4696,8777,207278,136610,30414,23124,46269,35084,8109,155,71
2021-06-26T23:59:59+02:00,88,82,7170,6859,13135,12595,17114,17748,23870,25398,30622,31940,24074,26918,16695,21318,4975,9411,2612,2828,5132,6207,7224,9395,14002,16868,22105,24014,19500,21845,14971,19161,4694,8769,205100,133002,30414,23124,46269,35064,8109,120,33
2021-06-25T23:59:59+02:00,87,79,6685,6375,12681,12222,16955,17630,23779,25332,30541,31899,24051,26891,16690,21308,4973,9409,2508,2673,4957,6016,6966,9098,13472,16337,21553,23430,19302,21636,14913,19094,4690,8757,202693,129306,30414,23124,46269,34853,8091,120,33
2021-06-24T23:59:59+02:00,77,67,6461,6158,12456,12071,16849,17547,23707,25279,30483,31851,24017,26849,16684,21298,4971,9402,2299,2434,4586,5639,6466,8607,12750,15622,20401,22429,18837,21155,14808,18963,4678,8742,201417,123358,30412,23112,46262,33902,8016,120,33
2021-06-23T23:59:59+02:00,72,65,5886,5658,12294,11959,16730,17433,23633,25232,30420,31801,23983,26826,16677,21284,4967,9398,2262,2382,4523,5517,6374,8456,12517,15333,20158,22170,18538,20826,14711,18849,4667,8725,200907,122337,29073,22963,46252,32714,7966,120,33
2021-06-22T23:59:59+02:00,68,60,5744,5528,12194,11854,16644,17358,23576,25170,30353,31723,23956,26794,16667,21263,4963,9396,2209,2347,4428,5435,6250,8309,11648,14671,19745,21764,18204,20473,14603,18711,4657,8705,199973,121415,29066,21269,46235,31529,7917,120,33
2021-06-21T23:59:59+02:00,65,57,5608,5415,12120,11761,16583,17272,23522,25096,30303,31665,23931,26766,16654,21248,4963,9392,2176,2311,4370,5338,6163,8182,10867,13967,19294,21355,17978,20246,14543,18617,4648,8689,199152,120622,29062,19484,46230,30752,7857,120,33
2021-06-20T23:59:59+02:00,63,55,5490,5289,11957,11578,16518,17148,23471,25031,30261,31609,23915,26745,16648,21233,4958,9387,2158,2282,4329,5298,6093,8133,10763,13887,19182,21228,17821,20055,14477,18534,4644,8682,198142,120086,29058,19481,46224,30158,7812,120,33
2021-06-19T23:59:59+02:00,59,51,5472,5269,11191,10914,16039,16757,23410,24987,30217,31566,23897,26725,16640,21221,4958,9387,2087,2164,4122,5068,5814,7852,10439,13553,18133,20376,17654,19870,14444,18469,4639,8670,195547,115889,29058,19481,46224,30144,7811,120,33
2021-06-18T23:59:59+02:00,56,50,5438,5243,10547,10332,15425,16194,23319,24918,30148,31503,23870,26695,16629,21206,4957,9385,2018,2076,3979,4926,5536,7582,10057,13189,16984,19167,17451,19633,14395,18405,4636,8660,192709,111483,29052,19480,46224,29892,7810,120,33
2021-06-17T23:59:59+02:00,49,41,5318,5140,9865,9824,14937,15803,23220,24830,30067,31409,23830,26649,16614,21185,4956,9382,1888,1969,3722,4680,5148,7218,9517,12699,15799,17976,16991,19143,14254,18231,4623,8636,190144,106359,29050,19472,46221,28976,7667,37,24
2021-06-16T23:59:59+02:00,47,33,5184,5004,9668,9663,14790,15673,23127,24736,29969,31333,23786,26604,16599,21173,4955,9372,1848,1928,3618,4595,5046,7100,8488,11848,15526,17682,16695,18807,14119,18060,4617,8603,188965,105477,29039,17596,46218,28030,7457,37,24
2021-06-15T23:59:59+02:00,41,27,4996,4817,9486,9508,14655,15531,23035,24646,29892,31247,23743,26531,16573,21140,4947,9357,1785,1870,3540,4500,4952,6988,8372,11706,15348,17455,16377,18497,13977,17891,4594,8545,187645,104719,29036,17592,46199,26811,7255,37,24
2021-06-14T23:59:59+02:00,39,24,4919,4753,9392,9399,14577,15442,22964,24572,29822,31186,23711,26492,16558,21122,4944,9351,1762,1847,3503,4476,4911,6956,8272,11643,15210,17321,16197,18293,13886,17794,4589,8538,186900,104493,29030,17589,46193,25989,7107,37,24
2021-06-13T23:59:59+02:00,38,23,4861,4705,9306,9324,14493,15375,22903,24521,29755,31133,23685,26464,16549,21112,4944,9349,1712,1832,3461,4452,4856,6913,8201,11606,15111,17226,16041,18109,13832,17721,4582,8531,186318,104213,29024,17587,46178,25383,6983,37,24
2021-06-12T23:59:59+02:00,36,22,4842,4690,9278,9301,14256,15198,22773,24392,29710,31088,23665,26447,16540,21104,4943,9347,1587,1710,3223,4241,4452,6610,7654,11174,13336,15537,15689,17738,13752,17619,4580,8517,185413,97512,29024,17587,46178,25319,6981,36,24
2021-06-11T23:59:59+02:00,32,21,4788,4636,9197,9248,13937,14975,22577,24244,29614,30997,23628,26402,16522,21092,4942,9344,1484,1575,3039,4030,4153,6246,7143,10629,11700,13653,15213,17163,13638,17472,4565,8503,184050,90602,29021,17586,46178,25088,6911,36,23
2021-06-10T23:59:59+02:00,26,18,4504,4408,8653,8917,12662,13956,22010,23794,29240,30693,23491,26244,16469,21024,4929,9329,1361,1482,2804,3849,3824,5962,6708,10237,10287,12324,14700,16588,13467,17264,4550,8477,178719,86064,29005,17583,46172,23783,6435,36,23
2021-06-09T23:59:59+02:00,23,14,4269,4244,8060,8625,11760,13296,21690,23579,29010,30539,23428,26181,16450,21000,4926,9325,1273,1428,2649,3778,3682,5882,6502,10145,10025,12145,14377,16238,13297,17084,4543,8456,176612,85732,27728,17481,46166,22395,5877,36,23
2021-06-08T23:59:59+02:00,19,11,4139,4144,7658,8399,11274,13006,21464,23400,28810,30386,23369,26107,16418,20958,4920,9316,1195,1401,2513,3720,3523,5815,5606,9397,9551,11782,14041,15829,13071,16845,4529,8434,174861,85377,27356,15327,46142,21126,5403,36,23
2021-06-07T23:59:59+02:00,15,9,4018,4065,7423,8293,10985,12828,21261,23286,28656,30268,23310,26054,16400,20933,4916,9308,1146,1281,2392,3660,3393,5752,5441,9322,9341,11655,13812,15572,12915,16676,4522,8416,173635,85188,27346,15322,46133,19889,4878,36,23
2021-06-06T23:59:59+02:00,13,9,3900,4006,7185,8171,10735,12667,21075,23197,28570,30178,23280,26020,16388,20915,4913,9304,1126,1264,2327,3624,3297,5700,5335,9247,9225,11554,13655,15418,12843,16582,4519,8409,172485,84998,27329,15318,46123,19237,4553,36,23
2021-06-05T23:59:59+02:00,13,9,3871,3969,7147,8131,10558,12511,20447,22688,28408,30031,23230,25975,16374,20896,4913,9300,1094,1163,2161,3171,3065,5161,5165,8915,8445,10604,13006,14578,12730,16435,4508,8399,170443,79615,27329,15318,46121,19104,4543,35,23
2021-06-04T23:59:59+02:00,13,9,3841,3943,7111,8106,10461,12419,20085,22361,28304,29935,23195,25937,16360,20886,4911,9299,1062,1096,2063,2861,2905,4684,5008,8545,7931,9946,11508,12862,12605,16238,4501,8381,169167,73240,27316,15317,46121,19082,4537,35,23
2021-06-03T23:59:59+02:00,8,6,3707,3841,6891,7969,9905,11997,18859,21431,27904,29625,23062,25795,16307,20824,4907,9285,1009,1052,1974,2749,2768,4529,4804,8245,7568,9497,11130,12466,12499,16125,4498,8368,164413,71458,27306,15314,46117,18037,4452,35,23
2021-06-02T23:59:59+02:00,8,6,3700,3833,6879,7952,9895,11986,18671,21251,27833,29576,23039,25773,16301,20815,4904,9283,1005,1045,1962,2719,2747,4510,4593,8061,7032,9009,11093,12425,12484,16110,4494,8362,164348,71350,26761,13821,46116,18015,4445,35,23
2021-06-01T23:59:59+02:00,7,5,3573,3757,6642,7804,9607,11793,18216,20904,27596,29381,22945,25671,16260,20762,4901,9271,968,997,1878,2649,2667,4438,4314,7827,6436,8477,10880,12212,12386,16007,4489,8350,162659,70911,25981,12528,46102,17198,4318,35,23
2021-05-31T23:59:59+02:00,7,5,3526,3712,6553,7736,9471,11694,18090,20813,27506,29305,22878,25610,16243,20734,4896,9264,939,973,1811,2609,2587,4395,4207,7763,6318,8402,10694,12044,12285,15891,4479,8342,161820,70551,25950,12523,46089,16496,4149,35,23
2021-05-30T23:59:59+02:00,7,4,3495,3688,6489,7681,9381,11604,18002,20733,27429,29234,22833,25565,16221,20707,4891,9254,934,966,1800,2599,2574,4382,4178,7738,6265,8360,10633,11965,12251,15848,4474,8333,161121,70508,25945,12520,46072,16207,4045,35,23
2021-05-29T23:59:59+02:00,7,4,3484,3669,6453,7654,9337,11567,17964,20694,27284,29128,22779,25491,16206,20687,4888,9250,898,947,1743,2553,2501,4297,3988,7483,5993,8063,8436,9309,12058,15506,4459,8304,160463,64270,25945,12518,46058,15684,4045,35,23
2021-05-28T23:59:59+02:00,7,4,3421,3614,6322,7577,9197,11436,17807,20563,27101,29005,22713,25414,16185,20670,4887,9249,885,933,1724,2533,2465,4243,3837,7186,5799,7801,5744,6205,11781,15110,4444,8255,159104,57412,25943,12518,46054,14958,4036,35,23
2021-05-27T23:59:59+02:00,7,4,3274,3484,6038,7397,8595,11103,17331,20226,26688,28657,22546,25249,16127,20607,4880,9231,835,875,1642,2438,2348,4109,3414,6216,5376,7204,5583,6032,11703,15036,4438,8238,155629,56930,25885,12471,46047,12217,3848,35,23
2021-05-26T23:59:59+02:00,7,4,3167,3401,5819,7231,8223,10817,16865,19920,26387,28421,22398,25116,16076,20533,4867,9211,818,867,1590,2413,2295,4079,3341,6142,5279,7132,5449,5905,11638,14970,4433,8226,152925,56856,25869,12469,46025,11622,3609,35,23
2021-05-25T23:59:59+02:00,7,4,3076,3338,5677,7117,8026,10655,15863,19142,26033,28067,22240,24962,16024,20453,4860,9201,798,849,1554,2369,2224,4020,3266,6073,5194,7068,5282,5735,11530,14890,4425,8215,151370,56789,23945,12281,46011,11015,3386,33,23
2021-05-24T23:59:59+02:00,7,4,3013,3320,5589,7073,7908,10593,14948,18453,25618,27755,22146,24858,15993,20417,4853,9189,789,847,1532,2352,2180,3984,3220,6025,5117,6988,5182,5628,11451,14814,4424,8209,150645,56755,21876,12205,46001,10579,3182,33,23
2021-05-23T23:59:59+02:00,7,4,3010,3316,5580,7066,7899,10585,14943,18452,25617,27754,22146,24858,15993,20417,4853,9189,787,844,1524,2345,2168,3971,3201,6010,5096,6955,5138,5576,11434,14790,4423,8207,150617,56747,21876,12205,45999,10332,3164,33,23
2021-05-22T23:59:59+02:00,6,4,2974,3274,5507,7020,7799,10498,14745,18291,25337,27511,22046,24772,15960,20374,4850,9185,765,824,1480,2294,2117,3892,3088,5889,4782,6387,4568,4834,10789,13968,4413,8168,149081,53503,21876,12205,45999,9365,3164,33,23
2021-05-21T23:59:59+02:00,4,4,2902,3199,5381,6924,7672,10352,14487,18061,25043,27276,21933,24664,15927,20326,4845,9176,734,771,1412,2166,2015,3626,2905,5556,4302,5488,4155,4295,10047,13027,4348,8042,147142,49762,21875,12205,45994,7767,3134,31,23
2021-05-20T23:59:59+02:00,4,4,2771,3036,5103,6669,7386,9984,14027,17578,24432,26726,21661,24368,15833,20206,4831,9146,720,761,1385,2141,1976,3593,2850,5501,4218,5410,4027,4193,9970,12964,4339,8030,142996,49669,21866,12194,45969,7290,2903,31,23
2021-05-19T23:59:59+02:00,4,4,2719,2984,5006,6530,7243,9802,12881,16542,24169,26439,21564,24238,15788,20145,4823,9139,701,735,1360,2093,1944,3508,2787,5354,4123,5303,3945,4103,9917,12899,4336,8026,141626,49641,19795,12130,45898,6671,2670,31,23
2021-05-18T23:59:59+02:00,4,4,2696,2961,4959,6498,7192,9771,12527,16267,23989,26286,21471,24149,15758,20092,4815,9127,672,677,1305,1964,1871,3306,2689,5146,3994,5106,3720,3826,9835,12819,4326,8016,141351,49621,18941,11131,45854,6109,2389,31,23
2021-05-17T23:59:59+02:00,4,4,2670,2940,4916,6428,7104,9663,12374,16089,23840,26126,21417,24098,15740,20069,4810,9119,664,663,1289,1928,1850,3257,2641,5038,3915,4992,3582,3674,9767,12756,4323,8007,140381,49598,18933,11121,45838,5377,2228,31,23
2021-05-16T23:59:59+02:00,4,4,2658,2926,4893,6361,7066,9580,12314,16015,23788,26066,21393,24081,15730,20055,4807,9116,659,657,1279,1925,1833,3248,2619,5026,3886,4970,3529,3608,9728,12724,4322,8005,139944,49586,18925,11110,45816,5159,2141,31,23
2021-05-15T23:59:59+02:00,4,4,2533,2788,4705,6156,6875,9394,11796,15597,23199,25516,21286,23963,15696,20012,4804,9108,609,594,1196,1838,1694,3094,2331,4718,3438,4459,3197,3180,9565,12519,4298,7976,136554,46624,18924,11110,45811,4834,2116,31,23
2021-05-14T23:59:59+02:00,4,4,2417,2612,4510,5931,6598,9081,11260,15087,22632,24949,21140,23823,15660,19954,4800,9097,546,516,1094,1718,1534,2879,2000,4316,2839,3870,2813,2742,9481,12372,4294,7972,132735,43700,18917,11108,45789,4069,2087,31,23
2021-05-13T23:59:59+02:00,4,4,2235,2325,4188,5548,6171,8607,10700,14399,21600,24038,20857,23549,15600,19855,4793,9082,542,516,1081,1702,1519,2860,1990,4290,2818,3844,2797,2725,9474,12368,4293,7972,126832,43627,18863,11100,45763,3976,2066,31,23
2021-05-12T23:59:59+02:00,4,4,2234,2322,4181,5547,6162,8601,10598,14278,21547,23999,20852,23538,15595,19847,4792,9082,534,494,1045,1647,1470,2781,1907,4203,2759,3785,2716,2630,9423,12295,4293,7972,126789,43624,18537,10272,45763,3973,2063,31,23
2021-05-11T23:59:59+02:00,4,4,2113,2283,4097,5482,6037,8487,10292,14027,21355,23837,20776,23466,15580,19814,4788,9077,509,470,984,1587,1401,2690,1807,4065,2686,3711,2562,2403,9359,12194,4292,7972,125846,43606,18200,9439,45480,3663,1962,31,23
2021-05-10T23:59:59+02:00,4,4,2072,2206,3990,5361,5902,8308,9501,13264,20976,23514,20686,23377,15541,19760,4778,9064,496,441,947,1523,1336,2601,1716,3903,2602,3616,2533,2379,9350,12176,4288,7967,124714,43579,16350,9258,45377,3179,1836,31,23
2021-05-09T23:59:59+02:00,4,4,2040,2191,3956,5321,5850,8260,9435,13195,20906,23441,20653,23336,15527,19733,4775,9050,489,432,926,1480,1310,2553,1682,3841,2564,3573,2524,2367,9340,12159,4288,7959,124272,43520,16346,9255,45282,2944,1746,31,23
2021-05-08T23:59:59+02:00,4,4,1977,2090,3772,5146,5576,8054,9124,12910,19771,22512,20457,23140,15494,19664,4770,9038,416,402,861,1440,1234,2480,1594,3739,2345,3360,1979,1940,9246,12074,4287,7959,120128,42052,16345,9254,45279,2302,1745,6,4
2021-05-07T23:59:59+02:00,4,4,1890,1978,3588,4975,5255,7758,8715,12539,18522,21239,20274,22928,15448,19606,4761,9019,324,343,752,1365,1103,2351,1460,3596,2170,3168,1611,1605,8758,11628,4286,7957,115184,40325,16343,9251,45259,1187,1711,6,4
2021-05-06T23:59:59+02:00,4,4,1706,1869,3302,4723,4804,7353,8073,11975,17281,19995,19940,22550,15341,19443,4751,9008,307,334,731,1336,1063,2305,1411,3512,2103,3100,1575,1550,8741,11597,4280,7954,109326,40305,16336,9245,45025,917,1429,6,4
2021-05-05T23:59:59+02:00,4,3,1636,1839,3221,4636,4727,7249,7942,11824,17125,19849,19820,22431,15265,19347,4729,8912,296,322,689,1284,1002,2230,1329,3362,1994,2983,1482,1451,8324,11029,4274,7936,108567,40269,16193,8117,44855,660,938,6,4
2021-05-04T23:59:59+02:00,4,3,1610,1810,3179,4562,4668,7139,7690,11530,16566,19270,19733,22301,15190,19250,4701,8802,280,309,666,1255,981,2176,1270,3242,1881,2826,1410,1345,8254,10926,4270,7918,107881,40244,14846,7842,44752,397,523,6,4
2021-05-03T23:59:59+02:00,4,3,1602,1806,3171,4548,4630,7117,7437,11298,15873,18675,19669,22216,15164,19216,4695,8792,265,288,644,1173,932,2088,1207,3103,1783,2689,1344,1265,8229,10891,4266,7909,107800,40234,13248,7635,44712,54,150,6,4
2021-05-02T23:59:59+02:00,4,3,1601,1804,3166,4546,4625,7114,7424,11288,15854,18663,19653,22208,15164,19214,4694,8792,265,285,641,1172,927,2085,1197,3097,1775,2682,1330,1258,8228,10886,4265,7909,107774,40211,13245,7633,44688,51,104,6,4
2021-05-01T23:59:59+02:00,4,3,1468,1662,2886,4296,4158,6754,6807,10805,13919,16783,19272,21812,15073,19098,4691,8776,263,285,638,1170,926,2082,1195,3095,1773,2678,1325,1254,8226,10884,4265,7909,100232,40180,13245,7633,44684,51,101,5,4
2021-04-30T23:59:59+02:00,3,3,1345,1512,2670,4073,3828,6358,6239,10210,12128,14744,18814,21272,14969,18956,4677,8766,258,284,631,1163,911,2074,1183,3085,1762,2665,1314,1245,8222,10879,4264,7908,92604,40134,13245,7633,44684,48,30,4,4
2021-04-29T23:59:59+02:00,2,3,1229,1447,2504,3947,3588,6154,5882,9907,10788,13467,18555,20995,14926,18886,4673,8760,257,280,626,1156,899,2068,1163,3080,1732,2629,1288,1221,8216,10870,4264,7908,87916,40102,13236,7500,44544,39,13,4,4
2021-04-28T23:59:59+02:00,2,3,1170,1441,2454,3928,3537,6130,5820,9874,10691,13399,18525,20961,14919,18870,4673,8757,257,279,624,1155,896,2066,1158,3076,1724,2628,1282,1203,7774,10350,4264,7908,87646,40081,13186,6514,44306,35,12,4,3
2021-04-27T23:59:59+02:00,2,3,1122,1414,2353,3884,3473,6103,5701,9819,10574,13323,18492,20922,14906,18855,4672,8755,256,279,622,1148,895,2064,1154,3073,1720,2624,1270,1186,7357,9768,4264,7908,87139,40062,13133,5483,44086,30,11,4,3
2021-04-26T23:59:59+02:00,2,3,1080,1385,2263,3792,3346,6003,5534,9699,10271,13064,18430,20868,14898,18837,4670,8755,255,278,621,1146,889,2061,1147,3070,1702,2614,1255,1173,7348,9748,4264,7908,85803,39975,13123,5462,43959,29,11,4,3
2021-04-25T23:59:59+02:00,2,3,1077,1383,2255,3790,3339,5999,5514,9692,10236,13034,18420,20856,14897,18831,4670,8754,254,278,621,1146,889,2061,1145,3070,1702,2614,1255,1173,7348,9746,4264,7908,85781,39973,13114,5460,43843,29,10,4,3
2021-04-24T23:59:59+02:00,2,2,1034,1266,2068,3252,3069,5384,5321,9280,9404,11989,17715,19960,14783,18672,4662,8743,252,277,620,1144,889,2060,1145,3069,1696,2609,1252,1168,7346,9745,4264,7907,79661,39947,13114,5456,43818,29,9,4,3
2021-04-23T23:59:59+02:00,1,2,1002,1182,1955,2905,2887,4833,5126,8851,8850,11267,16086,18103,14637,18466,4654,8720,252,277,619,1144,887,2058,1144,3069,1695,2608,1247,1163,7342,9743,4264,7906,72643,39933,13113,5445,43758,29,9,4,3
2021-04-22T23:59:59+02:00,1,2,997,1171,1935,2889,2867,4814,5069,8805,8738,11164,16016,18026,14611,18436,4652,8715,250,277,615,1143,884,2057,1136,3057,1680,2588,1223,1141,7337,9735,4264,7906,72596,39919,13057,5335,43242,28,9,4,3
2021-04-21T23:59:59+02:00,1,2,988,1163,1923,2876,2840,4788,5023,8750,8631,11041,15930,17942,14582,18402,4652,8710,245,274,605,1134,870,2027,1126,3032,1669,2563,1210,1128,7113,9417,4263,7906,72556,39912,13001,4632,42674,27,9,4,3
2021-04-20T23:59:59+02:00,1,2,961,1114,1871,2761,2767,4627,4930,8571,8457,10834,15699,17660,14523,18343,4645,8704,232,271,587,1113,844,1997,1098,3006,1634,2522,1191,1115,7105,9412,4262,7905,72520,39891,11872,4367,42065,25,9,4,3
2021-04-19T23:59:59+02:00,1,2,952,1105,1839,2741,2717,4602,4806,8510,8257,10723,15607,17562,14501,18324,4645,8698,226,263,569,1090,826,1965,1080,2963,1589,2467,1173,1096,7098,9409,4260,7904,72120,39857,11851,4087,41608,23,9,4,3
2021-04-18T23:59:59+02:00,1,2,949,1104,1834,2735,2709,4590,4788,8498,8217,10681,15558,17504,14491,18307,4644,8696,226,263,569,1089,825,1965,1080,2963,1589,2466,1173,1095,7096,9408,4259,7904,72074,39851,11848,4085,41373,23,9,4,3
2021-04-17T23:59:59+02:00,0,2,916,1090,1785,2697,2641,4511,4634,8358,7955,10452,13190,14604,14294,17955,4627,8660,224,263,569,1086,821,1959,1068,2956,1579,2446,1136,1053,6764,8992,4234,7856,65258,38898,11848,4074,41252,23,9,4,3
2021-04-16T23:59:59+02:00,0,2,910,1084,1773,2686,2599,4472,4542,8274,7775,10261,10362,11352,14020,17538,4608,8604,222,258,568,1083,816,1955,1058,2953,1571,2434,1125,1039,6758,8987,4231,7853,57990,38820,11846,4058,41013,23,9,4,2
2021-04-15T23:59:59+02:00,0,2,897,1079,1751,2672,2557,4439,4429,8213,7544,10060,10113,11133,13958,17472,4602,8590,220,258,568,1081,815,1953,1055,2950,1568,2431,1120,1035,6756,8985,4231,7853,57966,38806,11844,4041,39688,22,9,4,2
2021-04-14T23:59:59+02:00,0,2,878,1051,1693,2589,2468,4316,4239,8030,7270,9777,9739,10651,13809,17293,4596,8581,195,235,527,1030,792,1886,1019,2870,1518,2370,1094,1005,6752,8976,4231,7852,57934,38790,10895,3534,38140,19,9,4,1
2021-04-13T23:59:59+02:00,0,2,853,1029,1655,2537,2400,4233,4138,7893,7060,9562,9334,10133,13665,17126,4591,8569,159,211,492,981,752,1793,985,2760,1466,2300,1075,970,6736,8965,4230,7852,57890,38726,9949,2979,36928,13,9,4,1
2021-04-12T23:59:59+02:00,0,2,849,1027,1636,2534,2370,4220,4085,7842,6919,9391,9069,9819,13601,17067,4580,8553,148,197,464,941,729,1728,964,2688,1422,2250,1053,953,6720,8945,4227,7847,57832,38610,9919,2644,35800,13,9,4,1
2021-04-11T23:59:59+02:00,0,2,848,1026,1625,2534,2357,4218,4062,7830,6854,9330,8935,9654,13574,17019,4575,8544,148,197,464,939,729,1727,962,2688,1421,2250,1053,953,6718,8945,4227,7847,57820,38604,9917,2643,35237,12,9,4,1
2021-04-10T23:59:59+02:00,0,2,832,1021,1597,2505,2320,4189,3991,7772,6722,9213,8379,8919,12910,16166,4564,8502,145,197,462,936,723,1724,962,2681,1412,2243,1040,937,6249,8447,4212,7831,54486,37539,9916,2641,35189,12,9,4,1
2021-04-09T23:59:59+02:00,0,2,810,992,1557,2457,2253,4109,3838,7613,6375,8882,7857,8261,12096,15141,4494,8365,143,196,460,931,717,1717,954,2671,1397,2233,1018,916,6007,8177,4195,7804,50514,36878,9911,2637,34664,12,9,4,1
2021-04-08T23:59:59+02:00,0,2,801,982,1530,2433,2187,4060,3703,7526,6121,8582,7243,7606,11937,14941,4483,8348,143,193,455,929,712,1710,946,2661,1390,2220,1006,914,6004,8175,4194,7804,50481,36858,9887,2577,32104,12,9,4,1
2021-04-07T23:59:59+02:00,0,2,795,973,1504,2415,2129,4022,3616,7456,5890,8316,6690,6974,11330,14192,4471,8321,124,186,425,882,666,1641,890,2591,1340,2151,985,898,5996,8169,4193,7804,50454,36834,8729,2087,29901,12,8,4,1
2021-04-06T23:59:59+02:00,0,2,790,971,1490,2407,2100,4000,3543,7407,5709,8145,6243,6466,11129,13976,4456,8293,100,165,376,820,621,1566,847,2491,1288,2087,961,882,5978,8156,4191,7800,50383,36807,8546,1503,28187,12,7,4,1
2021-04-05T23:59:59+02:00,0,2,785,967,1474,2399,2076,3991,3492,7381,5566,8035,6041,6251,11062,13890,4450,8283,94,163,375,818,614,1557,839,2476,1275,2068,933,852,4886,6756,4112,7694,50185,34000,8542,1493,27407,12,7,4,1
2021-04-04T23:59:59+02:00,0,2,783,961,1472,2397,2072,3989,3475,7374,5556,8028,6030,6231,11048,13872,4448,8280,94,163,373,816,611,1552,832,2469,1260,2048,910,830,3884,5595,4046,7588,50170,31559,8540,1493,27297,12,7,4,1
2021-04-03T23:59:59+02:00,0,2,731,906,1390,2328,1949,3850,3214,7114,5096,7535,5687,5776,10877,13655,4422,8251,92,163,373,815,611,1550,831,2469,1260,2048,910,830,3884,5592,4046,7587,46937,31549,8540,1493,27295,12,7,4,1
2021-04-02T23:59:59+02:00,0,2,688,871,1335,2260,1851,3736,2958,6854,4582,7056,5297,5317,10780,13492,4417,8245,91,163,373,815,611,1550,829,2469,1258,2045,908,826,3881,5589,4045,7587,44015,31530,8539,1492,27177,12,6,4,1
2021-04-01T23:59:59+02:00,0,2,685,869,1324,2255,1831,3728,2929,6840,4508,6983,5188,5209,10741,13443,4416,8241,91,163,371,811,609,1547,829,2466,1254,2041,898,825,3877,5587,4044,7586,43999,31521,8395,1460,26788,12,6,4,1
2021-03-31T23:59:59+02:00,0,2,683,867,1317,2239,1823,3718,2901,6812,4445,6937,5049,5049,10232,12836,4412,8233,91,163,370,811,609,1547,829,2466,1252,2041,897,825,3877,5586,4044,7585,43987,31515,7268,1460,26291,12,6,3,1
2021-03-30T23:59:59+02:00,0,2,674,864,1299,2219,1793,3689,2866,6777,4360,6847,4882,4855,9707,12136,4405,8218,86,160,369,807,604,1544,824,2460,1244,2039,886,815,3869,5583,4043,7584,43962,31494,6083,1407,25539,10,6,3,1
2021-03-29T23:59:59+02:00,0,2,669,856,1286,2184,1776,3658,2835,6735,4290,6762,4683,4658,9622,12042,4402,8204,86,160,369,805,599,1540,822,2454,1240,2032,878,809,3861,5576,4043,7584,43895,31481,5866,1362,24894,9,6,3,1
2021-03-28T23:59:59+02:00,0,2,666,854,1283,2181,1761,3648,2820,6723,4256,6709,4587,4548,9585,11978,4397,8197,86,160,369,804,599,1540,820,2454,1238,2032,877,809,3860,5576,4043,7584,43873,31479,5857,1357,24456,9,6,3,1
2021-03-27T23:59:59+01:00,0,2,662,849,1274,2176,1745,3632,2792,6693,4093,6566,4011,4095,9356,11731,4384,8178,86,160,367,802,597,1538,818,2451,1230,2026,873,805,3682,5286,3942,7415,41931,30706,5853,1357,24446,9,6,3,1
2021-03-26T23:59:59+01:00,0,2,656,841,1266,2166,1725,3615,2766,6671,4017,6488,3606,3731,8759,11174,4371,8164,86,160,366,801,596,1535,814,2448,1221,2022,860,792,2965,4347,3733,7072,40001,28446,5840,1357,24169,9,6,2,1
2021-03-25T23:59:59+01:00,0,2,649,836,1253,2152,1706,3591,2707,6632,3934,6410,3431,3513,8649,11063,4366,8158,86,160,366,801,596,1535,814,2447,1220,2022,860,792,2964,4346,3732,7071,39988,28440,5733,1357,23323,9,6,2,1
2021-03-24T23:59:59+01:00,0,2,643,829,1220,2126,1661,3546,2629,6564,3778,6260,3113,3151,8242,10514,4357,8146,82,158,354,788,579,1517,781,2413,1170,1990,827,755,2955,4340,3732,7068,39966,28139,4976,1356,21831,8,6,2,1
2021-03-23T23:59:59+01:00,0,2,630,821,1195,2094,1619,3499,2549,6483,3629,6106,2734,2766,8026,10295,4350,8129,77,154,342,766,544,1486,720,2350,1068,1909,744,695,2919,4306,3728,7064,39924,27509,4686,1349,20309,8,6,2,1
2021-03-22T23:59:59+01:00,0,2,606,708,1159,2039,1586,3444,2496,6413,3489,5975,2492,2528,7696,9940,4334,8093,77,153,342,766,544,1484,719,2349,1065,1909,743,692,2915,4301,3727,7061,39456,27484,4362,1349,19174,8,6,2,1
2021-03-21T23:59:59+01:00,0,2,605,705,1153,2031,1575,3434,2479,6398,3452,5941,2350,2364,7603,9828,4326,8079,77,153,342,765,544,1484,719,2349,1065,1909,743,692,2915,4300,3727,7061,39452,27482,4348,1349,18517,8,6,2,1
2021-03-20T23:59:59+01:00,0,2,604,705,1151,2025,1568,3427,2473,6391,3435,5919,2318,2326,7113,9310,4310,8063,77,153,342,765,543,1484,717,2348,1065,1908,743,692,2915,4298,3725,7059,38413,27471,4336,1349,18383,8,6,2,1
2021-03-19T23:59:59+01:00,0,2,597,698,1137,2009,1533,3404,2403,6252,3372,5811,2135,2147,6806,8992,4291,8038,77,153,341,759,539,1481,712,2340,1054,1895,734,685,2492,3696,3311,6313,37809,25225,4320,1349,17490,2,6,2,1
2021-03-18T23:59:59+01:00,0,2,582,682,1117,1979,1506,3374,2363,6184,3299,5722,1983,1951,6688,8873,4285,8027,76,153,341,757,538,1481,711,2336,1051,1894,727,682,2442,3624,3284,6271,37789,25033,4309,1327,16511,2,6,2,1
2021-03-17T23:59:59+01:00,0,1,552,656,1072,1923,1469,3290,2285,6067,3147,5567,1727,1685,6522,8720,4275,8012,75,149,329,730,522,1437,689,2278,1013,1853,710,663,2203,3331,3203,6147,37717,24069,3786,1255,15460,2,6,1,1
2021-03-16T23:59:59+01:00,0,1,508,627,1032,1867,1418,3186,2220,5913,3031,5433,1531,1463,6388,8573,4265,7991,69,136,308,674,492,1360,660,2143,984,1725,661,613,2092,3197,3180,6063,37662,23326,3167,1024,14612,2,5,1,1
2021-03-15T23:59:59+01:00,0,1,496,616,1001,1821,1384,3118,2189,5828,2944,5349,1407,1328,5809,7887,4226,7928,66,129,293,616,477,1240,622,2013,944,1612,633,593,2055,3158,3167,6004,36429,22930,2812,690,14090,2,0,1,1
2021-03-14T23:59:59+01:00,0,1,491,610,991,1809,1381,3101,2173,5810,2910,5322,1364,1278,5417,7440,4203,7910,65,124,289,593,471,1213,616,1957,934,1587,633,593,2055,3158,3166,6002,35614,22924,2807,530,13789,2,0,1,1
2021-03-13T23:59:59+01:00,0,1,470,592,954,1762,1328,3037,1917,5221,2670,4910,1259,1165,4768,6593,4154,7835,65,124,288,590,469,1211,614,1955,933,1583,631,588,1694,2678,2643,5248,33946,20782,2803,530,11886,2,0,1,1
2021-03-12T23:59:59+01:00,0,1,454,571,934,1721,1298,2956,1713,4433,2463,4461,1189,1082,4072,5793,4107,7753,65,122,287,586,469,1208,612,1947,928,1577,628,581,1374,2140,2109,4455,32274,18557,2800,530,9926,1,0,1,1
2021-03-11T23:59:59+01:00,0,1,450,564,926,1710,1283,2939,1688,4399,2427,4425,1115,1027,4030,5757,4104,7749,65,114,281,564,455,1156,603,1898,909,1541,616,568,1368,2123,2100,4406,32242,18308,2706,458,9645,1,0,1,1
2021-03-10T23:59:59+01:00,0,1,429,553,881,1652,1229,2862,1615,4302,2361,4332,1082,1004,4014,5742,4103,7747,65,114,279,560,452,1149,598,1875,909,1536,610,560,1307,2037,2057,4350,32227,18024,2141,433,9540,1,0,1,1
2021-03-09T23:59:59+01:00,0,1,407,537,833,1602,1188,2799,1574,4219,2318,4279,1061,993,4008,5735,4102,7746,63,113,278,559,451,1138,596,1863,903,1531,608,554,1102,1728,1942,4178,32181,17200,1692,406,9528,1,0,1,1
2021-03-08T23:59:59+01:00,0,1,400,526,823,1588,1179,2783,1566,4194,2307,4266,1048,983,3971,5688,4100,7741,62,113,274,554,447,1132,595,1859,899,1529,608,554,1033,1637,1897,4135,32054,16945,1596,382,9513,1,0,1,1
2021-03-07T23:59:59+01:00,0,1,399,523,823,1587,1177,2781,1562,4188,2297,4261,1042,975,3965,5682,4099,7740,59,110,265,532,435,1106,580,1759,864,1454,607,554,929,1508,1847,4067,32038,16587,1557,89,9506,0,0,1,1
2021-03-06T23:59:59+01:00,0,1,391,507,804,1554,1154,2723,1521,4121,2104,3765,1013,938,3792,5411,4002,7579,59,110,265,532,435,1105,580,1759,864,1454,607,554,926,1507,1844,4066,31332,16578,1557,89,8490,0,0,1,1
2021-03-05T23:59:59+01:00,0,1,376,467,771,1450,1104,2506,1446,3908,1891,3095,983,893,3047,4452,3798,7240,59,109,264,529,432,1099,579,1754,860,1451,604,552,887,1448,1821,4028,29036,16387,1556,89,6835,0,0,1,1
2021-03-04T23:59:59+01:00,0,1,361,459,764,1430,1091,2483,1427,3879,1868,3076,970,889,3043,4448,3795,7238,59,108,261,526,428,1083,569,1732,859,1443,602,550,850,1394,1798,3993,29023,16229,1518,26,6680,0,0,1,1
2021-03-03T23:59:59+01:00,0,1,350,427,745,1379,1060,2400,1377,3725,1790,2979,937,845,3033,4442,3795,7235,58,107,258,524,427,1079,567,1723,856,1439,602,549,830,1341,1713,3848,28710,15897,1518,24,6291,0,0,1,1
2021-03-02T23:59:59+01:00,0,1,344,418,729,1355,1012,2355,1308,3641,1674,2883,849,779,2991,4405,3789,7230,58,107,257,520,426,1071,567,1717,856,1435,601,549,830,1341,1713,3848,28073,15872,1455,24,6234,0,0,1,1
2021-03-01T23:59:59+01:00,0,1,340,404,722,1308,999,2297,1288,3559,1648,2834,831,770,2983,4395,3789,7230,58,106,256,516,421,1057,563,1704,847,1427,600,547,734,1189,1659,3768,28033,15428,1406,24,5958,0,0,1,1
2021-02-28T23:59:59+01:00,0,1,335,391,714,1269,986,2221,1276,3472,1626,2755,827,760,2981,4391,3788,7228,58,106,256,516,421,1056,563,1704,845,1427,600,546,637,1065,1613,3688,28022,15078,1403,23,5595,0,0,1,1
2021-02-27T23:59:59+01:00,0,1,326,371,700,1244,966,2184,1241,3403,1603,2702,810,745,2978,4391,3787,7228,58,106,256,516,421,1056,562,1704,844,1427,600,546,637,1064,1613,3688,28020,15075,1403,23,5256,0,0,1,1
2021-02-26T23:59:59+01:00,0,1,301,318,652,1179,902,2066,1151,3237,1499,2563,781,722,2549,3786,3370,6462,58,106,253,514,421,1054,560,1702,841,1421,596,544,630,1052,1604,3669,25757,15002,1403,23,4378,0,0,1,1
2021-02-25T23:59:59+01:00,0,1,296,305,639,1147,881,2024,1132,3171,1481,2518,778,719,2503,3713,3340,6418,56,104,249,506,421,1050,555,1692,838,1410,590,539,553,942,1560,3613,25537,14657,1403,21,4125,0,0,1,1
2021-02-24T23:59:59+01:00,0,1,277,295,588,1101,834,1957,1074,3076,1437,2460,761,700,2264,3411,3258,6288,55,100,245,499,415,1032,546,1670,835,1391,583,528,540,922,1549,3591,24555,14486,1403,15,3823,0,0,1,1
2021-02-23T23:59:59+01:00,0,1,264,275,560,1044,797,1880,1006,2927,1365,2358,710,650,2153,3276,3235,6198,55,98,243,493,415,1016,536,1638,828,1369,575,522,525,875,1538,3547,23767,14258,1398,15,3533,0,0,1,1
2021-02-22T23:59:59+01:00,0,1,260,269,548,982,777,1804,981,2833,1329,2298,687,630,2126,3241,3227,6141,55,97,237,487,413,1003,527,1622,824,1344,561,510,507,850,1532,3497,23378,14051,1398,15,3357,0,0,1,1
2021-02-21T23:59:59+01:00,0,1,257,261,539,957,764,1767,973,2785,1299,2272,687,628,2124,3241,3226,6140,55,97,236,487,413,1003,527,1622,824,1343,561,509,507,850,1532,3496,23372,14047,1398,15,3150,0,0,1,1
2021-02-20T23:59:59+01:00,0,1,173,230,468,908,696,1690,903,2696,1214,2173,672,613,1756,2727,2677,5346,55,97,236,487,413,1003,527,1621,824,1343,561,509,507,850,1532,3496,21122,14046,1398,15,2422,0,0,1,1
2021-02-19T23:59:59+01:00,0,1,82,167,357,827,570,1557,770,2547,1078,2021,656,592,1454,2215,2142,4557,55,97,236,487,413,1002,527,1621,824,1342,561,509,500,847,1531,3490,18941,14028,1398,14,1253,0,0,1,1
2021-02-18T23:59:59+01:00,0,1,79,162,345,777,549,1468,737,2407,1045,1954,641,582,1445,2197,2133,4508,52,90,231,465,399,937,512,1541,805,1268,547,495,494,829,1530,3473,18704,13654,1373,14,952,0,0,1,1
2021-02-17T23:59:59+01:00,0,1,78,154,331,754,540,1435,708,2314,1009,1855,635,572,1387,2110,2087,4459,52,87,229,456,391,899,501,1476,786,1186,534,483,492,827,1530,3473,18446,13388,1300,14,682,0,0,1,1
2021-02-16T23:59:59+01:00,0,1,73,148,316,715,512,1362,676,2206,984,1750,625,565,1143,1766,1969,4282,51,78,228,451,385,869,488,1411,760,1119,513,470,490,827,1527,3472,17540,13137,1062,2,490,0,0,1,1
2021-02-15T23:59:59+01:00,0,1,68,132,290,612,477,1221,621,1993,934,1591,616,563,1060,1660,1918,4220,51,78,226,446,381,863,487,1407,757,1112,513,470,489,824,1526,3469,17215,13099,724,0,37,0,0,1,1
2021-02-14T23:59:59+01:00,0,1,67,125,285,587,472,1192,610,1939,920,1569,616,563,963,1537,1873,4164,51,78,226,446,381,863,487,1405,757,1112,513,470,489,824,1526,3469,16891,13097,569,0,22,0,0,1,1
2021-02-13T23:59:59+01:00,0,1,67,124,285,586,471,1188,609,1937,918,1566,615,562,962,1528,1869,4161,51,78,226,445,379,858,486,1400,755,1111,511,468,472,786,1271,3011,16857,12308,569,0,22,0,0,1,1
2021-02-12T23:59:59+01:00,0,1,66,124,284,585,467,1184,609,1934,915,1565,612,561,923,1477,1849,4121,51,78,226,441,376,849,481,1391,749,1105,504,460,454,747,925,2319,16688,11156,569,0,19,0,0,1,1
2021-02-11T23:59:59+01:00,0,1,66,117,281,574,454,1157,603,1908,908,1553,611,560,881,1419,1827,4084,51,75,211,411,362,802,465,1318,734,1073,501,459,454,747,924,2318,16512,10906,486,0,5,0,0,1,0
2021-02-10T23:59:59+01:00,0,1,65,117,277,571,452,1152,599,1892,903,1549,611,560,872,1403,1806,4040,50,65,177,334,308,699,415,1146,655,979,466,447,449,746,924,2317,16410,10178,458,0,1,0,0,1,0
2021-02-09T23:59:59+01:00,0,1,63,115,271,568,449,1139,598,1878,897,1543,610,559,860,1368,1741,3937,42,53,124,256,232,548,334,944,553,825,431,436,445,745,922,2317,16166,9208,430,0,0,0,0,1,0
2021-02-08T23:59:59+01:00,0,1,62,115,268,559,446,1132,597,1863,891,1535,609,557,759,1218,1687,3855,38,43,86,166,169,410,268,706,492,690,423,429,441,742,921,2317,15748,8342,405,0,0,0,0,1,0
2021-02-07T23:59:59+01:00,0,1,59,112,259,536,431,1101,581,1760,856,1456,608,556,656,1091,1640,3772,37,42,82,164,166,403,263,693,487,679,421,428,441,742,921,2316,15378,8286,96,0,0,0,0,1,0
2021-02-06T23:59:59+01:00,0,1,59,112,258,536,431,1101,579,1759,854,1453,605,554,654,1082,1634,3765,34,41,81,161,163,393,259,685,476,671,413,427,405,694,687,1935,15340,7526,96,0,0,0,0,1,0
2021-02-05T23:59:59+01:00,0,1,59,112,256,533,431,1099,578,1758,852,1451,603,554,644,1075,1628,3754,32,39,77,155,158,385,251,666,459,661,407,427,399,669,299,1313,15291,6398,96,0,0,0,0,1,0
2021-02-04T23:59:59+01:00,0,1,57,110,251,526,425,1083,562,1731,848,1437,596,545,560,958,1580,3696,31,36,73,150,152,374,237,645,442,647,402,421,394,662,297,1308,14937,6272,28,0,0,0,0,1,0
2021-02-03T23:59:59+01:00,0,1,56,105,247,519,424,1063,559,1716,846,1422,592,535,550,948,1577,3683,24,28,59,118,119,275,173,505,333,497,300,321,319,521,226,1047,14816,4866,26,0,0,0,0,1,0
2021-02-02T23:59:59+01:00,0,1,56,103,244,513,424,1045,547,1683,838,1398,579,526,539,903,1568,3639,17,21,40,77,83,181,121,341,218,358,211,215,203,327,162,693,14579,3269,26,0,0,0,0,1,0
2021-02-01T23:59:59+01:00,0,1,56,101,240,505,422,1029,539,1662,834,1375,571,520,522,874,1560,3595,7,11,20,40,45,93,64,168,94,161,99,98,85,152,70,307,14379,1514,26,0,0,0,0,1,0
2021-01-31T23:59:59+01:00,0,1,56,101,239,504,420,1025,537,1657,831,1372,571,519,522,874,1560,3594,7,11,18,36,40,79,60,142,81,146,95,98,84,151,68,306,14357,1422,25,0,0,0,0,1,0
2021-01-30T23:59:59+01:00,0,1,56,101,239,504,420,1025,537,1657,831,1372,571,519,522,874,1560,3594,7,11,18,36,40,79,60,142,81,146,95,97,84,151,68,306,14357,1421,25,0,0,0,0,1,0
2021-01-29T23:59:59+01:00,0,1,56,101,239,504,420,1025,537,1657,831,1372,571,519,522,874,1560,3594,7,11,18,36,40,79,60,142,81,146,95,97,84,151,68,306,14357,1421,25,0,0,0,0,1,0
2021-01-28T23:59:59+01:00,0,1,54,93,235,476,408,959,519,1571,809,1290,558,504,516,857,1558,3580,3,2,4,6,11,13,19,34,21,31,16,20,19,33,17,91,13968,340,19,0,0,0,0,1,0
2021-01-27T23:59:59+01:00,0,1,52,89,235,466,400,920,509,1505,789,1207,546,491,514,855,1558,3580,3,2,4,6,9,13,19,33,21,30,16,20,19,33,17,91,13699,336,17,0,0,0,0,1,0
2021-01-26T23:59:59+01:00,0,1,51,83,231,463,393,891,498,1437,764,1140,524,478,512,855,1558,3580,1,2,4,6,9,12,17,29,17,25,14,18,17,31,17,84,13442,303,16,0,0,0,0,1,0
2021-01-25T23:59:59+01:00,0,1,51,83,228,458,390,885,498,1434,762,1135,524,478,512,854,1558,3578,0,0,0,0,0,0,0,0,0,0,1,1,0,2,0,0,13413,4,15,0,0,0,0,1,0
2021-01-24T23:59:59+01:00,0,1,51,83,228,458,390,885,498,1433,762,1135,524,478,512,854,1558,3578,0,0,0,0,0,0,0,0,0,0,1,1,0,2,0,0,13412,4,15,0,0,0,0,1,0
2021-01-23T23:59:59+01:00,0,1,51,83,228,457,389,881,498,1427,761,1133,521,476,495,816,1305,3110,0,0,0,0,0,0,0,0,0,0,1,1,0,2,0,0,12616,4,15,0,0,0,0,1,0
2021-01-22T23:59:59+01:00,0,1,51,83,227,453,385,871,493,1417,756,1125,515,468,478,775,947,2395,0,0,0,0,0,0,0,0,0,0,1,1,0,2,0,0,11425,4,15,0,0,0,0,0,0
2021-01-21T23:59:59+01:00,0,1,51,80,209,420,358,815,466,1318,730,1091,511,468,478,775,946,2394,0,0,0,0,0,0,0,0,0,0,1,1,0,2,0,0,11096,4,15,0,0,0,0,0,0
2021-01-20T23:59:59+01:00,0,1,49,70,181,349,317,730,424,1164,660,1000,475,457,473,775,946,2393,0,0,0,0,0,0,0,0,0,0,1,1,0,2,0,0,10449,4,15,0,0,0,0,0,0
2021-01-19T23:59:59+01:00,0,1,43,57,135,272,244,571,347,982,570,860,440,445,469,773,946,2393,0,0,0,0,0,0,0,0,0,0,1,0,0,2,0,0,9541,3,7,0,0,0,0,0,0
2021-01-18T23:59:59+01:00,0,1,39,44,86,173,175,421,278,719,499,703,431,438,466,768,944,2393,0,0,0,0,0,0,0,0,0,0,0,0,0,1,0,0,8578,1,0,0,0,0,0,0,0
2021-01-17T23:59:59+01:00,0,1,37,43,83,169,171,413,274,708,494,690,429,438,466,768,944,2392,0,0,0,0,0,0,0,0,0,0,0,0,0,0,0,0,8520,0,0,0,0,0,0,0,0
2021-01-16T23:59:59+01:00,0,1,34,42,81,167,167,404,267,701,479,682,421,437,427,721,704,2007,0,0,0,0,0,0,0,0,0,0,0,0,0,0,0,0,7742,0,0,0,0,0,0,0,0
2021-01-15T23:59:59+01:00,0,1,32,40,78,160,164,398,260,684,465,674,415,436,422,697,310,1376,0,0,0,0,0,0,0,0,0,0,0,0,0,0,0,0,6612,0,0,0,0,0,0,0,0
2021-01-14T23:59:59+01:00,0,1,32,38,77,156,159,393,252,675,454,666,412,434,422,696,310,1376,0,0,0,0,0,0,0,0,0,0,0,0,0,0,0,0,6553,0,0,0,0,0,0,0,0
2021-01-13T23:59:59+01:00,0,0,24,31,61,123,124,298,192,541,346,523,315,333,348,551,239,1107,0,0,0,0,0,0,0,0,0,0,0,0,0,0,0,0,5156,0,0,0,0,0,0,0,0
2021-01-12T23:59:59+01:00,0,0,17,24,45,85,89,210,139,391,236,387,225,227,227,355,173,750,0,0,0,0,0,0,0,0,0,0,0,0,0,0,0,0,3580,0,0,0,0,0,0,0,0
2021-01-11T23:59:59+01:00,0,0,9,15,26,44,59,134,88,220,124,205,112,107,99,172,80,333,0,0,0,0,0,0,0,0,0,0,0,0,0,0,0,0,1827,0,0,0,0,0,0,0,0
2021-01-10T23:59:59+01:00,0,0,8,15,22,41,52,106,80,179,105,172,106,104,95,170,77,333,0,0,0,0,0,0,0,0,0,0,0,0,0,0,0,0,1665,0,0,0,0,0,0,0,0
2021-01-09T23:59:59+01:00,0,0,8,15,22,41,52,106,80,179,105,172,106,103,95,170,77,333,0,0,0,0,0,0,0,0,0,0,0,0,0,0,0,0,1664,0,0,0,0,0,0,0,0
2021-01-08T23:59:59+01:00,0,0,8,14,21,40,50,100,75,168,99,169,103,99,90,161,75,325,0,0,0,0,0,0,0,0,0,0,0,0,0,0,0,0,1597,0,0,0,0,0,0,0,0
2021-01-07T23:59:59+01:00,0,0,3,3,4,7,11,14,20,34,23,34,17,20,20,34,19,95,0,0,0,0,0,0,0,0,0,0,0,0,0,0,0,0,358,0,0,0,0,0,0,0,0
2021-01-06T23:59:59+01:00,0,0,3,2,4,6,9,13,20,33,21,31,17,20,20,34,19,94,0,0,0,0,0,0,0,0,0,0,0,0,0,0,0,0,346,0,0,0,0,0,0,0,0
2021-01-05T23:59:59+01:00,0,0,3,2,4,6,9,13,20,33,21,31,17,20,20,34,19,94,0,0,0,0,0,0,0,0,0,0,0,0,0,0,0,0,346,0,0,0,0,0,0,0,0
2021-01-04T23:59:59+01:00,0,0,0,0,0,0,0,0,1,0,0,0,1,1,0,2,0,0,0,0,0,0,0,0,0,0,0,0,0,0,0,0,0,0,5,0,0,0,0,0,0,0,0
2021-01-03T23:59:59+01:00,0,0,0,0,0,0,0,0,1,0,0,0,1,1,0,2,0,0,0,0,0,0,0,0,0,0,0,0,0,0,0,0,0,0,5,0,0,0,0,0,0,0,0
2021-01-02T23:59:59+01:00,0,0,0,0,0,0,0,0,1,0,0,0,1,1,0,2,0,0,0,0,0,0,0,0,0,0,0,0,0,0,0,0,0,0,5,0,0,0,0,0,0,0,0
2021-01-01T23:59:59+01:00,0,0,0,0,0,0,0,0,1,0,0,0,1,1,0,2,0,0,0,0,0,0,0,0,0,0,0,0,0,0,0,0,0,0,5,0,0,0,0,0,0,0,0
2020-12-31T23:59:59+01:00,0,0,0,0,0,0,0,0,1,0,0,0,1,1,0,2,0,0,0,0,0,0,0,0,0,0,0,0,0,0,0,0,0,0,5,0,0,0,0,0,0,0,0
2020-12-30T23:59:59+01:00,0,0,0,0,0,0,0,0,1,0,0,0,1,1,0,2,0,0,0,0,0,0,0,0,0,0,0,0,0,0,0,0,0,0,5,0,0,0,0,0,0,0,0
2020-12-29T23:59:59+01:00,0,0,0,0,0,0,0,0,1,0,0,0,1,0,0,2,0,0,0,0,0,0,0,0,0,0,0,0,0,0,0,0,0,0,4,0,0,0,0,0,0,0,0
2020-12-28T23:59:59+01:00,0,0,0,0,0,0,0,0,0,0,0,0,1,0,0,1,0,0,0,0,0,0,0,0,0,0,0,0,0,0,0,0,0,0,2,0,0,0,0,0,0,0,0
2020-12-27T23:59:59+01:00,0,0,0,0,0,0,0,0,0,0,0,0,0,0,0,0,0,0,0,0,0,0,0,0,0,0,0,0,0,0,0,0,0,0,0,0,0,0,0,0,0,0,0
