Datum,<15_m,<15_w,15-24_1_m,15-24_1_w,25-34_1_m,25-34_1_w,35-44_1_m,35-44_1_w,45-54_1_m,45-54_1_w,55-64_1_m,55-64_1_w,65-74_1_m,65-74_1_w,75-84_1_m,75-84_1_w,>84_1_m,>84_1_w,<24_2_m,<24_2_w,25-34_2_m,25-34_2_w,35-44_2_m,35-44_2_w,45-54_2_m,45-54_2_w,55-64_2_m,55-64_2_w,65-74_2_m,65-74_2_w,75-84_2_m,75-84_2_w,>84_2_m,>84_2_w,bp_1,bp_2,mo_1,mo_2,az_1,az_2,ja,unb_1,unb_2
2021-09-22T23:59:59+02:00,1738,1539,14103,13397,17056,15968,20393,20674,27065,28194,33663,34639,25561,28440,17325,22210,5137,9749,12439,11775,15781,14565,19199,19182,25571,26373,32146,32986,24778,27519,16845,21466,4962,9293,242912,227248,31909,29752,46430,44752,15503,114,47
2021-09-21T23:59:59+02:00,1725,1524,14049,13345,17033,15922,20361,20636,27037,28157,33630,34617,25549,28424,17313,22187,5129,9723,12393,11716,15754,14538,19167,19143,25544,26345,32122,32960,24757,27502,16842,21457,4960,9282,242446,226875,31907,29704,46430,44750,15481,114,47
2021-09-20T23:59:59+02:00,1715,1517,14002,13309,17003,15883,20323,20603,26997,28121,33596,34583,25529,28396,17304,22165,5117,9692,12345,11679,15725,14518,19140,19120,25517,26323,32100,32936,24744,27489,16840,21448,4955,9268,242007,226583,31906,29704,46430,44750,15415,114,47
2021-09-19T23:59:59+02:00,1711,1508,13983,13284,16977,15862,20302,20585,26976,28094,33583,34571,25521,28388,17301,22163,5116,9690,12324,11658,15709,14500,19131,19101,25504,26313,32090,32926,24738,27484,16834,21442,4954,9268,241786,226418,31905,29703,46430,44748,15397,114,47
2021-09-18T23:59:59+02:00,1709,1504,13971,13272,16967,15855,20292,20578,26969,28090,33577,34567,25521,28388,17301,22162,5116,9690,12317,11651,15699,14495,19120,19098,25497,26309,32085,32924,24738,27484,16834,21442,4954,9268,241750,226399,31892,29697,46430,44748,15360,114,47
2021-09-17T23:59:59+02:00,1686,1470,13868,13157,16862,15780,20209,20509,26902,28030,33524,34523,25498,28365,17289,22151,5115,9687,12229,11571,15600,14419,19035,19031,25431,26242,32023,32881,24719,27464,16824,21424,4953,9264,241288,225967,31843,29684,46430,44747,14967,114,47
2021-09-16T23:59:59+02:00,1659,1435,13769,13048,16776,15685,20119,20423,26801,27945,33448,34456,25466,28332,17275,22126,5107,9666,12142,11493,15531,14357,18953,18954,25342,26160,31961,32825,24679,27427,16814,21411,4950,9253,240680,225504,31746,29626,46430,44745,14583,114,47
2021-09-15T23:59:59+02:00,1643,1427,13712,12998,16722,15624,20075,20374,26748,27896,33396,34400,25440,28300,17260,22098,5100,9643,12080,11433,15476,14308,18903,18905,25284,26113,31904,32768,24646,27394,16798,21391,4946,9242,240271,225069,31725,29611,46425,44743,14338,114,47
2021-09-14T23:59:59+02:00,1627,1416,13650,12934,16655,15573,20016,20328,26699,27839,33349,34352,25420,28283,17248,22086,5096,9638,12017,11371,15410,14252,18850,18861,25236,26060,31848,32715,24615,27371,16784,21375,4946,9237,239883,224673,31672,29521,46425,44743,14132,114,47
2021-09-13T23:59:59+02:00,1605,1400,13611,12897,16629,15548,19997,20302,26677,27814,33331,34328,25410,28276,17243,22075,5096,9635,11975,11337,15378,14230,18826,18831,25212,26031,31822,32692,24606,27361,16771,21366,4943,9236,239601,224362,31671,29519,46420,44741,14084,114,47
2021-09-12T23:59:59+02:00,1595,1397,13589,12875,16606,15531,19988,20292,26667,27797,33326,34316,25406,28271,17242,22071,5096,9632,11942,11318,15349,14212,18804,18810,25196,26018,31808,32678,24598,27352,16768,21362,4942,9233,239450,224142,31671,29519,46418,44740,14060,114,47
2021-09-11T23:59:59+02:00,1584,1396,13573,12863,16591,15522,19979,20289,26655,27791,33322,34312,25402,28270,17241,22070,5094,9632,11875,11267,15333,14203,18798,18799,25184,26007,31800,32665,24596,27350,16767,21361,4942,9233,239384,223819,31651,29517,46418,44740,14034,114,47
2021-09-10T23:59:59+02:00,1546,1351,13432,12735,16520,15447,19873,20204,26571,27727,33260,34257,25362,28239,17225,22047,5088,9627,11755,11162,15248,14121,18691,18715,25089,25950,31726,32607,24554,27319,16750,21341,4937,9228,238796,223265,31637,29506,46418,44740,13559,114,47
2021-09-09T23:59:59+02:00,1525,1330,13361,12668,16466,15397,19821,20169,26519,27661,33218,34216,25334,28220,17220,22034,5083,9618,11694,11090,15198,14070,18638,18687,25033,25910,31680,32571,24532,27305,16737,21331,4934,9217,238425,222900,31562,29467,46418,44740,13353,114,47
2021-09-08T23:59:59+02:00,1510,1313,13330,12643,16449,15373,19802,20156,26503,27649,33205,34205,25322,28212,17214,22028,5080,9615,11649,11047,15171,14052,18626,18669,25015,25885,31659,32560,24519,27290,16735,21325,4934,9215,238201,222620,31562,29467,46414,44739,13330,114,47
2021-09-07T23:59:59+02:00,1481,1296,13272,12597,16411,15341,19780,20128,26466,27628,33171,34175,25298,28194,17208,22012,5075,9609,11591,10983,15121,13999,18590,18636,24968,25840,31607,32533,24491,27266,16727,21308,4929,9213,237972,222313,31479,29353,46414,44739,13175,114,47
2021-09-06T23:59:59+02:00,1466,1288,13243,12563,16388,15317,19761,20108,26450,27613,33160,34166,25295,28181,17205,22008,5072,9609,11570,10951,15100,13967,18568,18620,24952,25820,31585,32518,24480,27253,16726,21300,4926,9213,237755,222083,31479,29342,46414,44738,13143,114,47
2021-09-05T23:59:59+02:00,1456,1280,13227,12544,16373,15300,19751,20101,26444,27604,33150,34153,25292,28179,17203,22004,5072,9609,11549,10935,15075,13951,18557,18611,24946,25814,31576,32499,24477,27243,16723,21295,4924,9212,237630,221937,31479,29342,46414,44737,13117,114,47
2021-09-04T23:59:59+02:00,1456,1280,13226,12543,16373,15300,19749,20101,26443,27604,33150,34153,25292,28179,17203,22003,5072,9609,11549,10933,15073,13951,18552,18611,24945,25812,31576,32497,24476,27243,16723,21295,4924,9212,237628,221926,31479,29341,46414,44737,13113,114,47
2021-09-03T23:59:59+02:00,1429,1264,13130,12442,16318,15250,19715,20062,26403,27578,33114,34136,25274,28169,17199,21992,5070,9608,11413,10808,15011,13882,18484,18565,24873,25764,31516,32461,24444,27215,16710,21279,4921,9208,237145,221135,31478,29335,46414,44737,13014,114,47
2021-09-02T23:59:59+02:00,1414,1258,13066,12400,16274,15216,19678,20038,26369,27545,33089,34116,25261,28156,17194,21988,5070,9604,11338,10767,14963,13847,18446,18546,24840,25743,31478,32432,24425,27194,16704,21274,4921,9206,236921,220871,31416,29294,46411,44728,12886,114,47
2021-09-01T23:59:59+02:00,1391,1242,13029,12360,16254,15196,19659,20024,26350,27526,33067,34091,25251,28146,17188,21979,5067,9600,11297,10732,14941,13818,18426,18526,24819,25720,31453,32401,24411,27179,16697,21268,4919,9204,236627,220540,31411,29292,46410,44727,12870,114,47
2021-08-31T23:59:59+02:00,1360,1220,12974,12300,16211,15159,19624,19982,26305,27477,33028,34057,25235,28125,17182,21966,5063,9597,11224,10662,14892,13758,18372,18495,24769,25667,31395,32358,24380,27164,16689,21255,4916,9197,236325,220113,31348,29261,46410,44709,12680,114,47
2021-08-30T23:59:59+02:00,1336,1206,12937,12262,16186,15138,19603,19964,26281,27460,33006,34041,25224,28115,17182,21962,5061,9595,11147,10628,14865,13738,18350,18471,24741,25651,31368,32331,24368,27149,16683,21248,4913,9194,236080,219819,31348,29261,46410,44698,12618,114,47
2021-08-29T23:59:59+02:00,1332,1200,12924,12246,16174,15129,19594,19955,26278,27452,32999,34027,25219,28109,17180,21961,5061,9595,11130,10590,14853,13721,18335,18457,24728,25643,31360,32319,24359,27137,16681,21243,4913,9194,235980,219644,31348,29261,46410,44694,12594,114,47
2021-08-28T23:59:59+02:00,1325,1188,12892,12224,16160,15118,19582,19941,26271,27442,32990,34021,25217,28104,17179,21958,5061,9594,11055,10518,14819,13688,18289,18430,24692,25610,31317,32288,24342,27124,16672,21227,4913,9191,235821,219120,31347,29261,46410,44694,12586,114,47
2021-08-27T23:59:59+02:00,1306,1173,12828,12168,16113,15071,19524,19894,26216,27393,32947,33991,25199,28092,17175,21944,5061,9591,11018,10485,14781,13663,18273,18415,24657,25586,31289,32267,24329,27113,16669,21223,4913,9190,235397,218967,31347,29260,46410,44693,12429,114,47
2021-08-26T23:59:59+02:00,1287,1157,12757,12111,16067,15028,19481,19854,26161,27335,32896,33944,25169,28063,17168,21934,5058,9588,10949,10436,14735,13622,18228,18386,24613,25548,31245,32228,24307,27097,16662,21214,4913,9186,235026,218659,31287,29246,46410,44686,12231,114,47
2021-08-25T23:59:59+02:00,1269,1141,12733,12068,16047,15003,19460,19839,26134,27319,32861,33916,25151,28044,17161,21927,5057,9585,10900,10392,14704,13593,18194,18355,24592,25529,31212,32190,24294,27080,16655,21204,4911,9183,234717,218286,31287,29245,46403,44682,12202,114,47
2021-08-24T23:59:59+02:00,1242,1123,12672,11997,15994,14961,19415,19799,26088,27274,32816,33883,25131,28020,17149,21916,5056,9580,10820,10318,14661,13551,18148,18319,24541,25480,31170,32153,24270,27053,16640,21189,4910,9182,234410,217869,31163,29206,46403,44682,12033,114,47
2021-08-23T23:59:59+02:00,1229,1110,12634,11958,15968,14942,19394,19764,26067,27241,32787,33861,25117,28007,17145,21907,5056,9577,10766,10267,14632,13513,18110,18285,24514,25450,31135,32121,24257,27034,16633,21186,4908,9181,234110,217471,31162,29206,46403,44680,11982,114,47
2021-08-22T23:59:59+02:00,1221,1103,12619,11936,15952,14926,19387,19745,26055,27230,32776,33846,25106,28001,17143,21904,5053,9577,10736,10238,14611,13497,18090,18274,24501,25433,31120,32108,24248,27024,16631,21181,4907,9180,233945,217255,31162,29205,46403,44679,11963,114,47
2021-08-21T23:59:59+02:00,1134,1031,12544,11879,15940,14914,19378,19734,26045,27219,32766,33830,25101,27996,17140,21901,5053,9577,10712,10208,14595,13493,18083,18262,24492,25427,31112,32102,24245,27023,16630,21181,4907,9180,233575,217134,31156,29204,46403,44679,11941,114,47
2021-08-20T23:59:59+02:00,1114,1015,12483,11810,15882,14864,19317,19696,25991,27186,32716,33803,25086,27985,17131,21896,5052,9575,10658,10170,14555,13458,18042,18235,24457,25408,31083,32085,24236,27016,16624,21178,4907,9179,233081,216850,31156,29203,46403,44679,11855,114,47
2021-08-19T23:59:59+02:00,1088,991,12416,11754,15824,14832,19267,19649,25930,27136,32674,33767,25054,27962,17119,21885,5049,9573,10566,10094,14486,13417,17987,18199,24389,25365,31017,32040,24194,26997,16615,21160,4906,9176,232791,216415,31065,29193,46403,44671,11604,114,47
2021-08-18T23:59:59+02:00,1076,974,12375,11719,15796,14802,19239,19619,25900,27105,32639,33742,25036,27950,17114,21876,5047,9572,10512,10028,14439,13392,17938,18171,24343,25328,30958,32001,24172,26980,16609,21147,4902,9170,232478,215962,31065,29188,46402,44661,11529,114,47
2021-08-17T23:59:59+02:00,1049,949,12323,11677,15767,14760,19206,19588,25872,27083,32603,33704,25017,27930,17104,21859,5046,9567,10419,9946,14388,13345,17884,18116,24292,25288,30897,31956,24145,26956,16598,21127,4900,9162,232176,215365,30938,29126,46402,44658,11481,114,47
2021-08-16T23:59:59+02:00,1037,942,12291,11652,15750,14742,19189,19570,25849,27059,32584,33682,24997,27915,17096,21844,5043,9565,10362,9880,14364,13302,17860,18080,24248,25253,30859,31925,24118,26922,16583,21113,4900,9159,231949,214923,30938,29125,46402,44652,11411,114,47
2021-08-15T23:59:59+02:00,1029,942,12266,11638,15737,14725,19174,19555,25839,27050,32563,33668,24991,27906,17092,21833,5042,9565,10317,9845,14330,13280,17840,18059,24225,25240,30838,31899,24101,26914,16578,21105,4899,9157,231792,214646,30937,29125,46401,44647,11378,114,47
2021-08-14T23:59:59+02:00,1028,942,12265,11634,15737,14723,19171,19553,25838,27050,32563,33667,24991,27906,17092,21833,5042,9565,10149,9625,14223,13190,17764,18012,24177,25209,30798,31866,24086,26901,16575,21102,4897,9156,231783,213640,30937,29124,46401,44646,11372,114,47
2021-08-13T23:59:59+02:00,984,902,12114,11506,15683,14669,19107,19496,25767,26998,32510,33631,24966,27877,17081,21823,5041,9561,10097,9572,14182,13162,17725,17987,24145,25189,30774,31845,24076,26888,16569,21092,4897,9152,230955,213305,30936,29124,46401,44643,11319,112,47
2021-08-12T23:59:59+02:00,969,881,12057,11445,15637,14630,19070,19469,25723,26977,32464,33602,24941,27861,17073,21817,5040,9558,10004,9504,14108,13120,17664,17939,24079,25154,30721,31797,24048,26863,16553,21074,4895,9152,230729,212885,30913,29118,46401,44628,11065,112,47
2021-08-11T23:59:59+02:00,955,870,12024,11411,15617,14607,19039,19450,25702,26958,32439,33573,24923,27839,17069,21809,5039,9556,9930,9442,14054,13081,17616,17894,24038,25133,30680,31747,24018,26831,16537,21061,4894,9147,230440,212312,30912,29114,46400,44600,11022,112,47
2021-08-10T23:59:59+02:00,936,860,11936,11360,15564,14577,18995,19413,25646,26924,32382,33519,24906,27823,17062,21796,5038,9553,9835,9361,14005,13045,17584,17860,23992,25094,30627,31700,23985,26798,16530,21042,4890,9142,230056,211801,30781,29079,46398,44586,10949,112,47
2021-08-09T23:59:59+02:00,934,843,11908,11324,15548,14561,18973,19400,25614,26901,32353,33488,24898,27814,17056,21788,5038,9550,9781,9300,13970,12995,17546,17818,23961,25049,30592,31659,23971,26781,16525,21029,4888,9136,229817,211353,30781,29076,46397,44579,10890,112,47
2021-08-08T23:59:59+02:00,924,836,11871,11299,15526,14547,18953,19379,25589,26881,32331,33471,24890,27799,17049,21784,5037,9550,9705,9245,13925,12967,17519,17788,23928,25014,30560,31628,23958,26762,16517,21015,4887,9133,229624,210957,30781,29075,46397,44578,10807,112,47
2021-08-07T23:59:59+02:00,904,809,11775,11221,15483,14506,18912,19345,25550,26851,32285,33439,24873,27787,17040,21766,5036,9547,9083,8642,13486,12615,17306,17604,23776,24902,30410,31552,23900,26711,16496,20988,4882,9130,229039,207750,30781,29075,46397,44578,10805,112,47
2021-08-06T23:59:59+02:00,894,806,11745,11194,15466,14493,18902,19339,25535,26835,32276,33432,24869,27783,17035,21764,5036,9546,8502,8012,12971,12220,17079,17400,23634,24791,30315,31473,23869,26664,16484,20974,4878,9124,228988,204585,30659,29062,46397,44578,10799,112,47
2021-08-05T23:59:59+02:00,891,799,11706,11163,15427,14465,18861,19307,25489,26799,32230,33385,24829,27761,17033,21753,5036,9540,8443,7947,12927,12169,17029,17358,23570,24751,30239,31418,23822,26622,16470,20956,4876,9115,228763,204159,30658,29057,46397,44569,10547,112,47
2021-08-04T23:59:59+02:00,874,783,11676,11133,15407,14433,18830,19282,25462,26770,32184,33346,24814,27748,17028,21747,5034,9532,8354,7858,12867,12122,16977,17315,23514,24707,30179,31346,23785,26583,16460,20943,4874,9109,228499,203568,30656,29056,46396,44534,10423,112,47
2021-08-03T23:59:59+02:00,858,764,11629,11094,15385,14411,18799,19262,25436,26742,32150,33311,24794,27729,17019,21742,5030,9531,8271,7769,12800,12073,16909,17262,23454,24670,30138,31297,23749,26549,16445,20932,4871,9105,228165,202912,30654,29046,46396,44526,10362,112,47
2021-08-02T23:59:59+02:00,849,761,11594,11063,15364,14378,18772,19242,25407,26717,32118,33284,24780,27710,17011,21733,5029,9529,8175,7675,12720,12013,16851,17199,23397,24598,30088,31240,23731,26526,16424,20922,4869,9100,227888,202206,30653,29045,46396,44518,10294,112,47
2021-08-01T23:59:59+02:00,842,754,11569,11033,15353,14365,18757,19231,25389,26705,32101,33269,24776,27702,17010,21730,5027,9528,8104,7608,12659,11966,16810,17153,23361,24567,30061,31215,23716,26507,16420,20916,4867,9099,227747,201751,30649,29044,46396,44500,10239,112,47
2021-07-31T23:59:59+02:00,839,753,11566,11027,15351,14362,18753,19227,25388,26704,32098,33268,24776,27701,17010,21730,5027,9528,7951,7419,11894,11293,16257,16715,23266,24488,29997,31144,23687,26471,16408,20897,4866,9097,227717,198534,30648,29044,46396,44499,10237,112,47
2021-07-30T23:59:59+02:00,838,752,11552,11018,15348,14359,18747,19222,25381,26699,32088,33263,24775,27699,17010,21727,5027,9528,7665,7179,11348,10847,15779,16287,23129,24381,29888,31031,23650,26426,16392,20875,4866,9092,227649,195450,30647,29043,46394,44486,10233,112,47
2021-07-29T23:59:59+02:00,826,743,11512,10971,15310,14338,18707,19196,25343,26664,32035,33234,24757,27679,16999,21709,5027,9525,7289,6868,10682,10331,15264,15873,22953,24235,29740,30920,23596,26374,16363,20850,4862,9089,227328,191980,30646,29035,46394,44400,10097,112,47
2021-07-28T23:59:59+02:00,807,731,11464,10919,15286,14308,18675,19169,25317,26636,32009,33209,24743,27661,16994,21697,5026,9521,7123,6711,10537,10211,15151,15738,22860,24139,29640,30822,23553,26318,16345,20821,4861,9079,227003,190735,30645,29033,46389,44291,10025,112,47
2021-07-27T23:59:59+02:00,798,722,11419,10881,15246,14268,18635,19143,25288,26610,31972,33187,24727,27636,16987,21686,5025,9513,6902,6498,10379,10094,15007,15603,22756,24031,29532,30709,23502,26254,16329,20794,4859,9067,226688,189584,30645,28706,46388,44256,9912,112,47
2021-07-26T23:59:59+02:00,788,709,11369,10835,15220,14247,18619,19116,25260,26581,31940,33161,24712,27614,16975,21674,5024,9510,6784,6421,10284,10017,14941,15524,22674,23971,29467,30635,23469,26211,16317,20777,4855,9061,226395,188798,30643,28703,46387,44214,9818,112,47
2021-07-25T23:59:59+02:00,777,699,11341,10807,15199,14221,18599,19092,25233,26556,31919,33143,24695,27603,16971,21665,5023,9508,6708,6339,10216,9953,14868,15464,22619,23916,29411,30597,23438,26190,16305,20763,4855,9057,226198,188207,30642,28699,46386,44184,9714,112,47
2021-07-24T23:59:59+02:00,753,677,11261,10723,15159,14194,18576,19070,25213,26541,31906,33130,24695,27599,16968,21663,5023,9508,6308,5979,10073,9839,14495,15183,22395,23759,29294,30513,23402,26152,16288,20746,4852,9053,225815,185849,30641,28698,46386,44182,9706,112,47
2021-07-23T23:59:59+02:00,727,655,11194,10640,15131,14161,18546,19055,25191,26521,31890,33113,24684,27594,16966,21663,5023,9505,5937,5668,9953,9733,14148,14918,22199,23585,29174,30396,23350,26084,16277,20725,4848,9046,225430,183577,30640,28698,46386,44171,9692,112,47
2021-07-22T23:59:59+02:00,686,615,11039,10476,15033,14073,18459,19007,25110,26467,31817,33049,24648,27553,16951,21645,5019,9500,5618,5366,9685,9519,13566,14442,21882,23325,28942,30169,23249,25987,16233,20687,4844,9043,224478,180257,30638,28687,46385,44152,9535,112,47
2021-07-21T23:59:59+02:00,666,590,10974,10422,14998,14046,18419,18969,25070,26438,31778,32999,24623,27519,16935,21633,5016,9495,5000,4898,9246,9268,13188,14212,21648,23170,28755,30020,23184,25911,16208,20664,4842,9040,224048,178491,30630,27417,46382,43985,9419,112,47
2021-07-20T23:59:59+02:00,648,573,10916,10368,14972,14010,18383,18942,25040,26405,31742,32965,24603,27498,16930,21619,5013,9488,4855,4786,9093,9136,13024,14078,21535,23048,28625,29896,23105,25808,16186,20624,4835,9034,223671,177147,30630,27405,46380,43836,9323,112,47
2021-07-19T23:59:59+02:00,635,561,10879,10337,14943,13990,18360,18934,25012,26380,31709,32936,24586,27475,16924,21608,5011,9485,4775,4716,8996,9059,12908,13981,21437,22942,28526,29776,23049,25751,16161,20595,4830,9028,223433,176208,30630,27397,46371,43739,9220,112,47
2021-07-18T23:59:59+02:00,620,552,10825,10285,14907,13969,18335,18916,24992,26363,31687,32917,24576,27464,16918,21599,5010,9480,4667,4612,8861,8938,12781,13840,21351,22851,28453,29697,23021,25722,16152,20582,4827,9027,223154,175194,30630,27383,46371,43686,9149,112,47
2021-07-17T23:59:59+02:00,545,481,10538,9988,14796,13870,18244,18838,24886,26288,31580,32866,24542,27430,16905,21579,5008,9479,4618,4568,8807,8866,12546,13644,20927,22510,28323,29565,22983,25669,16143,20567,4826,9024,221604,173399,30630,27383,46370,43684,9148,112,47
2021-07-16T23:59:59+02:00,516,444,10405,9866,14737,13829,18190,18787,24852,26255,31560,32842,24533,27415,16902,21572,5008,9476,4570,4526,8731,8826,12170,13365,20382,22112,28190,29469,22934,25632,16134,20562,4824,9022,220943,171282,30629,27381,46369,43677,9137,112,47
2021-07-15T23:59:59+02:00,485,406,10267,9761,14671,13780,18133,18720,24798,26207,31510,32789,24508,27378,16884,21556,5001,9472,4357,4385,8406,8619,11652,12964,19277,21268,27773,29124,22765,25463,16069,20489,4814,9006,220214,166584,30628,27367,46368,43480,9005,112,47
2021-07-14T23:59:59+02:00,464,393,10238,9736,14636,13760,18103,18685,24761,26166,31458,32736,24478,27350,16873,21539,5000,9470,4233,4234,8151,8446,11423,12819,19099,21157,27627,28997,22700,25385,16035,20451,4809,8997,219847,165017,30628,27349,46367,43304,8893,112,47
2021-07-13T23:59:59+02:00,440,378,10188,9683,14607,13732,18077,18652,24726,26145,31424,32695,24462,27320,16862,21528,4999,9468,4136,4139,7976,8287,11223,12628,18964,21018,27472,28835,22603,25300,16000,20398,4805,8986,219443,163557,30628,27328,46366,43045,8838,112,47
2021-07-12T23:59:59+02:00,428,357,10142,9633,14581,13713,18046,18622,24690,26103,31390,32650,24437,27297,16847,21523,4996,9465,4029,4040,7807,8166,11063,12493,18849,20896,27349,28714,22528,25238,15973,20372,4804,8981,219070,162391,30627,27306,46366,42854,8745,112,47
2021-07-11T23:59:59+02:00,420,339,10112,9603,14562,13693,18029,18612,24670,26095,31369,32632,24425,27287,16845,21521,4996,9463,3960,3967,7688,8066,10916,12365,18725,20796,27248,28600,22485,25190,15952,20347,4802,8978,218876,161424,30626,27301,46365,42655,8694,112,47
2021-07-10T23:59:59+02:00,394,316,10002,9497,14507,13654,17981,18589,24646,26075,31350,32616,24417,27278,16841,21517,4994,9461,3926,3942,7628,8024,10881,12336,18696,20772,27219,28578,22478,25175,15948,20342,4802,8978,218351,161121,30625,27300,46362,42607,8685,112,47
2021-07-09T23:59:59+02:00,334,269,9740,9288,14402,13572,17905,18519,24560,26022,31301,32555,24394,27247,16828,21499,4994,9455,3858,3902,7495,7933,10663,12188,18471,20634,26804,28257,22294,24981,15893,20281,4799,8971,217126,158976,30625,27296,46361,42478,8660,112,47
2021-07-08T23:59:59+02:00,255,202,9546,9145,14301,13496,17810,18447,24500,25971,31218,32497,24366,27216,16815,21481,4990,9450,3702,3776,7184,7744,10309,11959,18125,20352,26499,27999,22120,24823,15825,20206,4792,8955,216024,156594,30622,27250,46348,41907,8600,112,47
2021-07-07T23:59:59+02:00,216,174,9444,9040,14249,13462,17766,18404,24447,25931,31176,32456,24341,27187,16803,21463,4990,9442,3506,3646,6855,7519,9357,11225,17538,19921,26097,27688,21883,24518,15748,20110,4778,8941,215388,153974,30619,25498,46346,41307,8526,112,47
2021-07-06T23:59:59+02:00,194,162,9366,8981,14199,13433,17730,18362,24406,25892,31115,32409,24304,27159,16788,21446,4988,9440,3390,3571,6654,7397,9086,11062,17293,19740,25820,27431,21726,24315,15667,20006,4765,8926,214824,152039,30602,25488,46343,40803,8493,112,47
2021-07-05T23:59:59+02:00,182,147,9279,8900,14159,13390,17696,18312,24370,25862,31070,32359,24280,27137,16779,21432,4987,9438,3338,3536,6525,7318,8936,10941,17151,19600,25649,27276,21583,24147,15617,19953,4754,8916,214279,150974,30602,25479,46341,40315,8445,112,47
2021-07-04T23:59:59+02:00,167,140,9225,8850,14128,13377,17670,18294,24345,25842,31049,32333,24265,27123,16773,21424,4986,9435,3286,3492,6462,7278,8848,10869,17064,19515,25520,27165,21458,24018,15575,19901,4752,8909,214006,150313,30601,25470,46326,39918,8381,112,47
2021-07-03T23:59:59+02:00,164,137,8713,8353,13970,13257,17569,18176,24251,25784,30984,32284,24244,27101,16761,21412,4984,9432,3226,3412,6342,7159,8676,10727,16847,19331,25132,26854,21343,23881,15545,19861,4748,8903,212172,148259,30601,25470,46326,39862,8365,112,47
2021-07-02T23:59:59+02:00,157,133,8144,7882,13826,13148,17478,18099,24181,25714,30924,32222,24206,27059,16755,21392,4982,9427,3115,3304,6072,7002,8419,10485,16477,19001,24658,26430,21116,23608,15475,19779,4742,8900,210331,145183,30601,25468,46323,39538,8362,112,47
2021-07-01T23:59:59+02:00,144,123,8015,7773,13743,13089,17408,18047,24112,25663,30871,32169,24178,27034,16745,21380,4981,9426,2926,3115,5724,6718,7982,10068,15885,18527,23892,25771,20629,23133,15348,19618,4730,8875,209537,140607,30596,25456,46318,38506,8338,112,47
2021-06-30T23:59:59+02:00,127,110,7868,7655,13674,13040,17355,17994,24061,25610,30812,32123,24146,27012,16731,21362,4981,9421,2829,3036,5570,6574,7756,9846,14926,17656,23278,25221,20270,22739,15215,19457,4716,8841,208971,139068,30422,23180,46314,37384,8263,112,47
2021-06-29T23:59:59+02:00,112,97,7801,7562,13631,13001,17316,17949,24008,25549,30762,32063,24125,26986,16721,21346,4978,9417,2770,2992,5441,6476,7602,9713,14758,17484,23037,24986,20011,22414,15116,19356,4704,8821,208348,137949,30420,23168,46311,36293,8233,112,47
2021-06-28T23:59:59+02:00,107,91,7737,7491,13567,12942,17270,17898,23966,25504,30705,32019,24108,26958,16714,21336,4976,9415,2741,2960,5372,6428,7509,9642,14661,17403,22886,24772,19807,22168,15061,19287,4700,8807,207814,137351,30418,23158,46303,35498,8157,112,47
2021-06-27T23:59:59+02:00,93,86,7688,7427,13537,12906,17241,17865,23947,25469,30678,31991,24096,26950,16707,21330,4976,9413,2718,2945,5322,6403,7437,9597,14565,17339,22791,24685,19679,22026,15030,19236,4696,8798,207459,136839,30418,23147,46297,35125,8114,112,47
2021-06-26T23:59:59+02:00,89,83,7184,6870,13143,12606,17128,17762,23882,25410,30642,31956,24088,26933,16703,21319,4975,9412,2617,2836,5135,6215,7237,9407,14019,16884,22131,24051,19531,21883,14985,19183,4694,8790,205270,133213,30418,23147,46297,35105,8114,86,24
2021-06-25T23:59:59+02:00,88,80,6699,6386,12689,12233,16969,17644,23791,25344,30562,31915,24065,26906,16698,21309,4973,9410,2513,2680,4960,6023,6978,9109,13487,16352,21578,23466,19333,21673,14927,19116,4690,8778,202864,129510,30418,23147,46297,34891,8096,86,24
2021-06-24T23:59:59+02:00,78,68,6475,6169,12464,12082,16863,17561,23719,25291,30504,31867,24031,26864,16692,21299,4971,9403,2304,2441,4589,5645,6477,8618,12764,15637,20426,22463,18868,21191,14822,18985,4678,8763,201588,123557,30416,23135,46290,33939,8021,86,24
2021-06-23T23:59:59+02:00,73,66,5900,5669,12302,11970,16744,17447,23645,25244,30440,31817,23997,26841,16685,21285,4967,9399,2267,2389,4526,5523,6385,8467,12530,15348,20182,22204,18570,20861,14725,18871,4667,8746,201077,122534,29077,22986,46280,32751,7971,86,24
2021-06-22T23:59:59+02:00,69,61,5758,5539,12202,11864,16657,17373,23587,25182,30372,31739,23970,26809,16675,21264,4963,9397,2214,2354,4431,5441,6261,8320,11659,14687,19768,21797,18236,20507,14617,18732,4657,8726,200142,121610,29070,21290,46261,31565,7922,86,24
2021-06-21T23:59:59+02:00,66,58,5622,5425,12128,11771,16596,17287,23532,25108,30322,31681,23945,26781,16662,21249,4963,9393,2181,2318,4373,5344,6174,8192,10878,13982,19316,21387,18010,20280,14557,18637,4648,8709,199320,120813,29066,19505,46256,30787,7861,86,24
2021-06-20T23:59:59+02:00,64,56,5503,5299,11965,11587,16531,17162,23481,25044,30280,31625,23929,26760,16656,21234,4958,9388,2163,2288,4332,5304,6104,8142,10774,13903,19204,21261,17853,20089,14491,18554,4644,8702,198309,120279,29062,19502,46250,30192,7815,86,24
2021-06-19T23:59:59+02:00,60,52,5485,5279,11198,10922,16051,16769,23420,25000,30236,31582,23910,26740,16648,21222,4958,9388,2091,2167,4124,5073,5818,7860,10446,13567,18149,20407,17684,19902,14458,18489,4639,8690,195709,116050,29062,19502,46249,30178,7814,86,24
2021-06-18T23:59:59+02:00,57,51,5450,5252,10554,10339,15438,16205,23329,24930,30167,31519,23883,26710,16637,21207,4957,9386,2022,2079,3981,4928,5540,7590,10064,13203,16997,19197,17481,19664,14409,18425,4636,8680,192867,111636,29056,19501,46249,29926,7813,86,24
2021-06-17T23:59:59+02:00,50,42,5330,5149,9875,9831,14950,15814,23230,24842,30086,31425,23843,26664,16622,21186,4956,9383,1891,1973,3724,4682,5152,7226,9526,12714,15813,18004,17021,19174,14268,18251,4623,8656,190284,106513,29054,19493,46246,29009,7670,24,17
2021-06-16T23:59:59+02:00,48,34,5196,5013,9678,9670,14803,15684,23137,24748,29986,31349,23799,26619,16607,21174,4955,9373,1849,1931,3620,4597,5050,7108,8494,11862,15540,17708,16725,18838,14133,18080,4617,8623,189103,105629,29043,17612,46243,28061,7460,24,17
2021-06-15T23:59:59+02:00,42,28,5008,4826,9496,9515,14668,15542,23045,24658,29909,31263,23756,26546,16581,21141,4947,9358,1786,1873,3542,4502,4956,6994,8378,11720,15362,17479,16405,18527,13990,17911,4594,8565,187783,104866,29040,17608,46224,26839,7258,24,17
2021-06-14T23:59:59+02:00,40,25,4931,4762,9402,9406,14590,15452,22973,24584,29837,31202,23724,26507,16566,21123,4944,9352,1763,1850,3505,4478,4915,6961,8278,11657,15224,17345,16225,18324,13899,17814,4589,8558,187035,104640,29034,17605,46218,26018,7109,24,17
2021-06-13T23:59:59+02:00,39,24,4873,4714,9316,9331,14507,15385,22911,24533,29770,31149,23698,26479,16557,21113,4944,9350,1713,1836,3463,4454,4859,6918,8207,11620,15125,17250,16069,18140,13845,17740,4582,8551,186454,104359,29028,17603,46202,25412,6985,24,17
2021-06-12T23:59:59+02:00,37,23,4854,4699,9288,9308,14269,15208,22781,24404,29725,31104,23678,26462,16548,21105,4943,9348,1588,1713,3225,4243,4454,6615,7659,11188,13347,15561,15716,17768,13765,17638,4580,8536,185548,97649,29028,17603,46202,25348,6983,23,17
2021-06-11T23:59:59+02:00,33,22,4799,4645,9207,9255,13949,14985,22584,24256,29629,31013,23641,26417,16530,21093,4942,9345,1484,1578,3041,4031,4157,6251,7146,10644,11706,13669,15237,17190,13651,17491,4565,8522,184184,90718,29024,17602,46201,25117,6913,23,17
2021-06-10T23:59:59+02:00,27,19,4513,4416,8662,8924,12674,13964,22018,23804,29254,30707,23504,26259,16476,21025,4929,9330,1362,1485,2805,3850,3828,5967,6708,10252,10292,12337,14724,16614,13480,17283,4550,8495,178843,86171,29008,17599,46194,23812,6437,23,17
2021-06-09T23:59:59+02:00,24,15,4277,4251,8069,8632,11771,13303,21697,23589,29024,30554,23440,26196,16457,21001,4926,9326,1274,1431,2649,3780,3685,5887,6501,10159,10029,12157,14401,16263,13310,17103,4543,8474,176729,85837,27732,17496,46188,22420,5880,23,17
2021-06-08T23:59:59+02:00,20,12,4146,4151,7665,8406,11285,13013,21471,23410,28825,30401,23381,26122,16424,20959,4920,9317,1196,1404,2513,3722,3525,5819,5603,9409,9556,11793,14065,15854,13086,16864,4529,8452,174977,85481,27360,15336,46162,21154,5406,23,17
2021-06-07T23:59:59+02:00,15,10,4025,4072,7427,8300,10996,12835,21268,23296,28671,30283,23322,26069,16406,20934,4916,9309,1147,1284,2392,3662,3395,5756,5436,9333,9345,11666,13835,15596,12930,16695,4522,8434,173747,85290,27350,15331,46153,19913,4881,23,17
2021-06-06T23:59:59+02:00,13,10,3907,4013,7189,8178,10746,12674,21081,23208,28585,30192,23292,26035,16394,20916,4913,9305,1126,1267,2327,3625,3299,5703,5330,9258,9227,11564,13678,15442,12858,16601,4519,8427,172597,85096,27333,15327,46143,19260,4555,23,17
2021-06-05T23:59:59+02:00,13,10,3878,3976,7150,8138,10569,12519,20453,22699,28423,30047,23242,25990,16380,20897,4913,9301,1093,1166,2160,3172,3067,5163,5161,8925,8446,10610,13026,14602,12745,16454,4508,8417,170556,79703,27333,15327,46142,19126,4545,22,17
2021-06-04T23:59:59+02:00,13,10,3848,3950,7114,8113,10472,12427,20091,22371,28319,29950,23207,25951,16366,20887,4911,9300,1061,1099,2062,2862,2907,4686,5004,8555,7932,9952,11527,12886,12620,16257,4501,8399,169278,73327,27320,15326,46141,19104,4539,22,17
2021-06-03T23:59:59+02:00,8,7,3713,3847,6893,7975,9916,12004,18864,21442,27919,29640,23074,25809,16313,20825,4907,9286,1008,1055,1973,2750,2770,4529,4799,8251,7569,9503,11149,12486,12511,16143,4498,8386,164519,71542,27310,15323,46137,18047,4454,22,17
2021-06-02T23:59:59+02:00,8,7,3706,3839,6881,7958,9905,11993,18675,21261,27848,29591,23051,25787,16307,20816,4904,9284,1004,1048,1961,2720,2749,4510,4588,8067,7033,9015,11112,12445,12496,16128,4494,8380,164451,71434,26765,13830,46136,18025,4447,22,17
2021-06-01T23:59:59+02:00,7,6,3579,3762,6644,7810,9620,11799,18220,20914,27611,29396,22957,25685,16266,20763,4901,9272,967,1000,1876,2650,2669,4438,4309,7833,6435,8482,10898,12232,12398,16027,4489,8368,162762,70993,25986,12536,46122,17208,4320,22,17
2021-05-31T23:59:59+02:00,7,6,3532,3717,6555,7742,9484,11698,18094,20823,27520,29319,22890,25624,16249,20735,4896,9265,937,976,1808,2610,2589,4396,4202,7769,6315,8407,10712,12063,12297,15911,4479,8360,161919,70629,25955,12531,46109,16506,4151,22,17
2021-05-30T23:59:59+02:00,7,5,3501,3693,6491,7686,9394,11607,18006,20743,27443,29248,22845,25579,16227,20708,4890,9255,931,969,1797,2600,2576,4384,4173,7744,6262,8365,10650,11983,12263,15868,4474,8351,161217,70585,25950,12528,46092,16216,4047,22,17
2021-05-29T23:59:59+02:00,7,5,3490,3674,6455,7659,9350,11570,17968,20703,27298,29142,22791,25505,16212,20688,4887,9251,895,950,1740,2554,2503,4300,3983,7489,5989,8066,8449,9324,12070,15526,4459,8322,160558,64338,25950,12526,46078,15693,4047,22,17
2021-05-28T23:59:59+02:00,7,5,3427,3619,6324,7582,9210,11439,17811,20572,27115,29020,22728,25428,16191,20670,4886,9250,882,936,1721,2534,2467,4246,3832,7192,5795,7804,5745,6211,11793,15129,4443,8273,159203,57458,25948,12526,46073,14966,4038,22,17
2021-05-27T23:59:59+02:00,7,5,3280,3489,6039,7402,8608,11106,17335,20234,26702,28673,22561,25262,16133,20607,4879,9232,832,878,1639,2439,2350,4112,3409,6219,5373,7205,5584,6037,11714,15056,4437,8256,155729,56977,25889,12479,46064,12219,3850,22,17
2021-05-26T23:59:59+02:00,7,5,3173,3405,5820,7236,8237,10820,16870,19928,26401,28437,22412,25129,16082,20533,4866,9212,815,869,1587,2414,2297,4082,3336,6145,5276,7133,5449,5910,11648,14990,4432,8244,153027,56902,25873,12477,46042,11624,3609,22,17
2021-05-25T23:59:59+02:00,7,5,3082,3342,5678,7122,8040,10657,15868,19152,26047,28083,22253,24972,16030,20453,4859,9202,796,852,1551,2370,2226,4023,3261,6075,5191,7070,5282,5740,11540,14910,4424,8233,151470,56835,23950,12290,46026,11018,3386,20,17
2021-05-24T23:59:59+02:00,7,5,3019,3324,5590,7078,7922,10595,14953,18463,25632,27771,22158,24869,15999,20417,4852,9190,787,850,1529,2353,2182,3987,3215,6027,5114,6990,5181,5632,11460,14834,4423,8227,150745,56798,21881,12214,46017,10583,3181,20,17
2021-05-23T23:59:59+02:00,7,4,3016,3320,5581,7071,7913,10587,14948,18462,25631,27770,22158,24869,15999,20417,4852,9190,785,847,1521,2346,2170,3974,3196,6012,5093,6957,5136,5580,11443,14810,4422,8225,150716,56790,21881,12214,46015,10335,3163,20,17
2021-05-22T23:59:59+02:00,6,4,2980,3278,5508,7025,7812,10500,14749,18301,25351,27527,22058,24783,15966,20374,4849,9186,763,828,1478,2296,2119,3894,3084,5892,4779,6387,4566,4837,10797,13987,4412,8186,149178,53548,21881,12214,46015,9365,3163,20,17
2021-05-21T23:59:59+02:00,4,4,2907,3203,5382,6928,7685,10354,14490,18071,25057,27292,21945,24675,15933,20326,4844,9177,732,775,1410,2168,2017,3626,2900,5559,4298,5488,4153,4298,10054,13045,4347,8060,147236,49804,21880,12214,46009,7764,3133,19,17
2021-05-20T23:59:59+02:00,4,4,2776,3040,5103,6673,7399,9986,14029,17588,24446,26742,21674,24378,15839,20206,4830,9147,718,764,1383,2143,1979,3593,2846,5503,4215,5410,4025,4195,9977,12982,4338,8048,143089,49711,21871,12202,45984,7289,2901,19,17
2021-05-19T23:59:59+02:00,4,4,2724,2988,5006,6533,7256,9804,12882,16552,24183,26455,21577,24248,15794,20145,4822,9140,699,738,1358,2095,1947,3508,2783,5356,4120,5302,3943,4104,9924,12917,4335,8044,141717,49682,19800,12137,45913,6670,2668,19,17
2021-05-18T23:59:59+02:00,4,4,2699,2965,4959,6501,7205,9773,12528,16276,24003,26301,21484,24159,15764,20092,4814,9128,670,680,1303,1966,1874,3306,2685,5148,3991,5104,3718,3827,9842,12837,4325,8034,141439,49661,18945,11138,45869,6108,2387,19,17
2021-05-17T23:59:59+02:00,4,4,2673,2944,4916,6431,7117,9665,12375,16098,23854,26140,21430,24108,15745,20069,4809,9120,662,666,1287,1930,1853,3259,2637,5040,3912,4990,3579,3675,9774,12774,4322,8025,140468,49638,18937,11128,45852,5377,2226,19,17
2021-05-16T23:59:59+02:00,4,4,2661,2930,4893,6364,7079,9582,12315,16024,23802,26078,21406,24091,15735,20055,4806,9117,657,660,1277,1927,1836,3250,2615,5028,3883,4967,3525,3608,9735,12742,4321,8023,140030,49625,18929,11117,45830,5158,2138,19,17
2021-05-15T23:59:59+02:00,4,4,2536,2793,4706,6158,6888,9395,11797,15606,23213,25528,21299,23973,15701,20012,4803,9109,607,597,1194,1841,1699,3095,2328,4720,3435,4456,3193,3180,9573,12537,4297,7994,136640,46668,18928,11117,45825,4832,2113,19,17
2021-05-14T23:59:59+02:00,4,4,2420,2616,4512,5934,6611,9082,11260,15094,22646,24961,21152,23833,15665,19954,4799,9098,544,519,1091,1721,1539,2879,1997,4319,2836,3866,2808,2743,9489,12390,4293,7990,132819,43742,18921,11115,45802,4067,2084,19,17
2021-05-13T23:59:59+02:00,4,4,2238,2329,4190,5551,6184,8608,10700,14405,21614,24049,20869,23559,15605,19855,4792,9083,541,519,1078,1705,1524,2861,1988,4294,2816,3842,2792,2727,9482,12386,4292,7990,126914,43678,18867,11107,45776,3973,2063,19,17
2021-05-12T23:59:59+02:00,4,4,2237,2326,4182,5550,6175,8602,10598,14284,21560,24010,20864,23548,15600,19847,4791,9083,533,497,1042,1650,1475,2782,1905,4207,2757,3783,2711,2632,9431,12313,4292,7990,126869,43675,18541,10279,45776,3970,2060,19,17
2021-05-11T23:59:59+02:00,4,4,2115,2287,4098,5485,6049,8487,10292,14033,21368,23848,20788,23476,15585,19814,4787,9078,508,473,981,1590,1406,2691,1805,4069,2684,3708,2558,2404,9367,12212,4291,7990,125924,43657,18204,9445,45492,3660,1959,19,17
2021-05-10T23:59:59+02:00,4,4,2074,2210,3991,5363,5913,8308,9502,13270,20988,23525,20697,23386,15546,19760,4777,9065,496,445,945,1526,1341,2602,1716,3907,2600,3613,2531,2382,9357,12194,4287,7985,124787,43637,16354,9265,45389,3175,1834,19,17
2021-05-09T23:59:59+02:00,4,4,2042,2195,3957,5323,5860,8260,9435,13201,20918,23453,20664,23345,15532,19733,4774,9051,489,436,924,1483,1315,2554,1682,3845,2562,3571,2522,2370,9347,12177,4287,7977,124344,43578,16350,9262,45293,2940,1745,19,17
2021-05-08T23:59:59+02:00,4,4,1979,2092,3773,5148,5585,8054,9125,12916,19783,22524,20468,23151,15499,19664,4769,9039,416,406,860,1443,1239,2481,1594,3743,2343,3358,1978,1942,9253,12092,4286,7977,120188,42105,16349,9261,45290,2299,1744,6,3
2021-05-07T23:59:59+02:00,4,4,1892,1980,3587,4977,5263,7758,8715,12545,18533,21250,20285,22939,15453,19607,4760,9020,324,347,751,1368,1107,2352,1460,3600,2168,3166,1610,1605,8764,11644,4285,7975,115242,40373,16347,9256,45267,1185,1710,6,3
2021-05-06T23:59:59+02:00,4,4,1708,1871,3302,4725,4812,7353,8073,11981,17292,20006,19951,22561,15346,19443,4750,9009,307,338,731,1339,1067,2306,1411,3516,2101,3098,1574,1550,8747,11613,4279,7972,109383,40353,16340,9250,45034,916,1428,6,3
2021-05-05T23:59:59+02:00,4,3,1638,1841,3221,4639,4735,7249,7942,11830,17137,19860,19831,22442,15270,19347,4728,8913,296,326,689,1287,1006,2231,1328,3366,1993,2981,1481,1451,8330,11045,4273,7954,108625,40316,16197,8122,44864,659,938,6,3
2021-05-04T23:59:59+02:00,4,3,1611,1812,3179,4565,4676,7139,7690,11536,16578,19281,19744,22312,15195,19250,4700,8803,280,313,666,1258,985,2177,1269,3246,1880,2824,1409,1345,8259,10941,4269,7936,107938,40290,14850,7846,44761,396,523,6,3
2021-05-03T23:59:59+02:00,4,3,1603,1808,3171,4551,4638,7117,7437,11304,15885,18686,19680,22227,15169,19216,4694,8793,265,292,644,1176,936,2089,1206,3107,1782,2687,1343,1265,8234,10906,4265,7927,107857,40280,13252,7639,44721,53,150,6,3
2021-05-02T23:59:59+02:00,4,3,1602,1806,3166,4549,4633,7114,7424,11294,15866,18674,19664,22219,15169,19214,4693,8793,265,289,641,1175,931,2086,1196,3101,1774,2680,1329,1258,8233,10901,4264,7927,107831,40257,13249,7637,44697,50,104,6,3
2021-05-01T23:59:59+02:00,4,3,1468,1664,2887,4299,4166,6754,6806,10811,13928,16794,19283,21821,15078,19098,4690,8777,263,289,638,1173,930,2083,1194,3099,1772,2676,1324,1254,8231,10899,4264,7927,100284,40226,13249,7637,44692,50,101,5,3
2021-04-30T23:59:59+02:00,3,3,1345,1514,2671,4076,3836,6359,6238,10216,12137,14754,18825,21281,14974,18956,4676,8767,258,288,631,1166,915,2075,1182,3089,1761,2663,1314,1245,8227,10894,4263,7926,92656,40181,13249,7637,44692,47,30,4,3
2021-04-29T23:59:59+02:00,2,3,1229,1449,2504,3950,3595,6155,5881,9913,10796,13477,18566,21003,14931,18886,4672,8761,257,284,626,1159,903,2069,1162,3084,1731,2627,1288,1221,8221,10885,4263,7926,87965,40149,13240,7504,44551,38,13,4,3
2021-04-28T23:59:59+02:00,2,3,1170,1443,2454,3931,3544,6131,5819,9880,10699,13409,18536,20969,14924,18870,4672,8758,257,283,624,1158,900,2067,1157,3080,1723,2626,1282,1203,7779,10364,4263,7926,87695,40128,13190,6517,44313,34,12,4,2
2021-04-27T23:59:59+02:00,2,3,1122,1416,2352,3887,3479,6104,5700,9825,10582,13333,18503,20930,14911,18855,4671,8756,256,283,622,1151,899,2065,1152,3077,1719,2622,1270,1186,7362,9782,4263,7926,87186,40108,13137,5486,44093,29,11,4,2
2021-04-26T23:59:59+02:00,2,3,1080,1387,2262,3795,3352,6004,5533,9705,10279,13074,18441,20876,14902,18837,4669,8756,255,282,621,1149,893,2062,1145,3074,1701,2613,1255,1173,7353,9762,4263,7926,85849,40022,13127,5465,43966,28,11,4,2
2021-04-25T23:59:59+02:00,2,3,1077,1385,2254,3793,3345,6000,5513,9698,10244,13044,18431,20864,14901,18831,4669,8755,254,282,621,1149,893,2062,1143,3074,1701,2613,1255,1173,7353,9760,4263,7926,85827,40020,13118,5463,43850,28,10,4,2
2021-04-24T23:59:59+02:00,2,2,1034,1268,2066,3255,3075,5384,5320,9285,9412,11998,17725,19969,14787,18672,4661,8744,252,281,620,1147,893,2061,1143,3073,1695,2608,1252,1168,7351,9758,4263,7925,79703,39993,13118,5459,43825,28,9,4,2
2021-04-23T23:59:59+02:00,1,2,1002,1184,1953,2908,2892,4833,5125,8856,8858,11276,16096,18112,14641,18466,4653,8721,252,281,619,1147,891,2059,1142,3073,1694,2607,1247,1163,7347,9756,4263,7924,72684,39979,13117,5448,43765,28,9,4,2
2021-04-22T23:59:59+02:00,1,2,997,1173,1933,2892,2872,4814,5068,8810,8746,11173,16025,18035,14614,18436,4651,8716,250,281,615,1146,888,2058,1134,3061,1679,2587,1223,1142,7342,9748,4263,7924,72635,39966,13061,5338,43249,27,9,4,2
2021-04-21T23:59:59+02:00,1,2,988,1165,1921,2879,2845,4788,5022,8755,8639,11050,15939,17951,14585,18402,4651,8711,245,278,605,1137,874,2028,1124,3036,1668,2562,1210,1129,7118,9430,4262,7924,72595,39959,13005,4635,42681,26,9,4,2
2021-04-20T23:59:59+02:00,1,2,961,1116,1869,2764,2772,4627,4929,8576,8464,10841,15708,17669,14526,18343,4644,8705,232,275,587,1116,848,1998,1095,3010,1633,2520,1190,1116,7110,9425,4261,7923,72558,39938,11876,4370,42070,22,9,4,1
2021-04-19T23:59:59+02:00,1,2,952,1107,1837,2744,2722,4602,4805,8515,8264,10730,15616,17571,14504,18324,4644,8699,226,267,569,1093,830,1966,1077,2967,1587,2465,1172,1097,7103,9422,4259,7922,72158,39903,11855,4090,41613,20,9,4,1
2021-04-18T23:59:59+02:00,1,2,949,1106,1832,2738,2714,4590,4787,8503,8224,10688,15567,17513,14494,18307,4643,8697,226,267,569,1092,829,1966,1076,2967,1587,2464,1172,1096,7101,9421,4258,7922,72112,39896,11852,4088,41378,20,9,4,1
2021-04-17T23:59:59+02:00,0,2,916,1092,1783,2700,2646,4511,4633,8362,7962,10459,13198,14612,14297,17954,4626,8661,224,267,569,1089,825,1960,1064,2960,1577,2444,1135,1054,6769,9006,4233,7874,65293,38944,11852,4077,41256,20,9,4,1
2021-04-16T23:59:59+02:00,0,2,910,1086,1771,2689,2604,4472,4541,8278,7782,10267,10361,11360,14024,17537,4607,8605,223,262,568,1086,820,1956,1055,2957,1569,2431,1124,1040,6763,9001,4231,7871,58016,38867,11850,4061,41017,20,9,4,1
2021-04-15T23:59:59+02:00,0,2,897,1081,1749,2675,2562,4439,4425,8217,7551,10066,10111,11142,13962,17471,4601,8591,221,261,568,1084,819,1954,1052,2954,1566,2428,1119,1036,6761,8999,4231,7871,57992,38853,11848,4043,39689,19,9,4,1
2021-04-14T23:59:59+02:00,0,2,878,1054,1691,2592,2473,4316,4234,8034,7277,9784,9736,10659,13813,17292,4595,8582,196,236,527,1033,796,1887,1017,2874,1516,2367,1093,1007,6757,8990,4231,7870,57959,38837,10900,3534,38140,17,9,4,1
2021-04-13T23:59:59+02:00,0,2,853,1032,1654,2540,2405,4233,4133,7897,7067,9564,9331,10140,13669,17125,4590,8570,160,212,492,984,756,1794,983,2764,1464,2297,1074,972,6741,8979,4230,7870,57915,38773,9953,2979,36924,11,9,4,1
2021-04-12T23:59:59+02:00,0,2,849,1030,1635,2537,2375,4220,4080,7846,6926,9392,9066,9826,13605,17065,4579,8554,149,198,464,944,733,1729,963,2692,1420,2247,1052,955,6725,8959,4227,7865,57857,38657,9922,2645,35795,11,9,4,1
2021-04-11T23:59:59+02:00,0,2,848,1029,1624,2537,2362,4218,4057,7834,6861,9330,8933,9661,13578,17017,4574,8545,149,198,464,942,733,1728,961,2692,1419,2247,1052,955,6723,8959,4227,7865,57845,38651,9920,2644,35232,10,9,4,1
2021-04-10T23:59:59+02:00,0,2,832,1024,1596,2508,2325,4189,3986,7776,6729,9213,8377,8926,12914,16164,4563,8503,146,198,462,939,727,1725,961,2685,1410,2240,1039,939,6253,8460,4212,7849,54511,37584,9919,2642,35184,10,9,4,1
2021-04-09T23:59:59+02:00,0,2,810,995,1556,2460,2258,4109,3833,7617,6383,8882,7856,8268,12098,15138,4493,8366,144,197,460,934,721,1718,953,2675,1395,2230,1017,918,6011,8190,4195,7822,50539,36923,9912,2638,34660,10,9,4,1
2021-04-08T23:59:59+02:00,0,2,801,985,1529,2436,2192,4060,3699,7530,6129,8582,7243,7613,11938,14938,4482,8349,144,194,455,931,716,1711,945,2665,1388,2217,1005,916,6008,8188,4194,7822,50506,36903,9888,2577,32101,10,9,4,1
2021-04-07T23:59:59+02:00,0,2,795,976,1503,2418,2134,4022,3612,7460,5898,8316,6690,6981,11331,14189,4470,8322,125,187,424,884,670,1642,889,2595,1338,2148,985,900,6000,8182,4193,7822,50479,36879,8730,2087,29898,10,8,4,1
2021-04-06T23:59:59+02:00,0,2,790,974,1489,2410,2105,4000,3539,7411,5717,8144,6244,6473,11130,13973,4455,8294,101,166,375,822,625,1567,845,2495,1286,2084,961,884,5982,8169,4191,7818,50409,36852,8546,1502,28184,10,7,4,1
2021-04-05T23:59:59+02:00,0,2,785,970,1473,2402,2081,3991,3488,7385,5574,8034,6040,6259,11063,13887,4449,8284,95,164,374,820,618,1558,837,2480,1273,2065,933,853,4889,6768,4112,7712,50211,34042,8542,1492,27403,10,7,4,1
2021-04-04T23:59:59+02:00,0,2,783,964,1471,2400,2077,3989,3471,7378,5564,8027,6029,6239,11049,13869,4447,8281,95,164,372,818,615,1553,830,2473,1258,2046,910,831,3887,5607,4046,7606,50196,31602,8540,1492,27293,10,7,4,1
2021-04-03T23:59:59+02:00,0,2,731,909,1389,2331,1954,3850,3210,7118,5104,7534,5686,5784,10878,13652,4421,8252,93,164,372,817,615,1551,829,2473,1258,2046,910,831,3887,5604,4046,7605,46963,31592,8540,1492,27291,10,7,4,1
2021-04-02T23:59:59+02:00,0,2,688,874,1334,2263,1856,3736,2956,6859,4589,7056,5296,5325,10781,13489,4416,8246,92,164,372,817,615,1551,827,2473,1256,2045,908,827,3884,5601,4045,7605,44043,31575,8539,1491,27174,10,6,4,1
2021-04-01T23:59:59+02:00,0,2,685,872,1323,2257,1836,3728,2927,6845,4515,6983,5187,5216,10742,13440,4415,8242,92,164,370,813,613,1548,827,2470,1252,2041,898,826,3880,5599,4044,7604,44026,31566,8395,1459,26784,10,6,4,1
2021-03-31T23:59:59+02:00,0,2,683,870,1316,2241,1828,3718,2899,6817,4452,6937,5048,5055,10233,12833,4411,8234,92,164,369,813,613,1548,827,2470,1250,2041,897,826,3880,5598,4044,7603,44014,31560,7268,1459,26286,10,6,3,1
2021-03-30T23:59:59+02:00,0,2,674,867,1298,2221,1798,3689,2862,6782,4366,6847,4882,4861,9708,12134,4404,8219,87,161,368,809,608,1546,822,2464,1242,2039,886,816,3872,5595,4043,7602,43987,31539,6083,1406,25535,9,6,3,1
2021-03-29T23:59:59+02:00,0,2,669,859,1285,2186,1781,3658,2831,6740,4294,6762,4683,4663,9622,12040,4401,8205,87,161,368,807,603,1542,820,2458,1238,2032,878,810,3864,5588,4043,7602,43918,31526,5866,1361,24888,8,6,3,1
2021-03-28T23:59:59+02:00,0,2,666,857,1282,2183,1766,3648,2816,6728,4260,6709,4587,4553,9585,11976,4396,8198,87,161,368,806,603,1542,818,2458,1236,2032,877,810,3863,5588,4043,7602,43896,31524,5857,1356,24450,8,6,3,1
2021-03-27T23:59:59+01:00,0,2,662,852,1273,2178,1750,3632,2788,6698,4097,6566,4011,4100,9356,11729,4383,8179,87,161,366,804,601,1540,816,2455,1228,2026,873,806,3685,5298,3942,7433,41954,30751,5853,1356,24440,8,6,3,1
2021-03-26T23:59:59+01:00,0,2,656,843,1265,2168,1729,3615,2763,6676,4022,6488,3606,3735,8759,11171,4370,8165,87,161,365,803,600,1537,812,2452,1219,2022,860,793,2968,4358,3733,7090,40022,28490,5840,1356,24162,8,6,3,1
2021-03-25T23:59:59+01:00,0,2,649,838,1252,2154,1710,3591,2704,6637,3939,6410,3431,3517,8649,11061,4365,8159,87,161,365,803,600,1536,812,2451,1217,2022,860,793,2967,4357,3732,7089,40009,28482,5733,1356,23317,8,6,3,1
2021-03-24T23:59:59+01:00,0,2,643,831,1219,2128,1665,3546,2626,6569,3782,6261,3114,3156,8242,10511,4356,8147,83,159,353,790,583,1518,779,2417,1168,1990,827,756,2958,4351,3732,7086,39987,28182,4976,1355,21826,7,6,3,1
2021-03-23T23:59:59+01:00,0,2,630,823,1194,2096,1623,3499,2545,6489,3633,6107,2734,2771,8026,10292,4349,8130,78,155,341,768,548,1487,718,2354,1067,1910,744,696,2922,4317,3728,7082,39944,27554,4686,1348,20305,7,6,2,1
2021-03-22T23:59:59+01:00,0,2,607,710,1157,2041,1590,3444,2492,6419,3493,5977,2492,2533,7696,9937,4333,8094,78,154,341,768,548,1485,716,2352,1064,1910,742,692,2918,4312,3727,7079,39476,27525,4364,1348,19169,7,6,2,1
2021-03-21T23:59:59+01:00,0,2,606,707,1151,2033,1579,3434,2475,6404,3455,5943,2350,2369,7603,9825,4325,8080,78,154,341,767,548,1485,716,2352,1064,1910,742,692,2918,4311,3727,7079,39472,27523,4350,1348,18511,7,6,2,1
2021-03-20T23:59:59+01:00,0,2,605,707,1149,2027,1572,3427,2469,6397,3438,5921,2318,2331,7113,9307,4309,8064,78,154,341,767,547,1485,714,2351,1064,1908,742,692,2918,4309,3725,7077,38433,27511,4338,1348,18377,7,6,2,1
2021-03-19T23:59:59+01:00,0,2,598,700,1135,2011,1537,3403,2399,6257,3375,5813,2136,2148,6805,8988,4290,8039,78,154,340,761,543,1482,709,2343,1055,1895,733,685,2494,3707,3311,6331,37828,25265,4322,1348,17478,2,6,2,1
2021-03-18T23:59:59+01:00,0,2,583,684,1115,1981,1510,3373,2359,6189,3301,5724,1984,1952,6686,8869,4284,8028,77,154,340,759,542,1482,708,2339,1051,1894,726,682,2444,3635,3284,6289,37808,25073,4311,1326,16498,2,5,2,1
2021-03-17T23:59:59+01:00,0,1,553,655,1070,1925,1473,3289,2282,6072,3149,5569,1729,1686,6521,8716,4274,8013,76,150,328,732,526,1438,686,2281,1013,1853,709,663,2204,3340,3203,6165,37736,24106,3786,1254,15448,2,5,2,1
2021-03-16T23:59:59+01:00,0,1,509,626,1030,1869,1422,3185,2217,5918,3033,5435,1533,1464,6387,8569,4264,7992,70,136,307,676,496,1361,657,2146,984,1725,660,613,2093,3206,3180,6081,37681,23362,3167,1023,14600,2,4,2,1
2021-03-15T23:59:59+01:00,0,1,497,615,1000,1823,1388,3117,2187,5833,2946,5351,1408,1330,5809,7882,4225,7929,67,129,293,618,481,1241,619,2016,944,1612,632,593,2056,3167,3167,6021,36449,22965,2813,689,14077,2,0,2,1
2021-03-14T23:59:59+01:00,0,1,492,609,990,1811,1385,3100,2171,5815,2912,5324,1365,1280,5417,7435,4202,7911,66,124,289,595,475,1214,613,1960,934,1587,632,593,2056,3167,3166,6019,35634,22959,2808,529,13776,2,0,2,1
2021-03-13T23:59:59+01:00,0,1,471,591,953,1764,1332,3036,1916,5228,2672,4910,1260,1167,4768,6588,4153,7836,66,124,288,592,473,1212,611,1958,933,1583,630,589,1695,2687,2644,5265,33966,20819,2804,529,11874,2,0,2,1
2021-03-12T23:59:59+01:00,0,1,455,570,933,1723,1302,2955,1713,4440,2467,4461,1190,1084,4072,5789,4106,7754,66,122,287,588,473,1209,609,1950,928,1577,627,582,1374,2147,2110,4473,32294,18592,2801,529,9918,1,0,2,1
2021-03-11T23:59:59+01:00,0,1,451,563,925,1711,1287,2938,1688,4405,2431,4425,1116,1029,4030,5753,4103,7750,66,114,281,566,459,1157,600,1901,909,1541,615,569,1368,2130,2101,4424,32261,18343,2706,457,9637,1,0,2,1
2021-03-10T23:59:59+01:00,0,1,430,552,879,1653,1233,2861,1615,4308,2365,4332,1083,1006,4014,5738,4102,7748,66,114,279,562,456,1150,595,1878,909,1536,609,561,1307,2044,2058,4368,32246,18059,2140,432,9532,1,0,2,1
2021-03-09T23:59:59+01:00,0,1,408,536,831,1603,1192,2798,1573,4225,2322,4279,1063,995,4008,5731,4101,7746,64,113,278,561,455,1139,593,1866,903,1531,607,555,1102,1735,1943,4196,32199,17235,1691,405,9520,1,0,2,1
2021-03-08T23:59:59+01:00,0,1,401,525,821,1589,1183,2782,1565,4200,2311,4266,1050,984,3971,5684,4099,7741,63,113,274,556,451,1133,592,1862,899,1529,607,555,1033,1644,1898,4154,32071,16981,1595,381,9505,1,0,2,1
2021-03-07T23:59:59+01:00,0,1,400,522,821,1588,1181,2780,1561,4194,2301,4261,1044,976,3965,5678,4098,7740,60,110,265,534,439,1107,577,1762,864,1454,606,555,929,1515,1848,4086,32055,16623,1556,88,9498,0,0,2,1
2021-03-06T23:59:59+01:00,0,1,392,506,802,1555,1158,2722,1520,4127,2108,3764,1015,939,3792,5407,4001,7579,60,110,265,534,439,1106,577,1762,864,1454,606,555,926,1514,1845,4085,31348,16614,1556,88,8482,0,0,2,1
2021-03-05T23:59:59+01:00,0,1,377,466,769,1451,1108,2505,1445,3914,1895,3094,985,894,3047,4447,3797,7240,60,109,264,531,436,1100,576,1757,860,1451,603,553,887,1455,1822,4047,29051,16423,1555,88,6827,0,0,2,1
2021-03-04T23:59:59+01:00,0,1,362,458,762,1431,1095,2482,1426,3885,1872,3075,972,890,3043,4443,3794,7238,60,108,261,528,432,1084,566,1735,859,1443,601,551,850,1401,1799,4011,29038,16264,1517,25,6672,0,0,2,1
2021-03-03T23:59:59+01:00,0,1,351,426,743,1380,1064,2399,1376,3731,1794,2978,939,846,3033,4437,3794,7235,59,107,258,526,431,1080,564,1726,856,1439,601,550,830,1348,1714,3866,28725,15932,1517,23,6283,0,0,2,1
2021-03-02T23:59:59+01:00,0,1,345,417,727,1356,1016,2354,1307,3647,1678,2882,851,780,2991,4400,3788,7229,59,107,257,522,430,1072,564,1720,856,1435,600,550,830,1348,1714,3866,28087,15907,1454,23,6226,0,0,2,1
2021-03-01T23:59:59+01:00,0,1,341,403,720,1309,1003,2296,1287,3564,1652,2834,833,771,2983,4390,3788,7229,59,106,256,518,425,1058,560,1707,847,1427,599,548,734,1196,1660,3786,28047,15463,1405,23,5950,0,0,2,1
2021-02-28T23:59:59+01:00,0,1,336,390,712,1270,990,2219,1275,3477,1629,2755,829,761,2981,4386,3787,7227,59,106,256,518,425,1057,560,1707,845,1427,599,547,637,1071,1614,3706,28034,15112,1402,22,5587,0,0,2,1
2021-02-27T23:59:59+01:00,0,1,327,370,698,1246,970,2182,1240,3408,1606,2702,812,746,2978,4386,3786,7227,59,106,256,518,425,1057,559,1707,843,1427,599,547,637,1070,1614,3706,28032,15108,1402,22,5249,0,0,2,1
2021-02-26T23:59:59+01:00,0,1,302,318,650,1181,906,2065,1150,3242,1502,2563,783,723,2549,3781,3369,6461,59,106,253,516,425,1055,557,1705,840,1421,595,545,630,1058,1605,3687,25769,15035,1402,22,4373,0,0,2,1
2021-02-25T23:59:59+01:00,0,1,297,305,637,1149,885,2023,1131,3176,1484,2518,780,720,2503,3708,3339,6417,57,104,249,508,425,1051,552,1695,837,1410,589,542,554,950,1561,3631,25549,14695,1402,20,4120,0,0,2,1
2021-02-24T23:59:59+01:00,0,1,278,295,586,1103,838,1956,1073,3081,1440,2460,763,701,2264,3408,3257,6289,56,100,245,501,419,1033,543,1673,834,1390,582,530,541,930,1550,3609,24571,14522,1402,14,3818,0,0,2,1
2021-02-23T23:59:59+01:00,0,1,265,274,558,1046,801,1879,1005,2931,1368,2358,712,651,2153,3273,3234,6200,56,98,243,495,419,1017,533,1641,826,1368,573,523,526,883,1538,3563,23783,14288,1397,14,3527,0,0,2,1
2021-02-22T23:59:59+01:00,0,1,261,268,546,984,781,1803,979,2836,1332,2298,688,630,2126,3238,3226,6143,56,97,237,489,417,1004,524,1624,822,1343,559,511,508,858,1532,3513,23390,14080,1397,14,3351,0,0,2,1
2021-02-21T23:59:59+01:00,0,1,258,260,537,959,768,1766,971,2788,1302,2272,688,628,2124,3238,3225,6142,56,97,236,489,417,1004,524,1624,822,1342,559,510,508,858,1532,3512,23384,14076,1397,14,3144,0,0,2,1
2021-02-20T23:59:59+01:00,0,1,174,229,466,910,700,1689,901,2699,1217,2172,673,613,1756,2724,2676,5348,56,97,236,489,417,1004,524,1623,822,1342,559,510,508,858,1532,3512,21133,14075,1397,14,2416,0,0,2,1
2021-02-19T23:59:59+01:00,0,1,83,167,356,829,574,1557,768,2550,1082,2021,657,592,1454,2212,2141,4559,56,97,236,489,417,1003,524,1623,822,1342,559,510,502,856,1531,3506,18952,14059,1397,14,1252,0,0,2,1
2021-02-18T23:59:59+01:00,0,1,80,162,344,779,553,1468,735,2410,1049,1954,642,583,1445,2194,2132,4510,53,90,231,467,403,938,509,1543,803,1269,545,496,496,838,1530,3489,18715,13686,1373,14,951,0,0,2,1
2021-02-17T23:59:59+01:00,0,1,79,154,330,756,544,1435,706,2317,1012,1855,636,573,1387,2107,2086,4461,53,87,229,458,395,900,498,1478,784,1187,532,485,494,836,1530,3489,18457,13421,1300,14,680,0,0,2,1
2021-02-16T23:59:59+01:00,0,1,74,148,315,717,516,1363,674,2209,987,1750,626,566,1143,1763,1968,4284,52,78,228,453,389,870,485,1413,758,1120,511,472,492,836,1527,3488,17551,13170,1062,2,489,0,0,2,1
2021-02-15T23:59:59+01:00,0,1,69,132,289,614,481,1222,619,1996,937,1591,617,564,1060,1657,1918,4222,52,78,226,448,385,864,484,1409,755,1113,511,472,491,833,1526,3485,17227,13132,724,0,36,0,0,2,1
2021-02-14T23:59:59+01:00,0,1,68,125,284,589,476,1193,608,1942,923,1569,617,564,963,1534,1873,4166,52,78,226,448,385,864,484,1407,755,1113,511,472,491,833,1526,3485,16903,13130,569,0,21,0,0,2,1
2021-02-13T23:59:59+01:00,0,1,68,124,284,588,475,1189,607,1940,921,1566,616,563,962,1525,1869,4163,52,78,226,447,383,859,483,1402,753,1112,509,470,474,795,1271,3027,16869,12341,569,0,21,0,0,2,1
2021-02-12T23:59:59+01:00,0,1,67,124,283,587,471,1185,607,1936,918,1565,613,562,923,1474,1849,4123,52,78,226,443,380,850,478,1394,747,1105,502,462,456,756,924,2336,16699,11189,569,0,18,0,0,2,1
2021-02-11T23:59:59+01:00,0,1,67,117,281,576,458,1158,601,1910,911,1553,612,561,881,1416,1827,4085,52,75,211,413,366,803,462,1321,732,1073,499,461,456,756,923,2335,16522,10939,486,0,5,0,0,2,0
2021-02-10T23:59:59+01:00,0,1,66,117,277,573,456,1153,597,1894,906,1549,612,561,872,1400,1806,4042,51,65,177,336,312,701,412,1149,653,979,464,449,451,755,923,2334,16421,10212,458,0,1,0,0,2,0
2021-02-09T23:59:59+01:00,0,1,64,115,271,570,453,1140,596,1880,899,1543,611,560,860,1365,1741,3939,43,53,124,258,236,550,331,947,552,827,429,438,447,754,921,2334,16177,9245,429,0,0,0,0,2,0
2021-02-08T23:59:59+01:00,0,1,63,115,268,561,450,1133,595,1865,892,1535,609,557,759,1215,1687,3857,38,43,86,168,173,413,266,709,493,692,421,432,443,751,920,2334,15756,8383,404,0,0,0,0,2,0
2021-02-07T23:59:59+01:00,0,1,60,112,259,538,435,1102,579,1762,857,1456,608,556,656,1088,1640,3774,37,42,82,166,170,406,261,696,488,681,419,431,443,751,920,2333,15386,8327,95,0,0,0,0,2,0
2021-02-06T23:59:59+01:00,0,1,60,112,258,538,435,1102,577,1761,854,1453,605,554,654,1079,1634,3767,34,41,81,163,167,396,257,688,477,673,411,430,407,703,687,1952,15347,7568,95,0,0,0,0,2,0
2021-02-05T23:59:59+01:00,0,1,60,112,256,535,435,1100,576,1760,852,1451,603,554,644,1072,1628,3756,32,39,77,157,162,388,249,669,460,663,405,430,401,678,299,1330,15298,6440,95,0,0,0,0,2,0
2021-02-04T23:59:59+01:00,0,1,58,110,251,528,429,1084,560,1733,848,1437,596,545,560,955,1580,3698,31,36,73,152,156,377,235,647,443,649,400,424,396,671,297,1325,14944,6313,27,0,0,0,0,2,0
2021-02-03T23:59:59+01:00,0,1,57,105,247,521,428,1064,557,1717,846,1422,592,535,550,945,1577,3685,24,28,59,120,123,278,172,507,334,499,298,324,321,528,226,1062,14822,4904,25,0,0,0,0,2,0
2021-02-02T23:59:59+01:00,0,1,57,103,244,516,428,1046,545,1684,837,1398,579,525,539,900,1567,3640,17,21,40,79,87,184,121,342,219,360,210,216,205,333,162,705,14583,3302,25,0,0,0,0,1,0
2021-02-01T23:59:59+01:00,0,1,57,101,240,508,426,1030,537,1663,833,1375,572,519,522,871,1559,3596,7,11,20,42,48,96,65,168,95,163,99,100,85,156,70,310,14384,1535,25,0,0,0,0,1,0
2021-01-31T23:59:59+01:00,0,1,57,101,239,507,424,1026,535,1658,831,1372,572,518,522,871,1559,3595,7,11,18,38,43,82,61,142,82,147,95,100,84,155,68,308,14362,1441,25,0,0,0,0,1,0
2021-01-30T23:59:59+01:00,0,1,57,101,239,507,424,1026,535,1658,831,1372,572,518,522,871,1559,3595,7,11,18,38,43,82,61,142,82,147,95,99,84,155,68,308,14362,1440,25,0,0,0,0,1,0
2021-01-29T23:59:59+01:00,0,1,57,101,239,507,424,1026,535,1658,831,1372,572,518,522,871,1559,3595,7,11,18,38,43,82,61,142,82,147,95,99,84,155,68,308,14362,1440,25,0,0,0,0,1,0
2021-01-28T23:59:59+01:00,0,1,55,93,235,479,412,960,517,1572,809,1290,559,504,516,854,1557,3582,3,2,4,6,11,14,19,34,21,30,15,21,19,34,17,91,13975,341,19,0,0,0,0,1,0
2021-01-27T23:59:59+01:00,0,1,53,89,235,469,404,921,507,1506,789,1207,547,492,514,852,1557,3582,3,2,4,6,9,14,19,33,21,29,15,20,19,34,17,91,13707,336,17,0,0,0,0,1,0
2021-01-26T23:59:59+01:00,0,1,52,83,231,466,397,892,496,1439,764,1140,525,479,512,852,1557,3582,1,2,4,6,9,13,17,29,17,24,13,18,17,32,17,84,13451,303,16,0,0,0,0,1,0
2021-01-25T23:59:59+01:00,0,1,52,83,228,461,394,887,496,1436,762,1135,525,479,512,851,1557,3580,0,0,0,0,0,0,0,0,0,0,1,1,0,2,0,0,13423,4,15,0,0,0,0,1,0
2021-01-24T23:59:59+01:00,0,1,52,83,228,461,394,887,496,1435,762,1135,525,479,512,851,1557,3580,0,0,0,0,0,0,0,0,0,0,1,1,0,2,0,0,13422,4,15,0,0,0,0,1,0
2021-01-23T23:59:59+01:00,0,1,52,83,228,460,393,883,496,1429,761,1133,522,477,495,813,1304,3112,0,0,0,0,0,0,0,0,0,0,1,1,0,2,0,0,12626,4,15,0,0,0,0,1,0
2021-01-22T23:59:59+01:00,0,1,52,83,227,456,389,873,491,1420,756,1125,516,469,478,772,945,2397,0,0,0,0,0,0,0,0,0,0,1,1,0,2,0,0,11435,4,15,0,0,0,0,0,0
2021-01-21T23:59:59+01:00,0,1,52,80,209,423,362,817,464,1321,730,1091,512,469,478,772,944,2396,0,0,0,0,0,0,0,0,0,0,1,1,0,2,0,0,11106,4,15,0,0,0,0,0,0
2021-01-20T23:59:59+01:00,0,1,50,70,181,352,321,732,422,1167,660,1000,476,458,473,772,944,2395,0,0,0,0,0,0,0,0,0,0,1,1,0,2,0,0,10459,4,15,0,0,0,0,0,0
2021-01-19T23:59:59+01:00,0,1,44,57,135,275,248,573,345,985,570,860,441,446,469,770,944,2395,0,0,0,0,0,0,0,0,0,0,1,0,0,2,0,0,9551,3,7,0,0,0,0,0,0
2021-01-18T23:59:59+01:00,0,1,40,44,86,175,179,423,277,722,499,703,432,439,466,765,942,2395,0,0,0,0,0,0,0,0,0,0,0,0,0,1,0,0,8588,1,0,0,0,0,0,0,0
2021-01-17T23:59:59+01:00,0,1,37,43,83,171,175,415,273,711,494,690,430,439,466,765,942,2394,0,0,0,0,0,0,0,0,0,0,0,0,0,0,0,0,8529,0,0,0,0,0,0,0,0
2021-01-16T23:59:59+01:00,0,1,34,42,81,169,171,406,266,704,479,682,422,438,427,718,702,2010,0,0,0,0,0,0,0,0,0,0,0,0,0,0,0,0,7752,0,0,0,0,0,0,0,0
2021-01-15T23:59:59+01:00,0,1,32,40,78,162,168,400,259,687,465,674,416,437,422,694,308,1379,0,0,0,0,0,0,0,0,0,0,0,0,0,0,0,0,6622,0,0,0,0,0,0,0,0
2021-01-14T23:59:59+01:00,0,1,32,38,77,158,163,395,252,676,454,666,413,435,422,693,308,1379,0,0,0,0,0,0,0,0,0,0,0,0,0,0,0,0,6562,0,0,0,0,0,0,0,0
2021-01-13T23:59:59+01:00,0,0,24,31,61,125,128,300,192,543,346,523,316,334,348,549,237,1110,0,0,0,0,0,0,0,0,0,0,0,0,0,0,0,0,5167,0,0,0,0,0,0,0,0
2021-01-12T23:59:59+01:00,0,0,17,24,45,87,93,212,139,392,236,387,226,229,227,353,171,753,0,0,0,0,0,0,0,0,0,0,0,0,0,0,0,0,3591,0,0,0,0,0,0,0,0
2021-01-11T23:59:59+01:00,0,0,9,15,26,46,62,136,88,220,124,205,113,108,99,169,78,331,0,0,0,0,0,0,0,0,0,0,0,0,0,0,0,0,1829,0,0,0,0,0,0,0,0
2021-01-10T23:59:59+01:00,0,0,8,15,22,43,55,108,80,179,105,172,107,105,95,167,75,331,0,0,0,0,0,0,0,0,0,0,0,0,0,0,0,0,1667,0,0,0,0,0,0,0,0
2021-01-09T23:59:59+01:00,0,0,8,15,22,43,55,108,80,179,105,172,107,104,95,167,75,331,0,0,0,0,0,0,0,0,0,0,0,0,0,0,0,0,1666,0,0,0,0,0,0,0,0
2021-01-08T23:59:59+01:00,0,0,8,14,21,42,52,101,75,168,99,169,104,100,90,158,73,323,0,0,0,0,0,0,0,0,0,0,0,0,0,0,0,0,1597,0,0,0,0,0,0,0,0
2021-01-07T23:59:59+01:00,0,0,3,3,4,7,11,15,20,34,23,34,17,21,20,34,19,95,0,0,0,0,0,0,0,0,0,0,0,0,0,0,0,0,360,0,0,0,0,0,0,0,0
2021-01-06T23:59:59+01:00,0,0,3,2,4,6,9,14,20,33,21,31,17,20,20,34,19,94,0,0,0,0,0,0,0,0,0,0,0,0,0,0,0,0,347,0,0,0,0,0,0,0,0
2021-01-05T23:59:59+01:00,0,0,3,2,4,6,9,14,20,33,21,31,17,20,20,34,19,94,0,0,0,0,0,0,0,0,0,0,0,0,0,0,0,0,347,0,0,0,0,0,0,0,0
2021-01-04T23:59:59+01:00,0,0,0,0,0,0,0,0,1,0,0,0,1,1,0,2,0,0,0,0,0,0,0,0,0,0,0,0,0,0,0,0,0,0,5,0,0,0,0,0,0,0,0
2021-01-03T23:59:59+01:00,0,0,0,0,0,0,0,0,1,0,0,0,1,1,0,2,0,0,0,0,0,0,0,0,0,0,0,0,0,0,0,0,0,0,5,0,0,0,0,0,0,0,0
2021-01-02T23:59:59+01:00,0,0,0,0,0,0,0,0,1,0,0,0,1,1,0,2,0,0,0,0,0,0,0,0,0,0,0,0,0,0,0,0,0,0,5,0,0,0,0,0,0,0,0
2021-01-01T23:59:59+01:00,0,0,0,0,0,0,0,0,1,0,0,0,1,1,0,2,0,0,0,0,0,0,0,0,0,0,0,0,0,0,0,0,0,0,5,0,0,0,0,0,0,0,0
2020-12-31T23:59:59+01:00,0,0,0,0,0,0,0,0,1,0,0,0,1,1,0,2,0,0,0,0,0,0,0,0,0,0,0,0,0,0,0,0,0,0,5,0,0,0,0,0,0,0,0
2020-12-30T23:59:59+01:00,0,0,0,0,0,0,0,0,1,0,0,0,1,1,0,2,0,0,0,0,0,0,0,0,0,0,0,0,0,0,0,0,0,0,5,0,0,0,0,0,0,0,0
2020-12-29T23:59:59+01:00,0,0,0,0,0,0,0,0,1,0,0,0,1,0,0,2,0,0,0,0,0,0,0,0,0,0,0,0,0,0,0,0,0,0,4,0,0,0,0,0,0,0,0
2020-12-28T23:59:59+01:00,0,0,0,0,0,0,0,0,0,0,0,0,1,0,0,1,0,0,0,0,0,0,0,0,0,0,0,0,0,0,0,0,0,0,2,0,0,0,0,0,0,0,0
2020-12-27T23:59:59+01:00,0,0,0,0,0,0,0,0,0,0,0,0,0,0,0,0,0,0,0,0,0,0,0,0,0,0,0,0,0,0,0,0,0,0,0,0,0,0,0,0,0,0,0
