Datum,<15_1_m,<15_1_w,15-24_1_m,15-24_1_w,25-34_1_m,25-34_1_w,35-44_1_m,35-44_1_w,45-54_1_m,45-54_1_w,55-64_1_m,55-64_1_w,65-74_1_m,65-74_1_w,75-84_1_m,75-84_1_w,>84_1_m,>84_1_w,<15_2_m,<15_2_w,15-24_2_m,15-24_2_w,25-34_2_m,25-34_2_w,35-44_2_m,35-44_2_w,45-54_2_m,45-54_2_w,55-64_2_m,55-64_2_w,65-74_2_m,65-74_2_w,75-84_2_m,75-84_2_w,>84_2_m,>84_2_w,bp_1,bp_2,mo_1,mo_2,az_1,az_2,ja,unb_1,unb_2
2021-11-21T23:59:59+01:00,3051,2849,18580,17187,21287,19567,23817,23719,30065,30794,35942,36588,26435,29372,17866,22820,5411,10265,2093,1900,14997,14118,18139,16706,21135,21027,27374,28175,33768,34433,25577,28385,17337,22118,5227,9838,277111,247568,33210,31209,46625,44920,18615,86,35
2021-11-20T23:59:59+01:00,3016,2816,18480,17113,21205,19483,23722,23648,29999,30753,35913,36551,26418,29350,17861,22816,5410,10262,2091,1892,14965,14096,18085,16681,21113,21005,27353,28150,33747,34419,25566,28378,17335,22113,5227,9837,276313,247276,33209,31208,46625,44919,18615,86,35
2021-11-19T23:59:59+01:00,2946,2767,18321,16965,21080,19365,23616,23535,29894,30656,35841,36473,26391,29319,17850,22797,5409,10255,2066,1862,14820,13998,17970,16585,21022,20930,27241,28074,33680,34364,25553,28361,17324,22105,5227,9835,275015,246284,33177,31170,46625,44919,18609,86,35
2021-11-18T23:59:59+01:00,2897,2722,18206,16877,20948,19254,23535,23451,29820,30574,35767,36395,26363,29280,17830,22773,5403,10251,2049,1843,14755,13943,17902,16536,20965,20882,27196,28017,33622,34322,25538,28337,17315,22087,5224,9831,273977,245735,33135,31120,46625,44919,18555,86,35
2021-11-17T23:59:59+01:00,2852,2675,18101,16779,20850,19146,23443,23348,29744,30500,35706,36325,26315,29233,17814,22744,5398,10242,2033,1829,14705,13899,17858,16485,20921,20848,27152,27978,33580,34290,25517,28311,17307,22068,5221,9816,272893,245236,33115,31097,46622,44919,18531,86,35
2021-11-16T23:59:59+01:00,2809,2649,17978,16680,20732,19036,23333,23256,29663,30431,35639,36259,26285,29189,17793,22709,5395,10237,2017,1818,14670,13855,17818,16443,20880,20815,27125,27927,33538,34249,25501,28303,17297,22056,5220,9807,271787,244797,33093,31071,46622,44919,18517,86,35
2021-11-15T23:59:59+01:00,2787,2618,17895,16606,20641,18959,23271,23188,29598,30353,35586,36206,26267,29163,17780,22700,5394,10230,2008,1810,14622,13834,17786,16422,20864,20783,27094,27888,33520,34223,25490,28282,17290,22043,5211,9779,270983,244439,33087,31057,46619,44919,18499,86,35
2021-11-14T23:59:59+01:00,2768,2586,17847,16581,20590,18910,23229,23145,29563,30313,35563,36166,26255,29148,17776,22692,5391,10225,2004,1805,14599,13817,17761,16405,20846,20769,27073,27858,33499,34208,25480,28276,17284,22039,5208,9775,270534,244239,33085,31057,46617,44918,18457,86,35
2021-11-13T23:59:59+01:00,2718,2534,17633,16438,20398,18771,23115,23037,29445,30227,35487,36093,26242,29131,17768,22680,5389,10223,1999,1798,14566,13802,17733,16379,20817,20747,27049,27842,33475,34185,25472,28268,17280,22034,5208,9775,269118,243964,33084,31057,46617,44918,18455,86,35
2021-11-12T23:59:59+01:00,2658,2467,17351,16203,20177,18577,22952,22894,29282,30075,35364,35990,26217,29102,17753,22654,5383,10218,1991,1779,14483,13739,17641,16305,20735,20703,26975,27776,33436,34140,25467,28252,17279,22025,5208,9772,267177,243291,33032,31026,46616,44917,18437,86,35
2021-11-11T23:59:59+01:00,2596,2411,17156,16041,20016,18440,22804,22748,29146,29960,35291,35896,26179,29063,17735,22637,5380,10209,1976,1758,14406,13680,17573,16241,20665,20639,26912,27720,33383,34099,25449,28226,17274,22013,5204,9769,265723,242722,32954,30954,46616,44916,18360,86,35
2021-11-10T23:59:59+01:00,2547,2375,17025,15922,19869,18325,22700,22645,29045,29877,35221,35823,26153,29030,17726,22619,5376,10197,1967,1746,14370,13625,17527,16201,20620,20587,26862,27666,33344,34062,25422,28197,17258,22004,5204,9766,264558,242227,32921,30924,46615,44916,18326,86,35
2021-11-09T23:59:59+01:00,2528,2345,16911,15806,19763,18223,22589,22547,28967,29805,35153,35759,26131,29003,17712,22604,5374,10191,1960,1732,14344,13589,17502,16177,20594,20562,26830,27633,33309,34033,25410,28182,17250,21995,5204,9760,263532,241917,32898,30887,46615,44916,18311,86,35
2021-11-08T23:59:59+01:00,2423,2225,16679,15616,19638,18112,22483,22456,28873,29725,35076,35699,26106,28983,17699,22590,5372,10186,1949,1726,14296,13543,17476,16141,20570,20526,26800,27602,33282,34000,25398,28163,17248,21987,5200,9758,262104,241575,32897,30864,46609,44915,18276,86,35
2021-11-07T23:59:59+01:00,2409,2209,16632,15580,19579,18064,22437,22418,28831,29698,35038,35669,26097,28974,17693,22584,5372,10184,1938,1720,14278,13516,17457,16114,20551,20506,26789,27583,33261,33984,25389,28153,17241,21980,5199,9755,261670,241358,32895,30864,46606,44915,18242,86,35
2021-11-06T23:59:59+01:00,2371,2168,16416,15396,19410,17925,22305,22319,28710,29608,34973,35614,26083,28962,17688,22580,5371,10183,1933,1718,14253,13499,17433,16096,20539,20492,26775,27572,33255,33970,25385,28149,17239,21978,5199,9754,260286,241183,32893,30864,46606,44915,18242,86,35
2021-11-05T23:59:59+01:00,2298,2100,16103,15111,19170,17699,22095,22141,28544,29458,34867,35533,26067,28942,17681,22569,5371,10181,1916,1706,14172,13420,17375,16044,20485,20446,26733,27537,33233,33951,25379,28140,17234,21967,5199,9751,258292,240770,32832,30823,46606,44915,18145,86,35
2021-11-04T23:59:59+01:00,2262,2069,15954,14969,19023,17566,21989,22027,28436,29349,34787,35484,26054,28919,17678,22561,5370,10181,1896,1686,14112,13360,17315,15977,20435,20379,26689,27479,33189,33910,25366,28122,17221,21955,5199,9742,257269,240345,32786,30774,46601,44911,17967,86,35
2021-11-03T23:59:59+01:00,2244,2045,15833,14869,18924,17488,21891,21944,28351,29287,34730,35454,26034,28897,17671,22550,5367,10178,1878,1672,14076,13321,17277,15930,20398,20348,26653,27438,33148,33880,25351,28102,17212,21937,5198,9733,256391,239914,32780,30761,46600,44911,17931,86,35
2021-11-02T23:59:59+01:00,2235,2032,15762,14800,18839,17416,21817,21888,28285,29245,34695,35420,26022,28882,17666,22548,5366,10174,1858,1660,14032,13279,17230,15901,20362,20313,26624,27413,33116,33847,25341,28087,17207,21927,5196,9727,255789,239532,32751,30746,46600,44910,17897,86,35
2021-11-01T23:59:59+01:00,2228,2019,15704,14760,18774,17383,21773,21859,28248,29224,34675,35403,26016,28881,17665,22545,5366,10173,1846,1653,13994,13256,17208,15874,20341,20299,26604,27395,33104,33840,25333,28083,17204,21918,5195,9725,255418,239316,32751,30738,46598,44909,17874,86,35
2021-10-31T23:59:59+01:00,2228,2019,15704,14760,18774,17383,21773,21859,28247,29224,34675,35403,26016,28881,17665,22545,5366,10173,1846,1653,13994,13256,17208,15873,20341,20299,26603,27395,33104,33840,25333,28083,17204,21918,5195,9725,255418,239315,32751,30738,46598,44909,17873,86,35
2021-10-30T23:59:59+02:00,2226,2016,15701,14760,18774,17383,21771,21858,28246,29224,34675,35402,26016,28880,17665,22545,5366,10173,1844,1651,13993,13256,17208,15873,20341,20299,26603,27395,33103,33840,25333,28083,17204,21918,5195,9725,255405,239309,32750,30738,46598,44909,17873,86,35
2021-10-29T23:59:59+02:00,2202,1985,15569,14657,18628,17273,21649,21771,28127,29153,34608,35361,26005,28872,17660,22543,5366,10171,1831,1638,13928,13221,17157,15826,20292,20277,26566,27370,33084,33820,25330,28079,17202,21914,5195,9722,254493,239054,32701,30701,46598,44909,17753,86,35
2021-10-28T23:59:59+02:00,2179,1956,15432,14558,18444,17157,21528,21683,28029,29080,34547,35313,25992,28860,17656,22536,5366,10169,1817,1622,13850,13147,17062,15760,20231,20222,26518,27327,33045,33794,25308,28060,17195,21905,5191,9718,253652,238658,32616,30608,46597,44906,17565,86,35
2021-10-27T23:59:59+02:00,2154,1943,15371,14499,18396,17108,21471,21655,27995,29049,34520,35293,25987,28844,17649,22533,5366,10168,1805,1608,13818,13113,17041,15740,20216,20204,26499,27292,33022,33774,25290,28039,17187,21889,5187,9716,253202,238361,32613,30604,46597,44906,17534,86,35
2021-10-26T23:59:59+02:00,2141,1919,15329,14467,18358,17073,21441,21638,27977,29029,34501,35282,25980,28840,17646,22530,5366,10168,1796,1601,13794,13075,17016,15713,20194,20183,26482,27274,33000,33761,25280,28021,17177,21870,5183,9699,252898,238055,32607,30595,46597,44906,17528,86,35
2021-10-25T23:59:59+02:00,2134,1914,15296,14449,18336,17056,21426,21629,27964,29023,34497,35277,25980,28838,17646,22530,5366,10168,1795,1601,13790,13071,17013,15711,20194,20180,26481,27273,32997,33759,25280,28021,17177,21869,5183,9699,252746,238034,32603,30591,46597,44906,17528,86,35
2021-10-24T23:59:59+02:00,2124,1908,15281,14442,18321,17046,21414,21621,27952,29010,34489,35270,25979,28833,17644,22530,5366,10168,1789,1595,13777,13052,17006,15698,20187,20171,26471,27267,32992,33751,25276,28016,17175,21868,5182,9698,252623,237918,32603,30591,46596,44906,17521,86,35
2021-10-23T23:59:59+02:00,2124,1908,15281,14442,18320,17046,21414,21620,27952,29010,34489,35270,25979,28833,17644,22530,5366,10168,1789,1595,13777,13052,17006,15698,20187,20171,26471,27267,32991,33751,25276,28016,17175,21868,5182,9698,252621,237917,32603,30591,46596,44906,17521,86,35
2021-10-22T23:59:59+02:00,2109,1891,15214,14396,18228,16986,21347,21571,27898,28963,34458,35254,25979,28829,17643,22527,5365,10167,1772,1574,13724,12988,16961,15663,20156,20147,26451,27249,32971,33734,25268,28014,17175,21865,5182,9697,252148,237597,32543,30570,46596,44906,17483,86,35
2021-10-21T23:59:59+02:00,2079,1859,15095,14312,18108,16895,21256,21511,27825,28900,34393,35215,25965,28809,17637,22517,5364,10163,1745,1557,13646,12907,16893,15613,20099,20103,26397,27203,32923,33699,25251,27995,17164,21843,5181,9692,251390,237128,32488,30469,46596,44906,17373,86,35
2021-10-20T23:59:59+02:00,2066,1848,15049,14278,18058,16858,21208,21471,27794,28874,34365,35197,25958,28796,17629,22506,5363,10158,1723,1544,13617,12874,16860,15577,20069,20072,26366,27173,32900,33666,25231,27983,17153,21833,5181,9687,250989,236751,32474,30457,46596,44906,17360,86,35
2021-10-19T23:59:59+02:00,2057,1841,15029,14248,18036,16837,21192,21456,27781,28857,34347,35185,25946,28787,17627,22503,5363,10158,1709,1526,13597,12836,16823,15540,20039,20048,26342,27149,32869,33644,25214,27966,17147,21819,5177,9681,250777,236383,32474,30456,46596,44906,17346,86,35
2021-10-18T23:59:59+02:00,2052,1834,15007,14230,18019,16817,21167,21431,27767,28845,34334,35171,25944,28781,17625,22500,5360,10157,1695,1514,13570,12805,16808,15513,20018,20023,26324,27124,32854,33624,25202,27958,17143,21811,5174,9679,250592,236123,32463,30444,46596,44904,17333,86,35
2021-10-17T23:59:59+02:00,2048,1832,14982,14220,18016,16811,21163,21425,27761,28836,34331,35166,25939,28778,17623,22500,5359,10153,1693,1508,13543,12784,16788,15497,20004,20006,26308,27112,32844,33613,25193,27950,17139,21808,5169,9670,250504,235928,32462,30443,46596,44899,17324,86,35
2021-10-16T23:59:59+02:00,2048,1831,14982,14217,18016,16811,21162,21425,27761,28836,34331,35166,25939,28778,17623,22500,5359,10153,1693,1508,13543,12784,16788,15497,20004,20006,26308,27112,32844,33613,25193,27950,17139,21808,5169,9670,250499,235928,32462,30443,46596,44899,17324,86,35
2021-10-15T23:59:59+02:00,2043,1816,14953,14184,17996,16788,21138,21411,27746,28826,34316,35160,25939,28775,17622,22496,5359,10151,1676,1486,13473,12729,16754,15464,19967,19980,26286,27087,32833,33597,25190,27947,17134,21805,5168,9669,250332,235606,32437,30408,46596,44899,17297,86,35
2021-10-14T23:59:59+02:00,2015,1799,14858,14117,17935,16734,21100,21378,27709,28795,34287,35138,25931,28767,17618,22488,5358,10145,1649,1457,13374,12634,16689,15401,19921,19910,26228,27036,32790,33561,25172,27924,17120,21786,5166,9666,249922,235076,32381,30258,46596,44899,17216,86,35
2021-10-13T23:59:59+02:00,2000,1790,14826,14074,17910,16706,21084,21360,27685,28779,34266,35125,25924,28757,17610,22480,5357,10142,1634,1445,13329,12593,16659,15366,19883,19864,26200,27010,32761,33520,25152,27903,17111,21761,5161,9660,249644,234625,32379,30254,46596,44899,17199,86,35
2021-10-12T23:59:59+02:00,1991,1785,14794,14042,17891,16680,21058,21338,27666,28758,34247,35108,25919,28751,17608,22472,5356,10140,1620,1437,13288,12546,16635,15321,19849,19829,26175,26983,32733,33497,25134,27879,17100,21739,5151,9629,249383,234168,32377,30252,46596,44899,17191,86,35
2021-10-11T23:59:59+02:00,1985,1777,14771,14029,17877,16663,21044,21326,27654,28748,34238,35094,25915,28744,17604,22467,5356,10136,1616,1426,13254,12514,16619,15293,19830,19803,26156,26956,32708,33469,25116,27858,17093,21727,5150,9619,249223,233845,32377,30252,46595,44899,17176,86,35
2021-10-10T23:59:59+02:00,1972,1764,14753,14011,17859,16648,21035,21312,27648,28743,34227,35087,25915,28740,17603,22464,5354,10136,1596,1416,13226,12489,16592,15265,19810,19783,26140,26938,32695,33454,25108,27848,17088,21724,5148,9616,249080,233592,32377,30252,46595,44895,17162,86,35
2021-10-09T23:59:59+02:00,1972,1764,14753,14011,17858,16647,21034,21312,27648,28743,34226,35086,25915,28738,17603,22464,5354,10136,1596,1416,13226,12489,16591,15265,19809,19783,26140,26937,32694,33452,25108,27846,17088,21724,5148,9616,249079,233591,32377,30251,46595,44895,17156,86,35
2021-10-08T23:59:59+02:00,1955,1749,14716,13989,17830,16622,21011,21297,27629,28729,34211,35071,25910,28737,17603,22462,5353,10134,1573,1377,13149,12401,16535,15214,19756,19743,26111,26904,32673,33431,25097,27835,17083,21719,5146,9615,248883,233084,32359,30234,46595,44895,17114,86,35
2021-10-07T23:59:59+02:00,1933,1729,14647,13916,17762,16569,20966,21236,27581,28700,34161,35041,25886,28715,17595,22450,5352,10130,1533,1344,13053,12327,16471,15143,19707,19694,26037,26852,32625,33388,25072,27813,17065,21700,5138,9598,248423,232564,32302,30074,46594,44894,16993,86,35
2021-10-06T23:59:59+02:00,1925,1711,14611,13880,17738,16541,20947,21212,27552,28668,34128,35020,25872,28702,17592,22445,5349,10127,1516,1331,13026,12286,16446,15115,19682,19668,26009,26826,32602,33358,25060,27800,17055,21688,5136,9592,248120,232248,32302,30074,46594,44894,16945,86,35
2021-10-05T23:59:59+02:00,1918,1699,14587,13842,17705,16525,20926,21190,27530,28641,34108,34993,25855,28686,17583,22434,5349,10124,1499,1316,12993,12254,16420,15097,19661,19644,25988,26799,32580,33340,25052,27791,17048,21681,5132,9587,247819,231957,32301,30074,46593,44893,16923,86,35
2021-10-04T23:59:59+02:00,1906,1694,14538,13803,17673,16497,20904,21169,27506,28617,34092,34974,25848,28669,17580,22429,5348,10120,1477,1300,12956,12217,16400,15067,19647,19620,25963,26771,32562,33312,25041,27781,17042,21674,5130,9583,247566,231670,32274,30071,46592,44892,16875,86,35
2021-10-03T23:59:59+02:00,1894,1688,14520,13774,17655,16479,20892,21159,27496,28605,34082,34965,25839,28664,17573,22421,5347,10118,1466,1290,12934,12199,16376,15049,19636,19609,25953,26758,32551,33299,25030,27770,17042,21666,5130,9583,247428,231519,32264,30067,46589,44891,16829,86,35
2021-10-02T23:59:59+02:00,1893,1688,14518,13773,17654,16478,20892,21158,27496,28605,34081,34965,25839,28663,17573,22421,5347,10118,1466,1290,12934,12198,16376,15049,19636,19609,25953,26758,32551,33299,25030,27770,17042,21666,5130,9583,247419,231518,32264,30067,46589,44891,16829,86,35
2021-10-01T23:59:59+02:00,1880,1669,14454,13709,17592,16426,20849,21116,27460,28585,34056,34946,25831,28659,17573,22415,5347,10115,1431,1253,12831,12095,16294,14992,19577,19560,25917,26723,32520,33271,25015,27755,17038,21658,5129,9581,247088,230945,32232,30057,46589,44891,16712,86,35
2021-09-30T23:59:59+02:00,1867,1649,14356,13623,17528,16368,20787,21064,27404,28527,33999,34920,25809,28642,17564,22405,5345,10112,1407,1229,12725,12020,16221,14944,19526,19507,25863,26665,32466,33243,24994,27733,17032,21646,5126,9580,246720,230635,32104,29877,46586,44882,16498,86,35
2021-09-29T23:59:59+02:00,1852,1629,14331,13598,17505,16326,20750,21034,27377,28494,33974,34897,25790,28626,17558,22395,5345,10111,1389,1216,12693,11987,16201,14916,19512,19488,25847,26647,32447,33220,24979,27720,17022,21633,5123,9576,246373,230354,32103,29877,46586,44881,16469,86,35
2021-09-28T23:59:59+02:00,1835,1620,14302,13566,17476,16292,20723,20999,27345,28471,33947,34873,25776,28606,17548,22385,5342,10105,1364,1209,12653,11956,16180,14888,19498,19462,25828,26636,32434,33199,24973,27709,17019,21627,5121,9575,246020,230097,32102,29877,46586,44880,16442,86,35
2021-09-27T23:59:59+02:00,1827,1615,14273,13541,17456,16270,20696,20976,27323,28452,33928,34851,25768,28593,17546,22377,5342,10102,1350,1198,12614,11922,16158,14866,19470,19445,25808,26614,32425,33179,24965,27696,17013,21620,5119,9574,245801,229864,32102,29877,46586,44874,16386,86,35
2021-09-26T23:59:59+02:00,1823,1610,14257,13521,17436,16253,20685,20961,27307,28437,33920,34838,25757,28588,17542,22376,5341,10101,1343,1194,12598,11902,16143,14849,19457,19433,25799,26603,32414,33168,24959,27694,17010,21616,5118,9573,245649,229733,32102,29876,46586,44874,16355,86,35
2021-09-25T23:59:59+02:00,1820,1608,14244,13505,17414,16241,20664,20950,27288,28421,33907,34830,25750,28583,17537,22373,5340,10099,1341,1192,12587,11888,16124,14838,19437,19421,25784,26586,32402,33160,24953,27689,17005,21613,5118,9571,245606,229706,32102,29876,46586,44874,16218,86,35
2021-09-24T23:59:59+02:00,1802,1584,14162,13424,17345,16192,20609,20900,27249,28377,33867,34800,25732,28572,17527,22363,5338,10095,1312,1173,12490,11784,16041,14769,19383,19360,25737,26550,32354,33131,24930,27668,16996,21601,5116,9567,245212,229187,32083,29871,46586,44874,15995,86,35
2021-09-23T23:59:59+02:00,1780,1564,14058,13325,17252,16106,20518,20823,27167,28318,33817,34740,25706,28549,17515,22344,5334,10088,1299,1164,12401,11709,15971,14702,19309,19310,25677,26493,32308,33095,24910,27649,16990,21590,5113,9561,244719,228854,31982,29833,46585,44873,15656,86,35
2021-09-22T23:59:59+02:00,1761,1551,14021,13276,17202,16064,20465,20776,27128,28271,33766,34689,25676,28522,17507,22322,5330,10084,1282,1155,12359,11663,15925,14669,19279,19281,25648,26465,32258,33060,24882,27624,16984,21576,5110,9552,244296,228532,31957,29824,46585,44871,15510,86,35
2021-09-21T23:59:59+02:00,1748,1536,13959,13222,17180,16014,20432,20737,27097,28230,33730,34668,25663,28504,17495,22298,5322,10056,1257,1132,12312,11603,15895,14641,19246,19242,25621,26437,32233,33033,24861,27607,16981,21567,5108,9541,243802,228151,31953,29774,46585,44869,15488,86,35
2021-09-20T23:59:59+02:00,1738,1529,13908,13183,17143,15973,20391,20704,27055,28192,33695,34634,25643,28477,17487,22281,5311,10029,1238,1128,12256,11567,15862,14618,19217,19216,25592,26413,32211,33009,24847,27594,16979,21559,5103,9527,243361,227847,31953,29774,46585,44869,15411,86,35
2021-09-19T23:59:59+02:00,1733,1520,13883,13157,17112,15951,20365,20685,27034,28163,33682,34620,25635,28468,17484,22278,5310,10027,1234,1117,12232,11546,15840,14598,19204,19197,25579,26401,32201,32998,24840,27589,16973,21553,5102,9527,243132,227680,31951,29773,46585,44867,15376,86,35
2021-09-18T23:59:59+02:00,1730,1516,13871,13145,17101,15944,20355,20678,27027,28159,33676,34616,25635,28468,17484,22277,5310,10027,1234,1115,12225,11538,15830,14593,19194,19194,25572,26397,32196,32996,24840,27589,16973,21553,5102,9527,243095,227660,31938,29768,46585,44867,15338,86,35
2021-09-17T23:59:59+02:00,1707,1482,13770,13031,16993,15868,20274,20607,26956,28099,33623,34572,25612,28445,17472,22266,5309,10024,1217,1098,12140,11461,15729,14516,19106,19122,25502,26328,32133,32953,24821,27569,16963,21535,5101,9523,242630,227219,31891,29756,46585,44866,14941,86,35
2021-09-16T23:59:59+02:00,1680,1444,13671,12921,16905,15772,20182,20517,26855,28013,33546,34506,25580,28412,17458,22242,5302,10003,1193,1072,12050,11382,15659,14452,19024,19043,25414,26247,32072,32898,24779,27531,16953,21522,5098,9512,242013,226751,31794,29697,46585,44864,14554,86,35
2021-09-15T23:59:59+02:00,1662,1435,13611,12868,16853,15710,20136,20466,26799,27962,33494,34450,25554,28380,17443,22213,5295,9980,1173,1056,11990,11321,15603,14401,18972,18992,25353,26197,32014,32842,24747,27498,16937,21503,5094,9501,241593,226315,31773,29681,46581,44862,14301,86,35
2021-09-14T23:59:59+02:00,1646,1424,13548,12800,16780,15658,20076,20419,26749,27905,33444,34399,25531,28361,17430,22202,5291,9975,1145,1034,11928,11259,15530,14341,18918,18947,25305,26143,31957,32790,24716,27475,16923,21487,5094,9496,241191,225922,31721,29587,46581,44862,14082,86,35
2021-09-13T23:59:59+02:00,1624,1408,13509,12763,16752,15631,20057,20394,26727,27880,33423,34375,25520,28353,17425,22191,5291,9972,1128,1019,11885,11225,15496,14319,18894,18917,25281,26115,31930,32768,24705,27464,16910,21478,5091,9495,240908,225613,31720,29585,46576,44860,14027,86,35
2021-09-12T23:59:59+02:00,1613,1405,13476,12740,16710,15615,20043,20383,26716,27861,33417,34363,25514,28346,17424,22187,5291,9969,1116,1013,11841,11205,15450,14301,18870,18896,25265,26102,31916,32754,24697,27455,16907,21474,5090,9492,240748,225398,31720,29585,46574,44859,13967,86,35
2021-09-11T23:59:59+02:00,1602,1404,13460,12728,16696,15606,20033,20380,26704,27855,33413,34359,25510,28345,17423,22186,5289,9969,1037,951,11774,11154,15434,14293,18862,18885,25252,26091,31908,32741,24695,27453,16906,21473,5090,9492,240683,225074,31699,29583,46574,44859,13940,86,35
2021-09-10T23:59:59+02:00,1563,1358,13311,12601,16624,15529,19926,20295,26622,27791,33351,34305,25470,28314,17408,22163,5283,9964,1010,926,11653,11051,15349,14210,18753,18801,25159,26034,31834,32684,24653,27422,16890,21453,5085,9487,240085,224518,31681,29572,46574,44859,13470,86,35
2021-09-09T23:59:59+02:00,1540,1337,13241,12536,16570,15479,19873,20256,26569,27724,33309,34265,25442,28296,17403,22150,5279,9957,990,902,11589,10978,15297,14158,18700,18770,25103,25993,31786,32650,24631,27407,16877,21443,5082,9476,239714,224143,31606,29532,46574,44859,13263,86,35
2021-09-08T23:59:59+02:00,1525,1320,13212,12512,16554,15455,19853,20243,26553,27712,33296,34254,25430,28288,17397,22144,5276,9954,978,886,11545,10934,15272,14140,18688,18753,25085,25969,31764,32639,24617,27392,16875,21437,5082,9474,239494,223866,31606,29532,46570,44858,13239,86,35
2021-09-07T23:59:59+02:00,1492,1302,13154,12465,16514,15423,19830,20214,26516,27691,33262,34224,25405,28270,17391,22129,5271,9948,960,877,11486,10869,15218,14087,18651,18720,25038,25924,31712,32612,24589,27369,16867,21420,5077,9472,239260,223558,31522,29417,46570,44858,13080,86,35
2021-09-06T23:59:59+02:00,1477,1294,13124,12431,16493,15400,19811,20194,26500,27676,33251,34215,25403,28258,17388,22125,5268,9948,947,867,11464,10837,15200,14055,18629,18705,25022,25904,31690,32597,24579,27357,16866,21412,5074,9472,239044,223328,31522,29406,46570,44857,13051,86,35
2021-09-05T23:59:59+02:00,1467,1286,13107,12411,16477,15384,19800,20187,26494,27667,33241,34203,25401,28255,17386,22121,5268,9948,940,862,11445,10821,15175,14039,18618,18696,25015,25897,31681,32577,24576,27346,16863,21407,5072,9471,238916,223178,31522,29406,46570,44856,13026,86,35
2021-09-04T23:59:59+02:00,1467,1286,13106,12410,16477,15384,19798,20187,26493,27667,33241,34203,25401,28255,17386,22120,5268,9948,939,862,11445,10819,15173,14039,18613,18696,25014,25895,31681,32575,24575,27346,16863,21407,5072,9471,238914,223167,31522,29405,46570,44856,13022,86,35
2021-09-03T23:59:59+02:00,1440,1270,13004,12313,16420,15329,19760,20148,26451,27640,33204,34186,25383,28244,17382,22109,5266,9947,895,828,11305,10692,15110,13965,18542,18650,24943,25846,31622,32539,24542,27318,16850,21391,5069,9467,238412,222359,31522,29401,46570,44856,12923,86,35
2021-09-02T23:59:59+02:00,1425,1263,12940,12271,16377,15296,19725,20121,26417,27606,33179,34165,25368,28232,17377,22104,5266,9943,890,822,11228,10654,15062,13930,18504,18630,24910,25824,31584,32509,24523,27297,16844,21386,5069,9465,238188,222096,31458,29359,46566,44847,12794,86,35
2021-09-01T23:59:59+02:00,1402,1248,12904,12233,16356,15276,19706,20106,26399,27586,33157,34140,25358,28221,17371,22094,5263,9939,875,800,11187,10619,15042,13902,18484,18610,24889,25802,31559,32477,24508,27283,16836,21380,5067,9463,237888,221766,31458,29357,46565,44846,12779,86,35
2021-08-31T23:59:59+02:00,1370,1226,12849,12173,16310,15240,19673,20061,26353,27537,33117,34105,25342,28200,17365,22081,5259,9935,853,775,11115,10550,14994,13841,18432,18577,24839,25748,31502,32434,24477,27267,16827,21367,5064,9456,237577,221337,31395,29328,46565,44827,12591,85,35
2021-08-30T23:59:59+02:00,1346,1211,12804,12135,16285,15218,19653,20044,26330,27520,33095,34088,25331,28190,17365,22077,5257,9933,845,764,11037,10517,14966,13820,18410,18553,24811,25732,31475,32407,24466,27252,16821,21360,5061,9453,237322,221040,31395,29328,46565,44816,12531,85,35
2021-08-29T23:59:59+02:00,1340,1205,12790,12118,16274,15209,19644,20034,26327,27511,33088,34074,25326,28184,17363,22076,5257,9933,832,755,11019,10480,14955,13803,18394,18539,24798,25722,31466,32395,24457,27240,16819,21355,5061,9453,237217,220861,31395,29328,46565,44812,12507,85,35
2021-08-28T23:59:59+02:00,1333,1191,12758,12097,16259,15197,19633,20020,26320,27501,33079,34068,25324,28179,17362,22073,5257,9932,813,730,10943,10409,14920,13770,18347,18512,24762,25689,31423,32364,24440,27227,16810,21339,5061,9450,237054,220334,31395,29328,46565,44812,12500,85,35
2021-08-27T23:59:59+02:00,1314,1176,12695,12042,16213,15149,19575,19970,26265,27451,33036,34038,25306,28168,17358,22059,5257,9929,810,725,10906,10375,14879,13743,18331,18496,24727,25665,31395,32343,24427,27216,16807,21335,5061,9449,236630,220175,31395,29327,46565,44811,12342,85,35
2021-08-26T23:59:59+02:00,1294,1160,12626,11986,16167,15106,19531,19930,26211,27393,32985,33993,25276,28139,17351,22049,5254,9925,800,710,10838,10325,14831,13699,18284,18467,24682,25627,31349,32304,24405,27199,16799,21326,5061,9445,236260,219856,31336,29312,46565,44804,12144,85,35
2021-08-25T23:59:59+02:00,1277,1145,12603,11944,16146,15080,19509,19914,26184,27375,32950,33964,25257,28121,17344,22042,5253,9922,786,697,10788,10283,14800,13670,18251,18436,24659,25608,31316,32266,24392,27182,16792,21316,5059,9442,235945,219479,31336,29312,46559,44800,12117,85,35
2021-08-24T23:59:59+02:00,1250,1127,12544,11871,16089,15036,19464,19873,26137,27330,32905,33931,25237,28097,17332,22030,5252,9917,764,677,10710,10209,14756,13630,18205,18400,24609,25557,31274,32229,24368,27155,16777,21300,5058,9441,235634,219066,31209,29272,46559,44800,11946,85,35
2021-08-23T23:59:59+02:00,1237,1114,12506,11835,16064,15017,19442,19838,26117,27294,32875,33909,25223,28084,17328,22021,5252,9914,741,661,10654,10156,14726,13592,18167,18366,24582,25527,31239,32196,24355,27135,16770,21297,5056,9440,235334,218661,31208,29272,46558,44797,11895,85,35
2021-08-22T23:59:59+02:00,1229,1107,12491,11813,16049,15001,19435,19819,26105,27283,32864,33893,25211,28078,17326,22019,5249,9914,726,652,10625,10127,14705,13575,18146,18355,24569,25509,31224,32183,24346,27124,16768,21292,5055,9439,235169,218441,31208,29272,46558,44796,11876,85,35
2021-08-21T23:59:59+02:00,1141,1035,12416,11755,16037,14989,19424,19807,26095,27272,32854,33877,25206,28074,17323,22016,5249,9914,715,646,10601,10097,14688,13571,18137,18343,24560,25503,31217,32177,24343,27124,16767,21292,5055,9439,234795,218318,31202,29272,46558,44796,11854,85,35
2021-08-20T23:59:59+02:00,1121,1019,12355,11686,15977,14934,19361,19768,26041,27239,32804,33850,25191,28063,17314,22011,5248,9912,711,640,10546,10060,14646,13535,18097,18317,24525,25484,31187,32160,24334,27117,16761,21289,5055,9438,234294,218034,31202,29272,46558,44796,11765,85,35
2021-08-19T23:59:59+02:00,1095,995,12286,11630,15916,14901,19311,19717,25980,27190,32760,33815,25160,28040,17302,22000,5245,9910,702,628,10450,9982,14577,13497,18041,18279,24457,25442,31120,32116,24293,27098,16752,21272,5054,9435,234000,217599,31110,29263,46557,44787,11511,85,35
2021-08-18T23:59:59+02:00,1083,979,12246,11594,15887,14871,19283,19687,25949,27159,32723,33789,25141,28028,17297,21991,5243,9909,688,617,10395,9914,14529,13473,17991,18250,24410,25405,31061,32077,24271,27080,16746,21259,5050,9429,233681,217141,31109,29255,46556,44776,11438,85,35
2021-08-17T23:59:59+02:00,1056,954,12195,11553,15858,14829,19252,19655,25921,27136,32687,33751,25123,28008,17287,21974,5242,9903,673,593,10301,9832,14475,13425,17937,18196,24360,25364,31001,32034,24243,27056,16735,21239,5048,9422,233378,216543,30984,29195,46556,44772,11390,85,34
2021-08-16T23:59:59+02:00,1044,947,12163,11526,15840,14812,19233,19636,25898,27112,32668,33729,25103,27993,17279,21959,5239,9901,658,580,10245,9764,14450,13382,17912,18159,24316,25329,30964,32003,24216,27022,16720,21225,5048,9419,233148,216098,30983,29195,46556,44766,11319,85,34
2021-08-15T23:59:59+02:00,1036,947,12138,11510,15826,14795,19219,19621,25888,27102,32647,33714,25097,27984,17275,21948,5238,9901,651,572,10197,9729,14412,13359,17889,18136,24291,25315,30943,31977,24198,27014,16715,21217,5047,9417,232988,215804,30982,29195,46555,44761,11285,85,34
2021-08-14T23:59:59+02:00,1035,947,12137,11507,15826,14794,19216,19619,25887,27102,32647,33713,25097,27984,17275,21948,5238,9901,595,511,10031,9509,14306,13268,17814,18090,24242,25283,30903,31944,24183,27001,16712,21214,5045,9416,232980,214799,30982,29194,46555,44760,11280,85,34
2021-08-13T23:59:59+02:00,990,907,11987,11382,15774,14733,19151,19563,25816,27051,32595,33678,25072,27956,17264,21938,5237,9897,587,506,9976,9454,14266,13239,17774,18065,24210,25263,30879,31922,24172,26987,16706,21205,5045,9412,232153,214456,30981,29194,46555,44757,11227,84,34
2021-08-12T23:59:59+02:00,976,885,11930,11321,15725,14693,19114,19537,25770,27027,32549,33649,25047,27940,17255,21932,5237,9894,578,497,9884,9388,14193,13197,17712,18015,24143,25227,30825,31873,24144,26962,16690,21187,5043,9412,231921,214033,30956,29188,46555,44742,10973,84,34
2021-08-11T23:59:59+02:00,962,874,11897,11287,15706,14670,19081,19519,25749,27008,32524,33620,25028,27918,17251,21924,5236,9892,534,464,9810,9326,14139,13156,17665,17971,24103,25206,30785,31825,24114,26930,16674,21174,5042,9406,231628,213460,30956,29184,46554,44714,10932,84,34
2021-08-10T23:59:59+02:00,943,864,11809,11233,15654,14639,19036,19482,25695,26973,32467,33566,25011,27903,17244,21911,5235,9889,521,457,9714,9238,14087,13121,17632,17937,24056,25167,30732,31778,24081,26896,16667,21154,5038,9401,231246,212936,30822,29149,46552,44700,10858,84,34
2021-08-09T23:59:59+02:00,940,847,11781,11198,15638,14623,19014,19469,25663,26951,32438,33536,25003,27894,17238,21903,5235,9886,509,440,9659,9176,14046,13071,17595,17896,24025,25122,30697,31739,24067,26879,16662,21141,5036,9395,231006,212480,30822,29146,46551,44693,10802,84,34
2021-08-08T23:59:59+02:00,929,840,11745,11175,15615,14609,18994,19448,25638,26930,32415,33519,24995,27878,17231,21899,5234,9886,487,431,9582,9120,13997,13042,17568,17866,23992,25087,30665,31708,24054,26860,16654,21127,5035,9392,230811,212077,30822,29145,46551,44692,10719,84,34
2021-08-07T23:59:59+02:00,909,813,11648,11097,15571,14568,18952,19414,25599,26900,32369,33487,24978,27866,17222,21881,5233,9883,418,358,8962,8530,13553,12687,17354,17680,23841,24977,30512,31631,23996,26809,16633,21100,5030,9389,230222,208873,30822,29143,46551,44692,10718,84,34
2021-08-06T23:59:59+02:00,900,810,11618,11072,15557,14554,18941,19408,25584,26884,32360,33480,24974,27862,17217,21879,5233,9882,376,309,8376,7909,13039,12289,17125,17474,23695,24865,30417,31552,23965,26762,16621,21086,5027,9382,230172,205699,30701,29130,46551,44692,10714,84,34
2021-08-05T23:59:59+02:00,897,803,11578,11041,15514,14525,18902,19376,25538,26849,32312,33433,24933,27840,17215,21868,5233,9876,368,303,8321,7845,12990,12237,17076,17433,23631,24825,30341,31498,23918,26720,16607,21068,5025,9373,229945,205277,30700,29125,46549,44683,10460,84,34
2021-08-04T23:59:59+02:00,880,787,11548,11011,15495,14493,18868,19350,25511,26820,32266,33395,24918,27827,17210,21862,5231,9868,346,293,8231,7758,12934,12190,17023,17389,23574,24781,30281,31428,23881,26682,16597,21055,5023,9367,229677,204688,30698,29124,46547,44648,10339,84,34
2021-08-03T23:59:59+02:00,864,770,11501,10971,15471,14471,18836,19330,25485,26791,32231,33360,24898,27808,17200,21857,5227,9867,321,282,8149,7672,12864,12138,16954,17337,23514,24743,30238,31378,23845,26648,16582,21044,5020,9363,229341,204028,30696,29114,46546,44640,10276,84,34
2021-08-02T23:59:59+02:00,855,767,11465,10941,15448,14440,18809,19310,25456,26766,32199,33332,24884,27788,17192,21848,5226,9865,311,275,8052,7580,12786,12077,16895,17272,23457,24671,30187,31320,23826,26625,16561,21034,5018,9358,229060,203316,30695,29113,46546,44632,10210,84,34
2021-08-01T23:59:59+02:00,847,760,11439,10912,15435,14426,18794,19299,25436,26754,32182,33317,24880,27779,17191,21845,5224,9864,298,258,7985,7513,12724,12029,16849,17225,23420,24639,30160,31295,23810,26606,16557,21028,5016,9357,228913,202856,30691,29112,46546,44613,10154,84,34
2021-07-31T23:59:59+02:00,844,759,11436,10906,15433,14423,18790,19295,25435,26753,32179,33316,24880,27778,17191,21845,5224,9864,276,238,7832,7328,11954,11360,16293,16786,23324,24560,30095,31224,23780,26570,16545,21009,5015,9355,228883,199634,30690,29112,46546,44612,10152,84,34
2021-07-30T23:59:59+02:00,843,758,11423,10897,15430,14420,18783,19288,25428,26748,32169,33311,24879,27776,17191,21842,5224,9864,229,198,7551,7089,11411,10913,15814,16355,23186,24453,29986,31112,23743,26525,16528,20987,5015,9351,228815,196555,30689,29111,46544,44600,10146,84,34
2021-07-29T23:59:59+02:00,831,749,11384,10850,15392,14399,18743,19262,25391,26714,32116,33282,24861,27756,17180,21824,5224,9861,139,134,7179,6781,10746,10393,15297,15939,23009,24307,29838,31001,23688,26473,16499,20962,5011,9348,228497,193083,30687,29101,46544,44515,10011,84,34
2021-07-28T23:59:59+02:00,812,735,11337,10797,15368,14370,18712,19234,25365,26686,32089,33257,24845,27738,17175,21812,5223,9857,120,106,7014,6628,10599,10269,15184,15804,22916,24211,29736,30902,23646,26415,16480,20933,5010,9338,228167,191834,30687,29099,46539,44405,9939,84,34
2021-07-27T23:59:59+02:00,803,726,11292,10757,15325,14330,18671,19208,25336,26660,32054,33236,24829,27713,17168,21800,5222,9849,100,93,6793,6413,10437,10154,15039,15672,22812,24101,29629,30790,23594,26351,16464,20905,5007,9326,227846,190678,30687,28771,46538,44369,9828,84,34
2021-07-26T23:59:59+02:00,793,713,11242,10708,15298,14309,18653,19180,25308,26629,32021,33210,24814,27691,17156,21788,5221,9846,92,84,6677,6337,10341,10080,14972,15592,22729,24041,29564,30716,23561,26307,16452,20888,5003,9320,227544,189893,30685,28767,46537,44329,9733,84,34
2021-07-25T23:59:59+02:00,782,703,11213,10680,15277,14284,18633,19156,25281,26604,32000,33192,24797,27680,17152,21779,5220,9844,77,79,6601,6257,10273,10017,14898,15532,22675,23987,29508,30678,23530,26286,16440,20874,5003,9316,227345,189305,30685,28763,46536,44299,9630,84,34
2021-07-24T23:59:59+02:00,758,681,11136,10597,15238,14257,18609,19135,25261,26588,31988,33179,24797,27676,17149,21777,5220,9844,77,78,6202,5909,10124,9904,14522,15249,22451,23828,29390,30594,23494,26248,16423,20857,5000,9312,226965,186948,30685,28760,46536,44297,9623,84,34
2021-07-23T23:59:59+02:00,732,659,11068,10511,15208,14223,18581,19121,25240,26567,31973,33161,24786,27671,17147,21777,5220,9841,74,74,5830,5603,10004,9797,14175,14984,22254,23652,29270,30476,23442,26180,16412,20836,4996,9305,226577,184677,30684,28760,46536,44285,9608,84,34
2021-07-22T23:59:59+02:00,691,619,10913,10346,15110,14134,18494,19072,25160,26513,31900,33097,24750,27630,17133,21759,5216,9836,62,63,5513,5306,9735,9581,13591,14506,21933,23393,29038,30247,23341,26082,16370,20798,4992,9302,225621,181352,30683,28748,46535,44266,9453,84,34
2021-07-21T23:59:59+02:00,671,594,10848,10291,15073,14107,18454,19034,25120,26484,31860,33047,24725,27595,17117,21747,5213,9831,52,57,4905,4841,9292,9325,13207,14276,21700,23238,28851,30098,23276,26005,16344,20775,4990,9299,225190,179580,30673,27484,46532,44098,9335,84,34
2021-07-20T23:59:59+02:00,653,577,10790,10236,15047,14070,18419,19007,25089,26452,31824,33013,24705,27574,17112,21732,5210,9824,47,47,4764,4729,9143,9194,13040,14141,21587,23117,28720,29973,23196,25901,16321,20734,4983,9293,224809,178236,30673,27472,46530,43948,9240,84,34
2021-07-19T23:59:59+02:00,640,564,10751,10205,15016,14046,18395,18998,25060,26426,31791,32984,24687,27551,17106,21721,5208,9821,41,44,4684,4662,9045,9116,12922,14044,21489,23009,28621,29853,23140,25844,16295,20705,4978,9287,224559,177297,30673,27463,46521,43850,9135,84,34
2021-07-18T23:59:59+02:00,625,555,10698,10153,14981,14025,18370,18980,25040,26410,31768,32965,24677,27541,17100,21712,5207,9816,39,42,4576,4561,8909,8995,12795,13904,21402,22918,28548,29774,23111,25814,16286,20692,4975,9286,224283,176285,30673,27448,46521,43796,9064,84,34
2021-07-17T23:59:59+02:00,550,484,10408,9854,14866,13923,18278,18901,24934,26336,31660,32913,24643,27506,17087,21692,5205,9815,38,41,4530,4520,8855,8922,12560,13709,20976,22573,28417,29643,23074,25762,16277,20677,4974,9283,222718,174492,30673,27448,46519,43794,9063,84,34
2021-07-16T23:59:59+02:00,521,447,10273,9733,14806,13882,18226,18849,24898,26303,31640,32888,24634,27491,17084,21685,5205,9812,38,41,4484,4478,8779,8881,12189,13430,20432,22173,28282,29549,23024,25725,16268,20672,4972,9281,222050,172378,30673,27445,46518,43787,9054,84,34
2021-07-15T23:59:59+02:00,489,410,10135,9628,14738,13831,18169,18780,24843,26255,31590,32835,24609,27454,17066,21670,5198,9808,25,31,4271,4341,8450,8671,11673,13028,19324,21324,27865,29205,22854,25555,16203,20599,4962,9265,221316,167672,30671,27432,46517,43586,8922,84,34
2021-07-14T23:59:59+02:00,468,396,10104,9602,14700,13810,18139,18745,24804,26213,31539,32782,24579,27426,17055,21653,5197,9806,21,28,4147,4189,8191,8499,11442,12883,19146,21213,27717,29078,22789,25477,16169,20561,4957,9256,220940,166099,30671,27413,46516,43408,8809,84,34
2021-07-13T23:59:59+02:00,444,382,10054,9549,14670,13781,18112,18712,24767,26192,31503,32740,24563,27395,17044,21641,5196,9803,21,25,4052,4093,8015,8341,11241,12692,19010,21073,27562,28915,22692,25393,16134,20507,4953,9245,220528,164634,30671,27392,46515,43152,8752,84,34
2021-07-12T23:59:59+02:00,432,360,10008,9497,14642,13762,18082,18683,24730,26149,31470,32697,24539,27372,17029,21636,5193,9800,20,22,3946,3994,7843,8220,11082,12555,18894,20952,27440,28796,22619,25332,16107,20481,4952,9240,220153,163466,30670,27373,46514,42961,8661,84,34
2021-07-11T23:59:59+02:00,424,342,9977,9468,14621,13742,18064,18673,24708,26140,31449,32679,24527,27362,17027,21634,5193,9798,17,20,3877,3924,7726,8121,10933,12427,18768,20850,27339,28681,22575,25284,16086,20456,4950,9237,219956,162503,30667,27368,46513,42757,8609,84,34
2021-07-10T23:59:59+02:00,398,319,9864,9365,14567,13702,18013,18650,24683,26120,31430,32663,24519,27353,17023,21630,5191,9796,17,19,3842,3900,7667,8081,10898,12397,18739,20825,27310,28659,22567,25268,16082,20451,4950,9237,219428,162199,30665,27367,46510,42709,8600,84,34
2021-07-09T23:59:59+02:00,338,271,9605,9154,14465,13622,17934,18579,24597,26067,31381,32602,24496,27322,17009,21613,5191,9791,16,18,3775,3861,7529,7990,10679,12248,18513,20686,26894,28340,22382,25074,16027,20391,4947,9230,218204,160047,30665,27362,46509,42581,8576,84,34
2021-07-08T23:59:59+02:00,259,204,9410,9009,14364,13545,17839,18505,24538,26016,31298,32544,24468,27291,16996,21595,5187,9786,14,15,3617,3736,7218,7801,10327,12019,18166,20403,26589,28081,22207,24916,15959,20315,4940,9214,217098,157669,30662,27314,46496,42005,8515,84,34
2021-07-07T23:59:59+02:00,220,176,9322,8905,14325,13514,17802,18464,24485,25979,31256,32504,24443,27261,16983,21577,5187,9778,12,11,3440,3609,6900,7579,9388,11285,17578,19974,26187,27769,21968,24608,15880,20218,4926,9200,216460,155054,30659,25557,46494,41402,8485,84,34
2021-07-06T23:59:59+02:00,198,164,9243,8848,14274,13484,17766,18421,24443,25939,31195,32457,24407,27233,16968,21560,5185,9776,12,10,3323,3536,6696,7454,9117,11121,17332,19792,25910,27513,21811,24405,15799,20114,4913,9185,215892,153117,30645,25544,46491,40898,8450,84,34
2021-07-05T23:59:59+02:00,186,149,9156,8763,14233,13438,17731,18371,24405,25909,31150,32407,24384,27210,16959,21546,5184,9774,12,9,3271,3503,6569,7376,8968,11000,17184,19652,25738,27355,21668,24237,15750,20060,4902,9175,215337,152049,30645,25535,46489,40410,8401,84,34
2021-07-04T23:59:59+02:00,171,142,9104,8713,14200,13425,17704,18353,24379,25888,31129,32381,24369,27196,16953,21538,5183,9771,10,8,3222,3459,6503,7334,8879,10929,17098,19566,25608,27243,21543,24108,15708,20008,4900,9168,215059,151385,30644,25523,46474,40013,8339,84,34
2021-07-03T23:59:59+02:00,168,139,8598,8232,14041,13307,17603,18237,24283,25829,31065,32333,24348,27174,16941,21528,5181,9768,9,8,3162,3381,6383,7214,8705,10786,16879,19379,25219,26931,21427,23970,15678,19968,4897,9162,213254,149324,30643,25523,46474,39956,8321,84,34
2021-07-02T23:59:59+02:00,161,135,8030,7774,13898,13198,17511,18160,24214,25760,31005,32271,24310,27132,16935,21508,5179,9763,8,8,3051,3273,6112,7058,8447,10545,16508,19050,24739,26504,21200,23696,15609,19886,4891,9159,211429,146240,30643,25520,46471,39632,8318,84,34
2021-07-01T23:59:59+02:00,148,125,7902,7670,13814,13139,17441,18107,24146,25709,30953,32218,24282,27107,16925,21496,5178,9762,7,7,2863,3087,5764,6775,8008,10124,15918,18572,23969,25837,20711,23225,15482,19724,4879,9134,210641,141643,30638,25507,46464,38606,8296,84,34
2021-06-30T23:59:59+02:00,130,112,7757,7554,13750,13089,17387,18054,24093,25655,30893,32172,24251,27085,16911,21478,5178,9757,6,7,2767,3012,5608,6633,7780,9902,14959,17700,23353,25285,20351,22831,15349,19563,4865,9100,210075,140101,30463,23232,46460,37479,8225,84,34
2021-06-29T23:59:59+02:00,115,99,7690,7456,13703,13049,17350,18009,24040,25594,30842,32112,24231,27058,16900,21462,5175,9753,4,5,2709,2966,5477,6535,7626,9768,14790,17527,23107,25049,20092,22505,15249,19462,4853,9080,209446,138972,30459,23219,46457,36386,8193,84,34
2021-06-28T23:59:59+02:00,110,93,7625,7385,13635,12987,17303,17958,23998,25549,30785,32068,24214,27030,16893,21452,5173,9751,3,4,2678,2933,5408,6482,7535,9696,14693,17445,22955,24835,19890,22259,15194,19393,4849,9066,208902,138367,30457,23207,46449,35592,8118,84,34
2021-06-27T23:59:59+02:00,96,88,7577,7324,13604,12950,17274,17925,23979,25514,30758,32040,24202,27022,16886,21446,5173,9749,2,3,2656,2919,5359,6457,7462,9650,14596,17380,22859,24748,19763,22116,15163,19342,4845,9057,208548,137852,30457,23195,46443,35220,8076,84,34
2021-06-26T23:59:59+02:00,92,85,7076,6783,13211,12650,17159,17821,23914,25457,30722,32005,24193,27005,16882,21435,5172,9748,2,3,2556,2810,5169,6267,7262,9459,14049,16925,22196,24112,19615,21974,15118,19289,4843,9049,206371,134209,30455,23194,46443,35200,8076,66,19
2021-06-25T23:59:59+02:00,91,82,6596,6302,12757,12277,16998,17702,23824,25392,30641,31965,24170,26978,16877,21425,5170,9745,2,3,2455,2656,4993,6072,7002,9161,13516,16391,21643,23524,19419,21764,15059,19222,4839,9037,203970,130501,30455,23194,46443,34985,8059,66,19
2021-06-24T23:59:59+02:00,81,70,6374,6091,12534,12125,16892,17620,23751,25339,30583,31917,24136,26936,16871,21415,5168,9738,2,3,2251,2422,4623,5691,6502,8672,12791,15676,20490,22519,18955,21282,14954,19091,4827,9022,202702,124552,30453,23183,46436,34034,7985,66,19
2021-06-23T23:59:59+02:00,76,68,5806,5594,12372,12014,16773,17508,23676,25291,30519,31867,24103,26913,16864,21401,5164,9734,2,3,2213,2369,4559,5571,6410,8522,12557,15387,20245,22257,18656,20951,14857,18977,4816,9005,202191,123524,29125,23034,46426,32844,7936,66,19
2021-06-22T23:59:59+02:00,70,63,5666,5464,12271,11908,16685,17434,23616,25229,30450,31788,24075,26880,16854,21380,5160,9732,2,2,2161,2332,4465,5489,6285,8375,11687,14727,19831,21849,18320,20596,14748,18838,4806,8984,201249,122599,29118,21342,46407,31651,7886,66,19
2021-06-21T23:59:59+02:00,67,60,5532,5351,12194,11815,16620,17347,23559,25155,30400,31730,24050,26852,16841,21365,5160,9728,2,2,2128,2297,4405,5392,6198,8247,10905,14018,19377,21439,18092,20366,14686,18741,4797,8967,200423,121794,29112,19554,46402,30868,7824,66,19
2021-06-20T23:59:59+02:00,65,58,5415,5227,12027,11638,16554,17224,23510,25089,30358,31674,24034,26830,16835,21350,5155,9723,2,2,2110,2267,4363,5351,6127,8196,10802,13939,19266,21314,17935,20176,14620,18657,4793,8960,199420,121260,29108,19551,46396,30273,7777,66,19
2021-06-19T23:59:59+02:00,61,54,5398,5208,11258,10974,16074,16829,23448,25044,30314,31631,24016,26810,16827,21338,5155,9723,2,2,2037,2146,4158,5116,5843,7912,10473,13602,18209,20454,17761,19984,14587,18592,4788,8948,196818,117012,29108,19551,46395,30256,7776,66,19
2021-06-18T23:59:59+02:00,58,53,5362,5180,10615,10390,15463,16264,23355,24975,30244,31568,23988,26780,16816,21323,5154,9721,2,2,1967,2056,4016,4973,5565,7641,10091,13237,17055,19240,17558,19745,14538,18527,4785,8938,193975,112591,29100,19550,46395,30002,7774,66,19
2021-06-17T23:59:59+02:00,51,44,5247,5076,9936,9886,14974,15875,23255,24887,30162,31474,23948,26734,16802,21302,5153,9718,2,2,1838,1950,3759,4726,5176,7274,9550,12750,15865,18046,17097,19255,14397,18352,4772,8914,191381,107454,29097,19541,46392,29081,7636,19,13
2021-06-16T23:59:59+02:00,49,36,5116,4945,9738,9720,14828,15745,23161,24793,30063,31398,23905,26690,16787,21290,5152,9708,2,2,1796,1909,3651,4636,5071,7153,8517,11897,15592,17747,16802,18920,14262,18182,4766,8881,190204,106554,29085,17662,46390,28130,7427,19,13
2021-06-15T23:59:59+02:00,43,29,4934,4763,9554,9566,14691,15601,23069,24702,29987,31313,23862,26616,16760,21257,5144,9693,2,2,1737,1853,3568,4540,4977,7035,8401,11754,15410,17517,16483,18609,14120,18013,4743,8822,188885,105779,29082,17658,46371,26908,7228,19,13
2021-06-14T23:59:59+02:00,41,26,4857,4701,9463,9457,14614,15511,22997,24630,29916,31250,23830,26577,16745,21239,5141,9687,2,2,1717,1830,3533,4514,4936,7002,8300,11691,15274,17383,16303,18404,14027,17915,4738,8814,188139,105552,29076,17656,46365,26080,7084,19,13
2021-06-13T23:59:59+02:00,40,25,4800,4652,9380,9383,14529,15445,22935,24579,29849,31197,23804,26549,16736,21229,5141,9685,2,2,1670,1817,3489,4490,4881,6959,8227,11653,15174,17287,16146,18220,13973,17841,4731,8807,187560,105269,29069,17654,46349,25471,6962,19,13
2021-06-12T23:59:59+02:00,38,23,4781,4637,9352,9359,14290,15267,22805,24448,29804,31152,23783,26532,16727,21221,5140,9683,2,2,1548,1694,3253,4280,4474,6659,7679,11222,13397,15596,15792,17847,13892,17739,4729,8792,186647,98564,29069,17653,46349,25407,6960,18,13
2021-06-11T23:59:59+02:00,34,22,4728,4586,9271,9308,13970,15045,22609,24300,29708,31061,23746,26487,16709,21209,5139,9680,2,2,1448,1561,3062,4065,4178,6293,7167,10677,11751,13702,15310,17267,13779,17591,4714,8778,185291,91622,29064,17652,46347,25167,6893,18,13
2021-06-10T23:59:59+02:00,28,19,4443,4363,8724,8980,12693,14020,22041,23847,29334,30755,23610,26328,16657,21141,5126,9665,2,2,1328,1473,2826,3883,3852,6009,6730,10285,10331,12368,14796,16689,13607,17383,4699,8751,179948,87067,29047,17649,46342,23863,6422,16,13
2021-06-09T23:59:59+02:00,25,15,4210,4202,8131,8689,11794,13358,21719,23635,29105,30604,23546,26265,16637,21116,5123,9661,2,2,1243,1419,2670,3810,3711,5928,6521,10191,10065,12189,14470,16337,13435,17203,4692,8730,177837,86726,27778,17544,46336,22466,5869,16,13
2021-06-08T23:59:59+02:00,21,12,4082,4103,7730,8461,11307,13067,21493,23454,28905,30449,23488,26192,16605,21074,5117,9652,2,2,1166,1392,2533,3751,3551,5857,5623,9440,9592,11822,14132,15928,13209,16962,4678,8708,176085,86360,27407,15387,46311,21194,5394,16,13
2021-06-07T23:59:59+02:00,16,10,3962,4027,7490,8355,11017,12888,21289,23341,28751,30330,23430,26138,16587,21049,5113,9644,2,2,1118,1277,2412,3687,3421,5794,5457,9365,9381,11693,13901,15668,13052,16793,4671,8689,174851,86169,27396,15382,46303,19947,4872,16,13
2021-06-06T23:59:59+02:00,14,10,3845,3969,7253,8236,10767,12724,21102,23253,28665,30239,23399,26104,16575,21031,5110,9639,2,2,1098,1260,2348,3652,3324,5739,5350,9290,9262,11593,13746,15512,12979,16699,4668,8682,173700,85973,27378,15376,46293,19295,4549,16,13
2021-06-05T23:59:59+02:00,14,10,3816,3932,7214,8196,10590,12572,20474,22742,28503,30095,23349,26059,16561,21012,5110,9635,2,1,1066,1161,2180,3198,3091,5199,5181,8957,8482,10635,13092,14671,12867,16552,4657,8672,171661,80577,27378,15376,46292,19159,4539,15,13
2021-06-04T23:59:59+02:00,14,10,3786,3905,7175,8169,10492,12480,20109,22412,28399,29998,23314,26021,16547,21003,5108,9634,2,1,1034,1094,2082,2886,2931,4721,5024,8585,7966,9977,11590,12951,12740,16355,4650,8654,170374,74187,27365,15375,46291,19136,4532,15,13
2021-06-03T23:59:59+02:00,9,6,3650,3804,6957,8028,9936,12056,18887,21480,28001,29686,23183,25880,16494,20941,5104,9620,2,1,984,1049,1994,2775,2792,4563,4821,8276,7601,9528,11210,12550,12629,16241,4647,8641,165619,72395,27354,15372,46287,18076,4448,15,13
2021-06-02T23:59:59+02:00,9,6,3642,3796,6944,8011,9924,12045,18698,21299,27929,29637,23160,25859,16488,20932,5101,9618,2,1,979,1041,1982,2746,2769,4544,4609,8091,7064,9039,11173,12508,12614,16226,4643,8635,165548,72285,26809,13877,46287,18051,4440,15,13
2021-06-01T23:59:59+02:00,8,5,3516,3721,6703,7862,9639,11851,18241,20954,27691,29441,23067,25757,16447,20879,5098,9606,2,1,942,993,1896,2676,2688,4469,4330,7857,6465,8504,10959,12294,12516,16125,4638,8623,163853,71836,26031,12585,46272,17228,4316,15,13
2021-05-31T23:59:59+02:00,8,5,3470,3677,6612,7795,9503,11749,18115,20864,27599,29364,23000,25695,16430,20850,5093,9599,2,1,913,965,1826,2633,2608,4426,4222,7793,6343,8426,10771,12124,12415,16009,4628,8615,163006,71467,26002,12578,46259,16516,4147,15,12
2021-05-30T23:59:59+02:00,8,4,3439,3652,6547,7739,9411,11655,18026,20785,27523,29292,22955,25650,16408,20822,5087,9589,2,1,906,957,1815,2624,2594,4412,4193,7768,6290,8384,10710,12045,12381,15965,4623,8606,162295,71423,25996,12575,46242,16221,4045,15,12
2021-05-29T23:59:59+02:00,8,4,3428,3635,6512,7711,9368,11616,17988,20745,27375,29186,22900,25576,16393,20802,5084,9585,1,1,870,938,1758,2578,2522,4328,4002,7512,6015,8085,8500,9381,12188,15623,4608,8577,161632,65161,25996,12573,46229,15696,4045,15,12
2021-05-28T23:59:59+02:00,8,4,3365,3580,6381,7634,9228,11484,17830,20613,27192,29063,22839,25498,16373,20785,5083,9584,1,1,857,925,1739,2555,2484,4273,3850,7216,5820,7821,5783,6253,11916,15223,4592,8528,160275,58253,25994,12573,46225,14963,4036,15,12
2021-05-27T23:59:59+02:00,8,4,3221,3457,6095,7454,8625,11151,17353,20273,26779,28715,22671,25333,16315,20722,5076,9566,1,1,810,868,1654,2458,2365,4139,3427,6244,5396,7221,5622,6077,11835,15148,4586,8511,156805,57763,25934,12526,46217,12214,3848,15,12
2021-05-26T23:59:59+02:00,8,4,3115,3373,5875,7287,8256,10866,16889,19966,26478,28478,22521,25200,16263,20648,5063,9546,1,1,794,858,1601,2433,2312,4107,3353,6168,5297,7148,5486,5950,11769,15080,4581,8499,154107,57679,25915,12524,46195,11618,3605,15,12
2021-05-25T23:59:59+02:00,8,4,3024,3311,5733,7170,8060,10702,15886,19188,26124,28124,22363,25042,16210,20568,5056,9536,1,1,775,841,1564,2386,2241,4047,3276,6096,5211,7083,5319,5780,11661,14999,4573,8487,152544,57607,23996,12334,46177,11009,3379,14,12
2021-05-24T23:59:59+02:00,8,4,2959,3295,5647,7125,7944,10640,14971,18497,25710,27813,22269,24938,16179,20532,5049,9524,1,1,766,839,1543,2369,2199,4010,3231,6048,5134,7003,5217,5673,11579,14924,4572,8481,151822,57569,21923,12258,46167,10572,3179,14,12
2021-05-23T23:59:59+02:00,8,3,2956,3290,5638,7117,7934,10632,14965,18496,25709,27812,22269,24938,16179,20532,5049,9524,1,1,764,836,1535,2362,2186,3997,3212,6033,5113,6970,5172,5621,11563,14901,4571,8479,151789,57561,21923,12258,46165,10325,3161,14,12
2021-05-22T23:59:59+02:00,7,3,2919,3246,5561,7067,7834,10546,14766,18333,25426,27566,22169,24852,16147,20488,5046,9519,1,1,742,816,1488,2309,2134,3916,3099,5911,4796,6395,4601,4871,10914,14076,4561,8440,150253,54311,21923,12257,46165,9350,3141,14,12
2021-05-21T23:59:59+02:00,5,3,2847,3174,5434,6966,7705,10399,14507,18104,25130,27330,22054,24744,16114,20440,5042,9510,1,1,715,763,1419,2180,2032,3647,2915,5578,4315,5500,4184,4330,10168,13135,4495,8314,148306,50560,21921,12257,46159,7754,3109,14,12
2021-05-20T23:59:59+02:00,5,3,2716,3018,5151,6711,7421,10028,14045,17619,24520,26778,21781,24448,16020,20319,5028,9480,0,1,702,753,1393,2156,1995,3613,2861,5521,4233,5421,4056,4226,10091,13072,4486,8302,144150,50463,21911,12246,46134,7278,2883,14,12
2021-05-19T23:59:59+02:00,5,3,2663,2965,5053,6569,7278,9847,12903,16583,24257,26487,21684,24321,15977,20258,5019,9473,0,1,685,727,1367,2108,1962,3527,2798,5374,4140,5312,3975,4137,10039,13007,4483,8298,142768,50432,19845,12179,46063,6661,2656,14,12
2021-05-18T23:59:59+02:00,5,3,2636,2940,5004,6536,7224,9815,12549,16309,24077,26334,21592,24232,15947,20205,5012,9461,0,1,656,669,1311,1980,1887,3326,2699,5165,4011,5116,3752,3859,9956,12927,4474,8288,142481,50407,18993,11177,46018,6105,2376,14,12
2021-05-17T23:59:59+02:00,5,3,2610,2921,4959,6466,7136,9706,12397,16130,23927,26171,21541,24182,15928,20183,5007,9454,0,1,648,655,1295,1944,1866,3276,2650,5058,3932,5001,3616,3707,9887,12864,4471,8281,141506,50380,18985,11167,46001,5372,2221,14,12
2021-05-16T23:59:59+02:00,5,3,2598,2908,4937,6399,7098,9623,12340,16057,23875,26111,21517,24165,15918,20169,5004,9451,0,1,643,651,1285,1941,1849,3267,2629,5047,3903,4978,3562,3640,9848,12832,4470,8279,141071,50365,18975,11156,45981,5155,2137,14,12
2021-05-15T23:59:59+02:00,4,3,2475,2772,4749,6193,6907,9435,11821,15638,23284,25558,21410,24047,15884,20126,5001,9443,0,1,594,588,1203,1851,1714,3114,2344,4738,3451,4469,3231,3212,9684,12627,4446,8250,137674,47408,18974,11156,45976,4829,2112,14,12
2021-05-14T23:59:59+02:00,4,3,2362,2596,4553,5970,6629,9123,11283,15126,22717,24988,21264,23907,15848,20068,4997,9432,0,1,531,512,1100,1730,1553,2898,2014,4333,2850,3881,2844,2773,9599,12478,4442,8246,133853,44471,18967,11153,45953,4066,2083,14,12
2021-05-13T23:59:59+02:00,4,3,2185,2312,4230,5585,6203,8652,10721,14436,21680,24073,20982,23633,15788,19969,4990,9417,0,1,527,512,1087,1715,1538,2880,2004,4309,2833,3860,2827,2759,9592,12474,4441,8246,127952,44419,18911,11144,45927,3971,2059,14,12
2021-05-12T23:59:59+02:00,4,3,2184,2310,4219,5582,6194,8646,10619,14314,21625,24033,20977,23622,15783,19961,4989,9417,0,1,520,490,1051,1661,1488,2801,1920,4222,2774,3801,2746,2664,9541,12401,4441,8246,127898,44415,18587,10317,45927,3968,2056,14,12
2021-05-11T23:59:59+02:00,4,3,2063,2271,4134,5519,6067,8531,10310,14063,21432,23871,20899,23550,15767,19929,4985,9412,0,1,495,466,990,1601,1418,2710,1821,4082,2701,3726,2592,2436,9476,12300,4440,8246,126949,44397,18250,9479,45643,3659,1954,14,12
2021-05-10T23:59:59+02:00,4,3,2024,2195,4027,5397,5929,8353,9519,13299,21053,23550,20808,23460,15727,19875,4975,9399,0,1,483,438,954,1538,1353,2619,1733,3921,2619,3634,2566,2417,9466,12282,4436,8241,125807,44384,16406,9300,45539,3173,1832,13,12
2021-05-09T23:59:59+02:00,4,3,1992,2182,3989,5359,5875,8304,9450,13230,20983,23477,20771,23419,15712,19848,4972,9385,0,1,476,431,931,1494,1327,2570,1699,3859,2581,3591,2557,2404,9455,12265,4436,8233,125357,44324,16401,9297,45441,2934,1743,13,12
2021-05-08T23:59:59+02:00,4,3,1929,2080,3807,5184,5601,8096,9140,12944,19850,22549,20576,23226,15679,19779,4967,9373,0,1,407,402,867,1454,1250,2496,1611,3758,2362,3378,2008,1976,9360,12179,4435,8233,121202,42836,16400,9296,45438,2298,1741,6,6
2021-05-07T23:59:59+02:00,4,3,1843,1967,3626,5015,5281,7801,8728,12569,18598,21274,20392,23013,15635,19722,4958,9354,0,1,321,347,755,1379,1118,2367,1477,3616,2186,3184,1636,1634,8870,11730,4434,8231,116256,41092,16396,9291,45416,1188,1709,6,6
2021-05-06T23:59:59+02:00,4,3,1659,1857,3341,4759,4831,7393,8086,12008,17352,20032,20059,22635,15527,19557,4948,9343,0,1,304,337,736,1349,1078,2320,1428,3531,2118,3116,1601,1578,8853,11699,4428,8228,110394,41070,16389,9285,45179,918,1426,6,6
2021-05-05T23:59:59+02:00,4,3,1589,1827,3255,4672,4752,7286,7955,11857,17198,19887,19939,22515,15451,19460,4926,9247,0,1,294,326,693,1297,1015,2244,1345,3382,2010,3000,1508,1479,8436,11131,4422,8211,109623,41029,16246,8156,45007,662,941,6,6
2021-05-04T23:59:59+02:00,4,3,1562,1797,3207,4593,4692,7175,7705,11561,16635,19305,19851,22382,15375,19362,4896,9133,0,1,278,314,670,1267,994,2190,1287,3262,1897,2841,1435,1372,8365,11027,4417,8193,108908,41002,14897,7880,44902,397,525,6,6
2021-05-03T23:59:59+02:00,4,3,1554,1793,3197,4577,4654,7150,7451,11327,15940,18708,19787,22297,15349,19328,4890,9123,0,1,263,294,648,1183,944,2102,1223,3123,1799,2704,1368,1292,8340,10992,4413,8184,108813,40991,13298,7672,44862,51,153,6,6
2021-05-02T23:59:59+02:00,4,3,1553,1791,3190,4575,4649,7145,7437,11316,15921,18696,19770,22289,15349,19326,4889,9123,0,1,263,291,645,1182,939,2099,1213,3117,1791,2697,1354,1285,8339,10987,4412,8184,108783,40968,13294,7670,44836,48,107,6,6
2021-05-01T23:59:59+02:00,4,3,1423,1648,2913,4326,4182,6789,6818,10835,13985,16815,19388,21890,15258,19210,4886,9107,0,1,261,291,642,1180,938,2096,1211,3115,1789,2693,1349,1280,8337,10985,4412,8184,101247,40936,13294,7670,44830,48,104,5,6
2021-04-30T23:59:59+02:00,3,3,1303,1503,2695,4105,3853,6393,6251,10243,12197,14781,18930,21349,15154,19069,4872,9096,0,1,256,290,635,1173,922,2088,1198,3105,1778,2679,1339,1271,8333,10980,4411,8183,93639,40890,13294,7670,44830,44,32,5,6
2021-04-29T23:59:59+02:00,2,3,1190,1441,2528,3980,3614,6189,5894,9942,10855,13500,18670,21071,15111,18999,4868,9090,0,1,255,286,630,1165,910,2082,1178,3100,1747,2642,1313,1247,8327,10971,4411,8183,88952,40857,13285,7536,44690,34,15,5,6
2021-04-28T23:59:59+02:00,2,3,1137,1435,2477,3960,3563,6165,5831,9909,10757,13431,18638,21037,15103,18983,4868,9087,0,1,255,285,627,1164,907,2080,1173,3096,1739,2641,1306,1228,7881,10449,4411,8183,88682,40833,13235,6544,44450,30,14,5,5
2021-04-27T23:59:59+02:00,2,3,1092,1408,2371,3915,3498,6136,5712,9852,10640,13353,18604,20997,15090,18968,4866,9085,0,1,254,285,625,1156,906,2078,1168,3093,1735,2637,1294,1211,7463,9866,4411,8183,88167,40813,13181,5510,44226,25,13,5,5
2021-04-26T23:59:59+02:00,2,3,1052,1379,2280,3822,3371,6035,5543,9731,10336,13093,18542,20942,15081,18950,4864,9085,0,1,253,284,624,1154,900,2074,1161,3090,1717,2628,1279,1198,7454,9846,4411,8183,86826,40726,13170,5489,44097,24,13,5,5
2021-04-25T23:59:59+02:00,2,3,1049,1377,2272,3819,3364,6030,5523,9722,10301,13062,18532,20930,15080,18944,4864,9084,0,1,252,284,624,1153,900,2074,1159,3090,1717,2628,1279,1198,7454,9844,4411,8183,86801,40724,13162,5486,43978,24,12,5,5
2021-04-24T23:59:59+02:00,2,2,1007,1264,2084,3281,3093,5414,5331,9309,9465,12015,17823,20033,14967,18784,4856,9073,0,1,251,283,623,1152,900,2073,1159,3089,1711,2623,1276,1193,7452,9842,4411,8182,80672,40699,13162,5482,43953,24,11,5,5
2021-04-23T23:59:59+02:00,1,2,974,1180,1972,2935,2910,4862,5135,8880,8909,11293,16191,18169,14818,18578,4848,9050,0,1,251,283,622,1152,898,2071,1158,3089,1710,2622,1271,1188,7448,9840,4411,8181,73637,40685,13161,5471,43893,24,11,5,5
2021-04-22T23:59:59+02:00,1,2,969,1168,1953,2919,2890,4842,5078,8834,8794,11188,16118,18091,14791,18548,4846,9045,0,1,249,283,618,1151,895,2070,1150,3077,1694,2602,1247,1166,7443,9832,4411,8181,73584,40671,13103,5360,43374,23,11,5,5
2021-04-21T23:59:59+02:00,1,2,959,1160,1939,2907,2862,4816,5030,8779,8686,11065,16031,18006,14762,18514,4846,9040,0,1,245,280,608,1142,881,2040,1139,3052,1684,2575,1234,1152,7217,9513,4410,8181,73539,40661,13045,4655,42805,22,11,5,5
2021-04-20T23:59:59+02:00,1,2,932,1112,1887,2793,2789,4653,4936,8600,8512,10856,15798,17724,14703,18455,4839,9034,0,1,232,277,590,1121,855,2008,1110,3026,1649,2534,1214,1138,7208,9508,4409,8181,73500,40640,11916,4388,42194,18,11,5,4
2021-04-19T23:59:59+02:00,1,2,923,1104,1853,2773,2739,4628,4812,8539,8312,10744,15706,17626,14681,18436,4839,9028,0,1,226,269,572,1100,836,1975,1092,2983,1603,2479,1196,1119,7201,9505,4407,8180,73099,40604,11895,4109,41736,16,11,5,4
2021-04-18T23:59:59+02:00,1,2,920,1103,1848,2767,2731,4616,4794,8528,8272,10701,15656,17567,14671,18419,4838,9026,0,1,226,269,572,1099,835,1975,1091,2983,1603,2478,1196,1118,7199,9504,4406,8180,73053,40597,11891,4107,41500,16,11,5,4
2021-04-17T23:59:59+02:00,0,2,888,1088,1799,2728,2663,4537,4639,8385,8008,10472,13284,14665,14472,18065,4821,8992,0,1,224,269,572,1096,831,1968,1079,2974,1592,2458,1156,1075,6866,9089,4381,8132,66223,39636,11891,4096,41378,16,11,5,4
2021-04-16T23:59:59+02:00,0,2,882,1082,1787,2718,2621,4497,4547,8301,7828,10278,10444,11409,14202,17647,4802,8937,0,1,223,265,570,1092,826,1964,1070,2971,1584,2445,1143,1060,6860,9083,4379,8129,58941,39555,11888,4079,41139,16,11,5,4
2021-04-15T23:59:59+02:00,0,2,870,1077,1765,2704,2578,4463,4429,8241,7597,10077,10193,11191,14140,17581,4795,8923,0,1,221,264,570,1090,825,1962,1067,2968,1581,2442,1137,1055,6858,9081,4379,8129,58915,39540,11886,4060,39809,15,11,5,4
2021-04-14T23:59:59+02:00,0,2,852,1050,1706,2623,2488,4339,4239,8057,7322,9793,9819,10706,13991,17400,4789,8911,0,1,197,239,529,1037,802,1895,1031,2888,1530,2379,1111,1025,6853,9073,4379,8128,58878,39524,10939,3545,38254,13,11,5,4
2021-04-13T23:59:59+02:00,0,2,828,1028,1669,2570,2419,4255,4138,7918,7110,9573,9411,10187,13845,17233,4784,8897,0,1,162,216,494,989,761,1801,996,2778,1477,2309,1092,990,6837,9062,4378,8128,58825,39459,9990,2990,37036,7,11,5,4
2021-04-12T23:59:59+02:00,0,2,823,1026,1650,2566,2390,4242,4086,7867,6969,9401,9144,9872,13782,17173,4773,8880,0,1,151,202,466,949,739,1737,976,2706,1433,2259,1070,973,6820,9042,4375,8123,58766,39342,9959,2658,35905,7,11,5,4
2021-04-11T23:59:59+02:00,0,2,822,1025,1639,2566,2376,4239,4063,7855,6904,9339,9011,9707,13755,17125,4768,8871,0,1,151,202,466,947,737,1735,974,2706,1431,2259,1070,973,6818,9042,4375,8123,58752,39332,9957,2657,35342,6,11,5,4
2021-04-10T23:59:59+02:00,0,2,806,1021,1610,2537,2339,4210,3993,7796,6771,9222,8452,8973,13088,16271,4757,8829,0,1,148,201,464,944,731,1732,974,2699,1422,2252,1056,957,6346,8542,4359,8107,55414,38259,9955,2655,35292,6,11,5,4
2021-04-09T23:59:59+02:00,0,2,785,993,1569,2488,2273,4130,3840,7636,6424,8889,7925,8314,12266,15247,4685,8690,0,1,146,199,462,938,724,1724,965,2689,1407,2241,1034,934,6104,8269,4339,8080,51426,37584,9948,2651,34766,6,11,5,4
2021-04-08T23:59:59+02:00,0,2,775,983,1542,2464,2207,4081,3707,7547,6168,8587,7307,7659,12104,15047,4674,8674,0,1,146,197,457,934,719,1717,957,2678,1398,2228,1022,931,6101,8267,4338,8080,51391,37561,9923,2589,32198,6,11,5,4
2021-04-07T23:59:59+02:00,0,2,768,974,1516,2446,2148,4043,3620,7477,5937,8322,6750,7024,11494,14300,4661,8646,0,1,127,190,425,887,673,1648,900,2608,1348,2159,1001,915,6093,8261,4337,8080,51361,37537,8767,2096,29985,6,10,5,4
2021-04-06T23:59:59+02:00,0,2,763,972,1504,2438,2119,4020,3547,7428,5756,8150,6304,6516,11290,14083,4646,8615,0,1,104,169,377,827,628,1573,856,2508,1295,2095,975,898,6074,8246,4335,8076,51292,37506,8582,1512,28265,6,9,5,4
2021-04-05T23:59:59+02:00,0,2,758,968,1488,2430,2093,4010,3496,7402,5612,8039,6099,6298,11223,13996,4640,8605,0,1,98,166,376,825,621,1564,847,2493,1282,2076,947,867,4967,6843,4258,7970,51092,34680,8578,1502,27475,6,9,5,4
2021-04-04T23:59:59+02:00,0,2,756,962,1486,2428,2089,4008,3478,7395,5602,8032,6088,6278,11209,13978,4638,8602,0,1,98,166,374,823,618,1559,840,2486,1267,2057,924,845,3957,5681,4192,7864,51077,32231,8576,1502,27364,6,9,5,4
2021-04-03T23:59:59+02:00,0,2,705,906,1404,2357,1966,3869,3219,7134,5140,7541,5743,5822,11037,13760,4610,8574,0,1,94,166,374,821,618,1557,839,2486,1267,2057,924,845,3957,5678,4192,7863,47838,32218,8576,1502,27361,6,9,5,4
2021-04-02T23:59:59+02:00,0,2,661,872,1348,2289,1868,3755,2966,6873,4622,7062,5351,5361,10935,13594,4605,8568,0,1,94,166,374,821,618,1557,838,2486,1265,2056,922,843,3955,5675,4191,7863,44902,32206,8575,1501,27242,6,8,5,4
2021-04-01T23:59:59+02:00,0,2,658,869,1338,2284,1848,3747,2937,6859,4547,6989,5242,5251,10896,13545,4604,8563,0,1,94,166,372,817,616,1553,838,2483,1261,2052,912,842,3950,5672,4190,7862,44885,32194,8430,1469,26851,6,8,5,4
2021-03-31T23:59:59+02:00,0,2,656,867,1330,2267,1840,3737,2909,6831,4484,6943,5102,5089,10381,12936,4600,8555,0,1,94,166,371,817,616,1553,838,2483,1259,2052,911,842,3950,5671,4190,7861,44872,32188,7297,1469,26348,6,8,4,4
2021-03-30T23:59:59+02:00,0,2,647,864,1311,2247,1811,3708,2872,6796,4398,6854,4933,4896,9854,12234,4593,8541,0,1,89,164,370,813,611,1551,833,2477,1251,2049,901,832,3942,5668,4189,7860,44848,32167,6108,1416,25593,6,8,4,4
2021-03-29T23:59:59+02:00,0,2,642,855,1298,2214,1793,3677,2841,6754,4326,6768,4733,4698,9768,12140,4590,8527,0,1,89,164,369,811,605,1547,830,2470,1245,2041,893,826,3934,5660,4189,7860,44778,32148,5890,1369,24946,5,8,4,4
2021-03-28T23:59:59+02:00,0,2,639,853,1295,2211,1778,3667,2825,6742,4291,6716,4638,4588,9732,12076,4585,8520,0,1,89,164,369,809,605,1547,827,2470,1243,2041,892,826,3933,5660,4189,7860,44756,32146,5881,1362,24509,5,8,4,4
2021-03-27T23:59:59+01:00,0,2,635,848,1285,2207,1761,3650,2797,6712,4128,6572,4058,4133,9503,11830,4572,8501,0,1,89,164,367,807,603,1545,825,2467,1235,2035,888,822,3754,5370,4082,7687,42809,31362,5877,1362,24496,5,8,4,4
2021-03-26T23:59:59+01:00,0,2,630,840,1277,2196,1739,3633,2772,6690,4052,6494,3649,3767,8901,11271,4559,8487,0,1,89,164,367,806,602,1542,821,2464,1226,2031,875,809,3027,4426,3873,7339,40868,29083,5864,1362,24215,5,8,4,4
2021-03-25T23:59:59+01:00,0,2,623,835,1264,2182,1720,3609,2713,6651,3968,6416,3475,3548,8790,11160,4553,8481,0,1,89,164,367,806,602,1541,821,2463,1224,2031,875,809,3026,4425,3872,7338,40854,29075,5756,1362,23368,5,8,4,4
2021-03-24T23:59:59+01:00,0,2,618,827,1231,2156,1675,3564,2635,6582,3811,6264,3156,3184,8379,10609,4544,8468,0,1,85,162,355,793,586,1523,788,2429,1174,1998,841,771,3017,4419,3872,7335,40830,28771,4997,1361,21866,5,8,4,4
2021-03-23T23:59:59+01:00,0,2,606,819,1206,2124,1633,3516,2553,6503,3662,6110,2775,2800,8162,10391,4536,8449,0,1,80,158,343,773,551,1492,727,2365,1073,1916,758,711,2980,4384,3868,7331,40785,28140,4706,1354,20345,5,8,3,4
2021-03-22T23:59:59+01:00,0,2,582,709,1169,2071,1600,3460,2500,6433,3521,5980,2532,2561,7831,10036,4520,8413,0,1,80,157,343,773,551,1490,725,2363,1070,1916,756,707,2976,4378,3866,7328,40316,28109,4384,1354,19209,5,8,3,4
2021-03-21T23:59:59+01:00,0,2,581,706,1163,2062,1588,3450,2483,6418,3483,5946,2390,2396,7738,9924,4511,8398,0,1,80,157,343,772,551,1490,724,2362,1070,1916,756,707,2976,4377,3866,7327,40311,28104,4370,1354,18547,5,8,3,4
2021-03-20T23:59:59+01:00,0,2,580,706,1161,2055,1581,3443,2477,6411,3465,5923,2357,2358,7246,9406,4494,8381,0,1,80,157,343,772,550,1490,722,2361,1070,1914,756,707,2976,4375,3864,7325,39267,28092,4358,1354,18410,5,8,3,4
2021-03-19T23:59:59+01:00,0,2,573,698,1142,2035,1546,3419,2409,6273,3401,5816,2175,2177,6937,9086,4472,8356,0,1,80,157,342,767,546,1487,717,2353,1061,1901,747,700,2546,3774,3441,6571,38657,25824,4341,1354,17508,1,8,3,4
2021-03-18T23:59:59+01:00,0,2,558,681,1122,2006,1519,3389,2369,6205,3326,5728,2021,1981,6816,8967,4466,8345,0,1,79,157,342,766,545,1487,716,2349,1057,1900,740,697,2496,3702,3414,6529,38636,25633,4329,1332,16526,1,7,3,4
2021-03-17T23:59:59+01:00,0,1,529,652,1077,1949,1482,3304,2292,6087,3173,5572,1766,1716,6650,8814,4456,8330,0,1,78,153,330,738,529,1443,694,2291,1019,1859,723,678,2255,3408,3327,6399,38564,24653,3802,1260,15474,1,7,3,4
2021-03-16T23:59:59+01:00,0,1,486,624,1037,1894,1430,3199,2227,5933,3057,5438,1566,1491,6515,8666,4445,8307,0,1,72,138,309,682,499,1367,665,2156,989,1731,673,628,2140,3270,3301,6312,38505,23894,3185,1028,14617,1,6,3,4
2021-03-15T23:59:59+01:00,0,1,474,612,1004,1844,1397,3132,2196,5848,2971,5354,1440,1357,5929,7977,4405,8243,0,1,69,131,295,624,484,1247,626,2026,948,1617,643,607,2102,3231,3286,6248,37263,23488,2833,694,14085,1,0,3,2
2021-03-14T23:59:59+01:00,0,1,469,605,995,1832,1393,3114,2180,5830,2936,5327,1397,1306,5533,7528,4382,8225,0,1,68,126,291,601,478,1220,620,1970,938,1592,643,607,2102,3231,3285,6246,36439,23482,2828,534,13783,1,0,3,2
2021-03-13T23:59:59+01:00,0,1,449,586,958,1782,1340,3050,1923,5243,2695,4913,1291,1193,4871,6678,4334,8151,0,1,68,126,290,598,476,1218,618,1968,937,1588,641,602,1739,2745,2758,5483,34751,21319,2824,534,11880,1,0,3,2
2021-03-12T23:59:59+01:00,0,1,433,565,937,1739,1309,2967,1720,4456,2489,4464,1219,1109,4170,5881,4287,8069,0,1,68,124,289,594,476,1215,616,1960,933,1582,638,596,1410,2198,2214,4687,33071,19064,2821,534,9920,1,0,3,2
2021-03-11T23:59:59+01:00,0,1,429,558,927,1725,1294,2948,1695,4420,2452,4427,1145,1053,4125,5844,4284,8065,0,1,68,116,283,572,461,1163,607,1911,914,1546,626,583,1404,2180,2205,4636,33032,18812,2724,462,9633,1,0,3,1
2021-03-10T23:59:59+01:00,0,1,410,546,881,1666,1238,2870,1621,4323,2385,4334,1111,1030,4109,5827,4283,8063,0,1,68,116,281,568,458,1156,602,1888,914,1541,621,575,1343,2093,2160,4579,33017,18525,2153,437,9525,1,0,3,1
2021-03-09T23:59:59+01:00,0,1,389,530,836,1617,1195,2806,1579,4240,2342,4281,1090,1019,4103,5820,4282,8062,0,1,66,115,280,567,457,1145,600,1875,907,1536,618,569,1137,1781,2042,4400,32971,17686,1707,408,9511,1,0,3,1
2021-03-08T23:59:59+01:00,0,1,382,519,825,1601,1186,2789,1571,4213,2329,4268,1077,1007,4066,5772,4280,8057,0,1,65,115,276,562,453,1139,598,1871,903,1534,618,569,1067,1690,1997,4355,32837,17427,1610,384,9493,1,0,3,1
2021-03-07T23:59:59+01:00,0,1,381,516,824,1600,1184,2787,1568,4206,2319,4263,1070,999,4060,5766,4279,8056,0,1,63,112,267,540,441,1113,582,1771,868,1459,617,569,962,1559,1945,4284,32820,17060,1570,92,9486,0,0,3,1
2021-03-06T23:59:59+01:00,0,1,373,500,805,1567,1160,2729,1527,4138,2126,3766,1040,962,3887,5493,4177,7891,0,1,63,112,267,540,441,1112,582,1771,868,1459,617,569,959,1558,1942,4283,32102,17051,1570,92,8467,0,0,3,1
2021-03-05T23:59:59+01:00,0,1,360,461,773,1463,1110,2513,1452,3925,1912,3102,1009,917,3130,4527,3972,7547,0,1,63,111,266,537,438,1106,581,1766,864,1456,614,567,920,1500,1919,4241,29781,16857,1569,92,6821,0,0,3,1
2021-03-04T23:59:59+01:00,0,1,347,452,765,1443,1097,2490,1433,3896,1890,3083,995,913,3126,4523,3969,7545,0,1,62,109,263,534,434,1090,571,1744,863,1448,612,565,883,1446,1896,4204,29768,16695,1530,29,6667,0,0,3,1
2021-03-03T23:59:59+01:00,0,1,338,421,746,1392,1067,2407,1383,3741,1810,2986,962,867,3116,4517,3969,7542,0,1,61,108,260,531,433,1086,569,1735,860,1444,612,564,863,1393,1808,4057,29452,16357,1530,27,6280,0,0,3,1
2021-03-02T23:59:59+01:00,0,1,332,413,731,1369,1019,2362,1315,3656,1694,2887,874,802,3073,4478,3963,7537,0,1,61,108,259,527,432,1078,569,1729,860,1440,611,564,863,1393,1808,4057,28813,16332,1466,27,6224,0,0,3,1
2021-03-01T23:59:59+01:00,0,1,328,399,724,1322,1006,2304,1295,3573,1667,2837,855,793,3065,4468,3962,7537,0,1,61,107,258,523,427,1064,565,1716,851,1432,610,562,766,1238,1751,3977,28772,15881,1414,27,5947,0,0,3,1
2021-02-28T23:59:59+01:00,0,1,323,387,716,1283,992,2227,1281,3485,1644,2758,851,783,3063,4464,3961,7534,0,1,61,107,257,523,427,1063,565,1716,849,1432,610,561,669,1113,1703,3896,28756,15526,1410,26,5584,0,0,3,1
2021-02-27T23:59:59+01:00,0,1,314,366,702,1256,973,2191,1246,3416,1621,2705,833,767,3060,4464,3960,7534,0,1,60,107,257,523,427,1063,564,1716,847,1432,610,561,669,1113,1703,3896,28752,15522,1410,26,5244,0,0,3,1
2021-02-26T23:59:59+01:00,0,1,288,315,655,1192,909,2073,1156,3249,1516,2568,804,744,2623,3858,3533,6756,0,1,60,107,254,520,427,1061,562,1714,844,1426,606,559,662,1101,1694,3877,26458,15448,1410,26,4369,0,0,3,1
2021-02-25T23:59:59+01:00,0,1,283,302,641,1162,888,2031,1137,3183,1498,2523,801,740,2576,3786,3503,6712,0,1,58,104,250,512,427,1057,557,1704,841,1415,600,555,585,992,1647,3819,26239,15099,1410,24,4115,0,0,3,1
2021-02-24T23:59:59+01:00,0,1,264,292,590,1116,841,1963,1079,3088,1454,2465,784,721,2335,3484,3414,6574,0,1,57,99,245,505,421,1038,548,1682,838,1395,593,543,571,972,1636,3796,25239,14923,1410,16,3813,0,0,3,1
2021-02-23T23:59:59+01:00,0,1,252,271,561,1060,804,1888,1011,2938,1380,2363,732,671,2220,3344,3388,6481,0,1,57,97,243,499,421,1022,538,1650,830,1373,584,536,555,921,1624,3743,24433,14677,1405,16,3524,0,0,3,1
2021-02-22T23:59:59+01:00,0,1,248,265,548,997,784,1812,985,2844,1344,2303,707,649,2190,3307,3379,6418,0,1,57,96,237,493,419,1009,529,1632,826,1348,570,522,532,895,1618,3688,24027,14456,1405,15,3346,0,0,3,1
2021-02-21T23:59:59+01:00,0,1,245,258,539,972,771,1775,977,2796,1314,2277,707,647,2188,3307,3378,6417,0,1,57,96,236,493,419,1009,529,1632,826,1347,570,521,532,895,1618,3687,24021,14452,1405,15,3140,0,0,3,1
2021-02-20T23:59:59+01:00,0,1,167,228,470,923,702,1698,907,2707,1229,2178,692,632,1814,2789,2822,5614,0,1,57,96,236,493,419,1009,529,1631,826,1347,570,521,532,895,1617,3687,21744,14450,1405,15,2421,0,0,3,1
2021-02-19T23:59:59+01:00,0,1,84,167,358,842,575,1566,776,2558,1093,2025,676,611,1506,2274,2273,4822,0,1,57,96,236,493,419,1008,529,1631,826,1347,570,521,527,893,1615,3681,19536,14434,1405,15,1263,0,0,3,1
2021-02-18T23:59:59+01:00,0,1,81,162,346,792,554,1477,743,2418,1060,1957,660,599,1497,2255,2264,4770,0,1,54,89,230,471,405,941,514,1551,806,1274,556,507,521,875,1612,3659,19292,14050,1379,15,962,0,0,3,1
2021-02-17T23:59:59+01:00,0,1,80,154,332,769,545,1444,714,2325,1023,1857,655,589,1439,2167,2216,4720,0,1,54,86,228,462,397,903,503,1486,787,1192,543,495,519,873,1612,3659,19031,13784,1306,15,690,0,0,3,1
2021-02-16T23:59:59+01:00,0,1,75,149,317,729,517,1370,682,2217,998,1752,644,582,1194,1820,2092,4537,0,1,53,77,227,455,391,873,490,1421,761,1126,522,482,517,873,1609,3658,18109,13533,1067,2,497,0,0,3,1
2021-02-15T23:59:59+01:00,0,1,70,133,291,624,482,1228,624,2004,947,1592,635,580,1110,1713,2040,4472,0,1,53,77,225,450,387,867,489,1417,759,1119,522,482,516,868,1608,3655,17777,13494,729,0,39,0,0,1,1
2021-02-14T23:59:59+01:00,0,1,69,126,286,597,477,1199,613,1950,933,1570,635,580,1011,1589,1993,4415,0,1,53,77,225,450,387,867,489,1415,759,1119,522,482,516,868,1608,3655,17447,13492,573,0,23,0,0,1,1
2021-02-13T23:59:59+01:00,0,1,69,125,286,596,476,1195,612,1948,931,1567,634,579,1010,1580,1989,4412,0,1,53,77,225,449,385,862,488,1410,757,1118,520,480,499,830,1349,3183,17413,12685,573,0,23,0,0,1,1
2021-02-12T23:59:59+01:00,0,1,68,125,285,595,472,1191,612,1945,928,1566,631,578,971,1528,1969,4372,0,1,53,77,225,445,381,853,483,1401,751,1111,513,472,481,789,986,2469,17243,11490,573,0,20,0,0,1,1
2021-02-11T23:59:59+01:00,0,1,67,117,282,582,459,1164,606,1919,921,1554,630,577,928,1470,1947,4333,0,1,53,74,210,414,367,806,466,1327,736,1079,510,471,481,789,985,2468,17062,11237,490,0,4,0,0,1,0
2021-02-10T23:59:59+01:00,0,1,66,117,279,579,457,1159,602,1902,916,1550,630,577,919,1454,1926,4288,0,1,52,64,177,336,313,704,416,1155,656,984,476,459,476,788,985,2467,16958,10509,462,0,1,0,0,1,0
2021-02-09T23:59:59+01:00,0,1,64,115,273,575,454,1146,601,1887,908,1544,629,576,907,1418,1856,4183,0,1,43,53,126,257,237,554,334,953,554,830,440,448,472,787,982,2467,16705,9538,431,0,0,0,0,1,0
2021-02-08T23:59:59+01:00,0,1,63,115,270,566,451,1139,599,1872,901,1536,627,573,804,1265,1799,4101,0,1,38,43,88,168,174,417,271,716,495,695,433,442,469,784,981,2467,16275,8682,406,0,0,0,0,1,0
2021-02-07T23:59:59+01:00,0,1,61,112,260,544,437,1108,583,1769,866,1457,626,572,702,1140,1750,4017,0,1,37,42,84,165,171,410,266,703,490,684,431,441,469,784,981,2466,15905,8625,99,0,0,0,0,1,0
2021-02-06T23:59:59+01:00,0,1,60,112,259,544,437,1108,581,1768,863,1454,623,570,700,1132,1744,4010,0,1,34,41,83,162,168,400,262,695,479,675,423,440,433,736,741,2074,15866,7847,99,0,0,0,0,1,0
2021-02-05T23:59:59+01:00,0,1,60,112,257,540,437,1106,580,1767,861,1452,621,570,690,1125,1738,3997,0,1,32,39,79,158,163,392,254,676,462,665,417,440,427,711,337,1441,15814,6694,99,0,0,0,0,1,0
2021-02-04T23:59:59+01:00,0,1,59,110,252,534,431,1090,564,1740,857,1438,614,560,604,1008,1687,3936,0,1,31,36,74,152,157,381,239,652,445,651,411,432,422,704,335,1434,15453,6557,31,0,0,0,0,1,0
2021-02-03T23:59:59+01:00,0,1,58,105,248,527,430,1071,561,1724,855,1423,610,550,593,998,1684,3922,0,1,24,28,60,121,123,280,175,510,335,501,305,330,337,547,257,1150,15330,5084,29,0,0,0,0,1,0
2021-02-02T23:59:59+01:00,0,1,58,103,245,522,430,1053,549,1692,846,1399,597,540,581,949,1674,3871,0,1,17,21,41,78,87,186,122,344,219,362,215,220,217,344,184,755,15081,3413,29,0,0,0,0,0,0
2021-02-01T23:59:59+01:00,0,1,58,101,241,514,428,1037,541,1670,842,1376,590,534,559,920,1666,3824,0,0,7,11,21,42,48,98,65,168,95,166,101,103,90,160,77,329,14873,1581,29,0,0,0,0,0,0
2021-01-31T23:59:59+01:00,0,1,58,101,240,513,426,1033,539,1665,840,1373,590,533,559,920,1666,3823,0,0,7,11,19,38,43,84,61,142,81,150,96,101,89,159,75,327,14851,1483,29,0,0,0,0,0,0
2021-01-30T23:59:59+01:00,0,1,58,101,240,513,426,1033,539,1665,840,1373,590,533,559,920,1666,3823,0,0,7,11,19,38,43,84,61,142,81,150,96,100,89,159,75,327,14851,1482,29,0,0,0,0,0,0
2021-01-29T23:59:59+01:00,0,1,58,101,240,513,426,1033,539,1665,840,1373,590,533,559,920,1666,3823,0,0,7,11,19,38,43,84,61,142,81,150,96,100,89,159,75,327,14851,1482,29,0,0,0,0,0,0
2021-01-28T23:59:59+01:00,0,1,56,93,236,484,414,966,521,1579,816,1292,577,518,553,903,1663,3804,0,0,3,2,5,6,11,16,19,34,22,33,17,22,21,34,19,99,14453,363,23,0,0,0,0,0,0
2021-01-27T23:59:59+01:00,0,1,54,89,236,474,406,927,511,1513,796,1209,565,505,551,901,1663,3804,0,0,3,2,5,6,9,16,19,33,21,31,17,21,21,34,19,99,14184,356,21,0,0,0,0,0,0
2021-01-26T23:59:59+01:00,0,1,53,83,231,471,399,898,500,1446,771,1142,543,492,549,901,1663,3804,0,0,1,2,5,6,9,15,17,29,17,26,15,18,19,32,19,91,13928,321,19,0,0,0,0,0,0
2021-01-25T23:59:59+01:00,0,1,53,83,228,465,396,892,500,1443,770,1137,543,492,549,898,1663,3802,0,0,0,0,0,0,0,2,0,0,0,0,1,1,0,2,0,0,13898,6,17,0,0,0,0,0,0
2021-01-24T23:59:59+01:00,0,1,53,83,228,465,396,892,500,1442,770,1137,543,492,549,898,1663,3802,0,0,0,0,0,0,0,2,0,0,0,0,1,1,0,2,0,0,13897,6,17,0,0,0,0,0,0
2021-01-23T23:59:59+01:00,0,1,53,83,228,464,395,888,500,1436,769,1135,540,490,532,860,1403,3324,0,0,0,0,0,0,0,1,0,0,0,0,1,1,0,2,0,0,13084,5,17,0,0,0,0,0,0
2021-01-22T23:59:59+01:00,0,1,53,83,227,460,390,878,495,1426,764,1128,534,481,515,818,1024,2583,0,0,0,0,0,0,0,1,0,0,0,0,1,1,0,2,0,0,11844,5,16,0,0,0,0,0,0
2021-01-21T23:59:59+01:00,0,1,53,80,208,426,363,822,467,1326,737,1093,530,481,515,818,1023,2582,0,0,0,0,0,0,0,1,0,0,0,0,1,1,0,2,0,0,11509,5,16,0,0,0,0,0,0
2021-01-20T23:59:59+01:00,0,1,51,70,181,354,322,737,424,1172,667,1003,494,470,510,818,1023,2581,0,0,0,0,0,0,0,1,0,0,0,0,1,1,0,2,0,0,10862,5,16,0,0,0,0,0,0
2021-01-19T23:59:59+01:00,0,1,44,57,137,276,248,579,347,990,577,863,459,458,506,816,1023,2581,0,0,0,0,0,0,0,0,0,0,0,0,1,0,0,2,0,0,9954,3,8,0,0,0,0,0,0
2021-01-18T23:59:59+01:00,0,1,40,44,88,175,179,429,280,727,505,706,451,451,503,812,1021,2581,0,0,0,0,0,0,0,0,0,0,0,0,0,0,0,1,0,0,8993,1,0,0,0,0,0,0,0
2021-01-17T23:59:59+01:00,0,1,37,43,85,172,175,421,276,716,500,693,449,451,503,812,1021,2580,0,0,0,0,0,0,0,0,0,0,0,0,0,0,0,0,0,0,8935,0,0,0,0,0,0,0,0
2021-01-16T23:59:59+01:00,0,1,34,42,83,170,171,412,269,709,485,684,440,449,464,765,774,2183,0,0,0,0,0,0,0,0,0,0,0,0,0,0,0,0,0,0,8135,0,0,0,0,0,0,0,0
2021-01-15T23:59:59+01:00,0,1,32,40,80,165,168,406,262,692,471,676,434,448,459,741,361,1541,0,0,0,0,0,0,0,0,0,0,0,0,0,0,0,0,0,0,6977,0,0,0,0,0,0,0,0
2021-01-14T23:59:59+01:00,0,1,32,38,78,159,163,401,254,679,460,668,431,445,459,740,361,1541,0,0,0,0,0,0,0,0,0,0,0,0,0,0,0,0,0,0,6910,0,0,0,0,0,0,0,0
2021-01-13T23:59:59+01:00,0,0,24,31,62,127,128,304,194,545,351,525,328,343,374,577,282,1246,0,0,0,0,0,0,0,0,0,0,0,0,0,0,0,0,0,0,5441,0,0,0,0,0,0,0,0
2021-01-12T23:59:59+01:00,0,0,17,24,46,88,93,216,140,393,238,389,236,235,247,371,205,845,0,0,0,0,0,0,0,0,0,0,0,0,0,0,0,0,0,0,3783,0,0,0,0,0,0,0,0
2021-01-11T23:59:59+01:00,0,0,9,15,27,48,62,139,88,220,125,208,116,112,106,179,93,374,0,0,0,0,0,0,0,0,0,0,0,0,0,0,0,0,0,0,1921,0,0,0,0,0,0,0,0
2021-01-10T23:59:59+01:00,0,0,8,15,23,44,55,110,80,179,105,175,110,108,102,177,90,374,0,0,0,0,0,0,0,0,0,0,0,0,0,0,0,0,0,0,1755,0,0,0,0,0,0,0,0
2021-01-09T23:59:59+01:00,0,0,8,15,23,44,55,110,80,179,105,175,110,107,102,177,90,374,0,0,0,0,0,0,0,0,0,0,0,0,0,0,0,0,0,0,1754,0,0,0,0,0,0,0,0
2021-01-08T23:59:59+01:00,0,0,8,14,22,43,52,103,75,168,99,172,107,103,97,168,88,364,0,0,0,0,0,0,0,0,0,0,0,0,0,0,0,0,0,0,1683,0,0,0,0,0,0,0,0
2021-01-07T23:59:59+01:00,0,0,3,3,5,7,11,17,20,34,24,36,17,22,23,35,23,107,0,0,0,0,0,0,0,0,0,0,0,0,0,0,0,0,0,0,387,0,0,0,0,0,0,0,0
2021-01-06T23:59:59+01:00,0,0,3,2,5,6,9,16,20,33,21,32,17,21,23,35,23,106,0,0,0,0,0,0,0,0,0,0,0,0,0,0,0,0,0,0,372,0,0,0,0,0,0,0,0
2021-01-05T23:59:59+01:00,0,0,3,2,5,6,9,16,20,33,21,32,17,21,23,35,23,106,0,0,0,0,0,0,0,0,0,0,0,0,0,0,0,0,0,0,372,0,0,0,0,0,0,0,0
2021-01-04T23:59:59+01:00,0,0,0,0,0,0,0,2,1,0,0,0,1,1,0,2,0,0,0,0,0,0,0,0,0,0,0,0,0,0,0,0,0,0,0,0,7,0,0,0,0,0,0,0,0
2021-01-03T23:59:59+01:00,0,0,0,0,0,0,0,2,1,0,0,0,1,1,0,2,0,0,0,0,0,0,0,0,0,0,0,0,0,0,0,0,0,0,0,0,7,0,0,0,0,0,0,0,0
2021-01-02T23:59:59+01:00,0,0,0,0,0,0,0,1,1,0,0,0,1,1,0,2,0,0,0,0,0,0,0,0,0,0,0,0,0,0,0,0,0,0,0,0,6,0,0,0,0,0,0,0,0
2021-01-01T23:59:59+01:00,0,0,0,0,0,0,0,1,1,0,0,0,1,1,0,2,0,0,0,0,0,0,0,0,0,0,0,0,0,0,0,0,0,0,0,0,6,0,0,0,0,0,0,0,0
2020-12-31T23:59:59+01:00,0,0,0,0,0,0,0,1,1,0,0,0,1,1,0,2,0,0,0,0,0,0,0,0,0,0,0,0,0,0,0,0,0,0,0,0,6,0,0,0,0,0,0,0,0
2020-12-30T23:59:59+01:00,0,0,0,0,0,0,0,1,1,0,0,0,1,1,0,2,0,0,0,0,0,0,0,0,0,0,0,0,0,0,0,0,0,0,0,0,6,0,0,0,0,0,0,0,0
2020-12-29T23:59:59+01:00,0,0,0,0,0,0,0,1,1,0,0,0,1,0,0,2,0,0,0,0,0,0,0,0,0,0,0,0,0,0,0,0,0,0,0,0,5,0,0,0,0,0,0,0,0
2020-12-28T23:59:59+01:00,0,0,0,0,0,0,0,1,0,0,0,0,1,0,0,1,0,0,0,0,0,0,0,0,0,0,0,0,0,0,0,0,0,0,0,0,3,0,0,0,0,0,0,0,0
2020-12-27T23:59:59+01:00,0,0,0,0,0,0,0,0,0,0,0,0,0,0,0,0,0,0,0,0,0,0,0,0,0,0,0,0,0,0,0,0,0,0,0,0,0,0,0,0,0,0,0,0,0
