Datum,<15_m,<15_w,15-24_1_m,15-24_1_w,25-34_1_m,25-34_1_w,35-44_1_m,35-44_1_w,45-54_1_m,45-54_1_w,55-64_1_m,55-64_1_w,65-74_1_m,65-74_1_w,75-84_1_m,75-84_1_w,>84_1_m,>84_1_w,<24_2_m,<24_2_w,25-34_2_m,25-34_2_w,35-44_2_m,35-44_2_w,45-54_2_m,45-54_2_w,55-64_2_m,55-64_2_w,65-74_2_m,65-74_2_w,75-84_2_m,75-84_2_w,>84_2_m,>84_2_w,bp_1,bp_2,mo_1,mo_2,az_1,az_2,ja,unb_1,unb_2
2021-09-13T23:59:59+02:00,1599,1400,13617,12906,16639,15558,20000,20317,26713,27837,33348,34371,25436,28304,17253,22089,5103,9645,11970,11335,15378,14235,18823,18826,25231,26041,31829,32708,24627,27376,16776,21361,4949,9227,239732,224383,31690,29528,46522,44786,14070,130,54
2021-09-12T23:59:59+02:00,1589,1397,13595,12883,16616,15541,19991,20307,26704,27820,33343,34359,25432,28300,17252,22085,5103,9642,11937,11316,15349,14217,18801,18805,25216,26028,31815,32694,24619,27367,16773,21357,4948,9224,239581,224163,31690,29528,46520,44785,14047,130,54
2021-09-11T23:59:59+02:00,1578,1396,13579,12871,16601,15532,19982,20304,26692,27814,33339,34355,25428,28299,17251,22084,5101,9642,11870,11265,15333,14208,18795,18794,25204,26017,31807,32681,24617,27365,16772,21356,4948,9224,239515,223840,31670,29526,46520,44785,14021,130,54
2021-09-10T23:59:59+02:00,1540,1350,13437,12743,16531,15458,19877,20219,26608,27749,33277,34300,25389,28268,17235,22061,5095,9637,11753,11160,15249,14127,18688,18710,25109,25960,31734,32623,24575,27334,16755,21336,4943,9219,238927,223291,31656,29515,46520,44785,13548,130,54
2021-09-09T23:59:59+02:00,1519,1329,13365,12676,16477,15408,19825,20184,26555,27683,33235,34259,25361,28250,17230,22048,5091,9630,11693,11088,15199,14077,18635,18682,25052,25920,31688,32587,24553,27319,16741,21326,4937,9205,238559,222919,31581,29476,46520,44785,13342,130,54
2021-09-08T23:59:59+02:00,1504,1312,13334,12650,16461,15384,19806,20172,26538,27671,33222,34248,25349,28242,17224,22042,5088,9627,11648,11046,15171,14059,18623,18666,25035,25895,31668,32577,24540,27304,16739,21320,4936,9202,238334,222642,31581,29476,46516,44783,13320,130,54
2021-09-07T23:59:59+02:00,1475,1295,13276,12604,16423,15352,19784,20143,26501,27650,33188,34218,25325,28224,17218,22026,5083,9621,11590,10982,15121,14006,18587,18636,24989,25851,31616,32550,24513,27280,16731,21304,4931,9199,238104,222342,31498,29362,46516,44783,13165,130,54
2021-09-06T23:59:59+02:00,1460,1287,13248,12570,16400,15328,19765,20123,26485,27635,33177,34209,25322,28211,17215,22022,5080,9621,11570,10950,15101,13974,18566,18620,24973,25831,31596,32535,24502,27267,16730,21297,4928,9199,237887,222116,31498,29352,46516,44782,13134,130,54
2021-09-05T23:59:59+02:00,1450,1280,13233,12551,16385,15311,19756,20116,26479,27628,33167,34196,25319,28209,17213,22018,5080,9621,11549,10934,15076,13957,18556,18611,24967,25825,31587,32516,24499,27257,16727,21292,4926,9198,237766,221971,31498,29352,46516,44781,13109,130,54
2021-09-04T23:59:59+02:00,1450,1280,13232,12550,16385,15311,19754,20116,26478,27628,33167,34196,25319,28209,17213,22017,5080,9621,11549,10932,15074,13957,18551,18611,24966,25823,31587,32514,24498,27257,16727,21292,4926,9198,237764,221960,31498,29351,46516,44781,13105,130,54
2021-09-03T23:59:59+02:00,1423,1264,13136,12449,16330,15262,19720,20077,26438,27602,33131,34179,25301,28199,17209,22006,5078,9620,11412,10807,15012,13888,18483,18565,24894,25776,31527,32478,24466,27229,16714,21276,4923,9194,237282,221169,31497,29345,46516,44781,13006,130,54
2021-09-02T23:59:59+02:00,1408,1258,13072,12407,16288,15231,19686,20053,26404,27569,33106,34159,25288,28186,17204,22002,5078,9616,11337,10766,14966,13856,18447,18547,24861,25755,31489,32449,24447,27208,16708,21271,4923,9192,237059,220906,31435,29304,46513,44772,12885,130,54
2021-09-01T23:59:59+02:00,1385,1242,13035,12367,16268,15210,19667,20039,26385,27551,33084,34134,25278,28175,17198,21993,5075,9612,11296,10732,14944,13827,18427,18527,24841,25732,31464,32419,24433,27194,16701,21265,4921,9190,236764,220579,31430,29302,46512,44771,12869,130,54
2021-08-31T23:59:59+02:00,1354,1220,12981,12307,16225,15173,19633,19997,26340,27502,33046,34100,25262,28154,17192,21981,5071,9609,11223,10662,14896,13767,18373,18496,24792,25679,31406,32376,24402,27179,16693,21252,4918,9183,236466,220152,31367,29271,46512,44755,12679,130,54
2021-08-30T23:59:59+02:00,1330,1206,12944,12270,16200,15152,19612,19979,26316,27485,33024,34084,25251,28144,17192,21977,5069,9607,11146,10628,14869,13747,18351,18473,24763,25663,31379,32349,24390,27164,16687,21245,4915,9180,236222,219858,31367,29271,46512,44744,12617,130,54
2021-08-29T23:59:59+02:00,1326,1200,12931,12253,16188,15143,19602,19969,26312,27477,33017,34070,25246,28137,17190,21976,5069,9607,11129,10591,14857,13730,18336,18459,24750,25654,31371,32337,24379,27153,16685,21239,4915,9180,236117,219681,31367,29271,46512,44740,12593,130,54
2021-08-28T23:59:59+02:00,1319,1188,12899,12231,16174,15132,19590,19955,26305,27468,33008,34064,25244,28132,17189,21973,5069,9606,11054,10519,14823,13697,18290,18432,24714,25621,31328,32306,24362,27140,16676,21223,4915,9177,235959,219157,31366,29271,46512,44740,12585,130,54
2021-08-27T23:59:59+02:00,1300,1173,12835,12175,16127,15085,19532,19908,26250,27419,32966,34034,25226,28120,17185,21959,5069,9603,11017,10486,14785,13672,18274,18417,24679,25597,31300,32285,24349,27129,16673,21219,4915,9176,235536,219004,31366,29270,46512,44739,12428,130,54
2021-08-26T23:59:59+02:00,1281,1157,12764,12118,16081,15042,19489,19868,26195,27362,32916,33987,25196,28091,17178,21950,5066,9600,10948,10437,14739,13630,18229,18388,24635,25559,31256,32246,24327,27113,16666,21210,4915,9172,235168,218695,31306,29256,46512,44732,12230,130,54
2021-08-25T23:59:59+02:00,1263,1141,12740,12075,16061,15017,19468,19853,26168,27346,32881,33959,25178,28072,17171,21943,5065,9597,10899,10394,14708,13601,18195,18357,24614,25540,31223,32208,24314,27096,16658,21200,4913,9169,234859,218322,31306,29255,46505,44728,12201,130,54
2021-08-24T23:59:59+02:00,1236,1123,12679,12004,16008,14975,19423,19813,26122,27300,32836,33926,25158,28048,17159,21932,5064,9592,10819,10320,14665,13559,18149,18321,24563,25491,31181,32171,24289,27069,16643,21185,4912,9168,234552,217904,31182,29216,46505,44728,12032,130,54
2021-08-23T23:59:59+02:00,1223,1110,12641,11965,15982,14956,19402,19778,26101,27266,32807,33904,25144,28035,17155,21923,5064,9589,10765,10269,14636,13520,18111,18287,24536,25462,31146,32139,24276,27050,16636,21182,4910,9167,234251,217506,31181,29216,46505,44726,11981,130,54
2021-08-22T23:59:59+02:00,1216,1103,12626,11943,15966,14940,19395,19759,26089,27256,32796,33889,25133,28029,17153,21920,5061,9589,10735,10240,14615,13504,18090,18276,24523,25446,31131,32126,24266,27040,16634,21177,4909,9166,234087,217288,31181,29215,46505,44725,11963,130,54
2021-08-21T23:59:59+02:00,1129,1031,12551,11886,15954,14928,19386,19748,26079,27245,32786,33873,25128,28024,17150,21917,5061,9589,10711,10210,14599,13500,18083,18265,24514,25440,31123,32120,24263,27039,16633,21177,4909,9166,233717,217168,31175,29214,46505,44725,11941,130,54
2021-08-20T23:59:59+02:00,1109,1015,12490,11817,15896,14878,19325,19710,26025,27212,32736,33846,25113,28013,17141,21912,5060,9587,10657,10172,14559,13465,18042,18238,24479,25421,31094,32103,24254,27032,16627,21174,4909,9165,233223,216884,31175,29213,46505,44725,11855,130,54
2021-08-19T23:59:59+02:00,1084,991,12423,11760,15838,14846,19275,19663,25964,27162,32694,33810,25081,27989,17129,21901,5057,9585,10564,10096,14490,13424,17987,18202,24411,25378,31028,32058,24212,27014,16618,21156,4908,9162,232932,216449,31084,29203,46505,44717,11604,130,54
2021-08-18T23:59:59+02:00,1072,974,12382,11725,15810,14816,19247,19633,25934,27132,32659,33785,25063,27977,17124,21892,5055,9584,10510,10030,14442,13399,17939,18173,24365,25340,30969,32019,24190,26997,16612,21143,4904,9156,232620,215993,31084,29198,46504,44707,11529,130,54
2021-08-17T23:59:59+02:00,1045,949,12330,11683,15781,14775,19214,19603,25906,27110,32624,33747,25044,27958,17114,21875,5054,9579,10417,9948,14391,13352,17885,18117,24312,25300,30908,31974,24163,26973,16600,21121,4902,9148,232320,215390,30959,29136,46504,44704,11481,130,54
2021-08-16T23:59:59+02:00,1033,942,12298,11659,15764,14757,19197,19585,25883,27086,32605,33725,25024,27943,17106,21860,5051,9577,10360,9882,14367,13309,17861,18081,24268,25265,30870,31943,24136,26939,16585,21107,4902,9145,232094,214948,30959,29135,46504,44698,11411,130,54
2021-08-15T23:59:59+02:00,1025,942,12273,11644,15751,14740,19182,19570,25873,27077,32584,33711,25018,27934,17102,21849,5050,9577,10315,9847,14333,13286,17841,18060,24246,25252,30849,31916,24117,26931,16580,21099,4901,9143,231936,214668,30958,29135,46503,44693,11378,130,54
2021-08-14T23:59:59+02:00,1024,942,12272,11640,15751,14738,19179,19568,25873,27077,32584,33710,25018,27934,17102,21849,5050,9577,10147,9627,14227,13196,17766,18013,24199,25221,30809,31883,24102,26918,16577,21096,4899,9142,231927,213664,30958,29134,46503,44692,11373,130,54
2021-08-13T23:59:59+02:00,980,902,12120,11512,15697,14684,19115,19511,25802,27025,32531,33674,24993,27905,17091,21839,5049,9573,10095,9574,14186,13168,17727,17988,24167,25201,30785,31862,24092,26905,16571,21086,4899,9138,231099,213329,30957,29134,46503,44689,11320,127,54
2021-08-12T23:59:59+02:00,966,881,12063,11451,15651,14645,19078,19484,25758,27003,32485,33645,24968,27889,17083,21834,5048,9570,10002,9505,14112,13126,17666,17940,24100,25166,30732,31814,24064,26880,16555,21068,4897,9138,230874,212907,30934,29128,46503,44674,11066,127,54
2021-08-11T23:59:59+02:00,952,870,12030,11417,15631,14622,19048,19465,25737,26984,32461,33617,24950,27867,17079,21827,5047,9568,9929,9443,14058,13087,17618,17895,24058,25145,30691,31764,24034,26848,16539,21055,4896,9133,230589,212334,30933,29124,46502,44646,11023,127,54
2021-08-10T23:59:59+02:00,934,860,11942,11366,15578,14592,19005,19428,25681,26950,32404,33563,24933,27852,17072,21814,5046,9565,9834,9362,14009,13051,17586,17861,24012,25106,30638,31717,24001,26815,16532,21035,4892,9128,230208,211822,30802,29089,46500,44632,10950,127,54
2021-08-09T23:59:59+02:00,932,843,11914,11330,15562,14576,18983,19416,25649,26926,32375,33531,24926,27843,17066,21806,5046,9562,9780,9301,13974,13001,17548,17819,23981,25061,30603,31676,23986,26798,16527,21022,4890,9122,229969,211372,30802,29086,46499,44625,10891,127,54
2021-08-08T23:59:59+02:00,922,836,11877,11306,15540,14561,18963,19395,25624,26906,32353,33514,24918,27828,17059,21802,5045,9562,9704,9246,13929,12973,17521,17789,23948,25026,30571,31644,23973,26779,16519,21008,4889,9119,229777,210975,30802,29085,46499,44624,10808,127,54
2021-08-07T23:59:59+02:00,902,809,11781,11228,15497,14520,18922,19361,25585,26876,32307,33482,24901,27816,17050,21784,5044,9559,9084,8643,13490,12621,17308,17605,23795,24914,30421,31568,23914,26728,16498,20981,4884,9116,229192,207770,30802,29085,46499,44624,10806,127,54
2021-08-06T23:59:59+02:00,892,806,11751,11201,15479,14507,18912,19355,25570,26860,32298,33475,24897,27812,17045,21782,5044,9558,8503,8013,12975,12226,17080,17400,23653,24803,30326,31489,23883,26681,16486,20967,4880,9110,229140,204604,30680,29072,46499,44624,10800,127,54
2021-08-05T23:59:59+02:00,889,799,11710,11170,15440,14479,18871,19324,25524,26824,32252,33428,24857,27790,17042,21771,5044,9552,8444,7948,12931,12176,17030,17358,23589,24763,30250,31434,23836,26640,16472,20949,4878,9101,228915,204180,30679,29067,46499,44615,10548,127,54
2021-08-04T23:59:59+02:00,872,783,11680,11140,15420,14447,18840,19299,25497,26795,32206,33389,24842,27777,17037,21765,5042,9544,8355,7859,12872,12129,16978,17315,23533,24719,30190,31363,23799,26601,16462,20936,4876,9095,228650,203590,30677,29066,46498,44580,10425,127,54
2021-08-03T23:59:59+02:00,856,764,11633,11101,15398,14425,18810,19279,25471,26767,32171,33354,24822,27758,17028,21760,5038,9543,8272,7770,12805,12080,16911,17261,23473,24681,30150,31314,23763,26567,16447,20925,4873,9091,228315,202933,30675,29056,46498,44572,10365,127,54
2021-08-02T23:59:59+02:00,847,761,11598,11070,15377,14392,18783,19258,25442,26742,32139,33327,24808,27739,17020,21751,5037,9541,8176,7677,12725,12020,16853,17197,23416,24609,30100,31257,23745,26544,16426,20915,4871,9086,228038,202228,30674,29055,46498,44564,10296,127,54
2021-08-01T23:59:59+02:00,840,754,11573,11040,15366,14379,18768,19247,25424,26730,32122,33312,24804,27731,17019,21748,5035,9540,8105,7610,12664,11972,16812,17151,23380,24578,30073,31232,23730,26525,16422,20909,4869,9085,227897,201772,30670,29054,46498,44546,10241,127,54
2021-07-31T23:59:59+02:00,837,753,11570,11034,15364,14376,18765,19243,25423,26729,32119,33311,24804,27730,17019,21748,5035,9540,7952,7421,11899,11299,16259,16713,23285,24499,30009,31161,23701,26489,16410,20890,4868,9083,227868,198555,30669,29054,46498,44545,10239,127,54
2021-07-30T23:59:59+02:00,836,752,11556,11025,15361,14373,18759,19238,25416,26724,32109,33306,24803,27728,17019,21745,5035,9540,7667,7181,11353,10853,15781,16286,23148,24392,29900,31048,23664,26444,16394,20868,4868,9078,227800,195473,30668,29053,46496,44532,10235,127,54
2021-07-29T23:59:59+02:00,824,743,11516,10978,15323,14352,18719,19212,25377,26689,32056,33277,24785,27708,17008,21728,5035,9537,7291,6869,10687,10337,15266,15873,22972,24246,29751,30937,23610,26392,16365,20843,4864,9075,227479,192002,30667,29045,46496,44446,10099,127,54
2021-07-28T23:59:59+02:00,805,731,11468,10925,15299,14322,18687,19185,25351,26661,32030,33252,24771,27690,17003,21716,5034,9533,7125,6712,10541,10217,15154,15738,22878,24150,29651,30841,23567,26336,16347,20814,4863,9065,227153,190758,30666,29043,46491,44337,10027,127,54
2021-07-27T23:59:59+02:00,796,722,11423,10887,15259,14282,18647,19159,25322,26635,31993,33230,24755,27665,16997,21705,5033,9525,6904,6499,10383,10100,15010,15603,22774,24042,29543,30728,23516,26272,16331,20787,4861,9054,226839,189609,30666,28715,46490,44302,9914,127,54
2021-07-26T23:59:59+02:00,786,709,11373,10841,15233,14261,18631,19130,25294,26605,31961,33204,24740,27643,16985,21693,5032,9522,6786,6422,10288,10023,14944,15524,22692,23981,29478,30654,23483,26229,16319,20770,4857,9048,226546,188822,30664,28712,46487,44260,9820,127,54
2021-07-25T23:59:59+02:00,775,699,11345,10813,15212,14235,18611,19106,25267,26580,31940,33186,24723,27632,16981,21684,5031,9520,6710,6340,10220,9959,14871,15464,22637,23926,29422,30616,23451,26207,16307,20756,4857,9044,226349,188230,30663,28708,46486,44230,9716,127,54
2021-07-24T23:59:59+02:00,751,677,11265,10729,15173,14208,18588,19084,25247,26565,31927,33173,24723,27628,16978,21682,5031,9520,6310,5980,10077,9845,14496,15183,22412,23769,29305,30532,23415,26169,16290,20739,4854,9040,225967,185869,30662,28707,46486,44228,9708,127,54
2021-07-23T23:59:59+02:00,725,655,11198,10646,15145,14175,18558,19069,25225,26545,31911,33156,24712,27623,16976,21682,5031,9517,5940,5669,9957,9739,14149,14919,22216,23596,29185,30415,23363,26101,16279,20718,4850,9033,225582,183600,30661,28707,46486,44217,9694,127,54
2021-07-22T23:59:59+02:00,684,615,11043,10482,15047,14087,18471,19021,25144,26491,31838,33091,24676,27582,16961,21664,5027,9512,5620,5368,9689,9525,13567,14442,21896,23335,28952,30188,23262,26004,16235,20680,4846,9030,224629,180274,30659,28696,46485,44198,9537,127,54
2021-07-21T23:59:59+02:00,664,590,10979,10428,15012,14060,18431,18983,25104,26462,31799,33041,24651,27548,16944,21652,5025,9507,5002,4901,9249,9274,13190,14212,21662,23180,28765,30039,23197,25928,16210,20657,4844,9027,224200,178509,30651,27427,46482,44030,9421,127,54
2021-07-20T23:59:59+02:00,646,573,10921,10374,14986,14024,18395,18956,25073,26429,31763,33007,24631,27527,16939,21638,5022,9500,4857,4789,9096,9142,13026,14078,21549,23058,28635,29915,23118,25825,16188,20617,4837,9021,223822,177165,30651,27415,46480,43881,9325,127,54
2021-07-19T23:59:59+02:00,633,561,10884,10343,14957,14004,18372,18948,25045,26404,31729,32978,24614,27504,16933,21627,5020,9497,4777,4719,8999,9065,12910,13981,21451,22952,28535,29795,23062,25768,16163,20587,4832,9015,223583,176224,30651,27407,46471,43784,9222,127,54
2021-07-18T23:59:59+02:00,618,552,10830,10291,14921,13983,18347,18930,25025,26387,31706,32959,24604,27493,16927,21618,5019,9492,4669,4616,8864,8944,12783,13842,21365,22861,28462,29716,23034,25739,16154,20574,4829,9014,223303,175213,30651,27393,46471,43731,9151,127,54
2021-07-17T23:59:59+02:00,545,481,10543,9994,14810,13883,18256,18852,24919,26312,31599,32908,24569,27459,16914,21598,5017,9491,4620,4572,8810,8872,12548,13646,20942,22520,28332,29584,22996,25686,16145,20559,4828,9011,221753,173419,30651,27393,46470,43729,9150,127,54
2021-07-16T23:59:59+02:00,516,444,10410,9872,14751,13842,18202,18801,24884,26279,31579,32884,24560,27444,16911,21591,5017,9488,4572,4530,8734,8832,12173,13367,20397,22122,28199,29488,22947,25649,16136,20554,4826,9009,221091,171303,30650,27391,46469,43722,9139,127,54
2021-07-15T23:59:59+02:00,485,406,10271,9767,14685,13793,18145,18734,24830,26231,31529,32831,24535,27407,16893,21575,5010,9484,4358,4390,8409,8625,11655,12966,19292,21279,27783,29143,22778,25480,16071,20481,4816,8993,220361,166607,30649,27377,46468,43525,9007,127,54
2021-07-14T23:59:59+02:00,464,393,10242,9742,14650,13773,18115,18699,24794,26190,31478,32778,24505,27379,16882,21558,5008,9482,4234,4239,8154,8452,11426,12821,19114,21168,27636,29015,22713,25402,16037,20443,4813,8984,219995,165037,30649,27359,46466,43351,8896,127,54
2021-07-13T23:59:59+02:00,440,378,10192,9689,14621,13745,18089,18666,24759,26169,31444,32737,24489,27349,16871,21547,5007,9480,4137,4144,7979,8293,11226,12630,18981,21030,27482,28853,22616,25317,16002,20390,4809,8973,219591,163580,30649,27338,46465,43093,8841,127,54
2021-07-12T23:59:59+02:00,427,357,10146,9639,14595,13726,18058,18636,24723,26127,31410,32692,24464,27326,16856,21542,5004,9477,4030,4045,7810,8172,11066,12495,18866,20908,27359,28732,22541,25255,15975,20364,4808,8968,219217,162414,30648,27316,46465,42902,8748,127,54
2021-07-11T23:59:59+02:00,419,339,10116,9609,14576,13706,18041,18626,24703,26119,31389,32674,24451,27316,16854,21540,5004,9475,3961,3972,7691,8072,10919,12367,18742,20808,27258,28618,22498,25207,15954,20339,4806,8965,219022,161447,30647,27311,46464,42703,8697,127,54
2021-07-10T23:59:59+02:00,393,316,10006,9503,14521,13667,17993,18603,24679,26099,31370,32658,24443,27307,16850,21536,5002,9473,3928,3947,7630,8030,10884,12338,18713,20784,27229,28596,22491,25192,15950,20334,4806,8965,218497,161145,30646,27310,46461,42655,8688,127,54
2021-07-09T23:59:59+02:00,333,269,9744,9294,14416,13585,17917,18533,24593,26046,31321,32597,24420,27276,16837,21518,5002,9467,3860,3907,7497,7939,10666,12193,18488,20646,26814,28274,22307,24998,15895,20273,4803,8958,217272,159002,30646,27306,46460,42526,8663,127,54
2021-07-08T23:59:59+02:00,254,202,9550,9151,14315,13509,17822,18461,24533,25995,31238,32539,24392,27245,16824,21500,4998,9462,3704,3781,7187,7750,10311,11963,18142,20364,26509,28017,22133,24839,15827,20199,4796,8942,216170,156621,30643,27260,46447,41954,8603,127,54
2021-07-07T23:59:59+02:00,215,174,9448,9046,14263,13475,17779,18418,24480,25955,31195,32498,24368,27216,16812,21482,4998,9454,3508,3651,6858,7525,9359,11231,17555,19933,26107,27707,21896,24534,15750,20103,4782,8928,215535,154003,30640,25508,46445,41355,8529,127,54
2021-07-06T23:59:59+02:00,193,162,9370,8987,14213,13447,17743,18376,24438,25916,31134,32450,24331,27188,16797,21465,4996,9452,3393,3576,6658,7403,9088,11068,17310,19752,25830,27449,21739,24331,15669,19999,4769,8913,214970,152070,30623,25498,46442,40850,8496,127,54
2021-07-05T23:59:59+02:00,181,147,9283,8906,14173,13404,17709,18326,24402,25886,31089,32399,24307,27166,16789,21451,4995,9450,3341,3541,6529,7324,8938,10947,17168,19612,25659,27294,21596,24163,15619,19946,4758,8903,214425,151005,30623,25489,46440,40362,8448,127,54
2021-07-04T23:59:59+02:00,166,140,9229,8856,14142,13391,17683,18308,24377,25866,31068,32373,24292,27152,16783,21443,4994,9447,3289,3497,6466,7284,8850,10875,17081,19527,25530,27183,21471,24034,15577,19893,4756,8896,214152,150344,30622,25480,46425,39964,8384,127,54
2021-07-03T23:59:59+02:00,163,137,8717,8357,13984,13271,17582,18190,24282,25808,31003,32324,24271,27130,16771,21431,4992,9444,3229,3417,6346,7165,8678,10733,16864,19343,25142,26873,21356,23897,15547,19853,4752,8890,212315,148291,30622,25480,46425,39908,8368,127,54
2021-07-02T23:59:59+02:00,156,133,8147,7885,13840,13162,17491,18113,24212,25738,30943,32262,24233,27088,16765,21411,4990,9439,3118,3308,6076,7008,8421,10491,16494,19014,24668,26449,21128,23624,15477,19771,4746,8887,210472,145215,30622,25478,46422,39583,8365,127,54
2021-07-01T23:59:59+02:00,143,123,8018,7777,13757,13103,17420,18061,24143,25687,30890,32209,24205,27063,16755,21399,4989,9438,2929,3118,5728,6724,7984,10074,15904,18541,23902,25792,20641,23149,15350,19610,4734,8862,209678,140642,30617,25466,46417,38552,8341,127,54
2021-06-30T23:59:59+02:00,126,110,7872,7660,13688,13054,17367,18008,24092,25634,30831,32163,24173,27041,16741,21381,4989,9433,2833,3039,5574,6580,7758,9852,14945,17670,23286,25241,20283,22754,15217,19449,4720,8828,209114,139104,30443,23190,46413,37427,8266,127,54
2021-06-29T23:59:59+02:00,111,97,7804,7567,13645,13015,17328,17963,24039,25573,30781,32103,24152,27015,16731,21365,4986,9429,2774,2995,5445,6482,7604,9718,14777,17498,23045,25007,20024,22429,15118,19348,4708,8808,208490,137985,30441,23178,46410,36336,8236,127,54
2021-06-28T23:59:59+02:00,106,91,7740,7496,13581,12956,17282,17912,23997,25528,30725,32059,24135,26987,16724,21355,4984,9427,2745,2963,5377,6434,7511,9647,14680,17417,22894,24792,19820,22183,15063,19279,4704,8794,207957,137387,30439,23168,46402,35541,8160,127,54
2021-06-27T23:59:59+02:00,92,86,7691,7432,13551,12920,17253,17879,23978,25493,30698,32031,24123,26979,16717,21349,4984,9425,2722,2948,5326,6409,7440,9602,14584,17353,22799,24705,19692,22041,15032,19228,4700,8785,207602,136876,30439,23157,46396,35167,8117,127,54
2021-06-26T23:59:59+02:00,88,83,7187,6876,13157,12620,17140,17776,23913,25434,30662,31996,24115,26962,16713,21338,4983,9424,2621,2839,5139,6221,7240,9412,14038,16897,22139,24071,19544,21898,14987,19175,4698,8777,205415,133253,30439,23157,46396,35147,8117,100,27
2021-06-25T23:59:59+02:00,87,80,6702,6392,12703,12247,16981,17658,23822,25368,30582,31955,24092,26935,16708,21328,4981,9422,2517,2683,4964,6029,6981,9113,13506,16365,21586,23486,19346,21688,14929,19108,4694,8765,203009,129549,30439,23157,46396,34933,8099,100,27
2021-06-24T23:59:59+02:00,77,68,6478,6175,12478,12096,16875,17574,23750,25315,30524,31907,24058,26893,16702,21318,4979,9415,2308,2444,4593,5651,6480,8622,12783,15650,20434,22482,18881,21206,14824,18977,4682,8750,201732,123595,30437,23145,46389,33981,8024,100,27
2021-06-23T23:59:59+02:00,72,66,5903,5675,12316,11984,16756,17460,23676,25268,30460,31857,24024,26870,16695,21304,4975,9411,2271,2392,4530,5529,6388,8471,12550,15361,20190,22223,18582,20875,14727,18863,4671,8733,201221,122573,29098,22996,46379,32791,7974,100,27
2021-06-22T23:59:59+02:00,68,61,5761,5544,12216,11878,16669,17384,23618,25206,30392,31779,23997,26838,16685,21283,4971,9409,2218,2357,4435,5447,6264,8325,11679,14699,19776,21815,18248,20520,14619,18724,4661,8713,200283,121650,29091,21299,46360,31603,7925,100,27
2021-06-21T23:59:59+02:00,65,58,5625,5430,12142,11785,16608,17298,23563,25132,30342,31721,23972,26810,16672,21268,4971,9405,2185,2321,4377,5350,6177,8197,10896,13994,19324,21405,18022,20293,14559,18629,4652,8696,199461,120853,29087,19512,46355,30825,7864,100,27
2021-06-20T23:59:59+02:00,63,56,5506,5304,11979,11601,16543,17173,23512,25067,30300,31665,23956,26789,16666,21253,4966,9400,2167,2291,4336,5310,6107,8147,10791,13915,19212,21277,17865,20102,14493,18546,4648,8689,198449,120316,29083,19509,46349,30230,7818,100,27
2021-06-19T23:59:59+02:00,59,52,5488,5284,11212,10936,16063,16780,23451,25023,30256,31622,23937,26769,16658,21241,4966,9400,2095,2170,4128,5078,5822,7865,10463,13579,18158,20424,17697,19916,14460,18481,4643,8677,195849,116091,29083,19509,46348,30216,7817,100,27
2021-06-18T23:59:59+02:00,56,51,5453,5257,10568,10353,15448,16216,23360,24953,30187,31559,23910,26739,16647,21226,4965,9398,2026,2082,3984,4934,5544,7595,10081,13215,17006,19215,17494,19679,14411,18417,4640,8667,193005,111679,29077,19508,46348,29964,7816,100,27
2021-06-17T23:59:59+02:00,49,42,5333,5154,9888,9844,14959,15824,23261,24865,30106,31465,23870,26693,16632,21205,4964,9395,1895,1975,3727,4688,5156,7231,9542,12726,15820,18022,17033,19189,14269,18243,4627,8643,190426,106552,29075,19500,46345,29045,7673,30,20
2021-06-16T23:59:59+02:00,47,34,5199,5017,9691,9683,14812,15694,23168,24771,30007,31389,23826,26648,16617,21193,4963,9385,1854,1933,3623,4603,5054,7113,8511,11874,15547,17726,16737,18853,14134,18072,4621,8610,189245,105669,29064,17620,46342,28097,7463,30,20
2021-06-15T23:59:59+02:00,41,27,5011,4830,9509,9528,14677,15552,23076,24680,29930,31303,23783,26575,16590,21160,4955,9370,1791,1875,3545,4508,4960,6999,8395,11732,15369,17497,16417,18542,13992,17903,4598,8552,187922,104907,29061,17616,46323,26875,7261,30,20
2021-06-14T23:59:59+02:00,39,24,4934,4766,9415,9419,14599,15463,23004,24606,29858,31242,23751,26536,16575,21142,4952,9364,1768,1852,3508,4484,4919,6967,8295,11669,15231,17363,16237,18338,13901,17806,4593,8545,187174,104681,29055,17613,46317,26053,7113,30,20
2021-06-13T23:59:59+02:00,38,23,4876,4718,9329,9344,14516,15396,22942,24555,29791,31189,23725,26508,16566,21132,4952,9362,1718,1837,3466,4460,4863,6924,8224,11632,15132,17268,16081,18154,13847,17732,4586,8538,186593,104399,29049,17611,46301,25447,6989,30,20
2021-06-12T23:59:59+02:00,36,22,4857,4703,9301,9321,14278,15219,22812,24426,29746,31144,23705,26491,16557,21124,4951,9360,1593,1714,3228,4249,4458,6621,7676,11200,13354,15579,15728,17782,13767,17630,4584,8523,185687,97689,29049,17611,46301,25383,6987,29,20
2021-06-11T23:59:59+02:00,32,21,4803,4649,9220,9268,13958,14996,22615,24278,29650,31052,23668,26446,16539,21112,4950,9357,1489,1579,3044,4037,4159,6257,7164,10655,11715,13690,15249,17204,13653,17483,4569,8509,184323,90761,29045,17610,46300,25152,6917,29,20
2021-06-10T23:59:59+02:00,26,18,4518,4421,8675,8937,12682,13975,22047,23827,29275,30746,23531,26288,16485,21044,4937,9342,1366,1486,2807,3856,3830,5973,6726,10262,10301,12359,14736,16628,13482,17275,4554,8482,178982,86213,29029,17607,46293,23846,6441,29,20
2021-06-09T23:59:59+02:00,23,14,4283,4256,8082,8644,11779,13313,21726,23612,29045,30592,23468,26225,16466,21020,4934,9338,1278,1432,2652,3785,3687,5893,6519,10169,10038,12179,14412,16277,13312,17094,4547,8461,176870,85879,27751,17504,46287,22453,5883,29,20
2021-06-08T23:59:59+02:00,19,11,4152,4156,7680,8418,11293,13023,21500,23433,28846,30439,23409,26151,16433,20978,4928,9329,1200,1405,2516,3727,3527,5825,5622,9418,9564,11815,14076,15868,13087,16855,4533,8439,175119,85523,27379,15345,46262,21184,5409,29,20
2021-06-07T23:59:59+02:00,15,9,4031,4077,7442,8312,11004,12845,21296,23319,28692,30321,23350,26098,16415,20953,4924,9321,1151,1285,2395,3667,3397,5762,5456,9342,9353,11688,13846,15610,12931,16686,4526,8421,173890,85332,27369,15340,46252,19944,4884,29,20
2021-06-06T23:59:59+02:00,13,9,3913,4018,7204,8190,10754,12684,21109,23230,28606,30230,23320,26064,16403,20935,4921,9317,1130,1268,2330,3631,3301,5710,5349,9267,9235,11586,13689,15456,12859,16592,4523,8414,172739,85138,27352,15336,46242,19292,4558,29,20
2021-06-05T23:59:59+02:00,13,9,3884,3981,7164,8150,10577,12529,20481,22721,28444,30084,23270,26019,16389,20916,4921,9313,1097,1167,2164,3178,3069,5170,5179,8934,8454,10633,13037,14616,12746,16445,4512,8404,170696,79746,27352,15336,46241,19158,4548,28,20
2021-06-04T23:59:59+02:00,13,9,3854,3954,7128,8125,10480,12437,20119,22393,28340,29987,23235,25980,16375,20906,4919,9312,1065,1100,2066,2868,2909,4693,5022,8564,7940,9975,11538,12899,12621,16248,4505,8386,169417,73369,27339,15335,46240,19136,4542,28,20
2021-06-03T23:59:59+02:00,8,6,3719,3851,6907,7987,9924,12015,18892,21462,27939,29677,23102,25838,16322,20844,4915,9298,1012,1056,1977,2756,2772,4536,4817,8260,7577,9524,11160,12498,12512,16134,4502,8373,164656,71583,27329,15332,46236,18077,4457,28,20
2021-06-02T23:59:59+02:00,8,6,3712,3843,6895,7970,9913,12004,18704,21282,27868,29628,23079,25816,16316,20835,4912,9296,1008,1049,1965,2726,2751,4517,4606,8076,7041,9036,11123,12457,12497,16119,4498,8367,164590,71475,26784,13839,46235,18055,4450,28,20
2021-06-01T23:59:59+02:00,7,5,3585,3767,6658,7822,9625,11811,18249,20935,27631,29433,22985,25714,16275,20782,4909,9284,971,1001,1880,2656,2671,4445,4327,7842,6443,8503,10909,12244,12399,16017,4493,8355,162901,71034,26004,12545,46221,17237,4323,28,20
2021-05-31T23:59:59+02:00,7,5,3538,3722,6569,7754,9489,11711,18123,20844,27540,29356,22918,25653,16258,20754,4904,9277,941,977,1813,2616,2591,4402,4220,7778,6323,8428,10721,12075,12298,15900,4483,8347,162059,70670,25973,12540,46208,16532,4154,28,20
2021-05-30T23:59:59+02:00,7,4,3507,3698,6505,7699,9399,11620,18035,20764,27463,29285,22873,25608,16236,20727,4898,9267,935,970,1802,2606,2578,4390,4191,7753,6270,8386,10659,11995,12264,15857,4478,8338,161358,70626,25968,12537,46191,16242,4050,28,20
2021-05-29T23:59:59+02:00,7,4,3496,3679,6469,7672,9355,11583,17997,20724,27318,29179,22819,25534,16221,20707,4895,9263,899,951,1745,2560,2505,4305,4001,7498,5997,8087,8459,9335,12071,15515,4463,8309,160699,64378,25968,12535,46177,15719,4050,28,20
2021-05-28T23:59:59+02:00,7,4,3433,3624,6338,7595,9215,11452,17840,20593,27135,29056,22754,25457,16200,20689,4894,9262,886,937,1726,2540,2469,4251,3849,7201,5803,7824,5756,6220,11794,15118,4447,8260,159341,57496,25966,12535,46172,14991,4041,28,20
2021-05-27T23:59:59+02:00,7,4,3286,3494,6053,7415,8613,11119,17364,20255,26721,28708,22587,25291,16142,20626,4887,9244,836,879,1644,2445,2352,4117,3426,6227,5379,7224,5595,6046,11715,15045,4441,8243,155866,57015,25907,12488,46162,12240,3853,28,20
2021-05-26T23:59:59+02:00,7,4,3179,3411,5834,7249,8241,10833,16898,19949,26420,28472,22438,25158,16091,20552,4874,9224,819,871,1592,2420,2299,4087,3353,6153,5282,7152,5459,5919,11650,14979,4436,8231,153162,56941,25891,12486,46140,11644,3613,28,20
2021-05-25T23:59:59+02:00,7,4,3088,3348,5692,7135,8044,10671,15896,19171,26066,28118,22279,25000,16039,20472,4867,9214,800,853,1556,2376,2228,4028,3278,6083,5197,7088,5292,5749,11542,14899,4428,8220,151606,56874,23965,12298,46124,11037,3390,26,20
2021-05-24T23:59:59+02:00,7,4,3025,3330,5604,7091,7926,10609,14978,18482,25651,27806,22184,24896,16008,20436,4860,9202,791,851,1534,2359,2184,3991,3231,6034,5120,7008,5191,5641,11462,14823,4427,8214,150881,56835,21893,12222,46114,10601,3185,26,20
2021-05-23T23:59:59+02:00,7,4,3022,3326,5595,7084,7917,10601,14973,18481,25650,27805,22184,24896,16008,20436,4860,9202,789,848,1526,2352,2172,3978,3212,6019,5099,6975,5146,5589,11445,14799,4426,8212,150853,56827,21893,12222,46112,10353,3167,26,20
2021-05-22T23:59:59+02:00,6,4,2985,3284,5522,7038,7816,10514,14774,18320,25370,27562,22084,24810,15975,20393,4857,9198,767,829,1482,2300,2121,3899,3099,5897,4784,6406,4576,4846,10799,13977,4416,8173,149314,53580,21893,12222,46112,9384,3167,26,20
2021-05-21T23:59:59+02:00,4,4,2913,3209,5395,6941,7689,10368,14515,18090,25076,27327,21971,24702,15942,20345,4852,9189,736,775,1414,2172,2019,3632,2915,5564,4302,5506,4162,4307,10056,13035,4351,8047,147372,49834,21892,12222,46106,7782,3137,25,20
2021-05-20T23:59:59+02:00,4,4,2781,3046,5116,6686,7403,10000,14053,17607,24464,26777,21700,24404,15848,20225,4838,9159,722,764,1387,2147,1980,3599,2860,5509,4219,5428,4034,4204,9979,12972,4342,8035,143221,49742,21883,12210,46081,7305,2905,25,20
2021-05-19T23:59:59+02:00,4,4,2729,2994,5019,6546,7260,9818,12906,16571,24201,26489,21603,24274,15803,20164,4830,9152,703,738,1362,2099,1948,3514,2797,5362,4124,5320,3952,4113,9926,12907,4339,8031,141848,49713,19812,12145,46010,6686,2672,25,20
2021-05-18T23:59:59+02:00,4,4,2705,2971,4972,6514,7209,9787,12552,16295,24021,26336,21510,24185,15773,20111,4822,9140,674,680,1307,1970,1875,3312,2699,5154,3995,5120,3727,3836,9844,12827,4329,8021,141572,49692,18957,11146,45966,6122,2391,25,20
2021-05-17T23:59:59+02:00,4,4,2679,2950,4929,6444,7121,9679,12399,16117,23872,26175,21456,24134,15754,20088,4817,9132,666,666,1291,1934,1854,3263,2651,5045,3916,5006,3587,3684,9776,12764,4326,8012,140601,49669,18949,11136,45949,5387,2230,25,20
2021-05-16T23:59:59+02:00,4,4,2667,2936,4906,6377,7083,9596,12339,16043,23820,26112,21432,24117,15744,20074,4814,9129,661,660,1281,1931,1837,3254,2629,5033,3887,4983,3533,3617,9737,12732,4325,8010,140162,49656,18941,11125,45927,5168,2142,25,20
2021-05-15T23:59:59+02:00,4,4,2542,2798,4719,6171,6892,9409,11821,15625,23231,25562,21325,23999,15710,20031,4811,9121,611,597,1198,1844,1700,3100,2341,4725,3439,4472,3201,3189,9574,12527,4301,7981,136771,46696,18940,11125,45922,4843,2117,25,20
2021-05-14T23:59:59+02:00,4,4,2426,2621,4524,5946,6614,9096,11284,15112,22664,24994,21178,23858,15674,19973,4807,9110,548,519,1095,1724,1539,2884,2009,4322,2839,3882,2816,2751,9490,12380,4297,7977,132945,43765,18933,11123,45898,4077,2088,25,20
2021-05-13T23:59:59+02:00,4,4,2244,2334,4202,5563,6187,8622,10724,14423,21632,24080,20895,23584,15614,19874,4800,9095,544,519,1082,1708,1524,2866,1999,4296,2818,3857,2800,2734,9483,12376,4296,7977,127038,43694,18879,11115,45872,3984,2067,25,20
2021-05-12T23:59:59+02:00,4,4,2243,2331,4194,5562,6178,8616,10622,14302,21578,24041,20890,23573,15609,19866,4799,9095,536,497,1046,1653,1475,2787,1916,4209,2759,3798,2719,2639,9432,12303,4296,7977,126993,43691,18553,10287,45872,3981,2064,25,20
2021-05-11T23:59:59+02:00,4,4,2122,2292,4110,5497,6053,8501,10316,14051,21386,23879,20814,23501,15594,19833,4795,9090,511,473,985,1593,1406,2696,1816,4071,2686,3724,2566,2411,9368,12202,4295,7976,126049,43673,18216,9453,45589,3671,1963,25,20
2021-05-10T23:59:59+02:00,4,4,2080,2215,4003,5372,5917,8322,9525,13287,21006,23556,20723,23411,15555,19779,4785,9077,499,445,949,1529,1341,2607,1726,3909,2602,3629,2538,2388,9358,12184,4291,7971,124907,43651,16366,9273,45486,3186,1837,25,20
2021-05-09T23:59:59+02:00,4,4,2048,2200,3969,5332,5864,8274,9458,13218,20936,23483,20690,23370,15541,19752,4782,9063,492,436,928,1486,1315,2558,1692,3847,2564,3586,2529,2376,9348,12167,4291,7963,124464,43592,16362,9270,45390,2950,1747,25,20
2021-05-08T23:59:59+02:00,4,4,1985,2096,3785,5157,5589,8067,9147,12932,19800,22553,20494,23176,15508,19683,4777,9051,419,406,863,1446,1239,2485,1604,3745,2345,3373,1983,1945,9254,12082,4290,7963,120308,42116,16361,9269,45387,2308,1746,6,4
2021-05-07T23:59:59+02:00,4,4,1897,1984,3600,4986,5267,7771,8737,12561,18549,21279,20311,22964,15462,19625,4768,9032,326,347,754,1371,1106,2354,1470,3602,2171,3180,1615,1610,8765,11635,4289,7961,115361,40388,16359,9263,45363,1190,1712,6,4
2021-05-06T23:59:59+02:00,4,4,1713,1875,3313,4734,4816,7366,8095,11997,17307,20035,19977,22586,15355,19461,4758,9021,309,338,732,1342,1066,2308,1421,3518,2104,3112,1579,1555,8748,11604,4283,7958,109501,40368,16352,9257,45128,919,1430,6,4
2021-05-05T23:59:59+02:00,4,3,1643,1845,3231,4647,4739,7261,7963,11846,17151,19889,19857,22467,15279,19365,4736,8925,298,326,690,1290,1005,2233,1337,3368,1995,2995,1486,1455,8331,11036,4277,7940,108741,40330,16209,8129,44957,662,938,6,4
2021-05-04T23:59:59+02:00,4,3,1616,1816,3189,4573,4680,7151,7711,11552,16592,19309,19770,22337,15204,19268,4708,8815,282,313,667,1261,984,2179,1278,3248,1882,2838,1414,1349,8260,10933,4273,7922,108054,40305,14861,7853,44854,399,523,6,4
2021-05-03T23:59:59+02:00,4,3,1608,1812,3181,4559,4642,7129,7458,11320,15899,18714,19706,22252,15178,19234,4702,8805,267,292,645,1179,935,2091,1215,3109,1784,2700,1348,1269,8235,10898,4269,7913,107973,40295,13263,7645,44814,56,150,6,4
2021-05-02T23:59:59+02:00,4,3,1607,1810,3176,4557,4637,7126,7445,11310,15880,18702,19690,22244,15178,19232,4701,8805,267,289,642,1178,930,2088,1205,3103,1776,2693,1334,1262,8234,10893,4268,7913,107947,40272,13260,7643,44790,53,104,6,4
2021-05-01T23:59:59+02:00,4,3,1473,1668,2896,4307,4169,6766,6826,10827,13940,16821,19309,21847,15087,19116,4698,8789,265,289,639,1176,929,2085,1203,3101,1774,2689,1329,1258,8232,10891,4268,7913,100395,40241,13260,7643,44785,53,101,5,4
2021-04-30T23:59:59+02:00,3,3,1350,1518,2680,4084,3839,6370,6258,10231,12149,14781,18851,21307,14983,18974,4684,8779,260,288,632,1169,914,2077,1191,3091,1763,2676,1319,1249,8228,10886,4267,7912,92765,40196,13260,7643,44785,50,30,4,4
2021-04-29T23:59:59+02:00,2,3,1234,1453,2512,3958,3598,6166,5901,9928,10807,13504,18592,21029,14940,18904,4680,8773,259,284,627,1162,902,2071,1171,3086,1733,2640,1293,1225,8222,10877,4267,7912,88072,40164,13251,7510,44644,41,13,4,4
2021-04-28T23:59:59+02:00,2,3,1175,1447,2462,3939,3547,6142,5839,9895,10710,13436,18562,20995,14933,18888,4680,8770,259,283,625,1161,899,2069,1166,3082,1725,2639,1287,1207,7780,10357,4267,7912,87802,40143,13201,6524,44406,37,12,4,3
2021-04-27T23:59:59+02:00,2,3,1127,1420,2360,3895,3482,6115,5720,9840,10593,13360,18529,20956,14920,18873,4679,8768,258,283,623,1154,898,2067,1161,3079,1721,2635,1275,1190,7363,9775,4267,7912,87293,40123,13148,5493,44186,32,11,4,3
2021-04-26T23:59:59+02:00,2,3,1085,1391,2270,3803,3355,6015,5553,9720,10290,13101,18467,20902,14911,18855,4677,8768,257,282,622,1152,892,2064,1154,3076,1703,2625,1260,1177,7354,9755,4267,7912,85956,40036,13138,5472,44059,31,11,4,3
2021-04-25T23:59:59+02:00,2,3,1082,1389,2262,3801,3348,6011,5533,9713,10255,13071,18457,20890,14910,18849,4677,8767,256,282,622,1152,892,2064,1152,3076,1703,2625,1260,1177,7354,9753,4267,7912,85934,40034,13129,5470,43943,31,10,4,3
2021-04-24T23:59:59+02:00,2,2,1039,1272,2074,3263,3078,5395,5339,9300,9423,12025,17751,19994,14796,18690,4669,8756,254,281,621,1150,892,2063,1152,3075,1697,2620,1257,1172,7352,9752,4267,7911,79808,40008,13129,5466,43918,31,9,4,3
2021-04-23T23:59:59+02:00,1,2,1007,1188,1961,2916,2895,4844,5144,8871,8869,11303,16121,18136,14650,18484,4661,8733,254,281,620,1150,890,2061,1151,3075,1696,2619,1252,1167,7348,9750,4267,7910,72787,39994,13128,5455,43858,31,9,4,3
2021-04-22T23:59:59+02:00,1,2,1002,1177,1941,2900,2875,4825,5087,8825,8757,11200,16050,18059,14624,18454,4659,8728,252,281,616,1149,887,2060,1143,3063,1681,2599,1228,1146,7343,9742,4267,7910,72739,39981,13072,5345,43342,30,9,4,3
2021-04-21T23:59:59+02:00,1,2,993,1169,1929,2887,2848,4799,5041,8769,8650,11077,15964,17975,14595,18420,4659,8723,247,278,606,1140,873,2030,1133,3038,1670,2574,1215,1133,7119,9424,4266,7910,72699,39974,13016,4642,42773,29,9,4,3
2021-04-20T23:59:59+02:00,1,2,966,1120,1877,2772,2775,4638,4948,8590,8476,10869,15733,17693,14536,18361,4652,8717,234,275,588,1119,847,2000,1104,3012,1635,2532,1195,1120,7111,9419,4265,7909,72663,39953,11887,4377,42163,25,9,4,2
2021-04-19T23:59:59+02:00,1,2,957,1111,1845,2752,2725,4613,4824,8529,8276,10758,15641,17595,14514,18342,4652,8711,227,267,570,1096,829,1968,1086,2969,1589,2477,1177,1101,7103,9416,4263,7908,72263,39918,11866,4096,41706,22,9,4,2
2021-04-18T23:59:59+02:00,1,2,954,1110,1840,2746,2717,4600,4806,8517,8236,10716,15592,17537,14504,18325,4651,8709,227,267,570,1095,828,1968,1085,2969,1589,2476,1177,1100,7101,9415,4262,7908,72216,39911,11863,4094,41471,22,9,4,2
2021-04-17T23:59:59+02:00,0,2,921,1096,1791,2708,2649,4520,4652,8376,7974,10487,13223,14634,14307,17972,4634,8673,225,267,570,1092,824,1962,1073,2962,1579,2456,1140,1058,6769,8999,4237,7860,65394,38958,11863,4083,41349,22,9,4,2
2021-04-16T23:59:59+02:00,0,2,915,1090,1779,2697,2607,4481,4560,8292,7793,10294,10385,11380,14034,17555,4615,8617,223,262,569,1089,819,1958,1063,2959,1571,2443,1129,1044,6763,8994,4234,7857,58113,38879,11861,4067,41109,22,9,4,1
2021-04-15T23:59:59+02:00,0,2,901,1085,1757,2683,2564,4448,4446,8231,7562,10093,10135,11160,13972,17488,4609,8603,221,261,569,1087,818,1956,1060,2956,1568,2440,1124,1040,6761,8992,4234,7857,58089,38865,11859,4049,39778,21,9,4,1
2021-04-14T23:59:59+02:00,0,2,882,1058,1699,2600,2475,4325,4255,8048,7288,9810,9760,10677,13823,17309,4603,8594,196,236,528,1036,795,1889,1025,2876,1518,2379,1098,1011,6757,8983,4234,7856,58056,38849,10911,3540,38228,19,9,4,1
2021-04-13T23:59:59+02:00,0,2,857,1036,1661,2548,2407,4242,4154,7910,7078,9592,9355,10157,13679,17142,4598,8582,160,212,493,987,755,1796,991,2766,1466,2309,1079,976,6741,8972,4233,7856,58011,38785,9964,2985,37012,13,9,4,1
2021-04-12T23:59:59+02:00,0,2,853,1034,1642,2545,2377,4229,4101,7859,6937,9420,9090,9843,13615,17083,4587,8566,149,198,465,947,732,1731,969,2694,1422,2259,1057,958,6725,8952,4230,7851,57953,38668,9934,2649,35883,13,9,4,1
2021-04-11T23:59:59+02:00,0,2,852,1033,1631,2545,2364,4227,4078,7847,6872,9358,8956,9678,13588,17035,4582,8557,149,198,465,945,732,1730,967,2694,1421,2259,1057,958,6723,8952,4230,7851,57941,38662,9932,2648,35319,12,9,4,1
2021-04-10T23:59:59+02:00,0,2,836,1028,1603,2516,2327,4198,4007,7789,6740,9241,8400,8943,12924,16182,4571,8515,146,198,463,942,726,1727,967,2687,1412,2252,1044,942,6253,8455,4215,7835,54607,37597,9931,2646,35271,12,9,4,1
2021-04-09T23:59:59+02:00,0,2,814,999,1563,2468,2260,4118,3854,7630,6393,8909,7877,8285,12108,15155,4501,8378,144,197,461,937,720,1720,959,2677,1397,2241,1022,921,6011,8185,4198,7808,50633,36935,9923,2642,34745,12,9,4,1
2021-04-08T23:59:59+02:00,0,2,805,989,1536,2444,2194,4068,3719,7543,6139,8609,7262,7628,11948,14955,4490,8361,144,194,456,934,715,1713,951,2667,1390,2228,1010,919,6008,8183,4197,7808,50600,36915,9899,2581,32180,12,9,4,1
2021-04-07T23:59:59+02:00,0,2,799,980,1510,2426,2136,4030,3632,7473,5907,8342,6709,6995,11341,14206,4478,8334,125,187,425,887,669,1644,895,2597,1340,2159,989,903,6000,8177,4196,7808,50573,36891,8741,2090,29974,12,8,4,1
2021-04-06T23:59:59+02:00,0,2,794,978,1496,2418,2107,4008,3559,7424,5726,8169,6263,6485,11139,13990,4463,8306,101,166,376,825,624,1569,851,2497,1288,2095,965,887,5982,8164,4194,7804,50503,36864,8557,1505,28256,12,7,4,1
2021-04-05T23:59:59+02:00,0,2,789,974,1480,2410,2083,3999,3508,7398,5583,8059,6060,6270,11072,13904,4457,8296,95,164,375,823,617,1560,843,2482,1275,2076,937,856,4889,6763,4115,7698,50305,34054,8553,1495,27475,12,7,4,1
2021-04-04T23:59:59+02:00,0,2,787,968,1478,2408,2079,3997,3491,7391,5573,8052,6049,6250,11058,13886,4455,8293,95,164,373,821,614,1555,836,2475,1260,2056,914,834,3887,5601,4049,7592,50290,31612,8551,1495,27365,12,7,4,1
2021-04-03T23:59:59+02:00,0,2,735,913,1396,2338,1956,3858,3230,7131,5112,7558,5706,5795,10886,13669,4429,8264,93,164,373,820,614,1553,835,2475,1260,2056,914,834,3887,5598,4049,7591,47053,31602,8551,1495,27363,12,7,4,1
2021-04-02T23:59:59+02:00,0,2,692,878,1341,2270,1858,3744,2974,6869,4597,7079,5316,5335,10789,13505,4424,8258,92,164,373,820,614,1553,833,2475,1258,2054,912,830,3884,5595,4048,7591,44126,31584,8550,1494,27245,12,6,4,1
2021-04-01T23:59:59+02:00,0,2,689,876,1330,2264,1838,3736,2945,6855,4523,7006,5207,5226,10750,13456,4423,8254,92,164,371,816,612,1550,833,2472,1254,2050,902,829,3880,5593,4047,7590,44109,31575,8406,1462,26855,12,6,4,1
2021-03-31T23:59:59+02:00,0,2,687,874,1323,2248,1830,3726,2917,6827,4460,6960,5068,5065,10241,12849,4419,8246,92,164,370,816,612,1550,833,2472,1252,2050,901,829,3880,5592,4047,7589,44097,31569,7279,1462,26357,12,6,3,1
2021-03-30T23:59:59+02:00,0,2,678,871,1305,2228,1800,3697,2879,6792,4374,6870,4901,4871,9716,12150,4412,8231,87,161,369,812,607,1547,828,2466,1244,2048,890,819,3872,5589,4046,7588,44070,31548,6094,1409,25604,10,6,3,1
2021-03-29T23:59:59+02:00,0,2,673,863,1292,2193,1783,3666,2848,6750,4302,6784,4702,4672,9630,12056,4409,8217,87,161,369,810,602,1543,826,2460,1240,2041,882,813,3864,5582,4046,7588,44000,31535,5876,1364,24957,9,6,3,1
2021-03-28T23:59:59+02:00,0,2,670,861,1289,2190,1768,3656,2833,6738,4268,6731,4606,4562,9593,11991,4404,8210,87,161,369,809,602,1543,824,2460,1238,2041,881,813,3863,5582,4046,7588,43978,31533,5867,1359,24518,9,6,3,1
2021-03-27T23:59:59+01:00,0,2,666,856,1280,2185,1752,3640,2805,6708,4105,6588,4028,4106,9364,11744,4391,8191,87,161,367,807,600,1541,822,2457,1230,2035,877,809,3685,5292,3945,7419,42031,30760,5863,1359,24508,9,6,3,1
2021-03-26T23:59:59+01:00,0,2,660,847,1272,2175,1730,3623,2779,6686,4029,6510,3623,3742,8767,11186,4378,8177,87,161,366,806,599,1538,818,2454,1221,2031,864,796,2968,4352,3736,7076,40098,28499,5850,1359,24230,9,6,2,1
2021-03-25T23:59:59+01:00,0,2,653,842,1259,2161,1711,3599,2720,6646,3946,6431,3448,3524,8657,11075,4373,8171,87,161,366,806,599,1538,818,2453,1220,2031,864,796,2967,4351,3735,7075,40085,28493,5743,1359,23382,9,6,2,1
2021-03-24T23:59:59+01:00,0,2,647,835,1226,2135,1666,3554,2642,6577,3789,6281,3130,3162,8250,10525,4364,8159,83,159,354,793,582,1520,785,2419,1170,1998,831,759,2958,4345,3735,7072,40063,28191,4986,1358,21887,8,6,2,1
2021-03-23T23:59:59+01:00,0,2,634,827,1201,2103,1624,3507,2560,6496,3640,6125,2748,2777,8033,10306,4357,8142,78,155,342,771,547,1489,724,2356,1068,1917,748,699,2922,4311,3731,7068,40019,27561,4696,1351,20360,8,6,1,1
2021-03-22T23:59:59+01:00,0,2,610,714,1165,2048,1591,3452,2507,6426,3500,5994,2506,2539,7703,9951,4341,8106,78,154,342,771,547,1487,722,2354,1065,1917,746,695,2918,4306,3730,7065,39551,27532,4371,1351,19226,8,6,1,1
2021-03-21T23:59:59+01:00,0,2,609,711,1159,2040,1580,3442,2490,6411,3462,5960,2364,2375,7610,9838,4333,8092,78,154,342,770,547,1487,722,2354,1065,1917,746,695,2918,4305,3730,7065,39547,27530,4357,1351,18567,8,6,1,1
2021-03-20T23:59:59+01:00,0,2,608,711,1157,2034,1573,3435,2484,6404,3445,5938,2332,2337,7120,9321,4317,8076,78,154,342,770,546,1487,720,2353,1065,1916,746,695,2918,4303,3728,7063,38509,27519,4345,1351,18433,8,6,1,1
2021-03-19T23:59:59+01:00,0,2,601,704,1143,2018,1538,3411,2414,6264,3382,5830,2150,2154,6811,9001,4298,8051,78,154,341,764,542,1484,715,2345,1054,1903,737,688,2495,3701,3314,6317,37903,25273,4329,1351,17533,2,6,1,1
2021-03-18T23:59:59+01:00,0,2,586,688,1122,1987,1511,3381,2374,6196,3309,5741,1998,1958,6692,8882,4292,8040,77,154,341,762,541,1484,714,2341,1051,1902,730,684,2445,3629,3287,6275,37883,25081,4318,1328,16551,2,6,1,1
2021-03-17T23:59:59+01:00,0,1,556,659,1077,1931,1474,3297,2297,6079,3157,5586,1741,1692,6526,8729,4282,8025,76,150,329,735,525,1440,692,2283,1013,1861,713,665,2205,3334,3206,6151,37811,24114,3792,1256,15499,2,6,1,1
2021-03-16T23:59:59+01:00,0,1,512,630,1037,1875,1422,3193,2231,5925,3041,5452,1544,1470,6392,8582,4272,8004,70,136,308,679,495,1363,663,2148,984,1730,664,615,2094,3200,3183,6067,37756,23367,3173,1025,14648,2,5,1,1
2021-03-15T23:59:59+01:00,0,1,500,619,1006,1829,1388,3125,2199,5840,2953,5368,1419,1335,5813,7895,4233,7940,67,129,293,621,480,1243,625,2018,944,1617,636,595,2057,3161,3170,6008,36522,22971,2817,691,14123,2,0,1,1
2021-03-14T23:59:59+01:00,0,1,495,613,996,1817,1385,3108,2183,5822,2919,5341,1375,1285,5420,7448,4210,7922,66,124,289,598,474,1216,619,1962,934,1592,636,595,2057,3161,3169,6006,35707,22965,2812,531,13820,2,0,1,1
2021-03-13T23:59:59+01:00,0,1,474,595,959,1770,1332,3044,1927,5233,2679,4927,1270,1172,4771,6600,4161,7847,66,124,288,595,472,1214,617,1960,933,1588,634,590,1696,2681,2645,5252,34038,20822,2808,531,11915,2,0,1,1
2021-03-12T23:59:59+01:00,0,1,458,573,939,1729,1302,2963,1723,4442,2472,4475,1200,1089,4075,5799,4114,7765,66,122,287,591,472,1211,615,1952,928,1582,631,583,1375,2141,2111,4458,32363,18593,2805,531,9950,1,0,1,1
2021-03-11T23:59:59+01:00,0,1,454,566,931,1717,1287,2946,1698,4408,2436,4439,1126,1034,4033,5763,4111,7761,66,114,281,569,458,1159,606,1903,909,1546,619,570,1369,2124,2102,4409,32331,18344,2710,459,9669,1,0,1,1
2021-03-10T23:59:59+01:00,0,1,433,555,884,1659,1233,2869,1625,4311,2370,4346,1092,1011,4017,5748,4110,7759,66,114,279,565,455,1152,601,1880,909,1541,613,562,1308,2038,2059,4353,32316,18060,2143,434,9563,1,0,1,1
2021-03-09T23:59:59+01:00,0,1,411,539,836,1609,1192,2806,1583,4228,2327,4293,1071,1000,4011,5741,4109,7757,64,113,278,564,454,1141,599,1868,903,1536,611,556,1103,1729,1944,4181,32269,17236,1693,407,9551,1,0,1,1
2021-03-08T23:59:59+01:00,0,1,404,528,826,1595,1183,2790,1575,4203,2316,4280,1058,989,3974,5694,4107,7752,63,113,274,559,450,1135,598,1864,899,1534,611,556,1034,1638,1899,4138,32141,16981,1597,383,9536,1,0,1,1
2021-03-07T23:59:59+01:00,0,1,403,525,826,1594,1181,2788,1571,4197,2306,4275,1052,981,3968,5688,4106,7751,60,110,265,537,438,1109,583,1764,864,1459,610,556,930,1509,1848,4070,32125,16622,1558,90,9529,0,0,1,1
2021-03-06T23:59:59+01:00,0,1,395,509,807,1561,1158,2730,1529,4130,2113,3778,1023,944,3795,5417,4009,7590,60,110,265,537,438,1108,583,1764,864,1459,610,556,927,1508,1845,4069,31418,16613,1558,90,8512,0,0,1,1
2021-03-05T23:59:59+01:00,0,1,380,468,774,1457,1108,2513,1454,3917,1899,3107,992,899,3050,4457,3805,7251,60,109,264,534,435,1102,582,1759,860,1456,607,554,888,1449,1822,4031,29121,16422,1557,90,6853,0,0,1,1
2021-03-04T23:59:59+01:00,0,1,365,460,767,1437,1095,2490,1435,3888,1876,3088,979,895,3046,4453,3801,7249,60,108,261,531,431,1086,572,1737,859,1448,605,552,851,1395,1799,3996,29107,16264,1519,27,6698,0,0,1,1
2021-03-03T23:59:59+01:00,0,1,354,428,748,1386,1064,2407,1384,3734,1797,2990,946,851,3036,4447,3801,7246,59,107,258,529,430,1082,570,1728,856,1444,605,551,831,1342,1714,3850,28791,15931,1519,25,6309,0,0,1,1
2021-03-02T23:59:59+01:00,0,1,348,419,732,1362,1016,2362,1315,3650,1680,2893,858,785,2994,4410,3795,7240,59,107,257,525,429,1074,570,1722,856,1440,604,551,831,1342,1714,3850,28151,15906,1456,25,6252,0,0,1,1
2021-03-01T23:59:59+01:00,0,1,344,405,725,1315,1003,2304,1295,3567,1654,2844,840,776,2986,4400,3795,7240,59,106,256,521,424,1060,566,1709,847,1432,603,549,735,1190,1660,3770,28111,15462,1407,25,5975,0,0,1,1
2021-02-28T23:59:59+01:00,0,1,339,392,717,1276,990,2226,1283,3480,1631,2765,836,766,2984,4396,3794,7238,59,106,256,521,424,1059,566,1709,844,1432,603,548,638,1065,1614,3690,28100,15111,1404,23,5609,0,0,1,1
2021-02-27T23:59:59+01:00,0,1,330,372,703,1251,970,2189,1248,3411,1608,2712,819,751,2981,4396,3793,7238,59,106,256,521,424,1059,565,1709,843,1432,603,548,638,1064,1614,3690,28098,15108,1404,23,5270,0,0,1,1
2021-02-26T23:59:59+01:00,0,1,304,319,655,1186,905,2069,1158,3245,1504,2573,790,728,2552,3791,3376,6472,59,106,253,519,424,1057,563,1707,840,1426,599,546,631,1052,1605,3671,25835,15035,1404,23,4388,0,0,1,1
2021-02-25T23:59:59+01:00,0,1,299,306,642,1154,884,2027,1139,3179,1485,2528,787,725,2506,3718,3346,6428,57,104,249,511,424,1053,558,1697,837,1415,593,541,553,942,1561,3614,25614,14688,1404,21,4135,0,0,1,1
2021-02-24T23:59:59+01:00,0,1,280,296,591,1108,837,1960,1081,3084,1441,2470,770,706,2266,3416,3264,6298,56,100,245,504,418,1035,549,1675,834,1395,586,530,540,922,1550,3592,24631,14516,1404,15,3833,0,0,1,1
2021-02-23T23:59:59+01:00,0,1,267,275,563,1051,800,1883,1013,2934,1369,2365,719,656,2155,3281,3241,6208,56,98,243,498,418,1019,539,1643,827,1373,577,524,525,875,1539,3548,23839,14287,1399,15,3542,0,0,1,1
2021-02-22T23:59:59+01:00,0,1,263,269,551,989,780,1807,987,2839,1333,2305,695,635,2128,3246,3233,6151,56,97,237,492,416,1006,530,1626,823,1348,562,512,507,850,1533,3498,23446,14078,1399,15,3366,0,0,1,1
2021-02-21T23:59:59+01:00,0,1,260,261,542,964,767,1770,979,2791,1303,2279,695,633,2126,3246,3232,6150,56,97,236,492,416,1006,530,1626,823,1347,562,511,507,850,1533,3497,23440,14074,1399,15,3159,0,0,1,1
2021-02-20T23:59:59+01:00,0,1,176,230,470,915,699,1692,909,2702,1218,2180,680,617,1758,2732,2682,5355,56,97,236,492,416,1006,530,1625,823,1347,562,511,507,850,1533,3497,21187,14073,1399,15,2429,0,0,1,1
2021-02-19T23:59:59+01:00,0,1,83,167,358,833,573,1559,776,2553,1082,2027,664,596,1456,2219,2147,4564,56,97,236,492,416,1005,530,1625,823,1346,562,511,501,848,1532,3491,19003,14057,1399,14,1255,0,0,1,1
2021-02-18T23:59:59+01:00,0,1,80,162,346,783,552,1470,743,2413,1049,1960,649,586,1447,2201,2138,4515,53,90,231,470,402,940,515,1545,804,1272,548,497,495,830,1531,3474,18766,13683,1374,14,954,0,0,1,1
2021-02-17T23:59:59+01:00,0,1,79,154,332,760,543,1437,714,2320,1012,1861,643,576,1389,2114,2092,4466,53,87,229,461,394,901,504,1480,785,1190,535,484,493,828,1531,3474,18508,13415,1301,14,683,0,0,1,1
2021-02-16T23:59:59+01:00,0,1,74,148,317,721,515,1364,682,2212,987,1756,633,569,1145,1770,1974,4289,52,78,228,453,388,871,491,1414,759,1122,514,471,491,828,1528,3473,17602,13159,1063,2,491,0,0,1,1
2021-02-15T23:59:59+01:00,0,1,69,132,291,618,480,1223,627,1999,937,1597,624,567,1062,1664,1923,4227,52,78,226,448,384,865,490,1410,756,1115,514,471,490,825,1527,3470,17277,13121,725,0,38,0,0,1,1
2021-02-14T23:59:59+01:00,0,1,68,125,286,593,475,1194,616,1945,923,1575,624,567,965,1541,1878,4171,52,78,226,448,384,865,490,1408,756,1115,514,471,490,825,1527,3470,16953,13119,570,0,23,0,0,1,1
2021-02-13T23:59:59+01:00,0,1,68,124,286,592,474,1190,615,1943,921,1572,623,566,964,1532,1874,4168,52,78,226,447,382,860,489,1403,754,1114,512,469,473,787,1272,3012,16919,12330,570,0,23,0,0,1,1
2021-02-12T23:59:59+01:00,0,1,67,124,285,591,470,1186,615,1939,918,1571,620,565,925,1481,1854,4128,52,78,226,443,379,851,484,1395,748,1107,505,461,455,748,925,2320,16749,11177,570,0,20,0,0,1,1
2021-02-11T23:59:59+01:00,0,1,67,117,281,580,457,1159,609,1913,911,1559,619,564,883,1423,1832,4089,52,75,211,413,365,804,468,1322,733,1075,502,460,455,748,924,2319,16571,10927,487,0,5,0,0,1,0
2021-02-10T23:59:59+01:00,0,1,66,117,277,577,455,1154,605,1897,906,1555,619,564,873,1407,1811,4044,51,65,177,336,311,701,418,1150,654,981,467,448,450,747,924,2318,16467,10199,459,0,1,0,0,1,0
2021-02-09T23:59:59+01:00,0,1,64,115,271,574,452,1141,604,1883,899,1549,618,563,861,1372,1746,3941,43,53,124,258,235,550,337,948,552,827,432,437,446,746,922,2318,16223,9229,430,0,0,0,0,1,0
2021-02-08T23:59:59+01:00,0,1,63,115,268,565,449,1134,603,1868,893,1541,616,561,760,1222,1692,3859,38,43,86,168,172,412,270,710,492,692,424,430,442,743,921,2318,15804,8362,405,0,0,0,0,1,0
2021-02-07T23:59:59+01:00,0,1,60,112,259,542,434,1103,587,1765,858,1462,615,560,657,1095,1645,3776,37,42,82,166,169,405,265,697,487,681,422,429,442,743,921,2317,15434,8306,96,0,0,0,0,1,0
2021-02-06T23:59:59+01:00,0,1,60,112,258,542,434,1103,585,1764,856,1459,612,558,655,1086,1639,3769,34,41,81,163,166,395,261,689,476,673,414,428,406,695,687,1935,15396,7545,96,0,0,0,0,1,0
2021-02-05T23:59:59+01:00,0,1,60,112,256,539,434,1101,584,1763,854,1457,610,558,645,1079,1633,3758,32,39,77,157,161,387,253,670,459,663,408,428,400,670,299,1313,15347,6417,96,0,0,0,0,1,0
2021-02-04T23:59:59+01:00,0,1,58,110,251,532,428,1085,568,1736,850,1443,603,547,560,959,1585,3699,31,36,73,152,155,376,238,649,442,649,403,422,395,663,297,1308,14986,6290,28,0,0,0,0,1,0
2021-02-03T23:59:59+01:00,0,1,57,105,247,525,427,1065,565,1720,848,1428,599,537,550,949,1582,3686,24,28,59,120,122,277,174,507,333,499,301,322,320,522,226,1047,14864,4882,26,0,0,0,0,1,0
2021-02-02T23:59:59+01:00,0,1,57,103,244,519,427,1047,553,1687,840,1404,586,528,539,904,1573,3642,17,21,40,79,86,183,122,342,218,360,212,216,204,328,162,693,14627,3284,26,0,0,0,0,1,0
2021-02-01T23:59:59+01:00,0,1,57,101,240,511,425,1031,545,1666,836,1381,578,522,522,875,1565,3598,7,11,20,42,48,95,65,168,94,163,100,99,85,153,70,307,14427,1527,26,0,0,0,0,1,0
2021-01-31T23:59:59+01:00,0,1,57,101,239,510,423,1027,543,1661,833,1378,578,521,522,875,1565,3597,7,11,18,38,43,81,61,142,81,148,96,99,84,152,68,306,14405,1435,25,0,0,0,0,1,0
2021-01-30T23:59:59+01:00,0,1,57,101,239,510,423,1027,543,1661,833,1378,578,521,522,875,1565,3597,7,11,18,38,43,81,61,142,81,148,96,98,84,152,68,306,14405,1434,25,0,0,0,0,1,0
2021-01-29T23:59:59+01:00,0,1,57,101,239,510,423,1027,543,1661,833,1378,578,521,522,875,1565,3597,7,11,18,38,43,81,61,142,81,148,96,98,84,152,68,306,14405,1434,25,0,0,0,0,1,0
2021-01-28T23:59:59+01:00,0,1,55,93,235,482,411,961,525,1575,811,1295,565,506,516,858,1563,3583,3,2,4,6,11,13,19,34,21,31,16,20,19,34,17,91,14015,341,19,0,0,0,0,1,0
2021-01-27T23:59:59+01:00,0,1,53,89,235,472,403,922,515,1509,791,1212,553,492,514,856,1563,3583,3,2,4,6,9,13,19,33,21,30,16,20,19,34,17,91,13745,337,17,0,0,0,0,1,0
2021-01-26T23:59:59+01:00,0,1,52,83,231,466,396,893,504,1440,766,1144,530,479,512,856,1563,3583,1,2,4,6,9,12,17,29,17,25,14,18,17,32,17,84,13482,304,16,0,0,0,0,1,0
2021-01-25T23:59:59+01:00,0,1,52,83,228,461,393,887,504,1437,764,1139,530,479,512,855,1563,3581,0,0,0,0,0,0,0,0,0,0,1,1,0,2,0,0,13453,4,15,0,0,0,0,1,0
2021-01-24T23:59:59+01:00,0,1,52,83,228,461,393,887,504,1436,764,1139,530,479,512,855,1563,3581,0,0,0,0,0,0,0,0,0,0,1,1,0,2,0,0,13452,4,15,0,0,0,0,1,0
2021-01-23T23:59:59+01:00,0,1,52,83,228,460,392,883,504,1430,763,1137,527,477,495,817,1309,3113,0,0,0,0,0,0,0,0,0,0,1,1,0,2,0,0,12655,4,15,0,0,0,0,1,0
2021-01-22T23:59:59+01:00,0,1,52,83,227,456,388,873,499,1420,758,1129,521,469,478,776,949,2396,0,0,0,0,0,0,0,0,0,0,1,1,0,2,0,0,11460,4,15,0,0,0,0,0,0
2021-01-21T23:59:59+01:00,0,1,52,80,209,423,361,817,472,1321,732,1095,517,469,478,776,948,2395,0,0,0,0,0,0,0,0,0,0,1,1,0,2,0,0,11131,4,15,0,0,0,0,0,0
2021-01-20T23:59:59+01:00,0,1,50,70,181,352,320,731,430,1167,662,1004,481,458,473,776,948,2394,0,0,0,0,0,0,0,0,0,0,1,1,0,2,0,0,10483,4,15,0,0,0,0,0,0
2021-01-19T23:59:59+01:00,0,1,44,57,135,275,247,572,353,985,570,862,446,446,469,774,948,2394,0,0,0,0,0,0,0,0,0,0,1,0,0,2,0,0,9571,3,7,0,0,0,0,0,0
2021-01-18T23:59:59+01:00,0,1,40,44,86,175,178,422,282,722,499,705,437,439,466,769,946,2394,0,0,0,0,0,0,0,0,0,0,0,0,0,1,0,0,8605,1,0,0,0,0,0,0,0
2021-01-17T23:59:59+01:00,0,1,37,43,83,171,174,414,278,711,494,692,435,439,466,769,946,2393,0,0,0,0,0,0,0,0,0,0,0,0,0,0,0,0,8546,0,0,0,0,0,0,0,0
2021-01-16T23:59:59+01:00,0,1,34,42,81,169,170,405,270,704,479,684,427,438,427,722,705,2008,0,0,0,0,0,0,0,0,0,0,0,0,0,0,0,0,7766,0,0,0,0,0,0,0,0
2021-01-15T23:59:59+01:00,0,1,32,40,78,162,167,399,263,687,465,676,421,437,422,698,310,1376,0,0,0,0,0,0,0,0,0,0,0,0,0,0,0,0,6634,0,0,0,0,0,0,0,0
2021-01-14T23:59:59+01:00,0,1,32,38,77,158,162,394,255,677,454,668,417,435,422,697,310,1376,0,0,0,0,0,0,0,0,0,0,0,0,0,0,0,0,6573,0,0,0,0,0,0,0,0
2021-01-13T23:59:59+01:00,0,0,24,31,61,125,127,299,195,543,346,525,319,334,348,552,239,1107,0,0,0,0,0,0,0,0,0,0,0,0,0,0,0,0,5175,0,0,0,0,0,0,0,0
2021-01-12T23:59:59+01:00,0,0,17,24,45,87,92,211,141,392,236,389,228,228,227,355,173,750,0,0,0,0,0,0,0,0,0,0,0,0,0,0,0,0,3595,0,0,0,0,0,0,0,0
2021-01-11T23:59:59+01:00,0,0,9,15,26,46,62,135,88,220,124,207,114,107,99,172,80,333,0,0,0,0,0,0,0,0,0,0,0,0,0,0,0,0,1837,0,0,0,0,0,0,0,0
2021-01-10T23:59:59+01:00,0,0,8,15,22,43,55,107,80,179,105,174,108,104,95,170,77,333,0,0,0,0,0,0,0,0,0,0,0,0,0,0,0,0,1675,0,0,0,0,0,0,0,0
2021-01-09T23:59:59+01:00,0,0,8,15,22,43,55,107,80,179,105,174,108,103,95,170,77,333,0,0,0,0,0,0,0,0,0,0,0,0,0,0,0,0,1674,0,0,0,0,0,0,0,0
2021-01-08T23:59:59+01:00,0,0,8,14,21,42,52,100,75,168,99,171,105,99,90,161,75,325,0,0,0,0,0,0,0,0,0,0,0,0,0,0,0,0,1605,0,0,0,0,0,0,0,0
2021-01-07T23:59:59+01:00,0,0,3,3,4,7,11,14,20,34,23,35,18,20,20,34,19,95,0,0,0,0,0,0,0,0,0,0,0,0,0,0,0,0,360,0,0,0,0,0,0,0,0
2021-01-06T23:59:59+01:00,0,0,3,2,4,6,9,13,20,33,21,32,18,20,20,34,19,94,0,0,0,0,0,0,0,0,0,0,0,0,0,0,0,0,348,0,0,0,0,0,0,0,0
2021-01-05T23:59:59+01:00,0,0,3,2,4,6,9,13,20,33,21,32,18,20,20,34,19,94,0,0,0,0,0,0,0,0,0,0,0,0,0,0,0,0,348,0,0,0,0,0,0,0,0
2021-01-04T23:59:59+01:00,0,0,0,0,0,0,0,0,1,0,0,0,1,1,0,2,0,0,0,0,0,0,0,0,0,0,0,0,0,0,0,0,0,0,5,0,0,0,0,0,0,0,0
2021-01-03T23:59:59+01:00,0,0,0,0,0,0,0,0,1,0,0,0,1,1,0,2,0,0,0,0,0,0,0,0,0,0,0,0,0,0,0,0,0,0,5,0,0,0,0,0,0,0,0
2021-01-02T23:59:59+01:00,0,0,0,0,0,0,0,0,1,0,0,0,1,1,0,2,0,0,0,0,0,0,0,0,0,0,0,0,0,0,0,0,0,0,5,0,0,0,0,0,0,0,0
2021-01-01T23:59:59+01:00,0,0,0,0,0,0,0,0,1,0,0,0,1,1,0,2,0,0,0,0,0,0,0,0,0,0,0,0,0,0,0,0,0,0,5,0,0,0,0,0,0,0,0
2020-12-31T23:59:59+01:00,0,0,0,0,0,0,0,0,1,0,0,0,1,1,0,2,0,0,0,0,0,0,0,0,0,0,0,0,0,0,0,0,0,0,5,0,0,0,0,0,0,0,0
2020-12-30T23:59:59+01:00,0,0,0,0,0,0,0,0,1,0,0,0,1,1,0,2,0,0,0,0,0,0,0,0,0,0,0,0,0,0,0,0,0,0,5,0,0,0,0,0,0,0,0
2020-12-29T23:59:59+01:00,0,0,0,0,0,0,0,0,1,0,0,0,1,0,0,2,0,0,0,0,0,0,0,0,0,0,0,0,0,0,0,0,0,0,4,0,0,0,0,0,0,0,0
2020-12-28T23:59:59+01:00,0,0,0,0,0,0,0,0,0,0,0,0,1,0,0,1,0,0,0,0,0,0,0,0,0,0,0,0,0,0,0,0,0,0,2,0,0,0,0,0,0,0,0
2020-12-27T23:59:59+01:00,0,0,0,0,0,0,0,0,0,0,0,0,0,0,0,0,0,0,0,0,0,0,0,0,0,0,0,0,0,0,0,0,0,0,0,0,0,0,0,0,0,0,0
