Datum,<15_1_m,<15_1_w,15-24_1_m,15-24_1_w,25-34_1_m,25-34_1_w,35-44_1_m,35-44_1_w,45-54_1_m,45-54_1_w,55-64_1_m,55-64_1_w,65-74_1_m,65-74_1_w,75-84_1_m,75-84_1_w,>84_1_m,>84_1_w,<15_2_m,<15_2_w,15-24_2_m,15-24_2_w,25-34_2_m,25-34_2_w,35-44_2_m,35-44_2_w,45-54_2_m,45-54_2_w,55-64_2_m,55-64_2_w,65-74_2_m,65-74_2_w,75-84_2_m,75-84_2_w,>84_2_m,>84_2_w,bp_1,bp_2,mo_1,mo_2,az_1,az_2,ja,unb_1,unb_2
2021-10-28T23:59:59+02:00,2170,1952,15464,14614,18412,17138,21496,21664,28005,29031,34516,35303,25984,28855,17646,22541,5368,10176,1811,1617,13879,13205,17039,15739,20197,20190,26479,27279,33002,33770,25287,28034,17177,21903,5195,9712,253482,238411,32593,30576,46606,44896,17592,93,40
2021-10-27T23:59:59+02:00,2145,1940,15405,14555,18365,17090,21441,21636,27972,29001,34488,35283,25979,28838,17639,22538,5368,10175,1799,1603,13849,13172,17017,15719,20183,20173,26460,27246,32979,33750,25269,28013,17169,21887,5191,9711,253039,238119,32590,30572,46604,44896,17563,93,40
2021-10-26T23:59:59+02:00,2132,1916,15364,14523,18326,17056,21412,21618,27954,28982,34469,35274,25971,28834,17636,22535,5368,10175,1790,1596,13825,13135,16993,15693,20161,20153,26443,27228,32957,33737,25258,27995,17159,21868,5187,9694,252739,237817,32584,30563,46604,44896,17556,93,40
2021-10-25T23:59:59+02:00,2126,1911,15333,14509,18306,17039,21397,21609,27941,28976,34465,35269,25971,28832,17636,22535,5368,10175,1789,1596,13821,13132,16990,15691,20161,20150,26443,27227,32954,33735,25258,27995,17159,21867,5187,9694,252596,237798,32580,30559,46604,44896,17556,93,40
2021-10-24T23:59:59+02:00,2116,1905,15316,14502,18291,17029,21385,21600,27929,28963,34457,35263,25970,28827,17634,22535,5368,10175,1783,1590,13810,13114,16983,15678,20154,20141,26434,27222,32949,33727,25254,27990,17157,21866,5186,9693,252472,237687,32580,30559,46602,44896,17549,93,40
2021-10-23T23:59:59+02:00,2116,1905,15316,14502,18290,17029,21385,21599,27929,28963,34457,35263,25970,28827,17634,22535,5368,10175,1783,1590,13810,13114,16983,15678,20154,20141,26434,27222,32949,33727,25254,27990,17157,21866,5186,9693,252470,237687,32580,30559,46602,44896,17549,93,40
2021-10-22T23:59:59+02:00,2101,1889,15251,14457,18198,16969,21318,21551,27876,28917,34426,35247,25970,28823,17633,22532,5367,10174,1767,1570,13761,13051,16938,15644,20124,20118,26416,27206,32930,33710,25246,27988,17157,21863,5186,9692,252002,237379,32520,30539,46602,44896,17513,93,40
2021-10-21T23:59:59+02:00,2072,1858,15137,14377,18080,16883,21230,21492,27804,28854,34360,35208,25955,28804,17626,22521,5366,10170,1740,1553,13688,12972,16873,15599,20070,20075,26363,27160,32885,33675,25230,27967,17146,21842,5185,9689,251247,236918,32467,30440,46602,44896,17418,93,40
2021-10-20T23:59:59+02:00,2060,1847,15092,14344,18032,16847,21184,21453,27773,28830,34332,35190,25948,28792,17619,22511,5365,10166,1718,1540,13660,12940,16841,15563,20040,20044,26333,27130,32863,33643,25211,27955,17136,21832,5185,9684,250860,236548,32453,30428,46602,44896,17406,93,40
2021-10-19T23:59:59+02:00,2051,1840,15072,14314,18011,16826,21168,21439,27760,28813,34312,35176,25935,28782,17616,22504,5365,10166,1704,1522,13640,12902,16805,15526,20010,20020,26309,27106,32831,33619,25193,27937,17128,21814,5181,9677,250649,236179,32453,30427,46602,44896,17382,93,40
2021-10-18T23:59:59+02:00,2046,1833,15049,14296,17994,16806,21143,21414,27745,28801,34299,35162,25933,28776,17614,22501,5362,10165,1690,1510,13613,12871,16790,15499,19989,19995,26291,27081,32816,33599,25181,27929,17124,21806,5178,9675,250463,235919,32441,30415,46602,44894,17369,93,40
2021-10-17T23:59:59+02:00,2042,1831,15029,14286,17991,16800,21139,21408,27739,28792,34296,35157,25928,28773,17612,22501,5361,10161,1688,1504,13587,12850,16770,15483,19975,19978,26275,27071,32807,33588,25172,27921,17120,21804,5173,9667,250380,235730,32440,30415,46602,44888,17360,93,40
2021-10-16T23:59:59+02:00,2042,1830,15029,14284,17991,16800,21138,21408,27739,28792,34296,35157,25928,28773,17612,22501,5361,10161,1688,1504,13587,12850,16770,15483,19975,19978,26275,27071,32807,33588,25172,27921,17120,21804,5173,9667,250376,235730,32440,30415,46602,44888,17360,93,40
2021-10-15T23:59:59+02:00,2037,1815,14998,14251,17972,16778,21113,21394,27724,28782,34282,35151,25928,28770,17611,22497,5361,10159,1671,1482,13519,12796,16738,15449,19937,19952,26253,27046,32796,33572,25169,27918,17115,21801,5172,9666,250210,235412,32415,30380,46602,44888,17332,93,40
2021-10-14T23:59:59+02:00,2009,1798,14907,14185,17912,16725,21075,21362,27688,28752,34253,35129,25920,28762,17607,22489,5360,10153,1645,1453,13421,12700,16672,15387,19891,19883,26195,26995,32755,33536,25151,27895,17101,21782,5170,9663,249807,234883,32359,30230,46602,44888,17254,93,40
2021-10-13T23:59:59+02:00,1994,1789,14875,14141,17888,16697,21059,21343,27664,28736,34232,35116,25913,28751,17599,22480,5359,10150,1630,1441,13376,12659,16643,15352,19855,19837,26167,26970,32726,33495,25131,27874,17091,21757,5165,9656,249526,234434,32357,30226,46602,44888,17237,93,40
2021-10-12T23:59:59+02:00,1985,1784,14846,14108,17869,16670,21032,21321,27646,28715,34211,35099,25907,28744,17595,22474,5358,10147,1616,1433,13335,12613,16619,15308,19821,19802,26142,26943,32698,33472,25114,27851,17080,21735,5155,9625,249262,233981,32355,30224,46601,44888,17229,93,40
2021-10-11T23:59:59+02:00,1978,1776,14824,14095,17855,16653,21018,21309,27634,28706,34201,35085,25903,28737,17591,22469,5358,10143,1612,1423,13300,12582,16603,15280,19802,19777,26125,26915,32672,33444,25096,27830,17073,21723,5154,9615,249102,233660,32355,30224,46600,44888,17214,93,40
2021-10-10T23:59:59+02:00,1966,1763,14806,14077,17838,16638,21009,21295,27628,28703,34190,35078,25903,28733,17590,22466,5356,10143,1592,1413,13273,12559,16576,15252,19782,19757,26109,26898,32659,33429,25088,27820,17068,21720,5152,9612,248963,233411,32355,30224,46600,44884,17200,93,40
2021-10-09T23:59:59+02:00,1966,1763,14806,14077,17837,16637,21008,21295,27628,28703,34189,35077,25903,28731,17590,22466,5356,10143,1592,1413,13273,12559,16575,15252,19781,19757,26109,26897,32658,33427,25088,27818,17068,21720,5152,9612,248962,233410,32355,30223,46600,44884,17194,93,40
2021-10-08T23:59:59+02:00,1949,1748,14769,14055,17809,16613,20985,21279,27609,28689,34175,35063,25898,28730,17590,22464,5355,10141,1569,1374,13196,12471,16521,15201,19728,19717,26080,26865,32637,33406,25077,27807,17063,21715,5150,9611,248768,232906,32337,30206,46600,44884,17152,93,40
2021-10-07T23:59:59+02:00,1927,1728,14699,13982,17743,16560,20940,21218,27562,28660,34125,35033,25874,28708,17582,22452,5354,10137,1529,1341,13099,12397,16459,15130,19679,19669,26008,26814,32589,33362,25052,27785,17045,21696,5142,9594,248309,232388,32279,30046,46599,44883,17033,93,40
2021-10-06T23:59:59+02:00,1918,1710,14663,13947,17720,16532,20922,21194,27532,28629,34091,35012,25860,28695,17577,22447,5351,10134,1512,1328,13072,12356,16434,15102,19654,19644,25980,26788,32566,33332,25040,27772,17035,21684,5140,9588,248005,232073,32279,30046,46599,44883,16985,93,40
2021-10-05T23:59:59+02:00,1911,1698,14639,13909,17687,16516,20901,21172,27510,28603,34071,34985,25843,28679,17568,22437,5351,10130,1495,1313,13039,12324,16408,15084,19633,19620,25959,26761,32544,33314,25034,27763,17028,21677,5136,9583,247705,231784,32278,30046,46598,44882,16963,93,40
2021-10-04T23:59:59+02:00,1899,1693,14594,13872,17656,16488,20882,21151,27486,28578,34055,34965,25836,28662,17565,22432,5350,10126,1473,1297,13005,12287,16388,15053,19620,19595,25935,26733,32526,33286,25023,27753,17022,21669,5134,9579,247451,231493,32254,30043,46597,44881,16921,93,40
2021-10-03T23:59:59+02:00,1887,1687,14574,13844,17639,16470,20870,21142,27478,28567,34045,34956,25827,28657,17558,22424,5349,10124,1462,1287,12983,12269,16364,15035,19609,19585,25925,26720,32515,33273,25012,27742,17022,21661,5134,9579,247315,231342,32245,30039,46594,44880,16876,93,40
2021-10-02T23:59:59+02:00,1886,1687,14572,13843,17638,16469,20870,21141,27478,28567,34044,34956,25827,28656,17558,22424,5349,10124,1462,1287,12983,12268,16364,15035,19609,19585,25925,26720,32515,33273,25012,27742,17022,21661,5134,9579,247306,231341,32245,30039,46594,44880,16876,93,40
2021-10-01T23:59:59+02:00,1874,1669,14512,13779,17575,16418,20828,21099,27443,28547,34018,34937,25819,28652,17558,22418,5349,10121,1427,1250,12880,12164,16282,14977,19550,19536,25889,26684,32483,33245,24997,27727,17018,21653,5133,9577,246983,230765,32213,30029,46594,44880,16758,93,40
2021-09-30T23:59:59+02:00,1861,1649,14410,13695,17509,16360,20767,21046,27386,28489,33960,34910,25797,28635,17549,22408,5347,10118,1403,1226,12769,12089,16205,14929,19499,19483,25834,26626,32428,33217,24976,27704,17012,21641,5130,9576,246617,230454,32086,29848,46591,44871,16534,93,40
2021-09-29T23:59:59+02:00,1846,1629,14386,13671,17486,16318,20729,21016,27359,28457,33934,34888,25777,28619,17543,22398,5347,10117,1385,1213,12737,12056,16184,14901,19486,19464,25819,26608,32410,33194,24961,27691,17002,21628,5127,9572,246270,230175,32086,29848,46591,44870,16505,93,40
2021-09-28T23:59:59+02:00,1829,1620,14357,13639,17457,16284,20702,20981,27327,28434,33907,34863,25763,28599,17533,22388,5344,10111,1360,1206,12698,12024,16162,14873,19471,19438,25799,26597,32397,33173,24955,27680,16999,21622,5125,9571,245916,229915,32085,29848,46591,44869,16478,93,40
2021-09-27T23:59:59+02:00,1821,1615,14329,13614,17438,16262,20677,20958,27305,28415,33888,34841,25755,28586,17531,22380,5344,10108,1346,1195,12660,11990,16141,14851,19445,19422,25779,26575,32388,33153,24947,27667,16993,21615,5123,9570,245697,229683,32085,29848,46591,44863,16426,93,40
2021-09-26T23:59:59+02:00,1817,1610,14313,13594,17418,16245,20666,20943,27289,28400,33880,34827,25744,28581,17527,22379,5343,10107,1339,1191,12644,11970,16126,14834,19432,19410,25770,26564,32377,33142,24941,27665,16990,21611,5122,9569,245544,229552,32085,29847,46591,44863,16395,93,40
2021-09-25T23:59:59+02:00,1814,1608,14300,13578,17398,16234,20645,20932,27270,28384,33867,34819,25737,28576,17522,22376,5342,10105,1337,1189,12633,11956,16108,14824,19412,19398,25755,26547,32365,33134,24935,27660,16985,21608,5122,9567,245502,229525,32085,29847,46591,44863,16260,93,40
2021-09-24T23:59:59+02:00,1796,1584,14219,13498,17330,16182,20590,20882,27231,28341,33828,34788,25719,28565,17512,22366,5340,10101,1308,1170,12535,11855,16025,14758,19358,19337,25708,26512,32318,33104,24912,27639,16976,21596,5120,9563,245108,229010,32066,29843,46591,44863,16038,93,40
2021-09-23T23:59:59+02:00,1775,1564,14115,13399,17238,16096,20498,20806,27150,28283,33780,34728,25693,28542,17500,22347,5336,10094,1295,1161,12445,11780,15956,14692,19284,19289,25650,26456,32272,33068,24892,27620,16970,21585,5117,9558,244618,228683,31967,29805,46591,44863,15699,93,40
2021-09-22T23:59:59+02:00,1756,1551,14078,13349,17188,16054,20447,20759,27111,28236,33729,34677,25663,28515,17492,22325,5332,10090,1278,1152,12403,11734,15910,14659,19254,19260,25621,26428,32223,33033,24864,27595,16964,21571,5113,9549,244197,228362,31942,29796,46591,44861,15552,93,40
2021-09-21T23:59:59+02:00,1743,1536,14015,13296,17166,16004,20414,20720,27080,28196,33695,34656,25650,28498,17480,22301,5324,10062,1253,1129,12355,11674,15881,14631,19221,19221,25594,26400,32198,33006,24843,27578,16961,21562,5111,9538,243707,227980,31938,29747,46591,44859,15530,93,40
2021-09-20T23:59:59+02:00,1733,1529,13962,13257,17129,15963,20373,20687,27038,28157,33660,34622,25630,28471,17472,22284,5313,10035,1234,1125,12301,11638,15848,14609,19192,19195,25566,26377,32176,32982,24830,27565,16958,21554,5106,9524,243266,227683,31937,29747,46591,44859,15451,93,40
2021-09-19T23:59:59+02:00,1728,1520,13937,13232,17098,15941,20346,20668,27017,28129,33647,34608,25622,28462,17469,22281,5312,10033,1230,1114,12276,11618,15826,14589,19178,19176,25553,26366,32166,32971,24824,27560,16952,21548,5105,9524,243037,227517,31936,29746,46591,44857,15416,93,40
2021-09-18T23:59:59+02:00,1726,1516,13925,13220,17087,15934,20336,20661,27010,28125,33641,34604,25622,28462,17469,22280,5312,10033,1230,1113,12269,11610,15816,14584,19168,19173,25546,26362,32161,32969,24824,27560,16952,21548,5105,9524,243001,227498,31923,29741,46591,44857,15378,93,40
2021-09-17T23:59:59+02:00,1703,1482,13822,13106,16979,15859,20255,20590,26940,28065,33588,34560,25599,28439,17457,22269,5311,10030,1213,1096,12182,11531,15715,14507,19080,19101,25477,26295,32099,32926,24805,27540,16942,21530,5104,9520,242536,227057,31876,29729,46591,44856,14981,93,40
2021-09-16T23:59:59+02:00,1676,1444,13723,12996,16891,15763,20164,20500,26839,27978,33513,34494,25567,28406,17443,22245,5304,10009,1189,1071,12093,11451,15645,14443,18999,19022,25388,26213,32038,32871,24763,27502,16932,21517,5101,9509,241922,226591,31779,29669,46591,44854,14593,93,40
2021-09-15T23:59:59+02:00,1658,1435,13663,12943,16839,15701,20118,20449,26783,27927,33461,34438,25541,28374,17428,22216,5297,9986,1169,1055,12032,11389,15591,14392,18947,18971,25327,26164,31980,32815,24730,27469,16916,21498,5097,9498,241502,226155,31758,29653,46587,44852,14340,93,40
2021-09-14T23:59:59+02:00,1642,1424,13599,12875,16766,15650,20058,20401,26733,27871,33411,34387,25520,28355,17415,22205,5293,9981,1141,1033,11969,11326,15518,14332,18893,18926,25279,26110,31923,32762,24699,27446,16902,21482,5097,9493,241103,225760,31706,29559,46587,44852,14120,93,40
2021-09-13T23:59:59+02:00,1620,1408,13561,12838,16738,15622,20039,20376,26711,27846,33390,34363,25510,28348,17410,22194,5293,9978,1124,1018,11926,11292,15485,14309,18870,18896,25254,26082,31896,32739,24689,27436,16889,21473,5094,9492,240819,225449,31705,29557,46582,44850,14068,93,40
2021-09-12T23:59:59+02:00,1609,1405,13529,12815,16696,15606,20025,20365,26700,27827,33384,34351,25504,28341,17409,22190,5293,9975,1112,1012,11883,11272,15439,14291,18846,18875,25238,26069,31882,32725,24681,27427,16886,21469,5093,9489,240659,225234,31705,29557,46580,44849,14009,93,40
2021-09-11T23:59:59+02:00,1598,1404,13513,12803,16682,15597,20015,20362,26688,27821,33380,34347,25500,28340,17408,22189,5291,9975,1033,950,11816,11221,15423,14283,18838,18864,25225,26058,31874,32712,24679,27425,16885,21468,5093,9489,240593,224910,31685,29555,46580,44849,13982,93,40
2021-09-10T23:59:59+02:00,1559,1358,13364,12675,16610,15519,19908,20277,26605,27757,33318,34292,25460,28309,17392,22166,5285,9970,1006,925,11695,11115,15337,14200,18729,18780,25131,26001,31800,32654,24637,27394,16868,21448,5088,9484,239994,224351,31667,29544,46580,44849,13508,93,40
2021-09-09T23:59:59+02:00,1536,1337,13293,12609,16556,15467,19854,20240,26553,27690,33276,34252,25432,28291,17387,22153,5281,9963,986,901,11632,11042,15286,14148,18674,18749,25075,25960,31754,32620,24615,27379,16855,21438,5085,9473,239623,223978,31591,29505,46580,44849,13300,93,40
2021-09-08T23:59:59+02:00,1521,1320,13264,12585,16540,15443,19834,20227,26537,27678,33263,34241,25420,28283,17381,22147,5278,9960,974,885,11587,10998,15260,14130,18662,18732,25057,25935,31733,32609,24601,27364,16853,21432,5085,9471,239403,223699,31591,29505,46576,44848,13276,93,40
2021-09-07T23:59:59+02:00,1488,1302,13206,12538,16500,15411,19811,20198,26500,27657,33229,34211,25396,28265,17375,22131,5273,9954,956,876,11529,10933,15206,14077,18625,18699,25010,25890,31681,32582,24573,27341,16845,21415,5080,9469,239170,223392,31506,29390,46576,44848,13117,93,40
2021-09-06T23:59:59+02:00,1473,1293,13177,12503,16477,15387,19792,20177,26483,27642,33218,34202,25393,28252,17372,22127,5270,9954,944,867,11508,10901,15187,14044,18603,18683,24994,25870,31659,32567,24562,27328,16844,21407,5077,9469,238950,223164,31506,29379,46576,44847,13084,93,40
2021-09-05T23:59:59+02:00,1463,1285,13161,12484,16460,15371,19781,20170,26477,27633,33208,34190,25391,28249,17370,22123,5270,9954,937,862,11489,10885,15161,14028,18592,18674,24987,25864,31650,32547,24559,27317,16841,21402,5075,9468,238824,223015,31506,29379,46576,44846,13058,93,40
2021-09-04T23:59:59+02:00,1463,1285,13160,12483,16460,15371,19779,20170,26476,27633,33208,34190,25391,28249,17370,22122,5270,9954,936,862,11489,10883,15159,14028,18587,18674,24986,25862,31650,32545,24558,27317,16841,21402,5075,9468,238822,223004,31506,29378,46576,44846,13054,93,40
2021-09-03T23:59:59+02:00,1436,1269,13057,12386,16403,15319,19741,20131,26434,27606,33171,34173,25373,28238,17366,22111,5268,9953,892,828,11348,10756,15094,13952,18516,18628,24915,25813,31591,32509,24525,27289,16828,21386,5072,9464,238322,222191,31506,29374,46576,44846,12955,93,40
2021-09-02T23:59:59+02:00,1421,1262,12993,12344,16360,15286,19707,20105,26400,27572,33146,34152,25358,28226,17361,22106,5268,9949,887,822,11272,10716,15046,13917,18478,18608,24882,25791,31553,32479,24506,27268,16822,21381,5072,9462,238100,221926,31442,29333,46572,44837,12826,93,40
2021-09-01T23:59:59+02:00,1398,1247,12957,12306,16339,15266,19688,20090,26382,27552,33125,34127,25348,28215,17355,22096,5265,9945,872,800,11231,10681,15026,13889,18458,18588,24861,25768,31528,32447,24492,27254,16814,21375,5070,9460,237801,221596,31442,29331,46571,44836,12811,93,40
2021-08-31T23:59:59+02:00,1366,1225,12902,12246,16294,15230,19655,20046,26337,27503,33086,34092,25332,28194,17349,22083,5261,9941,850,775,11159,10612,14978,13828,18406,18556,24811,25714,31470,32404,24461,27238,16805,21362,5067,9453,237494,221167,31379,29302,46571,44817,12623,92,40
2021-08-30T23:59:59+02:00,1342,1210,12861,12208,16269,15208,19635,20029,26314,27486,33064,34075,25321,28184,17349,22079,5259,9939,842,764,11081,10580,14951,13807,18384,18532,24783,25698,31443,32377,24450,27223,16799,21355,5064,9450,237243,220873,31379,29301,46571,44806,12563,92,40
2021-08-29T23:59:59+02:00,1336,1204,12847,12192,16258,15199,19626,20019,26311,27477,33057,34061,25316,28178,17347,22078,5259,9939,830,755,11063,10543,14941,13790,18368,18518,24770,25689,31435,32365,24441,27211,16797,21350,5064,9450,237139,220698,31379,29301,46571,44802,12539,92,40
2021-08-28T23:59:59+02:00,1329,1190,12815,12170,16243,15187,19615,20005,26304,27467,33048,34055,25314,28173,17346,22075,5259,9938,811,730,10987,10471,14907,13757,18321,18491,24734,25656,31392,32334,24424,27198,16788,21334,5064,9447,236976,220172,31379,29301,46571,44802,12531,92,40
2021-08-27T23:59:59+02:00,1310,1175,12752,12114,16197,15139,19556,19955,26249,27418,33005,34025,25296,28162,17342,22061,5259,9935,808,725,10950,10437,14867,13731,18305,18475,24699,25632,31364,32313,24411,27187,16785,21330,5064,9446,236551,220015,31379,29300,46571,44801,12373,92,40
2021-08-26T23:59:59+02:00,1290,1159,12683,12057,16151,15096,19511,19915,26195,27361,32954,33980,25266,28133,17335,22051,5256,9932,798,710,10880,10387,14820,13690,18259,18446,24654,25594,31318,32274,24389,27170,16777,21321,5064,9442,236183,219700,31320,29286,46571,44794,12173,92,40
2021-08-25T23:59:59+02:00,1273,1144,12660,12015,16131,15070,19489,19900,26168,27345,32919,33951,25248,28115,17328,22044,5255,9929,784,697,10831,10344,14789,13661,18226,18415,24632,25575,31285,32236,24376,27153,16770,21311,5062,9439,235873,219324,31320,29286,46565,44790,12146,92,40
2021-08-24T23:59:59+02:00,1246,1126,12600,11943,16074,15026,19444,19859,26121,27300,32874,33918,25228,28091,17316,22032,5254,9924,762,677,10752,10270,14745,13620,18180,18379,24581,25524,31243,32199,24352,27126,16755,21295,5061,9438,235562,218909,31194,29246,46565,44790,11974,92,40
2021-08-23T23:59:59+02:00,1233,1113,12561,11907,16049,15007,19423,19824,26100,27265,32844,33895,25214,28078,17312,22023,5254,9921,739,661,10697,10216,14715,13582,18142,18345,24554,25494,31208,32166,24339,27106,16748,21292,5059,9437,235261,218504,31193,29246,46564,44787,11923,92,40
2021-08-22T23:59:59+02:00,1225,1106,12546,11885,16034,14991,19416,19805,26088,27254,32833,33879,25203,28072,17310,22021,5251,9921,724,652,10668,10187,14694,13567,18122,18334,24541,25477,31193,32153,24331,27095,16746,21287,5058,9436,235096,218288,31193,29246,46564,44786,11905,92,40
2021-08-21T23:59:59+02:00,1137,1034,12471,11827,16022,14979,19405,19793,26078,27243,32823,33863,25198,28068,17307,22018,5251,9921,713,646,10644,10157,14677,13563,18113,18322,24532,25471,31186,32147,24328,27095,16745,21287,5058,9436,234722,218165,31187,29246,46564,44786,11883,92,40
2021-08-20T23:59:59+02:00,1117,1018,12410,11758,15963,14925,19343,19754,26024,27210,32773,33836,25183,28057,17298,22013,5250,9919,709,640,10589,10119,14635,13527,18073,18296,24497,25452,31156,32130,24319,27088,16739,21284,5058,9435,234223,217879,31187,29246,46564,44786,11795,92,40
2021-08-19T23:59:59+02:00,1091,994,12342,11702,15904,14893,19293,19703,25962,27160,32730,33801,25152,28034,17286,22002,5247,9917,700,628,10495,10043,14567,13488,18017,18258,24428,25409,31089,32085,24278,27069,16730,21267,5057,9432,233930,217442,31094,29237,46564,44778,11543,92,40
2021-08-18T23:59:59+02:00,1079,978,12301,11666,15875,14862,19265,19673,25932,27129,32693,33775,25133,28022,17281,21993,5245,9916,686,617,10440,9975,14520,13462,17967,18229,24382,25371,31030,32047,24256,27052,16724,21254,5053,9426,233611,216984,31093,29230,46563,44768,11469,92,40
2021-08-17T23:59:59+02:00,1052,953,12250,11624,15846,14820,19234,19641,25904,27106,32657,33737,25116,28002,17271,21976,5244,9911,671,593,10346,9893,14467,13414,17914,18175,24332,25330,30970,32003,24228,27028,16713,21234,5051,9419,233309,216385,30967,29169,46563,44765,11422,92,40
2021-08-16T23:59:59+02:00,1040,946,12218,11597,15829,14802,19215,19622,25881,27082,32638,33715,25096,27987,17263,21961,5241,9909,656,580,10291,9825,14442,13370,17890,18138,24288,25295,30933,31972,24201,26994,16698,21220,5051,9416,233079,215942,30967,29169,46563,44759,11350,92,40
2021-08-15T23:59:59+02:00,1032,946,12193,11581,15815,14785,19201,19607,25871,27073,32617,33700,25090,27978,17259,21950,5240,9909,649,572,10246,9790,14404,13347,17867,18115,24263,25281,30912,31946,24183,26986,16693,21212,5050,9414,232920,215651,30966,29169,46562,44754,11316,92,40
2021-08-14T23:59:59+02:00,1031,946,12192,11577,15815,14784,19198,19605,25870,27073,32617,33699,25090,27978,17259,21950,5240,9909,593,511,10080,9570,14298,13256,17792,18068,24214,25249,30872,31913,24168,26973,16690,21209,5048,9413,232911,214645,30966,29168,46562,44753,11311,92,40
2021-08-13T23:59:59+02:00,986,906,12039,11450,15762,14724,19132,19549,25799,27021,32565,33663,25065,27949,17248,21940,5239,9905,585,506,10027,9516,14257,13227,17753,18042,24182,25229,30848,31892,24157,26960,16684,21200,5048,9409,232076,214306,30965,29168,46562,44750,11258,90,40
2021-08-12T23:59:59+02:00,972,884,11982,11389,15714,14684,19095,19523,25754,26998,32519,33634,25040,27933,17239,21934,5239,9902,576,497,9936,9450,14184,13185,17691,17992,24116,25194,30794,31843,24129,26935,16668,21182,5046,9409,231845,213885,30941,29162,46562,44735,11005,90,40
2021-08-11T23:59:59+02:00,958,873,11947,11356,15695,14661,19062,19505,25732,26979,32494,33605,25021,27910,17235,21926,5238,9900,533,464,9863,9388,14132,13145,17644,17948,24075,25172,30754,31795,24099,26903,16652,21169,5045,9403,231551,213316,30940,29158,46561,44707,10963,90,40
2021-08-10T23:59:59+02:00,939,863,11859,11304,15643,14630,19018,19468,25677,26944,32437,33551,25004,27895,17228,21913,5237,9897,520,457,9768,9302,14079,13110,17612,17914,24027,25133,30701,31748,24066,26869,16645,21149,5041,9398,231169,212794,30808,29123,46559,44693,10889,90,40
2021-08-09T23:59:59+02:00,937,846,11831,11269,15627,14614,18996,19455,25645,26922,32408,33520,24996,27886,17222,21905,5237,9894,508,440,9714,9242,14038,13060,17575,17873,23996,25089,30666,31708,24052,26852,16640,21136,5039,9392,230930,212342,30808,29120,46558,44686,10832,90,40
2021-08-08T23:59:59+02:00,927,839,11795,11246,15606,14600,18976,19434,25620,26902,32386,33503,24988,27870,17215,21901,5236,9894,486,431,9639,9186,13989,13032,17548,17843,23963,25054,30634,31677,24039,26833,16632,21122,5038,9389,230739,211941,30808,29119,46558,44685,10750,90,40
2021-08-07T23:59:59+02:00,907,812,11698,11168,15563,14559,18934,19400,25581,26872,32340,33471,24971,27858,17206,21883,5235,9891,417,358,9015,8590,13545,12675,17336,17658,23812,24943,30482,31600,23980,26782,16611,21095,5033,9386,230151,208726,30808,29118,46558,44685,10749,90,40
2021-08-06T23:59:59+02:00,898,809,11668,11143,15547,14546,18923,19394,25566,26856,32331,33464,24967,27854,17201,21881,5235,9890,375,309,8430,7964,13030,12279,17107,17452,23666,24831,30388,31521,23949,26735,16599,21081,5030,9379,230101,205550,30686,29105,46558,44685,10745,90,40
2021-08-05T23:59:59+02:00,895,802,11628,11112,15504,14517,18882,19362,25520,26821,32283,33417,24926,27832,17199,21870,5235,9884,367,303,8375,7900,12981,12227,17057,17410,23602,24791,30312,31466,23902,26693,16585,21063,5028,9370,229873,205126,30685,29100,46556,44676,10490,90,40
2021-08-04T23:59:59+02:00,878,786,11598,11082,15485,14485,18849,19336,25493,26792,32238,33377,24911,27819,17194,21864,5233,9876,345,293,8285,7813,12924,12179,17005,17366,23545,24747,30252,31394,23865,26654,16575,21050,5026,9364,229607,204535,30683,29099,46554,44641,10367,90,40
2021-08-03T23:59:59+02:00,862,769,11551,11042,15462,14463,18818,19316,25467,26763,32203,33342,24891,27800,17184,21859,5229,9875,320,282,8202,7725,12854,12129,16937,17313,23485,24709,30209,31344,23829,26620,16560,21039,5023,9360,229271,203873,30682,29089,46553,44633,10305,90,40
2021-08-02T23:59:59+02:00,853,766,11516,11011,15440,14431,18791,19296,25438,26738,32171,33314,24877,27780,17176,21850,5228,9873,310,275,8106,7632,12774,12069,16877,17249,23428,24637,30159,31286,23811,26597,16539,21029,5021,9355,228991,203164,30682,29088,46553,44625,10237,90,40
2021-08-01T23:59:59+02:00,845,759,11489,10982,15429,14418,18776,19285,25419,26726,32154,33299,24873,27771,17175,21847,5226,9872,297,258,8038,7565,12713,12022,16833,17202,23392,24605,30132,31261,23795,26578,16535,21023,5019,9354,228847,202707,30677,29087,46553,44606,10182,90,40
2021-07-31T23:59:59+02:00,842,758,11486,10976,15427,14415,18772,19281,25418,26725,32151,33298,24873,27770,17175,21847,5226,9872,275,238,7885,7377,11940,11351,16277,16762,23296,24526,30067,31190,23766,26542,16523,21004,5018,9352,228817,199478,30676,29087,46553,44604,10180,90,40
2021-07-30T23:59:59+02:00,841,757,11473,10967,15424,14412,18765,19275,25411,26720,32141,33293,24872,27768,17175,21844,5226,9872,228,198,7604,7134,11398,10902,15797,16332,23159,24419,29958,31077,23729,26497,16506,20982,5018,9347,228749,196393,30675,29086,46551,44591,10175,90,40
2021-07-29T23:59:59+02:00,829,748,11433,10920,15386,14391,18725,19249,25374,26684,32088,33264,24854,27748,17164,21826,5226,9869,138,134,7230,6824,10733,10381,15279,15915,22982,24273,29810,30966,23674,26445,16477,20957,5014,9344,228427,192915,30674,29076,46551,44505,10040,90,40
2021-07-28T23:59:59+02:00,810,735,11386,10866,15362,14362,18694,19221,25348,26656,32061,33238,24838,27730,17159,21814,5225,9865,119,105,7063,6667,10588,10259,15167,15780,22889,24177,29708,30868,23631,26387,16459,20928,5013,9334,228097,191665,30674,29074,46546,44396,9967,90,40
2021-07-27T23:59:59+02:00,801,726,11341,10826,15319,14322,18653,19195,25319,26630,32025,33216,24822,27705,17152,21802,5224,9857,99,92,6841,6452,10426,10144,15023,15648,22785,24068,29600,30755,23579,26323,16443,20901,5010,9322,227776,190511,30674,28746,46545,44360,9854,90,40
2021-07-26T23:59:59+02:00,791,713,11291,10777,15293,14301,18636,19167,25291,26599,31993,33190,24807,27683,17140,21790,5223,9854,91,83,6724,6376,10329,10070,14956,15568,22703,24008,29535,30681,23546,26279,16431,20884,5006,9316,227477,189726,30672,28743,46544,44318,9759,90,40
2021-07-25T23:59:59+02:00,780,703,11263,10749,15271,14276,18616,19143,25264,26574,31972,33172,24790,27672,17136,21781,5222,9852,76,78,6648,6295,10260,10007,14883,15508,22649,23954,29479,30643,23515,26258,16419,20870,5006,9312,227279,189138,30672,28739,46543,44288,9655,90,40
2021-07-24T23:59:59+02:00,756,681,11186,10666,15232,14248,18592,19122,25244,26558,31960,33159,24790,27668,17133,21779,5222,9852,76,77,6249,5941,10112,9892,14507,15225,22425,23796,29361,30559,23479,26220,16402,20853,5003,9308,226899,186776,30672,28736,46543,44286,9647,90,40
2021-07-23T23:59:59+02:00,730,659,11118,10580,15202,14214,18564,19107,25223,26537,31945,33142,24779,27663,17131,21779,5222,9849,73,73,5879,5631,9990,9785,14160,14960,22229,23620,29241,30441,23427,26152,16391,20832,4999,9301,226510,184502,30672,28736,46543,44274,9632,90,40
2021-07-22T23:59:59+02:00,689,619,10963,10417,15105,14125,18476,19058,25143,26483,31872,33078,24743,27622,17116,21761,5218,9844,61,62,5561,5333,9721,9569,13576,14483,21909,23361,29009,30213,23326,26054,16348,20794,4995,9298,225556,181178,30671,28724,46542,44255,9476,90,40
2021-07-21T23:59:59+02:00,669,594,10898,10362,15068,14097,18436,19020,25103,26453,31833,33028,24718,27588,17100,21749,5215,9839,51,56,4945,4866,9279,9314,13192,14253,21677,23206,28823,30064,23261,25978,16323,20771,4993,9295,225125,179404,30660,27456,46539,44088,9359,90,40
2021-07-20T23:59:59+02:00,651,577,10841,10307,15042,14061,18401,18993,25072,26422,31797,32994,24698,27567,17095,21734,5212,9832,46,46,4805,4752,9129,9183,13025,14118,21563,23085,28692,29939,23181,25875,16301,20730,4986,9289,224747,178058,30660,27444,46537,43939,9264,90,40
2021-07-19T23:59:59+02:00,638,564,10803,10276,15010,14037,18377,18984,25043,26396,31764,32965,24681,27544,17089,21723,5210,9829,40,43,4725,4683,9031,9105,12907,14021,21465,22977,28593,29819,23125,25818,16276,20701,4981,9283,224498,177118,30660,27435,46528,43841,9159,90,40
2021-07-18T23:59:59+02:00,623,555,10750,10225,14975,14017,18352,18966,25023,26380,31741,32946,24671,27533,17083,21714,5209,9824,38,41,4617,4581,8897,8984,12780,13881,21379,22886,28520,29740,23096,25788,16267,20688,4978,9282,224223,176107,30660,27421,46528,43787,9088,90,40
2021-07-17T23:59:59+02:00,548,484,10460,9927,14862,13914,18261,18887,24917,26306,31633,32895,24636,27499,17070,21694,5207,9823,37,40,4568,4540,8843,8912,12544,13685,20953,22542,28389,29608,23059,25735,16258,20673,4977,9279,222662,174309,30660,27421,46526,43785,9087,90,40
2021-07-16T23:59:59+02:00,519,447,10325,9805,14802,13873,18208,18835,24881,26273,31613,32870,24627,27484,17067,21687,5207,9820,37,40,4521,4498,8767,8871,12172,13406,20408,22142,28256,29514,23010,25698,16249,20668,4975,9277,221993,172196,30660,27418,46525,43778,9077,90,40
2021-07-15T23:59:59+02:00,487,410,10187,9699,14734,13825,18152,18766,24826,26225,31563,32817,24602,27447,17049,21672,5200,9816,24,30,4309,4359,8438,8662,11656,13004,19300,21295,27839,29169,22840,25528,16184,20595,4965,9261,221262,167492,30658,27404,46524,43577,8945,90,40
2021-07-14T23:59:59+02:00,466,396,10158,9673,14697,13804,18122,18731,24788,26184,31512,32764,24572,27419,17038,21655,5199,9814,21,27,4185,4207,8181,8489,11426,12859,19121,21184,27691,29042,22775,25450,16150,20557,4960,9252,220891,165920,30658,27385,46523,43400,8832,90,40
2021-07-13T23:59:59+02:00,442,382,10108,9621,14667,13775,18095,18698,24751,26163,31477,32722,24556,27388,17027,21643,5198,9811,21,25,4088,4111,8006,8331,11225,12668,18985,21044,27537,28880,22678,25365,16115,20503,4956,9241,220480,164457,30658,27364,46522,43142,8776,90,40
2021-07-12T23:59:59+02:00,430,360,10062,9570,14640,13757,18065,18669,24714,26121,31443,32678,24532,27365,17012,21638,5195,9808,20,22,3982,4010,7835,8209,11066,12531,18869,20923,27414,28760,22604,25303,16088,20477,4955,9236,220108,163287,30657,27343,46521,42950,8684,90,40
2021-07-11T23:59:59+02:00,422,342,10031,9540,14618,13737,18048,18659,24692,26112,31422,32660,24520,27355,17010,21636,5195,9806,17,20,3912,3939,7717,8112,10918,12403,18743,20821,27313,28646,22560,25255,16067,20452,4953,9233,219911,162324,30654,27338,46520,42748,8631,90,40
2021-07-10T23:59:59+02:00,396,319,9918,9435,14564,13698,17998,18636,24668,26092,31403,32644,24512,27346,17006,21632,5193,9804,17,19,3877,3914,7658,8071,10883,12374,18714,20796,27284,28624,22552,25240,16063,20447,4953,9233,219383,162020,30653,27337,46517,42700,8622,90,40
2021-07-09T23:59:59+02:00,336,271,9659,9225,14463,13618,17919,18564,24582,26039,31354,32583,24489,27315,16992,21614,5193,9798,16,18,3810,3874,7521,7980,10665,12225,18489,20657,26868,28304,22367,25046,16008,20386,4950,9226,218159,159869,30653,27333,46516,42571,8597,90,40
2021-07-08T23:59:59+02:00,257,204,9465,9080,14360,13541,17824,18489,24523,25988,31271,32524,24461,27284,16979,21596,5189,9793,14,15,3654,3750,7210,7791,10312,11996,18142,20375,26564,28046,22192,24888,15940,20310,4943,9210,217048,157491,30650,27285,46503,41998,8538,90,40
2021-07-07T23:59:59+02:00,218,176,9376,8974,14319,13509,17787,18448,24469,25950,31229,32483,24436,27254,16967,21578,5189,9785,12,11,3472,3622,6889,7567,9371,11264,17556,19947,26162,27734,21955,24581,15863,20213,4929,9196,216408,154873,30647,25532,46501,41397,8502,90,40
2021-07-06T23:59:59+02:00,196,164,9296,8917,14268,13479,17751,18406,24427,25911,31168,32436,24400,27226,16952,21561,5187,9783,12,10,3355,3550,6684,7443,9101,11100,17310,19765,25885,27477,21798,24378,15782,20109,4916,9181,215842,152935,30632,25521,46498,40893,8467,90,40
2021-07-05T23:59:59+02:00,184,149,9210,8836,14227,13435,17716,18356,24390,25881,31123,32386,24376,27203,16943,21547,5186,9781,12,9,3304,3517,6556,7365,8951,10979,17164,19625,25714,27322,21655,24210,15732,20056,4905,9171,215292,151871,30632,25512,46496,40404,8420,90,40
2021-07-04T23:59:59+02:00,169,142,9159,8786,14194,13422,17690,18338,24364,25860,31102,32360,24361,27189,16937,21539,5185,9778,10,8,3254,3473,6491,7325,8863,10907,17077,19539,25585,27211,21530,24081,15690,20004,4903,9164,215017,151208,30631,25503,46481,40007,8357,90,40
2021-07-03T23:59:59+02:00,166,139,8653,8295,14035,13302,17590,18221,24269,25802,31038,32312,24340,27167,16925,21529,5183,9775,9,8,3194,3393,6371,7205,8689,10764,16859,19354,25196,26900,21415,23943,15660,19964,4899,9158,213202,149148,30630,25503,46481,39951,8339,90,40
2021-07-02T23:59:59+02:00,159,135,8085,7830,13889,13194,17498,18144,24199,25733,30978,32250,24302,27125,16919,21509,5181,9770,8,8,3083,3286,6099,7050,8432,10524,16489,19025,24719,26474,21188,23670,15591,19882,4893,9155,211367,146072,30630,25501,46478,39627,8336,90,40
2021-07-01T23:59:59+02:00,146,125,7957,7724,13806,13135,17428,18092,24131,25681,30925,32197,24274,27100,16909,21497,5180,9769,7,7,2894,3100,5750,6766,7994,10104,15898,18548,23947,25809,20697,23197,15464,19720,4881,9130,210578,141475,30625,25488,46472,38598,8312,90,40
2021-06-30T23:59:59+02:00,129,112,7811,7605,13741,13085,17375,18039,24078,25627,30865,32151,24243,27078,16895,21479,5180,9764,6,7,2797,3024,5594,6623,7766,9882,14939,17677,23332,25258,20337,22803,15331,19559,4867,9096,210010,139934,30450,23213,46468,37471,8240,90,40
2021-06-29T23:59:59+02:00,114,99,7744,7509,13694,13045,17337,17994,24025,25566,30815,32091,24223,27052,16885,21463,5177,9760,4,5,2738,2979,5463,6525,7612,9748,14770,17505,23089,25022,20076,22477,15232,19458,4855,9076,209381,138808,30448,23201,46465,36375,8210,90,40
2021-06-28T23:59:59+02:00,109,93,7679,7438,13627,12984,17288,17943,23983,25521,30758,32047,24206,27024,16878,21453,5175,9758,3,4,2707,2946,5396,6473,7519,9677,14673,17423,22937,24808,19873,22232,15177,19389,4851,9062,208838,138204,30446,23191,46457,35581,8134,90,40
2021-06-27T23:59:59+02:00,95,88,7631,7375,13595,12947,17259,17910,23964,25486,30731,32019,24194,27016,16871,21447,5175,9756,2,3,2685,2932,5346,6448,7446,9631,14577,17359,22841,24721,19746,22089,15146,19338,4847,9053,208482,137691,30446,23179,46451,35209,8091,90,40
2021-06-26T23:59:59+02:00,91,85,7125,6828,13203,12647,17145,17806,23898,25428,30695,31984,24185,26999,16867,21436,5174,9755,2,3,2584,2822,5156,6258,7245,9440,14030,16904,22178,24087,19598,21947,15101,19285,4845,9045,206296,134050,30444,23179,46451,35189,8091,70,21
2021-06-25T23:59:59+02:00,90,82,6646,6340,12745,12274,16985,17687,23807,25363,30615,31944,24162,26972,16862,21426,5172,9752,2,3,2481,2669,4981,6065,6986,9142,13497,16370,21625,23500,19402,21737,15043,19218,4841,9033,203886,130346,30444,23179,46451,34975,8074,70,21
2021-06-24T23:59:59+02:00,80,70,6425,6127,12520,12122,16879,17605,23733,25310,30557,31896,24128,26930,16856,21416,5170,9745,2,3,2274,2433,4611,5687,6486,8654,12773,15656,20472,22496,18938,21255,14938,19087,4829,9018,202614,124400,30442,23169,46444,34022,8000,70,21
2021-06-23T23:59:59+02:00,75,68,5851,5627,12356,12011,16760,17493,23658,25263,30493,31846,24094,26907,16849,21402,5166,9741,2,3,2235,2380,4548,5566,6394,8503,12539,15367,20228,22235,18639,20925,14841,18973,4818,9001,202099,123373,29107,23020,46434,32832,7951,70,21
2021-06-22T23:59:59+02:00,70,63,5710,5497,12256,11905,16672,17420,23599,25201,30424,31767,24067,26874,16839,21381,5162,9739,2,2,2183,2343,4453,5484,6269,8355,11669,14706,19814,21826,18304,20570,14733,18834,4808,8980,201162,122446,29100,21326,46414,31641,7901,70,21
2021-06-21T23:59:59+02:00,67,60,5574,5383,12179,11812,16608,17333,23542,25127,30374,31709,24042,26846,16826,21366,5162,9735,2,2,2150,2307,4393,5387,6182,8227,10887,14000,19360,21416,18078,20340,14672,18737,4799,8963,200334,121643,29094,19540,46409,30859,7839,70,21
2021-06-20T23:59:59+02:00,65,58,5457,5259,12013,11633,16542,17209,23493,25061,30332,31653,24026,26824,16820,21351,5157,9730,2,2,2132,2278,4352,5347,6111,8176,10784,13921,19248,21290,17920,20149,14606,18653,4795,8956,199328,121109,29090,19537,46403,30262,7793,70,21
2021-06-19T23:59:59+02:00,61,54,5439,5239,11242,10967,16062,16814,23431,25016,30288,31611,24008,26804,16812,21339,5157,9730,2,2,2059,2157,4147,5113,5827,7894,10456,13585,18191,20431,17747,19957,14573,18588,4790,8944,196721,116866,29090,19537,46402,30247,7792,70,21
2021-06-18T23:59:59+02:00,58,53,5403,5211,10597,10382,15448,16249,23339,24947,30218,31548,23981,26774,16801,21324,5156,9728,2,2,1989,2067,4006,4970,5549,7624,10073,13220,17039,19220,17544,19719,14524,18523,4787,8934,193874,112450,29082,19536,46402,29995,7790,70,21
2021-06-17T23:59:59+02:00,51,44,5289,5108,9917,9877,14959,15860,23239,24859,30136,31454,23941,26728,16787,21303,5155,9725,2,2,1860,1961,3748,4723,5161,7258,9532,12733,15851,18028,17084,19229,14383,18348,4774,8910,191287,107318,29079,19527,46399,29076,7651,17,15
2021-06-16T23:59:59+02:00,49,36,5157,4976,9722,9714,14814,15730,23146,24766,30037,31378,23897,26683,16772,21291,5154,9715,2,2,1818,1919,3641,4634,5058,7137,8499,11880,15579,17731,16788,18892,14248,18177,4768,8877,190114,106421,29068,17646,46397,28126,7442,17,15
2021-06-15T23:59:59+02:00,43,30,4975,4794,9538,9559,14678,15586,23054,24675,29961,31293,23854,26610,16746,21258,5146,9700,2,2,1758,1864,3560,4537,4963,7019,8383,11737,15398,17501,16468,18581,14106,18008,4746,8818,188798,105647,29065,17642,46378,26904,7243,17,15
2021-06-14T23:59:59+02:00,41,27,4898,4730,9447,9450,14601,15496,22982,24603,29890,31232,23822,26571,16731,21240,5143,9694,2,2,1736,1841,3524,4512,4922,6986,8282,11673,15261,17367,16288,18377,14013,17910,4741,8810,188054,105418,29059,17640,46372,26077,7097,17,15
2021-06-13T23:59:59+02:00,40,26,4840,4681,9362,9376,14516,15429,22920,24552,29823,31179,23796,26543,16722,21230,5143,9692,2,2,1687,1827,3481,4487,4866,6943,8209,11635,15161,17272,16131,18193,13959,17836,4734,8803,187472,105134,29053,17638,46356,25468,6973,17,15
2021-06-12T23:59:59+02:00,38,24,4821,4666,9335,9353,14277,15252,22790,24422,29778,31134,23775,26526,16713,21222,5142,9690,2,2,1564,1704,3244,4277,4459,6642,7661,11205,13382,15581,15777,17820,13879,17734,4732,8788,186563,98425,29053,17638,46356,25404,6971,16,15
2021-06-11T23:59:59+02:00,34,23,4768,4614,9254,9301,13955,15029,22594,24274,29682,31043,23738,26481,16695,21210,5141,9687,2,2,1464,1569,3053,4061,4161,6275,7149,10660,11738,13685,15296,17241,13766,17586,4717,8774,185205,91482,29048,17637,46354,25164,6901,16,15
2021-06-10T23:59:59+02:00,28,20,4483,4388,8706,8971,12679,14005,22027,23822,29308,30737,23602,26322,16643,21142,5128,9672,2,2,1342,1481,2817,3879,3833,5992,6712,10268,10320,12353,14782,16665,13594,17378,4702,8747,179863,86935,29030,17634,46349,23858,6427,15,15
2021-06-09T23:59:59+02:00,25,16,4250,4225,8113,8679,11778,13344,21705,23610,29077,30586,23539,26259,16623,21117,5125,9668,2,2,1255,1426,2662,3806,3692,5911,6504,10174,10055,12174,14457,16314,13422,17198,4695,8726,177748,86595,27762,17529,46343,22464,5872,15,15
2021-06-08T23:59:59+02:00,21,13,4120,4122,7712,8451,11292,13053,21479,23430,28876,30431,23481,26185,16591,21076,5119,9659,2,2,1178,1400,2526,3748,3533,5841,5607,9425,9582,11809,14119,15905,13196,16957,4681,8704,175992,86235,27390,15375,46318,21193,5397,15,15
2021-06-07T23:59:59+02:00,16,11,3999,4046,7472,8345,11002,12874,21275,23316,28722,30313,23423,26131,16573,21051,5115,9651,2,2,1130,1283,2404,3684,3403,5778,5441,9349,9372,11681,13888,15647,13040,16788,4674,8686,174759,86045,27380,15370,46310,19950,4872,15,15
2021-06-06T23:59:59+02:00,14,11,3882,3988,7235,8226,10752,12711,21088,23228,28636,30221,23392,26097,16561,21033,5112,9646,2,2,1110,1266,2340,3649,3306,5724,5334,9274,9253,11579,13732,15493,12967,16694,4671,8679,173608,85849,27362,15364,46300,19298,4549,15,15
2021-06-05T23:59:59+02:00,14,11,3853,3951,7196,8185,10575,12558,20460,22717,28474,30077,23342,26052,16547,21014,5112,9642,2,1,1078,1167,2173,3195,3073,5184,5165,8941,8473,10622,13079,14650,12855,16547,4660,8669,171567,80454,27362,15364,46299,19162,4539,14,15
2021-06-04T23:59:59+02:00,14,11,3823,3924,7157,8158,10477,12466,20095,22387,28370,29980,23307,26014,16533,21005,5110,9641,2,1,1046,1100,2075,2882,2913,4706,5008,8570,7956,9964,11578,12929,12728,16350,4653,8651,170280,74064,27349,15363,46298,19138,4532,14,15
2021-06-03T23:59:59+02:00,9,7,3687,3822,6938,8019,9922,12042,18871,21456,27972,29670,23173,25872,16480,20943,5106,9627,2,1,995,1055,1987,2770,2776,4547,4804,8264,7590,9514,11198,12529,12619,16236,4650,8638,165522,72272,27339,15360,46294,18080,4448,14,15
2021-06-02T23:59:59+02:00,9,7,3679,3814,6925,8001,9911,12031,18682,21275,27901,29621,23150,25851,16474,20934,5103,9625,2,1,990,1048,1975,2741,2753,4528,4593,8080,7054,9025,11161,12488,12604,16222,4646,8632,165452,72165,26794,13867,46294,18056,4440,14,15
2021-06-01T23:59:59+02:00,8,6,3551,3739,6683,7853,9627,11836,18227,20930,27663,29424,23057,25749,16433,20881,5100,9613,2,1,953,1001,1889,2671,2673,4454,4314,7846,6454,8492,10947,12274,12506,16121,4641,8620,163756,71719,26015,12575,46280,17234,4316,14,15
2021-05-31T23:59:59+02:00,8,6,3505,3694,6592,7785,9491,11734,18101,20840,27571,29347,22990,25687,16416,20852,5095,9606,2,1,923,974,1820,2628,2594,4411,4206,7782,6333,8416,10760,12104,12405,16005,4631,8612,162908,71351,25985,12568,46267,16526,4147,14,15
2021-05-30T23:59:59+02:00,8,5,3474,3669,6528,7729,9400,11641,18012,20761,27495,29276,22944,25642,16394,20824,5089,9596,2,1,916,965,1809,2618,2581,4399,4177,7757,6280,8374,10698,12024,12371,15962,4626,8603,162201,71308,25979,12565,46250,16231,4044,14,15
2021-05-29T23:59:59+02:00,8,5,3463,3650,6493,7702,9356,11602,17974,20721,27347,29170,22889,25568,16379,20804,5086,9592,1,1,880,946,1752,2572,2509,4315,3987,7502,6005,8075,8491,9362,12178,15620,4611,8574,161537,65052,25979,12563,46236,15707,4044,14,15
2021-05-28T23:59:59+02:00,8,5,3400,3595,6362,7625,9216,11470,17816,20589,27164,29048,22828,25490,16359,20786,5085,9591,1,1,867,933,1733,2549,2473,4260,3835,7206,5811,7811,5776,6244,11903,15221,4595,8525,160181,58155,25977,12563,46231,14976,4035,14,15
2021-05-27T23:59:59+02:00,8,5,3255,3471,6076,7445,8614,11137,17340,20251,26751,28700,22660,25325,16301,20723,5078,9573,1,1,819,875,1648,2452,2355,4126,3413,6234,5390,7211,5614,6069,11822,15146,4589,8508,156710,57670,25918,12516,46225,12225,3847,14,15
2021-05-26T23:59:59+02:00,8,5,3148,3386,5856,7278,8244,10852,16876,19945,26451,28462,22510,25192,16250,20649,5065,9553,1,1,802,865,1595,2427,2302,4095,3340,6159,5291,7139,5478,5942,11756,15078,4584,8496,154009,57588,25900,12514,46203,11629,3605,14,15
2021-05-25T23:59:59+02:00,8,5,3057,3324,5714,7162,8048,10688,15875,19168,26097,28107,22351,25035,16198,20569,5058,9543,1,1,783,848,1558,2379,2231,4035,3264,6088,5205,7076,5311,5772,11648,14997,4576,8484,152450,57518,23980,12324,46186,11020,3380,12,15
2021-05-24T23:59:59+02:00,8,5,2994,3308,5627,7117,7932,10626,14961,18479,25682,27796,22257,24930,16167,20533,5051,9531,1,1,774,846,1537,2362,2189,3998,3219,6040,5128,6996,5209,5664,11566,14921,4575,8478,151728,57480,21909,12248,46177,10582,3179,12,15
2021-05-23T23:59:59+02:00,8,4,2991,3303,5618,7109,7923,10618,14956,18478,25681,27795,22257,24930,16167,20533,5051,9531,1,1,772,843,1529,2355,2176,3985,3200,6025,5107,6963,5164,5612,11550,14897,4574,8476,151697,57472,21909,12248,46175,10334,3161,12,15
2021-05-22T23:59:59+02:00,7,4,2954,3259,5540,7058,7823,10532,14757,18315,25398,27549,22157,24843,16134,20489,5048,9526,1,1,750,823,1481,2301,2124,3904,3088,5903,4790,6388,4593,4864,10902,14073,4564,8437,150159,54225,21909,12248,46175,9360,3139,12,15
2021-05-21T23:59:59+02:00,5,4,2882,3186,5414,6959,7696,10385,14498,18086,25103,27313,22042,24735,16101,20441,5043,9517,1,1,721,770,1412,2172,2022,3635,2904,5570,4309,5494,4176,4325,10156,13131,4499,8311,148215,50474,21908,12248,46169,7764,3108,11,15
2021-05-20T23:59:59+02:00,5,4,2750,3027,5132,6703,7411,10015,14036,17602,24492,26762,21769,24439,16007,20320,5029,9487,0,1,707,759,1385,2148,1984,3601,2850,5514,4227,5415,4048,4222,10079,13068,4490,8299,144058,50378,21898,12236,46144,7288,2880,11,15
2021-05-19T23:59:59+02:00,5,4,2696,2975,5034,6561,7268,9833,12893,16566,24228,26471,21672,24309,15962,20259,5020,9480,0,1,690,733,1359,2100,1951,3515,2787,5367,4133,5307,3966,4130,10025,13003,4487,8295,142676,50347,19831,12170,46072,6670,2647,11,15
2021-05-18T23:59:59+02:00,5,4,2669,2951,4985,6528,7215,9801,12538,16291,24048,26318,21580,24220,15932,20206,5012,9468,0,1,661,675,1302,1972,1877,3314,2688,5159,4003,5110,3743,3852,9942,12923,4477,8285,142390,50323,18978,11168,46027,6112,2366,11,15
2021-05-17T23:59:59+02:00,5,4,2643,2932,4940,6458,7127,9693,12385,16112,23898,26155,21526,24170,15913,20183,5007,9460,0,1,653,661,1286,1936,1856,3267,2640,5051,3924,4996,3604,3700,9873,12859,4474,8277,141415,50300,18970,11158,46010,5379,2206,11,15
2021-05-16T23:59:59+02:00,5,4,2631,2919,4917,6391,7089,9610,12326,16038,23846,26094,21502,24153,15903,20169,5004,9457,0,1,648,656,1276,1933,1839,3258,2618,5039,3895,4972,3550,3633,9834,12827,4473,8275,140979,50285,18961,11147,45988,5161,2119,11,15
2021-05-15T23:59:59+02:00,4,4,2507,2782,4728,6185,6897,9422,11807,15619,23255,25545,21395,24035,15869,20126,5001,9449,0,1,598,594,1195,1844,1704,3105,2332,4731,3444,4461,3218,3204,9670,12622,4449,8246,137582,47326,18960,11147,45983,4836,2094,11,15
2021-05-14T23:59:59+02:00,4,4,2390,2606,4532,5962,6619,9110,11269,15107,22688,24975,21249,23895,15833,20068,4997,9438,0,1,536,516,1093,1723,1543,2890,2002,4326,2842,3872,2832,2767,9585,12473,4445,8242,133757,44392,18953,11145,45959,4070,2066,11,15
2021-05-13T23:59:59+02:00,4,4,2210,2321,4211,5580,6193,8639,10708,14418,21651,24060,20967,23621,15773,19969,4990,9423,0,1,532,516,1080,1708,1528,2872,1993,4302,2825,3851,2815,2753,9578,12469,4444,8242,127854,44340,18900,11136,45934,3975,2043,11,15
2021-05-12T23:59:59+02:00,4,4,2209,2319,4203,5579,6184,8633,10606,14296,21597,24020,20962,23610,15768,19961,4989,9423,0,1,525,494,1044,1653,1479,2793,1910,4215,2766,3792,2734,2658,9527,12396,4444,8242,127806,44337,18576,10309,45934,3972,2040,11,15
2021-05-11T23:59:59+02:00,4,4,2087,2280,4119,5516,6057,8518,10297,14045,21404,23858,20885,23538,15753,19928,4985,9418,0,1,500,470,983,1593,1409,2702,1811,4075,2693,3717,2580,2430,9462,12295,4443,8242,126858,44319,18239,9471,45650,3663,1938,11,15
2021-05-10T23:59:59+02:00,4,4,2046,2202,4012,5393,5921,8339,9509,13283,21025,23538,20794,23448,15715,19874,4975,9405,0,1,488,442,947,1529,1344,2612,1722,3913,2611,3625,2555,2411,9452,12277,4439,8237,125717,44307,16398,9290,45545,3177,1816,11,15
2021-05-09T23:59:59+02:00,4,4,2014,2189,3977,5354,5868,8291,9440,13214,20955,23465,20758,23407,15700,19847,4972,9391,0,1,481,434,924,1485,1318,2563,1688,3851,2573,3582,2546,2398,9441,12260,4439,8229,125269,44247,16394,9287,45449,2937,1727,11,15
2021-05-08T23:59:59+02:00,4,4,1951,2086,3795,5179,5594,8085,9130,12929,19822,22536,20563,23214,15667,19778,4967,9379,0,1,409,405,860,1445,1241,2490,1600,3749,2353,3369,1998,1970,9347,12174,4438,8229,121114,42765,16393,9286,45446,2298,1726,4,3
2021-05-07T23:59:59+02:00,4,4,1864,1972,3614,5010,5274,7789,8718,12555,18571,21261,20379,23001,15622,19721,4958,9360,0,1,323,347,750,1370,1109,2361,1466,3607,2177,3176,1628,1629,8859,11725,4437,8227,116167,41028,16389,9281,45424,1187,1693,4,3
2021-05-06T23:59:59+02:00,4,4,1680,1863,3329,4754,4823,7382,8077,11993,17328,20020,20046,22624,15514,19556,4948,9349,0,1,306,338,730,1340,1069,2314,1417,3523,2111,3108,1593,1574,8842,11694,4431,8224,110309,41008,16381,9275,45188,917,1412,4,3
2021-05-05T23:59:59+02:00,4,3,1610,1834,3245,4667,4744,7278,7949,11842,17176,19876,19927,22505,15438,19464,4926,9252,0,1,296,327,688,1289,1008,2241,1335,3374,2005,2993,1501,1476,8425,11130,4425,8206,109541,40971,16239,8146,45017,661,939,4,3
2021-05-04T23:59:59+02:00,4,3,1583,1805,3199,4589,4685,7167,7699,11546,16614,19299,19839,22374,15362,19366,4896,9138,0,1,280,314,665,1259,987,2187,1277,3254,1892,2836,1428,1370,8354,11026,4420,8188,108833,40944,14893,7870,44913,396,525,4,3
2021-05-03T23:59:59+02:00,4,3,1575,1802,3189,4574,4647,7142,7445,11312,15920,18703,19775,22288,15335,19332,4890,9128,0,1,265,294,643,1176,938,2099,1214,3115,1794,2699,1362,1289,8328,10991,4416,8179,108741,40934,13295,7663,44873,52,151,4,3
2021-05-02T23:59:59+02:00,4,3,1574,1800,3182,4572,4642,7139,7431,11302,15901,18692,19758,22280,15335,19330,4889,9128,0,1,265,291,640,1175,933,2096,1204,3109,1786,2693,1348,1282,8327,10986,4415,8179,108713,40911,13292,7661,44847,49,106,4,3
2021-05-01T23:59:59+02:00,4,3,1442,1656,2904,4323,4175,6782,6812,10820,13964,16811,19376,21882,15244,19214,4886,9112,0,1,263,291,637,1173,932,2093,1202,3107,1784,2689,1343,1278,8325,10984,4415,8179,101171,40880,13292,7661,44841,49,103,3,3
2021-04-30T23:59:59+02:00,3,3,1322,1510,2686,4102,3845,6386,6245,10228,12178,14776,18919,21342,15140,19072,4872,9101,0,1,258,290,630,1166,917,2085,1189,3097,1773,2675,1333,1269,8321,10979,4414,8178,93563,40835,13292,7661,44841,45,31,3,3
2021-04-29T23:59:59+02:00,2,3,1205,1448,2521,3978,3604,6183,5888,9927,10837,13499,18658,21065,15097,19002,4868,9095,0,1,257,286,625,1158,905,2079,1169,3092,1743,2638,1307,1245,8315,10970,4414,8178,88878,40802,13283,7528,44702,35,14,3,3
2021-04-28T23:59:59+02:00,2,3,1149,1442,2470,3958,3553,6159,5825,9894,10740,13430,18626,21031,15090,18986,4868,9092,0,1,257,285,623,1157,902,2077,1164,3088,1735,2637,1300,1226,7869,10447,4414,8178,88607,40779,13233,6535,44462,31,13,3,2
2021-04-27T23:59:59+02:00,2,3,1104,1415,2365,3914,3488,6131,5706,9838,10623,13353,18592,20991,15077,18971,4866,9090,0,1,256,285,621,1149,901,2075,1159,3085,1731,2633,1288,1209,7451,9865,4414,8178,88095,40759,13180,5502,44239,26,12,3,2
2021-04-26T23:59:59+02:00,2,3,1062,1386,2275,3821,3361,6031,5538,9717,10318,13095,18530,20936,15068,18953,4864,9090,0,1,255,284,620,1147,895,2071,1152,3082,1713,2624,1273,1196,7442,9845,4414,8178,86756,40672,13169,5481,44110,25,12,3,2
2021-04-25T23:59:59+02:00,2,3,1059,1384,2267,3819,3354,6026,5518,9709,10284,13064,18519,20924,15067,18947,4864,9089,0,1,254,284,620,1147,895,2071,1150,3082,1713,2624,1273,1196,7442,9843,4414,8178,86733,40670,13160,5479,43992,25,11,3,2
2021-04-24T23:59:59+02:00,2,2,1016,1271,2078,3281,3083,5410,5326,9297,9449,12017,17811,20026,14954,18787,4856,9078,0,1,253,283,619,1146,895,2070,1150,3081,1707,2619,1270,1191,7440,9841,4414,8177,80604,40645,13160,5475,43967,25,10,3,2
2021-04-23T23:59:59+02:00,1,2,983,1187,1966,2933,2901,4858,5130,8868,8895,11295,16180,18161,14805,18581,4848,9055,0,1,253,283,618,1146,893,2068,1149,3081,1706,2618,1265,1186,7436,9839,4414,8176,73570,40631,13159,5464,43907,25,10,3,2
2021-04-22T23:59:59+02:00,1,2,978,1175,1946,2917,2881,4838,5072,8822,8783,11191,16107,18084,14778,18551,4846,9050,0,1,251,283,614,1145,890,2067,1141,3069,1690,2598,1241,1164,7431,9831,4414,8176,73519,40617,13101,5353,43389,24,10,3,2
2021-04-21T23:59:59+02:00,1,2,968,1167,1932,2904,2853,4812,5026,8767,8675,11068,16021,18000,14749,18517,4846,9045,0,1,246,280,604,1136,876,2037,1131,3044,1680,2572,1228,1150,7206,9513,4413,8176,73475,40609,13043,4649,42822,23,10,3,2
2021-04-20T23:59:59+02:00,1,2,941,1119,1880,2790,2780,4649,4932,8588,8500,10859,15788,17718,14690,18458,4839,9039,0,1,233,277,586,1115,850,2005,1102,3018,1645,2531,1208,1137,7197,9508,4412,8175,73436,40588,11914,4382,42210,19,10,3,1
2021-04-19T23:59:59+02:00,1,2,932,1111,1848,2770,2730,4624,4808,8527,8300,10747,15696,17620,14668,18439,4839,9033,0,1,227,269,568,1094,832,1972,1084,2975,1599,2476,1190,1118,7190,9505,4410,8174,73037,40553,11893,4103,41752,17,10,3,1
2021-04-18T23:59:59+02:00,1,2,929,1110,1843,2764,2722,4612,4790,8516,8260,10704,15646,17561,14658,18422,4838,9031,0,1,227,269,568,1093,831,1972,1083,2975,1599,2475,1190,1117,7188,9504,4409,8174,72991,40546,11889,4101,41516,17,10,3,1
2021-04-17T23:59:59+02:00,0,2,897,1095,1794,2726,2654,4533,4636,8375,7997,10475,13276,14661,14459,18068,4821,8997,0,1,225,269,568,1090,827,1965,1071,2968,1589,2455,1151,1074,6855,9090,4384,8126,66170,39590,11889,4090,41394,17,10,3,1
2021-04-16T23:59:59+02:00,0,2,891,1089,1782,2716,2612,4493,4544,8291,7817,10281,10434,11412,14187,17650,4802,8942,0,1,224,265,567,1086,822,1961,1062,2965,1581,2442,1140,1059,6849,9084,4382,8123,58890,39511,11887,4074,41155,17,10,3,1
2021-04-15T23:59:59+02:00,0,2,879,1084,1760,2702,2569,4460,4426,8230,7588,10080,10183,11194,14125,17584,4795,8928,0,1,222,264,567,1084,821,1959,1059,2962,1578,2439,1135,1054,6847,9082,4382,8123,58866,39496,11885,4056,39825,16,10,3,1
2021-04-14T23:59:59+02:00,0,2,861,1057,1701,2619,2480,4336,4236,8046,7314,9798,9809,10710,13976,17403,4789,8916,0,1,198,239,526,1033,798,1892,1023,2882,1528,2376,1109,1024,6842,9073,4382,8122,58831,39480,10937,3543,38272,14,10,3,1
2021-04-13T23:59:59+02:00,0,2,837,1035,1664,2567,2413,4253,4135,7908,7101,9578,9402,10192,13830,17236,4784,8902,0,1,162,215,491,985,758,1799,988,2772,1475,2306,1090,989,6826,9062,4381,8122,58784,39416,9987,2987,37055,8,10,3,1
2021-04-12T23:59:59+02:00,0,2,832,1033,1645,2563,2384,4240,4083,7857,6960,9406,9136,9877,13766,17176,4773,8885,0,1,151,201,463,945,735,1734,968,2700,1431,2256,1068,972,6809,9042,4378,8117,58726,39299,9956,2653,35923,8,10,3,1
2021-04-11T23:59:59+02:00,0,2,831,1032,1634,2563,2370,4237,4060,7845,6895,9344,9002,9712,13739,17128,4768,8876,0,1,151,201,463,943,734,1732,966,2700,1430,2256,1068,972,6807,9042,4378,8117,58712,39291,9954,2652,35359,7,10,3,1
2021-04-10T23:59:59+02:00,0,2,815,1028,1605,2534,2333,4208,3990,7787,6763,9227,8445,8978,13072,16276,4757,8834,0,1,148,201,461,940,728,1729,966,2693,1421,2249,1054,956,6336,8543,4362,8101,55377,38221,9953,2650,35311,7,10,3,1
2021-04-09T23:59:59+02:00,0,2,793,1000,1564,2485,2267,4128,3837,7627,6416,8894,7917,8319,12250,15250,4686,8695,0,1,146,199,459,934,721,1721,957,2683,1406,2238,1032,934,6094,8271,4342,8074,51386,37548,9946,2646,34785,7,10,3,1
2021-04-08T23:59:59+02:00,0,2,783,990,1537,2461,2201,4079,3703,7538,6163,8593,7301,7663,12088,15050,4675,8679,0,1,146,197,454,930,716,1714,949,2672,1397,2225,1020,931,6091,8269,4341,8074,51351,37525,9921,2584,32221,7,10,3,1
2021-04-07T23:59:59+02:00,0,2,776,981,1511,2443,2142,4041,3616,7468,5932,8328,6744,7029,11478,14301,4662,8651,0,1,127,190,423,883,670,1645,892,2602,1347,2156,999,915,6083,8263,4340,8074,51321,37501,8763,2092,30009,7,9,3,1
2021-04-06T23:59:59+02:00,0,2,771,979,1497,2435,2113,4018,3543,7419,5751,8156,6298,6521,11275,14084,4647,8620,0,1,104,169,375,824,625,1570,848,2502,1294,2092,974,898,6064,8248,4338,8070,51252,37472,8578,1508,28288,7,8,3,1
2021-04-05T23:59:59+02:00,0,2,766,975,1481,2427,2087,4008,3492,7393,5607,8045,6093,6304,11208,13997,4641,8610,0,1,98,167,374,822,618,1561,840,2487,1281,2073,946,867,4959,6845,4260,7964,51052,34649,8574,1498,27499,7,8,3,1
2021-04-04T23:59:59+02:00,0,2,764,969,1479,2425,2083,4006,3474,7386,5597,8038,6082,6284,11194,13979,4639,8607,0,1,98,167,372,820,615,1556,833,2480,1266,2054,923,845,3949,5683,4194,7858,51037,32200,8572,1498,27388,7,8,3,1
2021-04-03T23:59:59+02:00,0,2,712,913,1398,2354,1960,3867,3214,7126,5136,7546,5737,5827,11022,13760,4611,8579,0,1,94,167,372,819,615,1554,832,2480,1266,2054,923,845,3949,5680,4194,7857,47795,32188,8572,1498,27386,7,8,3,1
2021-04-02T23:59:59+02:00,0,2,670,879,1343,2286,1862,3753,2961,6865,4618,7066,5345,5367,10921,13594,4606,8573,0,1,93,167,372,819,615,1554,831,2480,1264,2053,920,842,3946,5677,4193,7857,44862,32172,8571,1497,27268,7,7,3,1
2021-04-01T23:59:59+02:00,0,2,667,876,1333,2281,1842,3745,2932,6851,4544,6993,5236,5257,10882,13545,4605,8568,0,1,93,167,370,815,613,1551,831,2477,1260,2049,910,841,3941,5674,4192,7856,44845,32161,8427,1465,26877,7,7,3,1
2021-03-31T23:59:59+02:00,0,2,665,874,1326,2264,1834,3735,2904,6823,4481,6947,5096,5095,10368,12936,4601,8560,0,1,93,167,369,815,613,1551,831,2477,1258,2049,909,841,3941,5673,4192,7855,44834,32155,7294,1465,26374,7,7,2,1
2021-03-30T23:59:59+02:00,0,2,656,871,1308,2244,1805,3706,2867,6788,4395,6858,4927,4901,9840,12235,4594,8545,0,1,88,164,368,811,608,1549,826,2471,1250,2046,899,831,3933,5670,4191,7854,44809,32134,6105,1411,25619,7,7,2,1
2021-03-29T23:59:59+02:00,0,2,651,863,1295,2210,1789,3675,2836,6746,4323,6772,4727,4703,9754,12141,4591,8531,0,1,88,164,368,809,603,1545,824,2465,1245,2038,891,825,3925,5662,4191,7854,44740,32120,5888,1364,24972,6,7,2,1
2021-03-28T23:59:59+02:00,0,2,648,861,1292,2207,1775,3665,2820,6734,4288,6720,4632,4593,9718,12077,4586,8524,0,1,88,164,368,808,603,1545,822,2465,1243,2038,890,825,3924,5662,4191,7854,44718,32118,5879,1359,24536,6,7,2,1
2021-03-27T23:59:59+01:00,0,2,644,856,1282,2203,1758,3648,2792,6704,4124,6577,4053,4138,9489,11831,4573,8505,0,1,88,164,366,806,601,1543,820,2462,1235,2032,886,821,3745,5372,4084,7681,42770,31334,5875,1359,24525,6,7,2,1
2021-03-26T23:59:59+01:00,0,2,639,848,1274,2192,1736,3631,2767,6682,4048,6499,3645,3771,8887,11271,4560,8491,0,1,88,164,366,805,600,1540,816,2459,1225,2028,873,808,3020,4428,3875,7333,40827,29056,5862,1359,24245,6,7,2,1
2021-03-25T23:59:59+01:00,0,2,632,842,1261,2178,1717,3607,2708,6642,3964,6421,3471,3552,8776,11160,4554,8485,0,1,88,164,366,805,600,1539,816,2458,1223,2028,873,808,3019,4427,3874,7332,40813,29048,5754,1359,23396,6,7,2,1
2021-03-24T23:59:59+01:00,0,2,626,835,1228,2152,1672,3562,2630,6573,3807,6270,3151,3187,8365,10609,4545,8472,0,1,84,162,354,792,584,1521,783,2424,1173,1996,840,770,3010,4421,3874,7329,40789,28746,4995,1358,21893,6,7,2,1
2021-03-23T23:59:59+01:00,0,2,614,827,1203,2121,1630,3514,2548,6493,3658,6116,2770,2802,8148,10390,4537,8453,0,1,79,158,342,771,549,1490,722,2361,1072,1914,757,710,2973,4386,3870,7325,40744,28115,4704,1351,20370,6,7,1,1
2021-03-22T23:59:59+01:00,0,2,591,717,1166,2068,1597,3458,2495,6423,3517,5986,2528,2564,7817,10035,4521,8417,0,1,79,157,342,771,549,1488,720,2359,1069,1914,755,706,2969,4381,3869,7322,40276,28086,4382,1351,19236,6,7,1,1
2021-03-21T23:59:59+01:00,0,2,590,714,1160,2059,1586,3448,2478,6408,3479,5952,2386,2400,7724,9923,4512,8402,0,1,79,157,342,770,549,1488,720,2359,1069,1914,755,706,2969,4380,3869,7321,40272,28083,4368,1351,18575,6,7,1,1
2021-03-20T23:59:59+01:00,0,2,589,714,1158,2052,1579,3441,2472,6401,3461,5929,2353,2362,7233,9406,4495,8385,0,1,79,157,342,770,548,1488,718,2358,1069,1912,755,706,2969,4378,3867,7319,39230,28071,4356,1351,18438,6,7,1,1
2021-03-19T23:59:59+01:00,0,2,582,706,1140,2033,1544,3417,2404,6264,3397,5822,2171,2178,6924,9086,4473,8360,0,1,79,157,341,765,544,1485,713,2350,1060,1899,746,699,2540,3773,3443,6565,38620,25799,4340,1351,17535,2,7,1,1
2021-03-18T23:59:59+01:00,0,2,567,689,1120,2002,1517,3387,2364,6196,3322,5734,2018,1981,6803,8966,4467,8349,0,1,78,157,341,764,543,1485,712,2346,1056,1898,739,696,2490,3701,3416,6524,38599,25609,4329,1329,16549,2,6,1,1
2021-03-17T23:59:59+01:00,0,1,538,660,1075,1947,1480,3302,2286,6078,3170,5578,1763,1714,6637,8813,4457,8334,0,1,77,153,329,737,527,1441,690,2288,1018,1857,722,677,2249,3406,3328,6394,38527,24628,3801,1257,15498,2,6,1,1
2021-03-16T23:59:59+01:00,0,1,494,631,1035,1892,1429,3198,2221,5924,3055,5444,1564,1489,6502,8665,4446,8311,0,1,71,138,308,681,497,1365,661,2153,988,1729,672,627,2135,3268,3302,6307,38470,23870,3184,1025,14641,2,5,1,1
2021-03-15T23:59:59+01:00,0,1,482,620,1002,1843,1395,3130,2191,5839,2968,5360,1438,1354,5917,7976,4406,8247,0,1,68,131,294,623,482,1245,623,2023,948,1616,643,606,2097,3228,3287,6244,37231,23464,2829,692,14108,2,0,1,1
2021-03-14T23:59:59+01:00,0,1,477,613,993,1831,1391,3112,2175,5821,2934,5333,1395,1304,5520,7529,4383,8229,0,1,67,126,290,600,476,1218,617,1967,938,1591,643,606,2097,3228,3286,6242,36409,23458,2824,532,13807,2,0,1,1
2021-03-13T23:59:59+01:00,0,1,457,595,956,1783,1338,3048,1919,5233,2693,4918,1289,1191,4858,6679,4335,8155,0,1,67,126,289,597,474,1216,615,1965,937,1587,641,602,1735,2743,2758,5480,34724,21298,2820,532,11903,2,0,1,1
2021-03-12T23:59:59+01:00,0,1,441,574,935,1740,1307,2965,1716,4447,2486,4469,1217,1108,4161,5882,4288,8073,0,1,67,124,288,593,474,1213,613,1956,933,1581,638,595,1407,2199,2213,4684,33048,19045,2817,532,9944,1,0,1,1
2021-03-11T23:59:59+01:00,0,1,437,567,926,1725,1292,2947,1691,4411,2449,4432,1143,1052,4117,5845,4285,8069,0,1,67,116,282,571,460,1161,604,1907,914,1545,626,583,1401,2181,2204,4633,33010,18794,2721,460,9657,1,0,1,1
2021-03-10T23:59:59+01:00,0,1,417,555,880,1666,1236,2870,1617,4314,2382,4339,1109,1029,4101,5828,4284,8067,0,1,67,116,280,567,457,1154,599,1884,914,1540,621,575,1340,2094,2159,4576,32995,18507,2150,435,9549,1,0,1,1
2021-03-09T23:59:59+01:00,0,1,396,539,835,1617,1193,2806,1575,4231,2339,4286,1088,1018,4095,5821,4283,8065,0,1,65,115,279,566,456,1143,597,1872,908,1535,618,569,1134,1783,2041,4398,32948,17670,1704,408,9535,1,0,1,1
2021-03-08T23:59:59+01:00,0,1,389,528,825,1602,1185,2789,1568,4205,2327,4273,1075,1007,4058,5773,4281,8060,0,1,64,115,275,561,452,1137,596,1868,904,1533,618,569,1065,1692,1996,4353,32820,17413,1607,384,9518,1,0,1,1
2021-03-07T23:59:59+01:00,0,1,388,524,825,1601,1183,2787,1565,4198,2317,4268,1068,999,4052,5767,4280,8059,0,1,62,112,266,539,440,1111,580,1768,869,1458,617,569,961,1561,1944,4283,32804,17048,1567,92,9510,0,0,1,1
2021-03-06T23:59:59+01:00,0,1,380,508,806,1568,1159,2728,1524,4131,2123,3770,1038,962,3879,5494,4178,7894,0,1,62,112,266,539,440,1110,580,1768,869,1458,617,569,958,1560,1941,4282,32086,17039,1567,92,8489,0,0,1,1
2021-03-05T23:59:59+01:00,0,1,366,469,774,1462,1109,2512,1449,3919,1909,3103,1007,917,3123,4529,3973,7550,0,1,62,111,265,536,437,1104,579,1763,865,1455,614,567,919,1502,1918,4240,29767,16845,1566,92,6838,0,0,1,1
2021-03-04T23:59:59+01:00,0,1,353,460,766,1442,1096,2489,1430,3890,1886,3084,993,913,3119,4525,3970,7548,0,1,61,110,262,533,433,1088,569,1741,864,1447,612,565,882,1448,1895,4203,29754,16684,1527,29,6683,0,0,1,1
2021-03-03T23:59:59+01:00,0,1,344,427,747,1391,1066,2406,1380,3735,1807,2988,960,867,3109,4519,3970,7545,0,1,60,109,259,530,432,1084,567,1732,861,1443,612,564,862,1395,1806,4057,29439,16346,1527,27,6295,0,0,1,1
2021-03-02T23:59:59+01:00,0,1,338,418,731,1367,1018,2361,1312,3651,1691,2889,872,801,3066,4480,3964,7540,0,1,60,109,258,526,431,1076,567,1726,861,1439,611,564,862,1395,1806,4056,28799,16320,1462,27,6238,0,0,1,1
2021-03-01T23:59:59+01:00,0,1,334,404,724,1320,1005,2303,1292,3568,1664,2840,853,792,3058,4470,3964,7540,0,1,60,108,257,522,426,1062,563,1713,852,1431,610,562,766,1240,1749,3976,28759,15870,1410,27,5962,0,0,1,1
2021-02-28T23:59:59+01:00,0,1,329,391,716,1281,991,2226,1280,3481,1641,2761,849,782,3056,4466,3963,7537,0,1,60,108,256,522,426,1061,563,1713,850,1431,610,561,669,1115,1702,3895,28745,15516,1407,26,5598,0,0,1,1
2021-02-27T23:59:59+01:00,0,1,320,371,702,1254,972,2190,1245,3412,1618,2708,831,766,3053,4466,3962,7537,0,1,60,108,256,522,426,1061,562,1713,848,1431,610,561,669,1114,1702,3895,28741,15512,1407,26,5259,0,0,1,1
2021-02-26T23:59:59+01:00,0,1,294,318,655,1189,908,2072,1155,3246,1513,2569,802,743,2617,3858,3534,6757,0,1,60,108,253,519,426,1059,560,1711,845,1425,606,559,662,1102,1693,3876,26443,15438,1407,26,4380,0,0,1,1
2021-02-25T23:59:59+01:00,0,1,289,305,641,1159,887,2030,1136,3180,1495,2524,799,739,2570,3786,3504,6714,0,1,58,106,249,511,426,1055,555,1701,842,1414,600,555,585,993,1646,3818,26225,15090,1407,24,4126,0,0,1,1
2021-02-24T23:59:59+01:00,0,1,270,295,590,1113,840,1962,1078,3085,1452,2466,783,720,2331,3484,3414,6576,0,1,57,101,244,504,420,1036,546,1679,839,1394,593,543,571,973,1635,3795,25229,14914,1407,16,3823,0,0,1,1
2021-02-23T23:59:59+01:00,0,1,257,274,561,1057,803,1887,1010,2935,1378,2364,731,670,2217,3344,3388,6484,0,1,57,99,242,498,420,1020,536,1647,831,1372,584,536,555,922,1623,3742,24425,14668,1402,16,3533,0,0,1,1
2021-02-22T23:59:59+01:00,0,1,253,268,548,994,783,1811,984,2841,1342,2304,706,648,2187,3308,3379,6421,0,1,57,98,236,492,418,1007,527,1629,827,1347,570,522,533,896,1617,3687,24020,14448,1402,15,3355,0,0,1,1
2021-02-21T23:59:59+01:00,0,1,250,260,539,969,770,1774,976,2793,1312,2278,706,646,2185,3308,3378,6420,0,1,57,98,235,492,418,1007,527,1629,827,1346,570,521,533,896,1617,3686,24014,14444,1402,15,3148,0,0,1,1
2021-02-20T23:59:59+01:00,0,1,169,230,469,920,701,1697,906,2704,1227,2178,691,631,1811,2790,2822,5616,0,1,57,98,235,492,418,1007,527,1628,827,1346,570,521,533,896,1616,3686,21736,14442,1402,15,2424,0,0,1,1
2021-02-19T23:59:59+01:00,0,1,84,167,358,839,574,1565,773,2555,1091,2026,675,610,1503,2275,2272,4822,0,1,57,97,235,492,418,1006,527,1628,827,1346,570,521,527,894,1614,3680,19525,14424,1402,15,1262,0,0,1,1
2021-02-18T23:59:59+01:00,0,1,81,162,346,789,553,1476,740,2415,1058,1958,659,599,1494,2256,2263,4770,0,1,54,90,229,470,404,939,512,1548,807,1272,556,507,521,876,1611,3658,19281,14039,1377,15,961,0,0,1,1
2021-02-17T23:59:59+01:00,0,1,80,154,332,766,544,1443,711,2322,1021,1858,654,589,1436,2168,2215,4720,0,1,54,87,227,461,396,901,501,1483,788,1190,543,495,519,874,1611,3658,19020,13773,1304,15,689,0,0,1,1
2021-02-16T23:59:59+01:00,0,1,75,148,317,726,516,1370,679,2214,996,1753,643,582,1191,1821,2091,4537,0,1,53,78,226,455,390,871,488,1418,762,1123,522,482,517,874,1608,3657,18098,13522,1065,2,496,0,0,1,1
2021-02-15T23:59:59+01:00,0,1,70,132,291,622,481,1228,623,2001,946,1594,634,580,1108,1714,2039,4472,0,1,53,78,224,450,386,865,487,1414,760,1116,522,482,516,869,1607,3654,17768,13483,727,0,40,0,0,1,1
2021-02-14T23:59:59+01:00,0,1,69,125,286,596,476,1199,612,1947,932,1572,634,580,1010,1590,1992,4415,0,1,53,78,224,450,386,865,487,1412,760,1116,522,482,516,869,1607,3654,17439,13481,572,0,24,0,0,1,1
2021-02-13T23:59:59+01:00,0,1,69,124,286,595,475,1195,611,1945,930,1569,633,579,1009,1581,1988,4412,0,1,53,78,224,449,384,860,486,1407,758,1115,520,480,499,831,1347,3184,17405,12675,572,0,24,0,0,1,1
2021-02-12T23:59:59+01:00,0,1,68,124,285,594,471,1191,611,1942,927,1568,630,578,970,1530,1968,4371,0,1,53,78,224,445,381,851,481,1398,752,1108,513,472,481,790,985,2472,17235,11484,572,0,21,0,0,1,1
2021-02-11T23:59:59+01:00,0,1,67,117,282,581,458,1164,605,1916,920,1556,629,577,927,1472,1946,4332,0,1,53,75,209,414,367,804,465,1324,737,1076,510,471,481,790,984,2471,17055,11232,489,0,5,0,0,1,0
2021-02-10T23:59:59+01:00,0,1,66,117,278,578,456,1159,601,1899,915,1552,629,577,918,1456,1925,4288,0,1,52,65,175,336,313,702,415,1152,657,981,475,459,476,789,984,2470,16952,10502,461,0,1,0,0,1,0
2021-02-09T23:59:59+01:00,0,1,64,115,272,574,453,1146,600,1885,908,1546,628,576,906,1420,1855,4184,0,1,43,53,124,257,236,551,333,950,556,828,440,448,472,788,981,2470,16700,9531,432,0,0,0,0,1,0
2021-02-08T23:59:59+01:00,0,1,63,115,269,565,450,1139,598,1870,901,1538,626,573,803,1267,1798,4102,0,1,38,43,86,168,173,415,269,712,497,693,432,442,469,785,980,2470,16270,8673,407,0,0,0,0,1,0
2021-02-07T23:59:59+01:00,0,1,61,112,259,542,436,1108,582,1767,866,1459,625,572,701,1141,1750,4018,0,1,37,42,82,165,170,408,264,699,492,682,430,441,469,785,980,2469,15900,8616,99,0,0,0,0,1,0
2021-02-06T23:59:59+01:00,0,1,61,112,258,542,436,1108,580,1766,863,1456,622,570,699,1132,1744,4011,0,1,34,41,81,162,167,398,260,691,481,673,422,440,433,737,740,2078,15861,7839,99,0,0,0,0,1,0
2021-02-05T23:59:59+01:00,0,1,61,112,256,538,436,1106,579,1765,861,1454,620,570,689,1125,1738,3998,0,1,32,39,77,158,162,390,252,672,464,663,416,440,427,712,336,1444,15809,6685,99,0,0,0,0,1,0
2021-02-04T23:59:59+01:00,0,1,59,110,251,532,430,1090,563,1738,857,1440,613,560,604,1008,1687,3937,0,1,31,36,73,152,156,379,238,650,447,649,410,432,422,705,334,1437,15448,6552,31,0,0,0,0,1,0
2021-02-03T23:59:59+01:00,0,1,58,105,247,525,429,1070,560,1722,855,1425,609,550,593,998,1684,3923,0,1,24,28,59,121,123,279,175,508,337,499,304,330,337,548,256,1153,15324,5082,29,0,0,0,0,1,0
2021-02-02T23:59:59+01:00,0,1,58,103,244,520,429,1052,548,1689,846,1401,596,540,581,949,1674,3872,0,1,17,21,40,78,87,185,122,343,220,360,214,220,217,344,182,759,15074,3410,29,0,0,0,0,0,0
2021-02-01T23:59:59+01:00,0,1,58,101,240,512,427,1036,540,1667,842,1378,589,534,559,920,1666,3825,0,0,7,11,20,42,48,97,65,168,95,164,100,103,90,160,76,330,14866,1576,29,0,0,0,0,0,0
2021-01-31T23:59:59+01:00,0,1,58,101,239,511,425,1032,538,1662,840,1375,589,533,559,920,1666,3824,0,0,7,11,18,38,43,83,61,142,81,148,95,101,89,159,74,328,14844,1478,29,0,0,0,0,0,0
2021-01-30T23:59:59+01:00,0,1,58,101,239,511,425,1032,538,1662,840,1375,589,533,559,920,1666,3824,0,0,7,11,18,38,43,83,61,142,81,148,95,100,89,159,74,328,14844,1477,29,0,0,0,0,0,0
2021-01-29T23:59:59+01:00,0,1,58,101,239,511,425,1032,538,1662,840,1375,589,533,559,920,1666,3824,0,0,7,11,18,38,43,83,61,142,81,148,95,100,89,159,74,328,14844,1477,29,0,0,0,0,0,0
2021-01-28T23:59:59+01:00,0,1,56,93,235,482,413,965,520,1576,816,1293,576,518,553,903,1663,3805,0,0,3,2,4,6,11,15,19,34,22,32,16,22,21,34,19,99,14445,359,23,0,0,0,0,0,0
2021-01-27T23:59:59+01:00,0,1,54,89,235,472,405,926,510,1510,796,1210,564,505,551,901,1663,3805,0,0,3,2,4,6,9,15,19,33,21,30,16,21,21,34,19,99,14176,352,21,0,0,0,0,0,0
2021-01-26T23:59:59+01:00,0,1,53,83,230,469,398,897,499,1443,771,1143,542,492,549,901,1663,3805,0,0,1,2,4,6,9,14,17,29,17,25,14,18,19,32,19,91,13920,317,19,0,0,0,0,0,0
2021-01-25T23:59:59+01:00,0,1,53,83,227,464,395,891,499,1440,770,1138,542,492,549,898,1663,3803,0,0,0,0,0,0,0,1,0,0,0,0,1,1,0,2,0,0,13891,5,17,0,0,0,0,0,0
2021-01-24T23:59:59+01:00,0,1,53,83,227,464,395,891,499,1439,770,1138,542,492,549,898,1663,3803,0,0,0,0,0,0,0,1,0,0,0,0,1,1,0,2,0,0,13890,5,17,0,0,0,0,0,0
2021-01-23T23:59:59+01:00,0,1,53,83,227,463,394,887,499,1433,769,1136,539,490,532,860,1402,3325,0,0,0,0,0,0,0,1,0,0,0,0,1,1,0,2,0,0,13076,5,17,0,0,0,0,0,0
2021-01-22T23:59:59+01:00,0,1,53,83,226,459,390,877,494,1423,764,1129,533,481,515,818,1023,2586,0,0,0,0,0,0,0,1,0,0,0,0,1,1,0,2,0,0,11839,5,16,0,0,0,0,0,0
2021-01-21T23:59:59+01:00,0,1,53,80,207,425,363,821,467,1323,737,1094,529,481,515,818,1022,2585,0,0,0,0,0,0,0,1,0,0,0,0,1,1,0,2,0,0,11505,5,16,0,0,0,0,0,0
2021-01-20T23:59:59+01:00,0,1,51,70,179,353,322,736,424,1169,667,1003,493,470,510,818,1022,2584,0,0,0,0,0,0,0,1,0,0,0,0,1,1,0,2,0,0,10856,5,16,0,0,0,0,0,0
2021-01-19T23:59:59+01:00,0,1,44,57,135,275,248,577,347,987,577,863,458,458,506,816,1022,2584,0,0,0,0,0,0,0,0,0,0,0,0,1,0,0,2,0,0,9947,3,8,0,0,0,0,0,0
2021-01-18T23:59:59+01:00,0,1,40,44,86,175,179,426,279,724,506,706,449,451,503,812,1020,2584,0,0,0,0,0,0,0,0,0,0,0,0,0,0,0,1,0,0,8985,1,0,0,0,0,0,0,0
2021-01-17T23:59:59+01:00,0,1,37,43,83,171,175,418,275,713,501,693,447,451,503,812,1020,2583,0,0,0,0,0,0,0,0,0,0,0,0,0,0,0,0,0,0,8926,0,0,0,0,0,0,0,0
2021-01-16T23:59:59+01:00,0,1,34,42,81,169,171,409,268,706,486,684,438,449,464,765,773,2186,0,0,0,0,0,0,0,0,0,0,0,0,0,0,0,0,0,0,8126,0,0,0,0,0,0,0,0
2021-01-15T23:59:59+01:00,0,1,32,40,78,164,168,403,261,689,472,676,432,448,459,741,360,1543,0,0,0,0,0,0,0,0,0,0,0,0,0,0,0,0,0,0,6967,0,0,0,0,0,0,0,0
2021-01-14T23:59:59+01:00,0,1,32,38,77,158,163,398,253,678,461,668,429,445,459,740,360,1543,0,0,0,0,0,0,0,0,0,0,0,0,0,0,0,0,0,0,6903,0,0,0,0,0,0,0,0
2021-01-13T23:59:59+01:00,0,0,24,31,61,126,128,302,193,544,352,525,326,343,374,577,281,1248,0,0,0,0,0,0,0,0,0,0,0,0,0,0,0,0,0,0,5435,0,0,0,0,0,0,0,0
2021-01-12T23:59:59+01:00,0,0,17,24,45,87,93,214,139,393,239,389,234,235,247,371,203,848,0,0,0,0,0,0,0,0,0,0,0,0,0,0,0,0,0,0,3778,0,0,0,0,0,0,0,0
2021-01-11T23:59:59+01:00,0,0,9,15,26,47,62,137,88,220,126,208,116,112,106,179,92,375,0,0,0,0,0,0,0,0,0,0,0,0,0,0,0,0,0,0,1918,0,0,0,0,0,0,0,0
2021-01-10T23:59:59+01:00,0,0,8,15,22,44,55,109,80,179,106,175,110,108,102,177,89,375,0,0,0,0,0,0,0,0,0,0,0,0,0,0,0,0,0,0,1754,0,0,0,0,0,0,0,0
2021-01-09T23:59:59+01:00,0,0,8,15,22,44,55,109,80,179,106,175,110,107,102,177,89,375,0,0,0,0,0,0,0,0,0,0,0,0,0,0,0,0,0,0,1753,0,0,0,0,0,0,0,0
2021-01-08T23:59:59+01:00,0,0,8,14,21,43,52,102,75,168,100,172,107,103,97,168,87,365,0,0,0,0,0,0,0,0,0,0,0,0,0,0,0,0,0,0,1682,0,0,0,0,0,0,0,0
2021-01-07T23:59:59+01:00,0,0,3,3,4,7,11,16,20,34,24,36,17,22,23,35,23,107,0,0,0,0,0,0,0,0,0,0,0,0,0,0,0,0,0,0,385,0,0,0,0,0,0,0,0
2021-01-06T23:59:59+01:00,0,0,3,2,4,6,9,15,20,33,21,32,17,21,23,35,23,106,0,0,0,0,0,0,0,0,0,0,0,0,0,0,0,0,0,0,370,0,0,0,0,0,0,0,0
2021-01-05T23:59:59+01:00,0,0,3,2,4,6,9,15,20,33,21,32,17,21,23,35,23,106,0,0,0,0,0,0,0,0,0,0,0,0,0,0,0,0,0,0,370,0,0,0,0,0,0,0,0
2021-01-04T23:59:59+01:00,0,0,0,0,0,0,0,1,1,0,0,0,1,1,0,2,0,0,0,0,0,0,0,0,0,0,0,0,0,0,0,0,0,0,0,0,6,0,0,0,0,0,0,0,0
2021-01-03T23:59:59+01:00,0,0,0,0,0,0,0,1,1,0,0,0,1,1,0,2,0,0,0,0,0,0,0,0,0,0,0,0,0,0,0,0,0,0,0,0,6,0,0,0,0,0,0,0,0
2021-01-02T23:59:59+01:00,0,0,0,0,0,0,0,1,1,0,0,0,1,1,0,2,0,0,0,0,0,0,0,0,0,0,0,0,0,0,0,0,0,0,0,0,6,0,0,0,0,0,0,0,0
2021-01-01T23:59:59+01:00,0,0,0,0,0,0,0,1,1,0,0,0,1,1,0,2,0,0,0,0,0,0,0,0,0,0,0,0,0,0,0,0,0,0,0,0,6,0,0,0,0,0,0,0,0
2020-12-31T23:59:59+01:00,0,0,0,0,0,0,0,1,1,0,0,0,1,1,0,2,0,0,0,0,0,0,0,0,0,0,0,0,0,0,0,0,0,0,0,0,6,0,0,0,0,0,0,0,0
2020-12-30T23:59:59+01:00,0,0,0,0,0,0,0,1,1,0,0,0,1,1,0,2,0,0,0,0,0,0,0,0,0,0,0,0,0,0,0,0,0,0,0,0,6,0,0,0,0,0,0,0,0
2020-12-29T23:59:59+01:00,0,0,0,0,0,0,0,1,1,0,0,0,1,0,0,2,0,0,0,0,0,0,0,0,0,0,0,0,0,0,0,0,0,0,0,0,5,0,0,0,0,0,0,0,0
2020-12-28T23:59:59+01:00,0,0,0,0,0,0,0,1,0,0,0,0,1,0,0,1,0,0,0,0,0,0,0,0,0,0,0,0,0,0,0,0,0,0,0,0,3,0,0,0,0,0,0,0,0
2020-12-27T23:59:59+01:00,0,0,0,0,0,0,0,0,0,0,0,0,0,0,0,0,0,0,0,0,0,0,0,0,0,0,0,0,0,0,0,0,0,0,0,0,0,0,0,0,0,0,0,0,0
