Datum,<15_1_m,<15_1_w,15-24_1_m,15-24_1_w,25-34_1_m,25-34_1_w,35-44_1_m,35-44_1_w,45-54_1_m,45-54_1_w,55-64_1_m,55-64_1_w,65-74_1_m,65-74_1_w,75-84_1_m,75-84_1_w,>84_1_m,>84_1_w,<15_2_m,<15_2_w,15-24_2_m,15-24_2_w,25-34_2_m,25-34_2_w,35-44_2_m,35-44_2_w,45-54_2_m,45-54_2_w,55-64_2_m,55-64_2_w,65-74_2_m,65-74_2_w,75-84_2_m,75-84_2_w,>84_2_m,>84_2_w,bp_1,bp_2,mo_1,mo_2,az_1,az_2,ja,unb_1,unb_2
2021-10-25T23:59:59+02:00,2126,1911,15327,14503,18306,17035,21392,21606,27937,28976,34466,35270,25971,28831,17636,22535,5368,10174,1789,1595,13815,13132,16988,15687,20157,20148,26440,27226,32953,33736,25257,27995,17157,21866,5188,9692,252572,237775,32579,30559,46606,44895,17551,93,41
2021-10-24T23:59:59+02:00,2116,1905,15311,14496,18291,17025,21380,21597,27925,28963,34458,35264,25970,28826,17634,22535,5368,10174,1783,1589,13804,13114,16981,15675,20150,20139,26431,27222,32948,33728,25253,27990,17155,21865,5187,9691,252449,237666,32579,30559,46604,44895,17544,93,41
2021-10-23T23:59:59+02:00,2116,1905,15311,14496,18290,17025,21380,21596,27925,28963,34458,35264,25970,28826,17634,22535,5368,10174,1783,1589,13804,13114,16981,15675,20150,20139,26431,27222,32948,33728,25253,27990,17155,21865,5187,9691,252447,237666,32579,30559,46604,44895,17544,93,41
2021-10-22T23:59:59+02:00,2101,1889,15246,14451,18198,16965,21313,21548,27872,28917,34427,35248,25970,28822,17633,22532,5367,10173,1767,1569,13755,13051,16936,15641,20120,20116,26413,27206,32929,33711,25245,27988,17155,21862,5187,9690,251979,237358,32519,30539,46604,44895,17508,93,41
2021-10-21T23:59:59+02:00,2072,1858,15132,14371,18080,16879,21225,21489,27800,28854,34361,35209,25955,28803,17626,22521,5366,10169,1740,1552,13683,12972,16871,15596,20068,20073,26360,27160,32884,33676,25229,27967,17146,21841,5186,9687,251224,236902,32466,30440,46604,44895,17413,93,41
2021-10-20T23:59:59+02:00,2060,1847,15087,14338,18032,16843,21179,21450,27769,28830,34333,35191,25948,28791,17619,22510,5365,10165,1718,1539,13655,12940,16839,15560,20038,20042,26330,27130,32862,33644,25210,27955,17136,21832,5186,9682,250836,236533,32452,30428,46604,44895,17401,93,41
2021-10-19T23:59:59+02:00,2051,1840,15067,14308,18011,16822,21163,21436,27756,28813,34313,35177,25935,28781,17616,22503,5364,10165,1704,1521,13635,12902,16803,15523,20008,20018,26306,27106,32830,33620,25192,27937,17128,21814,5181,9675,250625,236164,32452,30427,46604,44895,17376,93,41
2021-10-18T23:59:59+02:00,2046,1833,15045,14290,17994,16802,21139,21413,27741,28801,34300,35164,25933,28775,17614,22500,5361,10164,1690,1510,13609,12871,16787,15496,19987,19993,26288,27081,32815,33600,25180,27929,17124,21806,5178,9673,250444,235905,32440,30415,46604,44893,17363,93,41
2021-10-17T23:59:59+02:00,2042,1831,15026,14280,17991,16796,21135,21407,27735,28792,34297,35159,25928,28772,17612,22500,5360,10160,1688,1504,13583,12850,16767,15480,19973,19976,26272,27071,32806,33589,25171,27921,17120,21804,5173,9665,250362,235716,32439,30415,46604,44887,17354,93,41
2021-10-16T23:59:59+02:00,2042,1830,15026,14278,17991,16796,21134,21407,27735,28792,34297,35159,25928,28772,17612,22500,5360,10160,1688,1504,13583,12850,16767,15480,19973,19976,26272,27071,32806,33589,25171,27921,17120,21804,5173,9665,250358,235716,32439,30415,46604,44887,17354,93,41
2021-10-15T23:59:59+02:00,2037,1815,14995,14245,17972,16774,21109,21393,27720,28782,34283,35153,25928,28769,17611,22496,5360,10157,1671,1482,13515,12796,16735,15446,19935,19950,26250,27046,32795,33573,25168,27918,17115,21801,5172,9664,250191,235398,32414,30380,46604,44887,17326,93,41
2021-10-14T23:59:59+02:00,2009,1798,14904,14179,17912,16721,21072,21361,27684,28752,34254,35131,25920,28761,17607,22488,5359,10151,1645,1453,13417,12700,16669,15384,19889,19881,26192,26995,32754,33537,25150,27895,17101,21782,5170,9661,249789,234869,32358,30230,46604,44887,17248,93,41
2021-10-13T23:59:59+02:00,1994,1789,14872,14135,17887,16692,21056,21342,27660,28736,34233,35118,25912,28750,17599,22480,5358,10148,1630,1441,13372,12659,16640,15349,19853,19835,26164,26970,32725,33496,25130,27874,17091,21757,5165,9654,249506,234420,32356,30226,46604,44887,17231,93,41
2021-10-12T23:59:59+02:00,1985,1784,14843,14102,17868,16665,21029,21320,27642,28715,34212,35101,25906,28743,17595,22474,5357,10145,1616,1433,13331,12613,16616,15305,19819,19800,26139,26943,32697,33473,25113,27851,17080,21735,5155,9623,249242,233967,32354,30224,46603,44887,17223,93,41
2021-10-11T23:59:59+02:00,1978,1776,14821,14089,17854,16648,21015,21308,27630,28706,34202,35087,25902,28736,17591,22469,5357,10141,1612,1423,13296,12582,16600,15277,19800,19776,26122,26915,32671,33445,25095,27830,17073,21723,5154,9613,249082,233647,32354,30224,46602,44887,17208,93,41
2021-10-10T23:59:59+02:00,1966,1763,14803,14071,17837,16633,21006,21294,27624,28703,34191,35080,25902,28732,17590,22466,5354,10141,1592,1413,13269,12559,16573,15249,19780,19756,26106,26898,32658,33430,25087,27820,17068,21720,5152,9610,248942,233398,32354,30224,46602,44883,17194,93,41
2021-10-09T23:59:59+02:00,1966,1763,14803,14071,17836,16632,21005,21294,27624,28703,34190,35079,25902,28730,17590,22466,5354,10141,1592,1413,13269,12559,16572,15249,19779,19756,26106,26897,32657,33428,25087,27818,17068,21720,5152,9610,248941,233397,32354,30223,46602,44883,17188,93,41
2021-10-08T23:59:59+02:00,1949,1748,14766,14049,17808,16608,20982,21278,27605,28689,34176,35065,25897,28729,17590,22464,5353,10139,1569,1374,13192,12471,16518,15198,19726,19716,26077,26865,32636,33407,25076,27807,17063,21715,5150,9609,248747,232893,32336,30206,46602,44883,17146,93,41
2021-10-07T23:59:59+02:00,1927,1728,14696,13976,17742,16555,20937,21217,27558,28660,34126,35035,25873,28707,17582,22452,5352,10135,1529,1341,13095,12397,16456,15127,19677,19668,26005,26814,32588,33363,25051,27785,17045,21696,5142,9591,248288,232374,32278,30046,46601,44882,17027,93,41
2021-10-06T23:59:59+02:00,1918,1710,14660,13942,17719,16527,20919,21193,27528,28629,34092,35014,25859,28695,17577,22447,5349,10132,1512,1328,13068,12356,16431,15099,19652,19643,25977,26788,32565,33333,25039,27772,17035,21684,5140,9585,247986,232059,32278,30046,46601,44882,16979,93,41
2021-10-05T23:59:59+02:00,1911,1698,14636,13907,17686,16511,20899,21171,27506,28603,34072,34987,25842,28679,17568,22437,5349,10128,1495,1313,13035,12324,16405,15081,19631,19619,25956,26761,32543,33315,25033,27763,17028,21677,5136,9580,247690,231770,32277,30046,46600,44881,16957,93,41
2021-10-04T23:59:59+02:00,1899,1693,14591,13870,17655,16483,20880,21150,27482,28578,34056,34967,25835,28662,17565,22432,5348,10124,1473,1297,13001,12287,16385,15050,19618,19594,25932,26733,32526,33287,25022,27753,17022,21669,5134,9576,247436,231480,32253,30043,46599,44880,16915,93,41
2021-10-03T23:59:59+02:00,1887,1687,14571,13842,17638,16466,20869,21141,27474,28567,34046,34958,25826,28657,17558,22424,5347,10122,1462,1287,12979,12269,16361,15033,19608,19584,25922,26720,32515,33274,25011,27742,17022,21661,5134,9576,247300,231329,32244,30039,46596,44879,16872,93,41
2021-10-02T23:59:59+02:00,1886,1687,14569,13841,17637,16465,20869,21140,27474,28567,34045,34958,25826,28656,17558,22424,5347,10122,1462,1287,12979,12268,16361,15033,19608,19584,25922,26720,32515,33274,25011,27742,17022,21661,5134,9576,247291,231328,32244,30039,46596,44879,16872,93,41
2021-10-01T23:59:59+02:00,1874,1669,14509,13778,17575,16414,20827,21099,27439,28547,34019,34939,25818,28652,17558,22418,5347,10119,1427,1250,12876,12164,16280,14975,19549,19536,25886,26684,32483,33246,24996,27727,17018,21653,5133,9574,246969,230752,32212,30029,46596,44879,16756,93,41
2021-09-30T23:59:59+02:00,1861,1649,14407,13694,17509,16356,20767,21046,27382,28489,33961,34912,25796,28635,17549,22408,5345,10116,1403,1226,12765,12089,16204,14927,19499,19483,25831,26626,32428,33218,24975,27704,17012,21641,5130,9573,246603,230441,32085,29848,46593,44871,16533,93,41
2021-09-29T23:59:59+02:00,1846,1629,14383,13671,17486,16315,20729,21016,27355,28457,33935,34890,25776,28619,17543,22398,5345,10115,1385,1213,12733,12056,16183,14899,19486,19464,25816,26608,32410,33195,24960,27691,17002,21628,5127,9569,246258,230162,32085,29848,46593,44870,16504,93,41
2021-09-28T23:59:59+02:00,1829,1620,14355,13639,17457,16281,20702,20981,27323,28434,33908,34865,25762,28599,17533,22388,5342,10109,1360,1206,12694,12024,16161,14871,19471,19438,25796,26597,32397,33174,24954,27680,16999,21622,5125,9568,245905,229902,32084,29848,46593,44869,16477,93,41
2021-09-27T23:59:59+02:00,1821,1615,14327,13614,17438,16259,20677,20958,27301,28415,33889,34843,25754,28586,17531,22380,5342,10106,1346,1195,12656,11990,16140,14849,19445,19422,25776,26575,32388,33154,24946,27667,16993,21615,5123,9567,245686,229670,32084,29848,46593,44863,16425,93,41
2021-09-26T23:59:59+02:00,1817,1610,14311,13594,17418,16242,20666,20943,27285,28400,33881,34829,25743,28581,17527,22379,5341,10105,1339,1191,12640,11970,16125,14832,19432,19410,25767,26564,32377,33143,24940,27665,16990,21611,5122,9566,245533,229539,32084,29847,46593,44863,16394,93,41
2021-09-25T23:59:59+02:00,1814,1608,14298,13578,17398,16231,20645,20932,27266,28384,33868,34821,25736,28576,17522,22376,5340,10103,1337,1189,12629,11956,16107,14822,19412,19398,25752,26547,32365,33135,24934,27660,16985,21608,5122,9564,245491,229512,32084,29847,46593,44863,16259,93,41
2021-09-24T23:59:59+02:00,1796,1584,14217,13498,17330,16179,20590,20882,27227,28341,33829,34790,25718,28565,17512,22366,5338,10099,1308,1170,12531,11855,16024,14756,19358,19337,25705,26512,32318,33105,24911,27639,16976,21596,5120,9560,245097,228997,32065,29843,46593,44863,16037,93,41
2021-09-23T23:59:59+02:00,1775,1564,14113,13399,17238,16093,20498,20806,27146,28283,33781,34730,25692,28542,17500,22347,5334,10092,1295,1161,12441,11780,15955,14690,19284,19289,25647,26456,32272,33069,24891,27620,16970,21585,5117,9555,244607,228670,31966,29805,46593,44863,15698,93,41
2021-09-22T23:59:59+02:00,1756,1551,14076,13349,17188,16051,20447,20759,27108,28236,33730,34679,25662,28515,17492,22325,5330,10088,1278,1152,12399,11734,15909,14657,19254,19260,25618,26428,32223,33034,24863,27595,16964,21571,5113,9546,244187,228349,31941,29796,46593,44861,15551,93,41
2021-09-21T23:59:59+02:00,1743,1536,14013,13296,17166,16002,20414,20720,27078,28196,33696,34658,25649,28498,17480,22301,5322,10060,1253,1129,12351,11674,15880,14629,19221,19221,25591,26400,32198,33007,24842,27578,16961,21562,5111,9535,243699,227967,31937,29747,46593,44859,15529,93,41
2021-09-20T23:59:59+02:00,1733,1529,13960,13257,17129,15961,20373,20688,27036,28157,33661,34624,25629,28471,17472,22284,5311,10033,1234,1125,12297,11638,15847,14607,19192,19195,25563,26377,32176,32983,24829,27565,16958,21554,5106,9521,243259,227670,31936,29747,46593,44859,15450,93,41
2021-09-19T23:59:59+02:00,1728,1520,13935,13232,17098,15939,20346,20669,27015,28129,33648,34610,25621,28462,17469,22281,5310,10031,1230,1114,12272,11618,15825,14587,19178,19176,25550,26366,32166,32972,24823,27560,16952,21548,5105,9521,243030,227504,31935,29746,46593,44857,15415,93,41
2021-09-18T23:59:59+02:00,1726,1516,13923,13220,17087,15932,20336,20662,27008,28125,33642,34606,25621,28462,17469,22280,5310,10031,1230,1113,12265,11610,15815,14582,19168,19173,25543,26362,32161,32970,24823,27560,16952,21548,5105,9521,242994,227485,31922,29741,46593,44857,15377,93,41
2021-09-17T23:59:59+02:00,1703,1482,13820,13106,16979,15857,20255,20591,26938,28065,33589,34562,25598,28439,17457,22269,5309,10028,1213,1096,12178,11531,15714,14505,19080,19101,25474,26295,32099,32927,24804,27540,16942,21530,5104,9517,242529,227044,31875,29729,46593,44856,14980,93,41
2021-09-16T23:59:59+02:00,1676,1444,13721,12996,16891,15761,20164,20501,26837,27978,33514,34496,25566,28406,17443,22245,5302,10007,1189,1071,12089,11451,15644,14441,18999,19022,25385,26213,32038,32872,24762,27502,16932,21517,5101,9506,241915,226578,31778,29669,46593,44854,14592,93,41
2021-09-15T23:59:59+02:00,1658,1435,13661,12943,16839,15699,20118,20450,26781,27927,33462,34440,25540,28374,17428,22216,5295,9984,1169,1055,12028,11389,15590,14390,18947,18971,25324,26164,31980,32816,24729,27469,16916,21498,5097,9495,241495,226142,31757,29653,46589,44852,14339,93,41
2021-09-14T23:59:59+02:00,1642,1424,13597,12875,16766,15648,20058,20402,26731,27871,33412,34389,25519,28355,17415,22205,5291,9979,1141,1033,11965,11326,15517,14330,18893,18926,25276,26110,31923,32763,24698,27446,16902,21482,5097,9490,241096,225747,31705,29559,46589,44852,14119,93,41
2021-09-13T23:59:59+02:00,1620,1408,13559,12838,16738,15620,20039,20377,26709,27846,33392,34365,25509,28348,17410,22194,5291,9976,1124,1018,11922,11292,15484,14307,18870,18896,25251,26082,31896,32740,24688,27436,16889,21473,5094,9489,240813,225436,31704,29557,46584,44850,14067,93,41
2021-09-12T23:59:59+02:00,1609,1405,13527,12815,16696,15604,20025,20366,26698,27827,33386,34353,25503,28341,17409,22190,5291,9973,1112,1012,11879,11272,15438,14289,18846,18875,25235,26069,31882,32726,24680,27427,16886,21469,5093,9486,240653,225221,31704,29557,46582,44849,14008,93,41
2021-09-11T23:59:59+02:00,1598,1404,13511,12803,16682,15595,20015,20363,26686,27821,33382,34349,25499,28340,17408,22189,5289,9973,1033,950,11812,11221,15422,14281,18838,18864,25222,26058,31874,32713,24678,27425,16885,21468,5093,9486,240587,224897,31684,29555,46582,44849,13981,93,41
2021-09-10T23:59:59+02:00,1559,1358,13362,12675,16610,15517,19908,20278,26603,27757,33320,34294,25459,28309,17392,22166,5283,9968,1006,925,11691,11115,15336,14198,18729,18780,25128,26001,31800,32655,24636,27394,16868,21448,5088,9481,239988,224338,31666,29544,46582,44849,13507,93,41
2021-09-09T23:59:59+02:00,1536,1337,13291,12609,16556,15465,19854,20241,26551,27690,33278,34254,25431,28291,17387,22153,5279,9961,986,901,11628,11042,15285,14146,18674,18749,25072,25960,31754,32621,24614,27379,16855,21438,5085,9470,239617,223965,31590,29505,46582,44849,13299,93,41
2021-09-08T23:59:59+02:00,1521,1320,13262,12585,16540,15441,19834,20228,26535,27678,33265,34243,25419,28283,17381,22147,5276,9958,974,885,11583,10998,15259,14128,18662,18732,25054,25935,31733,32610,24600,27364,16853,21432,5085,9468,239397,223686,31590,29505,46578,44848,13275,93,41
2021-09-07T23:59:59+02:00,1488,1302,13204,12538,16500,15409,19811,20199,26498,27657,33231,34213,25395,28265,17375,22131,5271,9952,956,876,11525,10933,15205,14075,18625,18699,25007,25890,31681,32583,24572,27341,16845,21415,5080,9466,239164,223379,31505,29390,46578,44848,13116,93,41
2021-09-06T23:59:59+02:00,1473,1293,13175,12503,16477,15385,19792,20178,26481,27642,33220,34204,25392,28252,17372,22127,5268,9952,944,867,11504,10901,15186,14042,18603,18683,24991,25870,31659,32568,24561,27328,16844,21407,5077,9466,238944,223151,31505,29379,46578,44847,13083,93,41
2021-09-05T23:59:59+02:00,1463,1285,13159,12484,16460,15369,19781,20171,26475,27633,33210,34192,25390,28249,17370,22123,5268,9952,937,862,11485,10885,15160,14026,18592,18674,24984,25864,31650,32548,24558,27317,16841,21402,5075,9465,238818,223002,31505,29379,46578,44846,13057,93,41
2021-09-04T23:59:59+02:00,1463,1285,13158,12483,16460,15369,19779,20171,26474,27633,33210,34192,25390,28249,17370,22122,5268,9952,936,862,11485,10883,15158,14026,18587,18674,24983,25862,31650,32546,24557,27317,16841,21402,5075,9465,238816,222991,31505,29378,46578,44846,13053,93,41
2021-09-03T23:59:59+02:00,1436,1269,13055,12386,16403,15317,19741,20132,26432,27606,33173,34175,25372,28238,17366,22111,5266,9951,892,828,11344,10756,15093,13950,18516,18628,24912,25813,31591,32510,24524,27289,16828,21386,5072,9461,238316,222178,31505,29374,46578,44846,12954,93,41
2021-09-02T23:59:59+02:00,1421,1262,12991,12344,16360,15284,19707,20106,26398,27572,33148,34154,25357,28226,17361,22106,5266,9947,887,822,11268,10716,15045,13915,18478,18608,24879,25791,31553,32480,24505,27268,16822,21381,5072,9459,238094,221913,31441,29333,46574,44837,12825,93,41
2021-09-01T23:59:59+02:00,1398,1247,12955,12306,16339,15264,19688,20091,26380,27552,33127,34129,25347,28215,17355,22096,5263,9943,872,800,11227,10681,15025,13887,18458,18588,24858,25768,31528,32448,24491,27254,16814,21375,5070,9457,237795,221583,31441,29331,46573,44836,12810,93,41
2021-08-31T23:59:59+02:00,1366,1225,12900,12246,16294,15228,19655,20047,26335,27503,33088,34094,25331,28194,17349,22083,5259,9939,850,775,11155,10612,14977,13826,18406,18556,24808,25714,31470,32405,24460,27238,16805,21362,5067,9450,237488,221154,31378,29302,46573,44817,12622,92,41
2021-08-30T23:59:59+02:00,1342,1210,12859,12208,16269,15206,19635,20030,26312,27486,33066,34077,25320,28184,17349,22079,5257,9937,842,764,11077,10580,14950,13805,18384,18532,24780,25698,31443,32378,24449,27223,16799,21355,5064,9447,237237,220860,31378,29301,46573,44806,12562,92,41
2021-08-29T23:59:59+02:00,1336,1204,12845,12192,16258,15197,19626,20020,26309,27477,33059,34063,25315,28178,17347,22078,5257,9937,830,755,11059,10543,14940,13788,18368,18518,24767,25689,31435,32366,24440,27211,16797,21350,5064,9447,237133,220685,31378,29301,46573,44802,12538,92,41
2021-08-28T23:59:59+02:00,1329,1190,12813,12170,16243,15185,19615,20006,26302,27467,33050,34057,25313,28173,17346,22075,5257,9936,811,730,10983,10471,14906,13755,18321,18491,24731,25656,31392,32335,24423,27198,16788,21334,5064,9444,236970,220159,31378,29301,46573,44802,12530,92,41
2021-08-27T23:59:59+02:00,1310,1175,12750,12114,16197,15137,19556,19956,26247,27418,33007,34027,25295,28162,17342,22061,5257,9933,808,725,10946,10437,14866,13729,18305,18475,24696,25632,31364,32314,24410,27187,16785,21330,5064,9443,236545,220002,31378,29300,46573,44801,12372,92,41
2021-08-26T23:59:59+02:00,1290,1159,12681,12057,16151,15094,19511,19916,26193,27361,32956,33982,25265,28133,17335,22051,5254,9930,798,710,10876,10387,14819,13688,18259,18446,24651,25594,31318,32275,24388,27170,16777,21321,5064,9439,236177,219687,31319,29286,46573,44794,12172,92,41
2021-08-25T23:59:59+02:00,1273,1144,12658,12015,16131,15068,19489,19901,26166,27345,32921,33953,25247,28115,17328,22044,5253,9927,784,697,10827,10344,14788,13659,18226,18415,24629,25575,31285,32237,24375,27153,16770,21311,5062,9436,235867,219311,31319,29286,46567,44790,12145,92,41
2021-08-24T23:59:59+02:00,1246,1126,12598,11943,16074,15024,19444,19860,26119,27300,32876,33920,25227,28091,17316,22032,5252,9922,762,677,10748,10270,14744,13618,18180,18379,24578,25524,31243,32200,24351,27126,16755,21295,5061,9435,235556,218896,31193,29246,46567,44790,11973,92,41
2021-08-23T23:59:59+02:00,1233,1113,12559,11907,16049,15005,19423,19825,26098,27265,32846,33897,25213,28078,17312,22023,5252,9919,739,661,10693,10216,14714,13580,18142,18345,24551,25494,31208,32167,24338,27106,16748,21292,5059,9434,235255,218491,31192,29246,46566,44787,11922,92,41
2021-08-22T23:59:59+02:00,1225,1106,12544,11885,16034,14989,19416,19806,26086,27254,32835,33881,25202,28072,17310,22021,5249,9919,724,652,10664,10187,14693,13565,18122,18334,24538,25477,31193,32154,24330,27095,16746,21287,5058,9433,235090,218275,31192,29246,46566,44786,11904,92,41
2021-08-21T23:59:59+02:00,1137,1034,12469,11827,16022,14977,19405,19794,26076,27243,32825,33865,25197,28068,17307,22018,5249,9919,713,646,10640,10157,14676,13561,18113,18322,24529,25471,31186,32148,24327,27095,16745,21287,5058,9433,234716,218152,31186,29246,46566,44786,11882,92,41
2021-08-20T23:59:59+02:00,1117,1018,12408,11758,15963,14923,19343,19755,26022,27210,32775,33838,25182,28057,17298,22013,5248,9917,709,640,10585,10119,14634,13525,18073,18296,24494,25452,31156,32131,24318,27088,16739,21284,5058,9432,234217,217866,31186,29246,46566,44786,11794,92,41
2021-08-19T23:59:59+02:00,1091,994,12340,11702,15904,14891,19293,19704,25960,27160,32732,33803,25150,28034,17286,22002,5245,9915,700,628,10491,10043,14566,13486,18017,18258,24425,25409,31089,32086,24276,27069,16730,21267,5057,9429,233924,217429,31093,29237,46566,44778,11541,92,41
2021-08-18T23:59:59+02:00,1079,978,12299,11666,15875,14860,19265,19674,25930,27129,32695,33777,25131,28022,17281,21993,5243,9914,686,617,10436,9975,14519,13460,17967,18229,24379,25371,31030,32048,24254,27052,16724,21254,5053,9423,233605,216971,31092,29230,46565,44768,11467,92,41
2021-08-17T23:59:59+02:00,1052,953,12248,11624,15846,14818,19234,19642,25902,27106,32659,33739,25114,28002,17271,21976,5242,9909,671,593,10342,9893,14466,13412,17914,18175,24329,25330,30970,32004,24226,27028,16713,21234,5051,9416,233303,216372,30966,29169,46565,44765,11420,92,41
2021-08-16T23:59:59+02:00,1040,946,12216,11597,15829,14800,19215,19623,25879,27082,32640,33717,25094,27987,17263,21961,5239,9907,656,580,10287,9825,14441,13368,17890,18138,24285,25295,30933,31973,24199,26994,16698,21220,5051,9413,233073,215929,30966,29169,46565,44759,11348,92,41
2021-08-15T23:59:59+02:00,1032,946,12191,11581,15815,14783,19201,19608,25869,27073,32619,33702,25088,27978,17259,21950,5238,9907,649,572,10242,9790,14403,13345,17867,18115,24261,25281,30912,31947,24182,26986,16693,21212,5050,9411,232914,215640,30965,29169,46564,44754,11314,92,41
2021-08-14T23:59:59+02:00,1031,946,12190,11577,15815,14782,19198,19606,25868,27073,32619,33701,25088,27978,17259,21950,5238,9907,593,511,10076,9570,14297,13254,17792,18068,24212,25249,30872,31914,24167,26973,16690,21209,5048,9410,232905,214634,30965,29168,46564,44753,11309,92,41
2021-08-13T23:59:59+02:00,986,906,12037,11450,15762,14722,19132,19550,25797,27021,32567,33665,25063,27949,17248,21940,5237,9903,585,506,10023,9516,14256,13225,17753,18042,24180,25229,30848,31893,24156,26960,16684,21200,5048,9406,232070,214295,30964,29168,46564,44750,11256,90,41
2021-08-12T23:59:59+02:00,972,884,11980,11389,15713,14682,19096,19524,25752,26998,32521,33636,25038,27933,17239,21934,5237,9900,576,497,9932,9450,14182,13183,17692,17992,24114,25194,30794,31844,24128,26935,16668,21182,5046,9406,231839,213874,30940,29162,46564,44735,11003,90,41
2021-08-11T23:59:59+02:00,958,873,11945,11356,15694,14659,19063,19506,25730,26979,32496,33607,25019,27910,17235,21926,5236,9898,533,464,9859,9388,14130,13143,17645,17948,24073,25172,30754,31796,24098,26903,16652,21169,5045,9400,231545,213305,30939,29158,46563,44707,10961,90,41
2021-08-10T23:59:59+02:00,939,863,11857,11304,15642,14628,19019,19469,25675,26944,32439,33553,25002,27895,17228,21913,5235,9895,520,457,9764,9302,14077,13108,17613,17914,24025,25133,30701,31749,24065,26869,16645,21149,5041,9395,231163,212783,30807,29123,46561,44693,10887,90,41
2021-08-09T23:59:59+02:00,937,846,11829,11269,15626,14612,18997,19456,25643,26922,32410,33522,24994,27886,17222,21905,5235,9892,508,440,9710,9242,14036,13058,17576,17873,23994,25089,30666,31709,24051,26852,16640,21136,5039,9389,230924,212331,30807,29120,46560,44686,10830,90,41
2021-08-08T23:59:59+02:00,927,839,11793,11246,15605,14598,18977,19435,25618,26902,32388,33505,24986,27870,17215,21901,5234,9892,486,431,9635,9186,13987,13030,17549,17843,23961,25054,30634,31678,24038,26833,16632,21122,5038,9386,230733,211930,30807,29119,46560,44685,10748,90,41
2021-08-07T23:59:59+02:00,907,812,11696,11168,15562,14557,18935,19401,25579,26872,32342,33473,24969,27858,17206,21883,5233,9889,417,358,9011,8590,13543,12673,17337,17658,23810,24943,30482,31601,23979,26782,16611,21095,5033,9383,230145,208715,30807,29118,46560,44685,10747,90,41
2021-08-06T23:59:59+02:00,898,809,11666,11143,15546,14544,18924,19395,25564,26856,32333,33466,24965,27854,17201,21881,5233,9888,375,309,8427,7964,13028,12277,17108,17452,23664,24831,30388,31522,23948,26735,16599,21081,5030,9376,230095,205540,30685,29105,46560,44685,10743,90,41
2021-08-05T23:59:59+02:00,895,802,11626,11112,15504,14515,18883,19363,25518,26821,32285,33419,24924,27832,17199,21870,5233,9882,367,303,8372,7900,12979,12225,17058,17410,23600,24791,30312,31467,23901,26693,16585,21063,5028,9367,229867,205116,30684,29100,46559,44676,10488,90,41
2021-08-04T23:59:59+02:00,878,786,11596,11082,15485,14483,18850,19337,25491,26792,32240,33379,24909,27819,17194,21864,5231,9874,345,293,8282,7813,12922,12177,17006,17366,23543,24747,30252,31395,23864,26654,16575,21050,5026,9361,229601,204525,30682,29099,46557,44641,10365,90,41
2021-08-03T23:59:59+02:00,862,769,11549,11042,15462,14461,18819,19317,25465,26763,32205,33344,24889,27800,17184,21859,5227,9873,320,282,8199,7725,12852,12127,16938,17313,23483,24709,30210,31345,23828,26620,16560,21039,5023,9357,229265,203864,30681,29089,46556,44633,10303,90,41
2021-08-02T23:59:59+02:00,853,766,11514,11011,15440,14429,18792,19297,25436,26738,32173,33316,24875,27780,17176,21850,5226,9871,310,275,8103,7632,12772,12067,16878,17249,23426,24637,30160,31287,23810,26597,16539,21029,5021,9352,228985,203155,30681,29088,46556,44625,10235,90,41
2021-08-01T23:59:59+02:00,845,759,11487,10982,15429,14416,18777,19286,25417,26726,32156,33301,24871,27771,17175,21847,5224,9870,297,258,8035,7565,12711,12020,16834,17202,23390,24605,30133,31262,23794,26578,16535,21023,5019,9351,228841,202698,30676,29087,46556,44606,10180,90,41
2021-07-31T23:59:59+02:00,842,758,11484,10976,15427,14413,18773,19282,25416,26725,32153,33300,24871,27770,17175,21847,5224,9870,275,238,7882,7377,11939,11349,16278,16762,23294,24526,30068,31191,23765,26542,16523,21004,5018,9349,228811,199470,30675,29087,46556,44604,10178,90,41
2021-07-30T23:59:59+02:00,841,757,11471,10967,15424,14410,18766,19276,25409,26720,32143,33295,24870,27768,17175,21844,5224,9870,228,198,7601,7134,11397,10900,15798,16332,23157,24419,29959,31078,23728,26497,16506,20982,5018,9344,228743,196385,30674,29086,46554,44591,10173,90,41
2021-07-29T23:59:59+02:00,829,748,11431,10920,15386,14389,18726,19250,25372,26684,32090,33266,24852,27748,17164,21826,5224,9867,138,134,7227,6824,10732,10379,15280,15915,22980,24273,29811,30967,23673,26445,16477,20957,5014,9341,228421,192907,30673,29076,46554,44505,10038,90,41
2021-07-28T23:59:59+02:00,810,735,11384,10866,15362,14360,18695,19222,25346,26656,32063,33240,24836,27730,17159,21814,5223,9863,119,105,7060,6667,10587,10257,15168,15780,22887,24177,29709,30869,23630,26387,16459,20928,5013,9331,228091,191657,30673,29074,46549,44396,9965,90,41
2021-07-27T23:59:59+02:00,801,726,11339,10826,15319,14320,18654,19196,25317,26630,32027,33218,24820,27705,17152,21802,5222,9855,99,92,6838,6452,10425,10142,15024,15648,22783,24068,29601,30756,23578,26323,16443,20901,5010,9319,227770,190503,30673,28746,46548,44360,9852,90,41
2021-07-26T23:59:59+02:00,791,713,11289,10777,15293,14299,18637,19168,25289,26599,31995,33192,24805,27683,17140,21790,5221,9852,91,83,6721,6376,10328,10068,14957,15568,22701,24008,29536,30682,23545,26279,16431,20884,5006,9313,227471,189718,30671,28743,46547,44318,9757,90,41
2021-07-25T23:59:59+02:00,780,703,11261,10749,15271,14274,18617,19144,25262,26574,31974,33174,24788,27672,17136,21781,5220,9850,76,78,6645,6295,10259,10005,14884,15508,22647,23954,29480,30644,23514,26258,16419,20870,5006,9309,227273,189130,30671,28739,46546,44288,9653,90,41
2021-07-24T23:59:59+02:00,756,681,11184,10666,15232,14246,18593,19123,25242,26558,31962,33161,24788,27668,17133,21779,5220,9850,76,77,6246,5941,10111,9890,14508,15225,22423,23796,29362,30560,23478,26220,16402,20853,5003,9305,226893,186768,30671,28736,46546,44286,9645,90,41
2021-07-23T23:59:59+02:00,730,659,11116,10580,15202,14212,18565,19108,25221,26537,31947,33144,24777,27663,17131,21779,5220,9847,73,73,5876,5631,9989,9783,14161,14960,22227,23620,29242,30442,23426,26152,16391,20832,4999,9298,226504,184494,30671,28736,46546,44274,9630,90,41
2021-07-22T23:59:59+02:00,689,619,10961,10417,15105,14123,18477,19059,25141,26483,31874,33080,24741,27622,17116,21761,5216,9842,61,62,5558,5333,9720,9567,13577,14483,21907,23361,29010,30214,23325,26054,16348,20794,4995,9295,225550,181170,30670,28724,46545,44255,9474,90,41
2021-07-21T23:59:59+02:00,669,594,10896,10362,15068,14095,18437,19021,25101,26453,31835,33030,24716,27588,17100,21749,5213,9837,51,56,4942,4866,9278,9312,13193,14253,21675,23206,28824,30065,23260,25978,16323,20771,4993,9292,225119,179396,30659,27456,46542,44088,9357,90,41
2021-07-20T23:59:59+02:00,651,577,10839,10307,15042,14059,18402,18994,25070,26422,31799,32996,24696,27567,17095,21734,5210,9830,46,46,4802,4752,9128,9181,13026,14118,21562,23085,28693,29940,23180,25875,16301,20730,4986,9286,224741,178051,30659,27444,46540,43939,9262,90,41
2021-07-19T23:59:59+02:00,638,564,10801,10276,15010,14035,18378,18985,25041,26396,31766,32967,24679,27544,17089,21723,5208,9827,40,43,4722,4683,9030,9103,12908,14021,21464,22977,28594,29820,23124,25818,16276,20701,4981,9280,224492,177111,30659,27435,46531,43841,9157,90,41
2021-07-18T23:59:59+02:00,623,555,10748,10225,14975,14015,18353,18967,25021,26380,31743,32948,24669,27533,17083,21714,5207,9822,38,41,4614,4581,8896,8982,12781,13881,21378,22886,28521,29741,23095,25788,16267,20688,4978,9279,224217,176100,30659,27421,46531,43787,9086,90,41
2021-07-17T23:59:59+02:00,548,484,10458,9927,14862,13912,18262,18888,24915,26306,31635,32897,24634,27499,17070,21694,5205,9821,37,40,4566,4540,8842,8910,12545,13685,20952,22542,28390,29609,23058,25735,16258,20673,4977,9276,222656,174303,30659,27421,46529,43785,9085,90,41
2021-07-16T23:59:59+02:00,519,447,10323,9805,14802,13871,18209,18836,24879,26273,31615,32872,24625,27484,17067,21687,5205,9818,37,40,4519,4498,8766,8869,12173,13406,20407,22142,28257,29515,23009,25698,16249,20668,4975,9274,221987,172190,30659,27418,46528,43778,9075,90,41
2021-07-15T23:59:59+02:00,487,410,10185,9699,14734,13823,18153,18767,24824,26225,31565,32819,24600,27447,17049,21672,5198,9814,24,30,4307,4359,8437,8660,11657,13004,19299,21295,27840,29170,22839,25528,16184,20595,4965,9258,221256,167486,30657,27404,46527,43577,8943,90,41
2021-07-14T23:59:59+02:00,466,396,10156,9673,14697,13802,18123,18732,24786,26184,31514,32766,24570,27419,17038,21655,5197,9812,21,27,4183,4207,8180,8487,11427,12859,19120,21184,27692,29043,22774,25450,16150,20557,4960,9249,220885,165914,30657,27385,46526,43400,8830,90,41
2021-07-13T23:59:59+02:00,442,382,10106,9621,14667,13773,18096,18699,24749,26163,31479,32724,24554,27388,17027,21643,5196,9809,21,25,4086,4111,8005,8329,11226,12668,18984,21044,27538,28881,22677,25365,16115,20503,4956,9238,220474,164451,30657,27364,46525,43142,8774,90,41
2021-07-12T23:59:59+02:00,430,360,10060,9570,14640,13755,18066,18670,24712,26121,31445,32680,24530,27365,17012,21638,5193,9806,20,22,3980,4010,7834,8207,11067,12531,18868,20923,27415,28761,22603,25303,16088,20477,4955,9233,220102,163281,30656,27343,46524,42950,8682,90,41
2021-07-11T23:59:59+02:00,422,342,10029,9540,14618,13735,18049,18660,24690,26112,31424,32662,24518,27355,17010,21636,5193,9804,17,20,3910,3939,7716,8110,10919,12403,18742,20821,27314,28647,22559,25255,16067,20452,4953,9230,219905,162318,30653,27338,46523,42748,8629,90,41
2021-07-10T23:59:59+02:00,396,319,9916,9435,14564,13696,17999,18637,24666,26092,31405,32646,24510,27346,17006,21632,5191,9802,17,19,3875,3914,7657,8069,10884,12374,18713,20796,27285,28625,22551,25240,16063,20447,4953,9230,219377,162014,30652,27337,46520,42700,8620,90,41
2021-07-09T23:59:59+02:00,336,271,9657,9225,14463,13616,17920,18565,24580,26039,31356,32585,24487,27315,16992,21614,5191,9796,16,18,3808,3874,7520,7978,10666,12225,18488,20657,26869,28305,22366,25046,16008,20386,4950,9223,218153,159863,30652,27333,46519,42571,8595,90,41
2021-07-08T23:59:59+02:00,257,204,9463,9080,14360,13539,17825,18490,24521,25988,31273,32526,24459,27284,16979,21596,5187,9791,14,15,3652,3750,7209,7789,10313,11996,18141,20375,26565,28047,22191,24888,15940,20310,4943,9207,217042,157485,30649,27285,46506,41998,8536,90,41
2021-07-07T23:59:59+02:00,218,176,9374,8974,14319,13507,17788,18449,24467,25950,31231,32485,24434,27254,16967,21578,5187,9783,12,11,3470,3622,6888,7565,9372,11264,17555,19947,26163,27735,21954,24581,15863,20213,4929,9193,216402,154867,30646,25532,46504,41397,8500,90,41
2021-07-06T23:59:59+02:00,196,164,9294,8917,14268,13477,17752,18407,24425,25911,31170,32438,24398,27226,16952,21561,5185,9781,12,10,3353,3550,6683,7441,9102,11100,17309,19765,25886,27478,21797,24378,15782,20109,4916,9178,215836,152929,30631,25521,46501,40893,8465,90,41
2021-07-05T23:59:59+02:00,184,149,9208,8836,14227,13433,17717,18357,24388,25881,31125,32388,24374,27203,16943,21547,5184,9779,12,9,3302,3517,6555,7363,8953,10979,17163,19625,25715,27323,21654,24210,15732,20056,4905,9168,215286,151866,30631,25512,46499,40404,8418,90,41
2021-07-04T23:59:59+02:00,169,142,9157,8786,14194,13420,17691,18339,24362,25860,31104,32362,24359,27189,16937,21539,5183,9776,10,8,3252,3473,6490,7323,8865,10907,17076,19539,25586,27212,21529,24081,15690,20004,4903,9161,215011,151203,30630,25503,46484,40007,8355,90,41
2021-07-03T23:59:59+02:00,166,139,8651,8295,14035,13300,17591,18222,24267,25802,31040,32314,24338,27167,16925,21529,5181,9773,9,8,3192,3393,6370,7203,8691,10764,16858,19354,25197,26901,21414,23943,15660,19964,4899,9155,213196,149143,30629,25503,46484,39951,8337,90,41
2021-07-02T23:59:59+02:00,159,135,8083,7830,13889,13192,17499,18145,24197,25733,30980,32252,24300,27125,16919,21509,5179,9768,8,8,3081,3286,6098,7048,8434,10524,16488,19025,24720,26475,21187,23670,15591,19882,4893,9152,211361,146067,30629,25501,46481,39627,8334,90,41
2021-07-01T23:59:59+02:00,146,125,7955,7724,13806,13133,17429,18093,24129,25681,30927,32199,24272,27100,16909,21497,5178,9767,7,7,2892,3100,5749,6764,7996,10104,15897,18548,23948,25810,20696,23197,15464,19720,4881,9127,210572,141470,30624,25488,46475,38598,8310,90,41
2021-06-30T23:59:59+02:00,129,112,7809,7605,13741,13083,17376,18040,24077,25627,30867,32153,24241,27078,16895,21479,5178,9762,6,7,2795,3024,5593,6621,7768,9882,14938,17677,23333,25259,20336,22803,15331,19559,4867,9093,210005,139929,30449,23213,46471,37471,8238,90,41
2021-06-29T23:59:59+02:00,114,99,7742,7509,13694,13043,17338,17995,24024,25566,30817,32093,24221,27052,16885,21463,5175,9758,4,5,2736,2979,5462,6523,7614,9748,14769,17505,23091,25023,20075,22477,15232,19458,4855,9073,209376,138803,30447,23201,46468,36376,8208,90,41
2021-06-28T23:59:59+02:00,109,93,7677,7438,13627,12982,17289,17944,23982,25521,30760,32049,24204,27024,16878,21453,5173,9756,3,4,2705,2946,5395,6471,7521,9677,14672,17423,22939,24809,19872,22232,15177,19389,4851,9059,208833,138199,30445,23191,46460,35582,8132,90,41
2021-06-27T23:59:59+02:00,95,88,7629,7375,13595,12945,17260,17911,23963,25486,30733,32021,24192,27016,16871,21447,5173,9754,2,3,2683,2932,5345,6446,7448,9631,14576,17359,22843,24722,19745,22089,15146,19338,4847,9050,208477,137686,30445,23179,46454,35210,8089,90,41
2021-06-26T23:59:59+02:00,91,85,7123,6828,13203,12645,17146,17807,23897,25428,30697,31986,24183,26999,16867,21436,5172,9753,2,3,2582,2822,5155,6256,7247,9440,14029,16904,22180,24088,19597,21947,15101,19285,4845,9042,206291,134046,30443,23179,46454,35190,8089,70,21
2021-06-25T23:59:59+02:00,90,82,6644,6340,12745,12272,16986,17688,23806,25363,30617,31946,24160,26972,16862,21426,5170,9750,2,3,2479,2669,4980,6063,6988,9142,13496,16370,21627,23501,19401,21737,15043,19218,4841,9030,203881,130342,30443,23179,46454,34976,8072,70,21
2021-06-24T23:59:59+02:00,80,70,6423,6127,12520,12120,16880,17606,23732,25310,30559,31898,24126,26930,16856,21416,5168,9743,2,3,2272,2433,4610,5685,6488,8654,12772,15656,20474,22497,18937,21255,14938,19087,4829,9015,202609,124396,30441,23169,46447,34023,7998,70,21
2021-06-23T23:59:59+02:00,75,68,5849,5627,12356,12009,16761,17494,23657,25263,30495,31848,24092,26907,16849,21402,5164,9739,2,3,2233,2380,4547,5564,6396,8503,12538,15367,20230,22236,18638,20925,14841,18973,4818,8998,202094,123369,29106,23020,46437,32833,7949,70,21
2021-06-22T23:59:59+02:00,70,63,5708,5497,12256,11903,16673,17421,23598,25201,30426,31769,24065,26874,16839,21381,5160,9737,2,2,2181,2343,4452,5482,6271,8355,11668,14706,19816,21827,18303,20570,14733,18834,4808,8977,201157,122442,29099,21326,46417,31642,7899,70,21
2021-06-21T23:59:59+02:00,67,60,5572,5383,12179,11810,16609,17334,23541,25127,30376,31711,24040,26846,16826,21366,5160,9733,2,2,2148,2307,4392,5385,6184,8227,10886,14000,19362,21417,18077,20340,14672,18737,4799,8960,200329,121639,29093,19540,46412,30860,7837,70,21
2021-06-20T23:59:59+02:00,65,58,5455,5259,12013,11631,16543,17210,23492,25061,30334,31655,24024,26824,16820,21351,5155,9728,2,2,2130,2278,4351,5345,6113,8176,10783,13921,19250,21291,17919,20149,14606,18653,4795,8953,199323,121105,29089,19537,46406,30263,7791,70,21
2021-06-19T23:59:59+02:00,61,54,5437,5239,11242,10965,16063,16815,23430,25016,30290,31613,24006,26804,16812,21339,5155,9728,2,2,2057,2157,4146,5111,5829,7894,10455,13585,18193,20432,17746,19957,14573,18588,4790,8941,196716,116862,29089,19537,46405,30248,7790,70,21
2021-06-18T23:59:59+02:00,58,53,5401,5211,10597,10380,15449,16250,23338,24947,30220,31550,23979,26774,16801,21324,5154,9726,2,2,1987,2067,4005,4968,5551,7624,10072,13220,17041,19221,17543,19719,14524,18523,4787,8931,193869,112446,29081,19536,46405,29996,7788,70,21
2021-06-17T23:59:59+02:00,51,44,5287,5108,9917,9875,14960,15861,23238,24859,30138,31456,23939,26728,16787,21303,5153,9723,2,2,1858,1961,3747,4721,5163,7258,9531,12733,15853,18029,17083,19229,14383,18348,4774,8907,191282,107314,29078,19527,46402,29077,7649,17,15
2021-06-16T23:59:59+02:00,49,36,5155,4976,9722,9712,14815,15731,23145,24766,30039,31380,23895,26683,16772,21291,5152,9713,2,2,1816,1919,3640,4632,5060,7137,8498,11880,15581,17732,16787,18892,14248,18177,4768,8874,190109,106417,29067,17646,46400,28127,7440,17,15
2021-06-15T23:59:59+02:00,43,30,4973,4794,9538,9557,14679,15587,23053,24675,29963,31295,23852,26610,16746,21258,5144,9698,2,2,1756,1864,3559,4535,4965,7020,8382,11737,15400,17502,16467,18581,14106,18008,4746,8815,188793,105644,29064,17642,46381,26905,7241,17,15
2021-06-14T23:59:59+02:00,41,27,4896,4730,9447,9448,14602,15497,22981,24603,29892,31234,23820,26571,16731,21240,5141,9692,2,2,1734,1841,3523,4510,4924,6987,8281,11673,15263,17368,16287,18377,14013,17910,4741,8807,188049,105415,29058,17640,46375,26078,7095,17,15
2021-06-13T23:59:59+02:00,40,26,4838,4681,9362,9374,14517,15430,22919,24552,29825,31181,23794,26543,16722,21230,5141,9690,2,2,1685,1827,3480,4485,4868,6944,8208,11635,15163,17273,16130,18193,13959,17836,4734,8800,187467,105131,29052,17638,46359,25469,6971,17,15
2021-06-12T23:59:59+02:00,38,24,4819,4666,9335,9351,14278,15253,22789,24422,29780,31136,23773,26526,16713,21222,5140,9688,2,2,1562,1704,3243,4275,4461,6643,7660,11205,13384,15582,15776,17820,13879,17734,4732,8785,186558,98422,29052,17638,46359,25405,6969,16,15
2021-06-11T23:59:59+02:00,34,23,4766,4614,9254,9299,13956,15030,22593,24274,29684,31045,23736,26481,16695,21210,5139,9685,2,2,1462,1569,3052,4059,4163,6276,7148,10660,11740,13686,15295,17241,13766,17586,4717,8771,185200,91479,29047,17637,46357,25165,6899,16,15
2021-06-10T23:59:59+02:00,28,20,4481,4388,8706,8969,12680,14006,22026,23822,29310,30739,23600,26322,16643,21142,5126,9670,2,2,1340,1481,2816,3877,3835,5993,6711,10268,10322,12354,14781,16665,13594,17378,4702,8744,179858,86932,29029,17634,46352,23859,6425,15,15
2021-06-09T23:59:59+02:00,25,16,4248,4225,8114,8678,11778,13345,21705,23610,29079,30587,23537,26259,16623,21117,5123,9666,2,2,1253,1426,2663,3805,3693,5912,6504,10174,10057,12174,14456,16314,13422,17198,4695,8723,177743,86593,27761,17529,46346,22465,5871,15,15
2021-06-08T23:59:59+02:00,21,13,4118,4122,7713,8450,11292,13054,21479,23430,28878,30432,23479,26185,16591,21076,5117,9657,2,2,1176,1400,2527,3747,3534,5842,5607,9425,9584,11809,14118,15905,13196,16957,4681,8701,175987,86233,27389,15375,46321,21194,5396,15,15
2021-06-07T23:59:59+02:00,16,11,3997,4046,7473,8344,11002,12875,21275,23316,28724,30314,23421,26131,16573,21051,5113,9649,2,2,1128,1283,2405,3683,3404,5779,5441,9349,9374,11681,13887,15647,13040,16788,4674,8683,174754,86043,27379,15370,46313,19951,4871,15,15
2021-06-06T23:59:59+02:00,14,11,3880,3988,7236,8225,10752,12712,21088,23228,28638,30222,23390,26097,16561,21033,5110,9644,2,2,1108,1266,2341,3648,3307,5725,5334,9274,9255,11579,13731,15493,12967,16694,4671,8676,173603,85847,27361,15364,46303,19299,4548,15,15
2021-06-05T23:59:59+02:00,14,11,3851,3951,7197,8184,10575,12559,20460,22717,28476,30078,23340,26052,16547,21014,5110,9640,2,1,1076,1167,2174,3194,3074,5185,5165,8941,8475,10622,13078,14650,12855,16547,4660,8666,171562,80452,27361,15364,46302,19163,4538,14,15
2021-06-04T23:59:59+02:00,14,11,3821,3924,7158,8158,10477,12467,20095,22387,28372,29981,23305,26014,16533,21005,5108,9639,2,1,1044,1100,2076,2882,2914,4707,5008,8570,7958,9964,11577,12929,12728,16350,4653,8648,170275,74062,27348,15363,46301,19139,4532,14,15
2021-06-03T23:59:59+02:00,9,7,3685,3822,6939,8019,9922,12043,18871,21456,27974,29671,23171,25872,16480,20943,5104,9625,2,1,993,1055,1988,2770,2777,4548,4804,8264,7592,9514,11197,12529,12619,16236,4650,8635,165517,72270,27338,15360,46297,18081,4448,14,15
2021-06-02T23:59:59+02:00,9,7,3677,3814,6926,8001,9911,12032,18682,21275,27903,29622,23148,25851,16474,20934,5101,9623,2,1,988,1048,1976,2741,2754,4529,4593,8080,7056,9025,11160,12488,12604,16222,4646,8629,165447,72163,26793,13867,46297,18057,4440,14,15
2021-06-01T23:59:59+02:00,8,6,3549,3739,6684,7853,9627,11837,18227,20930,27665,29425,23055,25749,16433,20881,5098,9611,2,1,951,1001,1890,2671,2673,4455,4314,7846,6456,8492,10946,12274,12506,16121,4641,8617,163751,71717,26014,12574,46283,17235,4316,14,15
2021-05-31T23:59:59+02:00,8,6,3503,3694,6593,7785,9491,11735,18101,20840,27573,29348,22988,25687,16416,20852,5093,9604,2,1,921,974,1821,2628,2594,4412,4206,7782,6335,8416,10759,12104,12405,16005,4631,8609,162903,71349,25984,12567,46270,16527,4147,14,15
2021-05-30T23:59:59+02:00,8,5,3472,3669,6529,7729,9400,11642,18012,20761,27497,29277,22942,25642,16394,20824,5087,9594,2,1,914,965,1810,2618,2581,4400,4177,7757,6282,8374,10697,12024,12371,15962,4626,8600,162196,71306,25978,12564,46253,16232,4044,14,15
2021-05-29T23:59:59+02:00,8,5,3461,3650,6494,7702,9356,11603,17974,20721,27349,29171,22887,25568,16379,20804,5084,9590,1,1,878,946,1753,2572,2509,4316,3987,7502,6007,8075,8490,9362,12178,15620,4611,8571,161532,65050,25978,12562,46239,15708,4044,14,15
2021-05-28T23:59:59+02:00,8,5,3398,3595,6363,7625,9216,11471,17816,20589,27166,29049,22826,25490,16359,20786,5083,9589,1,1,865,933,1734,2549,2473,4261,3835,7206,5813,7811,5775,6244,11903,15221,4595,8522,160176,58153,25976,12562,46234,14977,4035,14,15
2021-05-27T23:59:59+02:00,8,5,3253,3471,6077,7445,8614,11138,17340,20251,26753,28701,22658,25325,16301,20723,5076,9571,1,1,817,875,1649,2452,2355,4127,3413,6234,5391,7211,5613,6069,11822,15146,4589,8505,156705,57668,25917,12515,46228,12225,3847,14,15
2021-05-26T23:59:59+02:00,8,5,3146,3386,5857,7278,8244,10853,16876,19945,26453,28463,22508,25192,16250,20649,5063,9551,1,1,800,865,1596,2427,2302,4096,3340,6159,5292,7139,5477,5942,11756,15078,4584,8493,154004,57586,25899,12513,46206,11629,3605,14,15
2021-05-25T23:59:59+02:00,8,5,3055,3324,5715,7162,8048,10689,15875,19168,26099,28108,22349,25035,16198,20569,5056,9541,1,1,781,848,1559,2379,2231,4036,3264,6088,5206,7076,5310,5772,11648,14997,4576,8481,152445,57516,23979,12323,46189,11020,3380,12,15
2021-05-24T23:59:59+02:00,8,5,2992,3308,5628,7117,7932,10627,14961,18479,25684,27797,22255,24930,16167,20533,5049,9529,1,1,772,846,1538,2362,2189,3999,3219,6040,5129,6996,5208,5664,11566,14921,4575,8475,151723,57478,21908,12247,46180,10582,3179,12,15
2021-05-23T23:59:59+02:00,8,4,2989,3303,5619,7109,7923,10619,14956,18478,25683,27796,22255,24930,16167,20533,5049,9529,1,1,770,843,1530,2355,2176,3986,3200,6025,5108,6963,5163,5612,11550,14897,4574,8473,151692,57470,21908,12247,46178,10334,3161,12,15
2021-05-22T23:59:59+02:00,7,4,2952,3259,5541,7058,7823,10533,14757,18315,25400,27550,22155,24843,16134,20489,5046,9524,1,1,748,823,1482,2301,2124,3905,3088,5903,4791,6388,4592,4864,10902,14073,4564,8434,150154,54223,21908,12247,46178,9360,3139,12,15
2021-05-21T23:59:59+02:00,5,4,2880,3186,5415,6959,7696,10386,14498,18086,25105,27314,22040,24735,16101,20441,5041,9515,1,1,719,770,1413,2172,2022,3636,2904,5570,4310,5494,4175,4325,10156,13131,4499,8308,148210,50472,21907,12247,46172,7764,3108,11,15
2021-05-20T23:59:59+02:00,5,4,2748,3027,5133,6703,7411,10016,14036,17602,24494,26763,21767,24439,16007,20320,5027,9485,0,1,705,759,1386,2148,1984,3602,2850,5514,4228,5415,4047,4222,10079,13068,4490,8296,144053,50376,21897,12235,46147,7288,2880,11,15
2021-05-19T23:59:59+02:00,5,4,2694,2975,5035,6561,7268,9834,12893,16566,24230,26472,21670,24309,15962,20259,5018,9478,0,1,688,733,1360,2100,1951,3516,2787,5367,4134,5307,3965,4130,10025,13003,4487,8292,142671,50345,19830,12169,46075,6670,2647,11,15
2021-05-18T23:59:59+02:00,5,4,2667,2951,4986,6528,7215,9802,12538,16291,24050,26319,21578,24220,15932,20206,5010,9466,0,1,659,675,1303,1972,1877,3315,2688,5159,4004,5110,3742,3852,9942,12923,4477,8282,142385,50321,18977,11167,46030,6112,2366,11,15
2021-05-17T23:59:59+02:00,5,4,2641,2932,4941,6458,7127,9694,12385,16112,23900,26156,21524,24170,15913,20183,5005,9458,0,1,651,661,1287,1936,1856,3268,2640,5051,3925,4996,3603,3700,9873,12859,4474,8274,141410,50298,18969,11157,46013,5379,2206,11,15
2021-05-16T23:59:59+02:00,5,4,2629,2919,4918,6391,7089,9611,12326,16038,23848,26095,21500,24153,15903,20169,5002,9455,0,1,646,656,1277,1933,1839,3259,2618,5039,3896,4972,3549,3633,9834,12827,4473,8272,140974,50283,18960,11146,45991,5161,2119,11,15
2021-05-15T23:59:59+02:00,4,4,2505,2782,4729,6185,6897,9423,11807,15619,23257,25546,21393,24035,15869,20126,4999,9447,0,1,596,594,1196,1844,1704,3106,2332,4731,3445,4461,3217,3204,9670,12622,4449,8243,137577,47324,18959,11146,45986,4836,2094,11,15
2021-05-14T23:59:59+02:00,4,4,2388,2606,4533,5962,6619,9111,11269,15107,22690,24976,21247,23895,15833,20068,4995,9436,0,1,534,516,1094,1723,1543,2891,2002,4326,2843,3872,2831,2767,9585,12473,4445,8239,133752,44390,18952,11144,45962,4070,2066,11,15
2021-05-13T23:59:59+02:00,4,4,2208,2321,4212,5580,6193,8640,10708,14418,21653,24061,20965,23621,15773,19969,4988,9421,0,1,530,516,1081,1708,1528,2873,1993,4302,2826,3851,2814,2753,9578,12469,4444,8239,127849,44338,18899,11135,45937,3975,2043,11,15
2021-05-12T23:59:59+02:00,4,4,2207,2319,4204,5579,6184,8634,10606,14296,21599,24021,20960,23610,15768,19961,4987,9421,0,1,523,494,1045,1653,1479,2794,1910,4215,2767,3792,2733,2658,9527,12396,4444,8239,127801,44335,18575,10308,45937,3972,2040,11,15
2021-05-11T23:59:59+02:00,4,4,2085,2280,4120,5516,6057,8519,10297,14045,21406,23859,20883,23538,15753,19928,4983,9416,0,1,498,470,984,1593,1409,2703,1811,4075,2694,3717,2579,2430,9462,12295,4443,8239,126853,44317,18238,9470,45653,3663,1938,11,15
2021-05-10T23:59:59+02:00,4,4,2044,2202,4013,5393,5921,8340,9509,13283,21026,23539,20792,23448,15715,19874,4973,9403,0,1,486,442,948,1529,1344,2613,1722,3913,2611,3625,2554,2411,9452,12277,4439,8234,125712,44305,16397,9289,45548,3177,1815,11,15
2021-05-09T23:59:59+02:00,4,4,2012,2189,3978,5354,5868,8292,9440,13214,20956,23466,20756,23407,15700,19847,4970,9389,0,1,479,434,925,1485,1318,2564,1688,3851,2573,3582,2545,2398,9441,12260,4439,8226,125264,44245,16393,9286,45452,2937,1726,11,15
2021-05-08T23:59:59+02:00,4,4,1949,2086,3796,5179,5594,8086,9130,12929,19823,22537,20561,23214,15667,19778,4965,9377,0,1,407,405,861,1445,1241,2491,1600,3749,2353,3369,1997,1970,9347,12174,4438,8226,121109,42763,16392,9285,45449,2298,1725,4,3
2021-05-07T23:59:59+02:00,4,4,1862,1972,3615,5010,5274,7790,8718,12555,18572,21262,20377,23001,15622,19721,4956,9358,0,1,321,347,751,1370,1109,2362,1466,3607,2177,3176,1627,1629,8859,11725,4437,8224,116162,41026,16388,9280,45427,1187,1692,4,3
2021-05-06T23:59:59+02:00,4,4,1678,1863,3329,4754,4823,7383,8077,11993,17329,20021,20044,22624,15514,19556,4946,9347,0,1,304,338,730,1340,1069,2315,1417,3523,2111,3108,1592,1574,8842,11694,4431,8221,110304,41006,16380,9274,45191,917,1410,4,3
2021-05-05T23:59:59+02:00,4,3,1608,1834,3245,4667,4744,7279,7949,11842,17177,19877,19925,22505,15438,19464,4925,9250,0,1,294,327,688,1289,1008,2242,1335,3374,2005,2993,1500,1476,8425,11130,4426,8203,109536,40969,16238,8145,45020,661,938,4,3
2021-05-04T23:59:59+02:00,4,3,1581,1805,3199,4589,4685,7168,7699,11546,16615,19300,19838,22374,15362,19366,4895,9136,0,1,278,314,665,1259,987,2188,1277,3254,1892,2836,1428,1370,8354,11026,4421,8185,108828,40942,14892,7869,44916,396,525,4,3
2021-05-03T23:59:59+02:00,4,3,1573,1802,3189,4574,4647,7143,7445,11312,15921,18704,19774,22288,15335,19332,4889,9126,0,1,263,294,643,1176,938,2100,1214,3115,1794,2699,1362,1289,8328,10991,4417,8176,108736,40932,13294,7662,44876,52,151,4,3
2021-05-02T23:59:59+02:00,4,3,1572,1800,3182,4572,4642,7140,7431,11302,15902,18693,19757,22280,15335,19330,4888,9126,0,1,263,291,640,1175,933,2097,1204,3109,1786,2693,1348,1282,8327,10986,4416,8176,108708,40909,13291,7660,44850,49,106,4,3
2021-05-01T23:59:59+02:00,4,3,1440,1656,2904,4323,4175,6783,6812,10820,13965,16812,19375,21882,15244,19214,4885,9110,0,1,261,291,637,1173,932,2094,1202,3107,1784,2689,1343,1278,8325,10984,4416,8176,101166,40878,13291,7660,44844,49,103,3,3
2021-04-30T23:59:59+02:00,3,3,1320,1510,2686,4102,3845,6387,6245,10228,12179,14777,18918,21342,15140,19072,4871,9099,0,1,256,290,630,1166,917,2086,1189,3097,1773,2675,1333,1269,8321,10979,4415,8175,93558,40833,13291,7660,44844,45,31,3,3
2021-04-29T23:59:59+02:00,2,3,1203,1448,2521,3978,3604,6184,5888,9927,10838,13500,18657,21065,15097,19002,4867,9093,0,1,255,286,625,1158,905,2080,1169,3092,1743,2638,1307,1245,8315,10970,4415,8175,88873,40800,13282,7527,44705,35,14,3,3
2021-04-28T23:59:59+02:00,2,3,1147,1442,2470,3958,3553,6160,5825,9894,10741,13431,18625,21031,15090,18986,4867,9090,0,1,255,285,623,1157,902,2078,1164,3088,1735,2637,1300,1226,7869,10447,4415,8175,88602,40777,13232,6534,44465,31,13,3,2
2021-04-27T23:59:59+02:00,2,3,1102,1415,2365,3914,3488,6132,5706,9838,10624,13354,18591,20991,15077,18971,4865,9088,0,1,254,285,621,1149,901,2076,1159,3085,1731,2633,1288,1209,7451,9865,4415,8175,88090,40757,13179,5501,44242,26,12,3,2
2021-04-26T23:59:59+02:00,2,3,1060,1386,2275,3821,3361,6032,5538,9717,10319,13096,18529,20936,15068,18953,4863,9088,0,1,253,284,620,1147,895,2072,1152,3082,1713,2624,1273,1196,7442,9845,4415,8175,86751,40670,13168,5480,44113,25,12,3,2
2021-04-25T23:59:59+02:00,2,3,1057,1384,2267,3819,3354,6027,5518,9709,10285,13065,18518,20924,15067,18947,4863,9087,0,1,252,284,620,1147,895,2072,1150,3082,1713,2624,1273,1196,7442,9843,4415,8175,86728,40668,13159,5478,43995,25,11,3,2
2021-04-24T23:59:59+02:00,2,2,1014,1271,2078,3281,3083,5411,5326,9297,9450,12018,17810,20026,14954,18787,4855,9076,0,1,251,283,619,1146,895,2071,1150,3081,1707,2619,1270,1191,7440,9841,4415,8174,80599,40643,13159,5474,43970,25,10,3,2
2021-04-23T23:59:59+02:00,1,2,981,1187,1966,2933,2901,4859,5130,8868,8896,11296,16179,18161,14805,18581,4847,9053,0,1,251,283,618,1146,893,2069,1149,3081,1706,2618,1265,1186,7436,9839,4415,8173,73565,40629,13158,5463,43910,25,10,3,2
2021-04-22T23:59:59+02:00,1,2,976,1175,1946,2917,2881,4839,5072,8822,8784,11192,16106,18084,14778,18551,4845,9048,0,1,249,283,614,1145,890,2068,1141,3069,1690,2598,1241,1164,7431,9831,4415,8173,73514,40615,13100,5352,43392,24,10,3,2
2021-04-21T23:59:59+02:00,1,2,966,1167,1932,2904,2853,4813,5026,8767,8676,11069,16020,18000,14749,18517,4845,9043,0,1,244,280,604,1136,876,2038,1131,3044,1680,2572,1228,1150,7206,9513,4414,8173,73470,40607,13042,4648,42825,23,10,3,2
2021-04-20T23:59:59+02:00,1,2,939,1119,1880,2790,2780,4650,4932,8588,8501,10860,15787,17718,14690,18458,4838,9037,0,1,231,277,586,1115,850,2006,1102,3018,1645,2531,1208,1137,7197,9508,4413,8172,73431,40586,11913,4381,42213,19,10,3,1
2021-04-19T23:59:59+02:00,1,2,930,1111,1848,2770,2730,4625,4808,8527,8301,10748,15695,17620,14668,18439,4838,9031,0,1,225,269,568,1094,832,1973,1084,2975,1599,2476,1190,1118,7190,9505,4411,8171,73032,40551,11892,4102,41755,17,10,3,1
2021-04-18T23:59:59+02:00,1,2,927,1110,1843,2764,2722,4613,4790,8516,8261,10705,15645,17561,14658,18422,4837,9029,0,1,225,269,568,1093,831,1973,1083,2975,1599,2475,1190,1117,7188,9504,4410,8171,72986,40544,11888,4100,41519,17,10,3,1
2021-04-17T23:59:59+02:00,0,2,895,1095,1794,2726,2654,4534,4636,8375,7998,10476,13275,14661,14459,18068,4820,8995,0,1,223,269,568,1090,827,1966,1071,2968,1589,2455,1151,1074,6855,9090,4385,8123,66165,39588,11888,4089,41397,17,10,3,1
2021-04-16T23:59:59+02:00,0,2,889,1089,1782,2716,2612,4494,4544,8291,7818,10282,10433,11412,14187,17650,4801,8940,0,1,222,265,567,1086,822,1962,1062,2965,1581,2442,1140,1059,6849,9084,4383,8120,58885,39509,11886,4073,41158,17,10,3,1
2021-04-15T23:59:59+02:00,0,2,877,1084,1760,2702,2569,4461,4426,8230,7589,10081,10182,11194,14125,17584,4794,8926,0,1,220,264,567,1084,821,1960,1059,2962,1578,2439,1135,1054,6847,9082,4383,8120,58861,39494,11884,4055,39828,16,10,3,1
2021-04-14T23:59:59+02:00,0,2,859,1057,1701,2619,2480,4337,4236,8046,7314,9799,9808,10709,13976,17403,4788,8914,0,1,196,239,526,1033,798,1893,1023,2882,1528,2376,1109,1024,6842,9073,4383,8119,58826,39478,10936,3542,38273,14,10,3,1
2021-04-13T23:59:59+02:00,0,2,835,1035,1664,2567,2413,4254,4135,7908,7101,9579,9401,10191,13830,17236,4783,8900,0,1,160,215,491,985,758,1800,988,2772,1475,2306,1090,989,6826,9062,4382,8119,58779,39414,9986,2986,37056,8,10,3,1
2021-04-12T23:59:59+02:00,0,2,830,1033,1645,2563,2384,4241,4083,7857,6960,9407,9135,9876,13766,17176,4772,8883,0,1,149,201,463,945,735,1735,968,2700,1431,2256,1068,972,6809,9042,4379,8114,58721,39297,9955,2652,35924,8,10,3,1
2021-04-11T23:59:59+02:00,0,2,829,1032,1634,2563,2370,4238,4060,7845,6895,9345,9001,9711,13739,17128,4767,8874,0,1,149,201,463,943,734,1733,966,2700,1430,2256,1068,972,6807,9042,4379,8114,58707,39289,9953,2651,35360,7,10,3,1
2021-04-10T23:59:59+02:00,0,2,813,1028,1605,2534,2333,4209,3990,7787,6763,9228,8444,8977,13072,16276,4756,8832,0,1,146,201,461,940,728,1730,966,2693,1421,2249,1054,956,6336,8543,4363,8098,55372,38219,9952,2649,35312,7,10,3,1
2021-04-09T23:59:59+02:00,0,2,791,1000,1564,2485,2267,4129,3837,7627,6416,8895,7916,8318,12250,15250,4685,8693,0,1,144,199,459,934,721,1722,957,2683,1406,2238,1032,934,6094,8271,4343,8071,51381,37546,9945,2645,34786,7,10,3,1
2021-04-08T23:59:59+02:00,0,2,781,990,1537,2461,2201,4080,3703,7538,6163,8594,7300,7662,12088,15050,4674,8677,0,1,144,197,454,930,716,1715,949,2672,1397,2225,1020,931,6091,8269,4342,8071,51346,37523,9920,2583,32222,7,10,3,1
2021-04-07T23:59:59+02:00,0,2,774,981,1511,2443,2142,4042,3616,7468,5932,8329,6743,7028,11478,14301,4661,8649,0,1,125,190,423,883,670,1646,892,2602,1347,2156,999,915,6083,8263,4341,8071,51316,37499,8762,2091,30010,7,9,3,1
2021-04-06T23:59:59+02:00,0,2,769,979,1497,2435,2113,4019,3543,7419,5751,8157,6297,6520,11275,14084,4646,8618,0,1,102,169,375,824,625,1571,848,2502,1294,2092,974,898,6064,8248,4339,8067,51247,37470,8577,1507,28289,7,8,3,1
2021-04-05T23:59:59+02:00,0,2,764,975,1481,2427,2087,4009,3492,7393,5607,8046,6092,6303,11208,13997,4640,8608,0,1,96,167,374,822,618,1562,840,2487,1281,2073,946,867,4959,6845,4261,7961,51047,34647,8573,1497,27500,7,8,3,1
2021-04-04T23:59:59+02:00,0,2,762,969,1479,2425,2083,4007,3474,7386,5597,8039,6081,6283,11194,13979,4638,8605,0,1,96,167,372,820,615,1557,833,2480,1266,2054,923,845,3949,5683,4195,7855,51032,32198,8571,1497,27389,7,8,3,1
2021-04-03T23:59:59+02:00,0,2,710,913,1398,2354,1960,3868,3214,7126,5136,7547,5736,5826,11022,13760,4610,8577,0,1,94,167,372,819,615,1555,832,2480,1266,2054,923,845,3949,5680,4195,7854,47790,32188,8571,1497,27387,7,8,3,1
2021-04-02T23:59:59+02:00,0,2,668,879,1343,2286,1862,3754,2961,6865,4618,7067,5344,5366,10921,13594,4605,8571,0,1,93,167,372,819,615,1555,831,2480,1264,2053,920,842,3946,5677,4194,7854,44857,32172,8570,1496,27269,7,7,3,1
2021-04-01T23:59:59+02:00,0,2,665,876,1333,2281,1842,3746,2932,6851,4544,6994,5235,5256,10882,13545,4604,8566,0,1,93,167,370,815,613,1552,831,2477,1260,2049,910,841,3941,5674,4193,7853,44840,32161,8426,1464,26878,7,7,3,1
2021-03-31T23:59:59+02:00,0,2,663,874,1326,2264,1834,3736,2904,6823,4481,6948,5095,5094,10368,12936,4600,8558,0,1,93,167,369,815,613,1552,831,2477,1258,2049,909,841,3941,5673,4193,7852,44829,32155,7293,1464,26375,7,7,2,1
2021-03-30T23:59:59+02:00,0,2,654,871,1308,2244,1805,3707,2867,6788,4395,6859,4926,4900,9840,12235,4593,8543,0,1,88,164,368,811,608,1550,826,2471,1250,2046,899,831,3933,5670,4192,7851,44804,32134,6104,1410,25620,7,7,2,1
2021-03-29T23:59:59+02:00,0,2,649,863,1295,2210,1789,3676,2836,6746,4323,6773,4726,4702,9754,12141,4590,8529,0,1,88,164,368,809,603,1546,824,2465,1245,2038,891,825,3925,5662,4192,7851,44735,32120,5887,1363,24973,6,7,2,1
2021-03-28T23:59:59+02:00,0,2,646,861,1292,2207,1775,3666,2820,6734,4288,6721,4631,4592,9718,12077,4585,8522,0,1,88,164,368,808,603,1546,822,2465,1243,2038,890,825,3924,5662,4192,7851,44713,32118,5878,1358,24537,6,7,2,1
2021-03-27T23:59:59+01:00,0,2,642,856,1282,2203,1758,3649,2792,6704,4124,6578,4052,4137,9489,11831,4572,8503,0,1,88,164,366,806,601,1544,820,2462,1235,2032,886,821,3745,5371,4085,7678,42765,31333,5874,1358,24526,6,7,2,1
2021-03-26T23:59:59+01:00,0,2,637,848,1274,2192,1736,3632,2767,6682,4048,6500,3644,3770,8887,11271,4559,8489,0,1,88,164,366,805,600,1541,816,2459,1225,2028,873,808,3020,4428,3876,7330,40822,29056,5861,1358,24246,6,7,2,1
2021-03-25T23:59:59+01:00,0,2,630,842,1261,2178,1717,3608,2708,6642,3964,6422,3470,3551,8776,11160,4553,8483,0,1,88,164,366,805,600,1540,816,2458,1223,2028,873,808,3019,4427,3875,7329,40808,29048,5753,1358,23397,6,7,2,1
2021-03-24T23:59:59+01:00,0,2,624,835,1228,2152,1672,3563,2630,6573,3807,6271,3150,3186,8365,10609,4544,8470,0,1,84,162,354,792,584,1522,783,2424,1173,1996,840,770,3010,4421,3875,7326,40784,28746,4994,1357,21894,6,7,2,1
2021-03-23T23:59:59+01:00,0,2,612,827,1203,2121,1630,3515,2548,6493,3658,6117,2769,2801,8148,10390,4536,8451,0,1,79,158,342,771,549,1491,722,2361,1072,1914,757,710,2973,4386,3871,7322,40739,28115,4703,1350,20371,6,7,1,1
2021-03-22T23:59:59+01:00,0,2,589,717,1166,2068,1597,3459,2495,6423,3517,5987,2527,2563,7817,10035,4520,8415,0,1,79,157,342,771,549,1489,720,2359,1069,1914,755,706,2969,4381,3870,7319,40271,28086,4381,1350,19237,6,7,1,1
2021-03-21T23:59:59+01:00,0,2,588,714,1160,2059,1586,3449,2478,6408,3479,5953,2385,2399,7724,9923,4511,8400,0,1,79,157,342,770,549,1489,720,2359,1069,1914,755,706,2969,4380,3870,7318,40267,28083,4367,1350,18576,6,7,1,1
2021-03-20T23:59:59+01:00,0,2,587,714,1158,2052,1579,3442,2472,6401,3461,5930,2352,2361,7233,9406,4494,8383,0,1,79,157,342,770,548,1489,718,2358,1069,1912,755,706,2969,4378,3868,7316,39225,28071,4355,1350,18439,6,7,1,1
2021-03-19T23:59:59+01:00,0,2,580,706,1140,2033,1544,3418,2404,6264,3397,5823,2170,2177,6924,9085,4472,8358,0,1,79,157,341,765,544,1486,713,2350,1060,1899,746,699,2540,3774,3444,6562,38614,25800,4339,1350,17536,2,7,1,1
2021-03-18T23:59:59+01:00,0,2,565,689,1120,2002,1517,3388,2364,6196,3322,5734,2017,1980,6803,8965,4466,8347,0,1,78,157,341,764,543,1486,712,2346,1056,1898,739,696,2490,3702,3417,6521,38593,25610,4328,1328,16549,2,6,1,1
2021-03-17T23:59:59+01:00,0,1,536,660,1075,1947,1480,3303,2286,6078,3170,5578,1763,1713,6637,8812,4456,8332,0,1,77,153,329,737,527,1442,690,2288,1018,1857,722,677,2249,3406,3329,6391,38521,24628,3800,1256,15499,2,6,1,1
2021-03-16T23:59:59+01:00,0,1,492,631,1035,1892,1429,3199,2221,5924,3055,5444,1564,1488,6502,8664,4445,8309,0,1,71,138,308,681,497,1366,661,2153,988,1729,672,626,2135,3268,3303,6304,38464,23869,3183,1024,14642,2,5,1,1
2021-03-15T23:59:59+01:00,0,1,480,620,1002,1843,1395,3131,2191,5839,2968,5360,1438,1353,5917,7975,4405,8245,0,1,68,131,294,623,482,1246,623,2023,948,1616,643,605,2097,3228,3288,6241,37225,23463,2828,691,14109,2,0,1,1
2021-03-14T23:59:59+01:00,0,1,475,613,993,1831,1391,3113,2175,5821,2934,5333,1395,1303,5520,7528,4382,8227,0,1,67,126,290,600,476,1219,617,1967,938,1591,643,605,2097,3228,3287,6239,36403,23457,2823,531,13808,2,0,1,1
2021-03-13T23:59:59+01:00,0,1,457,595,956,1783,1338,3049,1919,5233,2693,4918,1289,1190,4858,6678,4334,8152,0,1,67,126,289,597,474,1217,615,1965,937,1587,641,601,1735,2743,2759,5480,34719,21300,2819,531,11904,2,0,1,1
2021-03-12T23:59:59+01:00,0,1,441,574,935,1740,1307,2966,1716,4447,2486,4469,1217,1107,4161,5880,4287,8070,0,1,67,124,288,593,474,1214,613,1956,933,1581,638,594,1407,2199,2214,4684,33042,19047,2816,531,9945,1,0,1,1
2021-03-11T23:59:59+01:00,0,1,437,567,926,1725,1292,2948,1691,4411,2449,4432,1143,1051,4117,5843,4284,8066,0,1,67,116,282,571,460,1162,604,1907,914,1545,626,582,1401,2181,2205,4633,33004,18796,2720,459,9658,1,0,1,1
2021-03-10T23:59:59+01:00,0,1,417,555,880,1666,1236,2871,1617,4314,2382,4339,1109,1028,4101,5826,4283,8064,0,1,67,116,280,567,457,1155,599,1884,914,1540,621,574,1340,2094,2160,4576,32989,18509,2149,434,9550,1,0,1,1
2021-03-09T23:59:59+01:00,0,1,396,539,835,1617,1193,2807,1575,4231,2339,4286,1088,1017,4095,5819,4282,8062,0,1,65,115,279,566,456,1144,597,1872,908,1535,618,568,1134,1783,2042,4398,32942,17672,1703,407,9536,1,0,1,1
2021-03-08T23:59:59+01:00,0,1,389,528,825,1602,1185,2790,1568,4205,2327,4273,1075,1006,4058,5771,4280,8057,0,1,64,115,275,561,452,1138,596,1868,904,1533,618,568,1065,1692,1997,4353,32814,17415,1606,383,9519,1,0,1,1
2021-03-07T23:59:59+01:00,0,1,388,524,825,1601,1183,2788,1565,4198,2317,4268,1068,998,4052,5765,4279,8056,0,1,62,112,266,539,440,1112,580,1768,869,1458,617,568,961,1561,1945,4284,32798,17051,1566,91,9511,0,0,1,1
2021-03-06T23:59:59+01:00,0,1,380,508,806,1568,1159,2729,1524,4131,2123,3770,1038,961,3879,5492,4177,7891,0,1,62,112,266,539,440,1111,580,1768,869,1458,617,568,958,1560,1942,4283,32080,17042,1566,91,8490,0,0,1,1
2021-03-05T23:59:59+01:00,0,1,366,469,774,1462,1109,2513,1449,3919,1909,3103,1007,916,3123,4527,3972,7548,0,1,62,111,265,536,437,1105,579,1763,865,1455,614,566,919,1502,1919,4241,29762,16848,1565,91,6839,0,0,1,1
2021-03-04T23:59:59+01:00,0,1,353,460,766,1442,1096,2490,1430,3890,1886,3084,993,912,3119,4523,3969,7546,0,1,61,110,262,533,433,1089,569,1741,864,1447,612,564,882,1448,1896,4204,29749,16687,1526,28,6684,0,0,1,1
2021-03-03T23:59:59+01:00,0,1,344,427,747,1391,1066,2407,1380,3735,1807,2988,960,866,3109,4517,3969,7543,0,1,60,109,259,530,432,1085,567,1732,861,1443,612,563,862,1395,1807,4058,29434,16349,1526,26,6296,0,0,1,1
2021-03-02T23:59:59+01:00,0,1,338,418,731,1367,1018,2362,1312,3651,1691,2889,872,800,3066,4478,3963,7538,0,1,60,109,258,526,431,1077,567,1726,861,1439,611,563,862,1395,1807,4057,28794,16323,1461,26,6239,0,0,1,1
2021-03-01T23:59:59+01:00,0,1,334,404,724,1320,1005,2304,1292,3568,1664,2840,853,791,3058,4468,3963,7538,0,1,60,108,257,522,426,1063,563,1713,852,1431,610,561,766,1240,1750,3977,28754,15873,1409,26,5963,0,0,1,1
2021-02-28T23:59:59+01:00,0,1,329,391,716,1281,991,2227,1280,3481,1641,2761,849,781,3056,4464,3962,7535,0,1,60,108,256,522,426,1062,563,1713,850,1431,610,560,669,1115,1703,3896,28740,15519,1406,25,5599,0,0,1,1
2021-02-27T23:59:59+01:00,0,1,320,371,702,1254,972,2191,1245,3412,1618,2708,831,765,3053,4464,3961,7535,0,1,60,108,256,522,426,1062,562,1713,848,1431,610,560,669,1114,1703,3896,28736,15515,1406,25,5260,0,0,1,1
2021-02-26T23:59:59+01:00,0,1,294,318,655,1189,908,2072,1155,3246,1513,2569,802,742,2617,3857,3533,6755,0,1,60,108,253,519,426,1060,560,1711,845,1425,606,558,662,1102,1694,3877,26439,15441,1406,25,4380,0,0,1,1
2021-02-25T23:59:59+01:00,0,1,289,305,641,1159,887,2030,1136,3180,1495,2524,799,738,2570,3785,3503,6712,0,1,58,106,249,511,426,1056,555,1701,842,1414,600,554,585,993,1647,3819,26221,15093,1406,23,4126,0,0,1,1
2021-02-24T23:59:59+01:00,0,1,270,295,590,1113,840,1962,1078,3085,1452,2466,783,719,2331,3484,3413,6574,0,1,57,101,244,504,420,1037,546,1679,839,1394,593,542,571,973,1636,3796,25226,14917,1406,15,3823,0,0,1,1
2021-02-23T23:59:59+01:00,0,1,257,274,561,1057,803,1887,1010,2935,1378,2364,731,669,2217,3344,3387,6482,0,1,57,99,242,498,420,1021,536,1647,831,1372,584,535,555,922,1624,3743,24422,14671,1401,15,3533,0,0,1,1
2021-02-22T23:59:59+01:00,0,1,253,268,548,994,783,1811,984,2841,1342,2304,706,647,2187,3308,3378,6419,0,1,57,98,236,492,418,1008,527,1629,827,1347,570,522,533,896,1618,3688,24017,14451,1401,15,3355,0,0,1,1
2021-02-21T23:59:59+01:00,0,1,250,260,539,969,770,1774,976,2793,1312,2278,706,645,2185,3308,3377,6418,0,1,57,98,235,492,418,1008,527,1629,827,1346,570,521,533,896,1618,3687,24011,14447,1401,15,3148,0,0,1,1
2021-02-20T23:59:59+01:00,0,1,169,230,469,920,701,1697,906,2704,1227,2178,691,630,1811,2790,2821,5615,0,1,57,98,235,492,418,1008,527,1628,827,1346,570,521,533,896,1617,3686,21734,14444,1401,15,2424,0,0,1,1
2021-02-19T23:59:59+01:00,0,1,84,167,358,839,574,1565,773,2555,1091,2026,675,609,1503,2275,2271,4821,0,1,57,97,235,492,418,1007,527,1628,827,1346,570,521,527,894,1615,3680,19523,14426,1401,15,1262,0,0,1,1
2021-02-18T23:59:59+01:00,0,1,81,162,346,789,553,1476,740,2415,1058,1958,659,598,1494,2256,2262,4769,0,1,54,90,229,470,404,940,512,1548,807,1272,556,507,521,876,1612,3658,19279,14041,1376,15,961,0,0,1,1
2021-02-17T23:59:59+01:00,0,1,80,154,332,766,544,1443,711,2322,1021,1858,654,588,1436,2168,2214,4719,0,1,54,87,227,461,396,902,501,1483,788,1190,543,495,519,874,1612,3658,19018,13775,1303,15,689,0,0,1,1
2021-02-16T23:59:59+01:00,0,1,75,148,317,726,516,1370,679,2214,996,1753,643,581,1191,1821,2090,4536,0,1,53,78,226,455,390,872,488,1418,762,1123,522,482,517,874,1609,3657,18096,13524,1064,2,496,0,0,1,1
2021-02-15T23:59:59+01:00,0,1,70,132,291,622,481,1228,623,2001,946,1594,634,579,1108,1714,2038,4471,0,1,53,78,224,450,386,866,487,1414,760,1116,522,482,516,869,1608,3654,17766,13485,726,0,40,0,0,1,1
2021-02-14T23:59:59+01:00,0,1,69,125,286,596,476,1199,612,1947,932,1572,634,579,1010,1590,1991,4414,0,1,53,78,224,450,386,866,487,1412,760,1116,522,482,516,869,1608,3654,17437,13483,571,0,24,0,0,1,1
2021-02-13T23:59:59+01:00,0,1,69,124,286,595,475,1195,611,1945,930,1569,633,578,1009,1581,1987,4411,0,1,53,78,224,449,384,861,486,1407,758,1115,520,480,499,831,1348,3184,17403,12677,571,0,24,0,0,1,1
2021-02-12T23:59:59+01:00,0,1,68,124,285,594,471,1191,611,1942,927,1568,630,577,970,1530,1967,4370,0,1,53,78,224,445,381,852,481,1398,752,1108,513,472,481,790,985,2472,17233,11485,571,0,21,0,0,1,1
2021-02-11T23:59:59+01:00,0,1,67,117,282,581,458,1164,605,1916,920,1556,629,576,927,1472,1945,4331,0,1,53,75,209,414,367,805,465,1324,737,1076,510,471,481,790,984,2471,17053,11233,488,0,5,0,0,1,0
2021-02-10T23:59:59+01:00,0,1,66,117,278,578,456,1159,601,1899,915,1552,629,576,918,1456,1924,4288,0,1,52,65,175,336,313,703,415,1152,657,981,475,459,476,789,984,2470,16951,10503,460,0,1,0,0,1,0
2021-02-09T23:59:59+01:00,0,1,64,115,272,574,453,1146,600,1885,908,1546,628,575,906,1420,1854,4184,0,1,43,53,124,257,236,552,333,950,556,828,440,448,472,788,981,2470,16699,9532,431,0,0,0,0,1,0
2021-02-08T23:59:59+01:00,0,1,63,115,269,565,450,1139,598,1870,901,1538,626,572,803,1267,1797,4102,0,1,38,43,86,168,173,416,269,712,497,693,432,442,469,785,980,2470,16269,8674,406,0,0,0,0,1,0
2021-02-07T23:59:59+01:00,0,1,61,112,259,542,436,1108,582,1767,866,1459,625,571,701,1141,1749,4018,0,1,37,42,82,165,170,409,264,699,492,682,430,441,469,785,980,2469,15899,8617,98,0,0,0,0,1,0
2021-02-06T23:59:59+01:00,0,1,61,112,258,542,436,1108,580,1766,863,1456,622,569,699,1132,1743,4011,0,1,34,41,81,162,167,399,260,691,481,673,422,440,433,737,740,2078,15860,7840,98,0,0,0,0,1,0
2021-02-05T23:59:59+01:00,0,1,61,112,256,538,436,1106,579,1765,861,1454,620,569,689,1125,1737,3998,0,1,32,39,77,158,162,391,252,672,464,663,416,440,427,712,336,1444,15808,6686,98,0,0,0,0,1,0
2021-02-04T23:59:59+01:00,0,1,59,110,251,532,430,1090,563,1738,857,1440,613,559,604,1008,1686,3937,0,1,31,36,73,152,156,380,238,650,447,649,410,432,422,705,334,1437,15447,6553,30,0,0,0,0,1,0
2021-02-03T23:59:59+01:00,0,1,58,105,247,525,429,1070,560,1722,855,1425,609,549,593,998,1683,3923,0,1,24,28,59,121,123,280,175,508,337,499,304,330,337,548,256,1153,15323,5083,28,0,0,0,0,1,0
2021-02-02T23:59:59+01:00,0,1,58,103,244,520,429,1052,548,1689,846,1401,596,539,581,949,1673,3872,0,1,17,21,40,78,87,186,122,343,220,360,214,220,217,344,182,759,15073,3411,28,0,0,0,0,0,0
2021-02-01T23:59:59+01:00,0,1,58,101,240,512,427,1036,540,1667,842,1378,589,533,559,920,1665,3825,0,0,7,11,20,42,48,97,65,168,95,164,100,103,90,160,76,330,14865,1576,28,0,0,0,0,0,0
2021-01-31T23:59:59+01:00,0,1,58,101,239,511,425,1032,538,1662,840,1375,589,532,559,920,1665,3824,0,0,7,11,18,38,43,83,61,142,81,148,95,101,89,159,74,328,14843,1478,28,0,0,0,0,0,0
2021-01-30T23:59:59+01:00,0,1,58,101,239,511,425,1032,538,1662,840,1375,589,532,559,920,1665,3824,0,0,7,11,18,38,43,83,61,142,81,148,95,100,89,159,74,328,14843,1477,28,0,0,0,0,0,0
2021-01-29T23:59:59+01:00,0,1,58,101,239,511,425,1032,538,1662,840,1375,589,532,559,920,1665,3824,0,0,7,11,18,38,43,83,61,142,81,148,95,100,89,159,74,328,14843,1477,28,0,0,0,0,0,0
2021-01-28T23:59:59+01:00,0,1,56,93,235,482,413,965,520,1576,816,1293,576,517,553,903,1662,3805,0,0,3,2,4,6,11,15,19,34,22,32,16,22,21,34,19,99,14444,359,22,0,0,0,0,0,0
2021-01-27T23:59:59+01:00,0,1,54,89,235,472,405,926,510,1510,796,1210,564,504,551,901,1662,3805,0,0,3,2,4,6,9,15,19,33,21,30,16,21,21,34,19,99,14175,352,20,0,0,0,0,0,0
2021-01-26T23:59:59+01:00,0,1,53,83,230,469,398,897,499,1443,771,1143,542,491,549,901,1662,3805,0,0,1,2,4,6,9,14,17,29,17,25,14,18,19,32,19,91,13919,317,18,0,0,0,0,0,0
2021-01-25T23:59:59+01:00,0,1,53,83,227,464,395,891,499,1440,770,1138,542,491,549,898,1662,3803,0,0,0,0,0,0,0,1,0,0,0,0,1,1,0,2,0,0,13890,5,16,0,0,0,0,0,0
2021-01-24T23:59:59+01:00,0,1,53,83,227,464,395,891,499,1439,770,1138,542,491,549,898,1662,3803,0,0,0,0,0,0,0,1,0,0,0,0,1,1,0,2,0,0,13889,5,16,0,0,0,0,0,0
2021-01-23T23:59:59+01:00,0,1,53,83,227,463,394,887,499,1433,769,1136,539,489,532,860,1401,3325,0,0,0,0,0,0,0,1,0,0,0,0,1,1,0,2,0,0,13075,5,16,0,0,0,0,0,0
2021-01-22T23:59:59+01:00,0,1,53,83,226,459,390,877,494,1423,764,1129,533,481,515,818,1022,2586,0,0,0,0,0,0,0,1,0,0,0,0,1,1,0,2,0,0,11838,5,16,0,0,0,0,0,0
2021-01-21T23:59:59+01:00,0,1,53,80,207,425,363,821,467,1323,737,1094,529,481,515,818,1021,2585,0,0,0,0,0,0,0,1,0,0,0,0,1,1,0,2,0,0,11504,5,16,0,0,0,0,0,0
2021-01-20T23:59:59+01:00,0,1,51,70,179,353,322,736,424,1169,667,1003,493,470,510,818,1021,2584,0,0,0,0,0,0,0,1,0,0,0,0,1,1,0,2,0,0,10855,5,16,0,0,0,0,0,0
2021-01-19T23:59:59+01:00,0,1,44,57,135,275,248,577,347,987,577,863,458,458,506,816,1021,2584,0,0,0,0,0,0,0,0,0,0,0,0,1,0,0,2,0,0,9946,3,8,0,0,0,0,0,0
2021-01-18T23:59:59+01:00,0,1,40,44,86,175,179,426,279,724,506,706,449,451,503,812,1019,2584,0,0,0,0,0,0,0,0,0,0,0,0,0,0,0,1,0,0,8984,1,0,0,0,0,0,0,0
2021-01-17T23:59:59+01:00,0,1,37,43,83,171,175,418,275,713,501,693,447,451,503,812,1019,2583,0,0,0,0,0,0,0,0,0,0,0,0,0,0,0,0,0,0,8925,0,0,0,0,0,0,0,0
2021-01-16T23:59:59+01:00,0,1,34,42,81,169,171,409,268,706,486,684,438,449,464,765,773,2186,0,0,0,0,0,0,0,0,0,0,0,0,0,0,0,0,0,0,8126,0,0,0,0,0,0,0,0
2021-01-15T23:59:59+01:00,0,1,32,40,78,164,168,403,261,689,472,676,432,448,459,741,360,1543,0,0,0,0,0,0,0,0,0,0,0,0,0,0,0,0,0,0,6967,0,0,0,0,0,0,0,0
2021-01-14T23:59:59+01:00,0,1,32,38,77,158,163,398,253,678,461,668,429,445,459,740,360,1543,0,0,0,0,0,0,0,0,0,0,0,0,0,0,0,0,0,0,6903,0,0,0,0,0,0,0,0
2021-01-13T23:59:59+01:00,0,0,24,31,61,126,128,302,193,544,352,525,326,343,374,577,281,1248,0,0,0,0,0,0,0,0,0,0,0,0,0,0,0,0,0,0,5435,0,0,0,0,0,0,0,0
2021-01-12T23:59:59+01:00,0,0,17,24,45,87,93,214,139,393,239,389,234,235,247,371,203,848,0,0,0,0,0,0,0,0,0,0,0,0,0,0,0,0,0,0,3778,0,0,0,0,0,0,0,0
2021-01-11T23:59:59+01:00,0,0,9,15,26,47,62,137,88,220,126,208,116,112,106,179,92,375,0,0,0,0,0,0,0,0,0,0,0,0,0,0,0,0,0,0,1918,0,0,0,0,0,0,0,0
2021-01-10T23:59:59+01:00,0,0,8,15,22,44,55,109,80,179,106,175,110,108,102,177,89,375,0,0,0,0,0,0,0,0,0,0,0,0,0,0,0,0,0,0,1754,0,0,0,0,0,0,0,0
2021-01-09T23:59:59+01:00,0,0,8,15,22,44,55,109,80,179,106,175,110,107,102,177,89,375,0,0,0,0,0,0,0,0,0,0,0,0,0,0,0,0,0,0,1753,0,0,0,0,0,0,0,0
2021-01-08T23:59:59+01:00,0,0,8,14,21,43,52,102,75,168,100,172,107,103,97,168,87,365,0,0,0,0,0,0,0,0,0,0,0,0,0,0,0,0,0,0,1682,0,0,0,0,0,0,0,0
2021-01-07T23:59:59+01:00,0,0,3,3,4,7,11,16,20,34,24,36,17,22,23,35,23,107,0,0,0,0,0,0,0,0,0,0,0,0,0,0,0,0,0,0,385,0,0,0,0,0,0,0,0
2021-01-06T23:59:59+01:00,0,0,3,2,4,6,9,15,20,33,21,32,17,21,23,35,23,106,0,0,0,0,0,0,0,0,0,0,0,0,0,0,0,0,0,0,370,0,0,0,0,0,0,0,0
2021-01-05T23:59:59+01:00,0,0,3,2,4,6,9,15,20,33,21,32,17,21,23,35,23,106,0,0,0,0,0,0,0,0,0,0,0,0,0,0,0,0,0,0,370,0,0,0,0,0,0,0,0
2021-01-04T23:59:59+01:00,0,0,0,0,0,0,0,1,1,0,0,0,1,1,0,2,0,0,0,0,0,0,0,0,0,0,0,0,0,0,0,0,0,0,0,0,6,0,0,0,0,0,0,0,0
2021-01-03T23:59:59+01:00,0,0,0,0,0,0,0,1,1,0,0,0,1,1,0,2,0,0,0,0,0,0,0,0,0,0,0,0,0,0,0,0,0,0,0,0,6,0,0,0,0,0,0,0,0
2021-01-02T23:59:59+01:00,0,0,0,0,0,0,0,1,1,0,0,0,1,1,0,2,0,0,0,0,0,0,0,0,0,0,0,0,0,0,0,0,0,0,0,0,6,0,0,0,0,0,0,0,0
2021-01-01T23:59:59+01:00,0,0,0,0,0,0,0,1,1,0,0,0,1,1,0,2,0,0,0,0,0,0,0,0,0,0,0,0,0,0,0,0,0,0,0,0,6,0,0,0,0,0,0,0,0
2020-12-31T23:59:59+01:00,0,0,0,0,0,0,0,1,1,0,0,0,1,1,0,2,0,0,0,0,0,0,0,0,0,0,0,0,0,0,0,0,0,0,0,0,6,0,0,0,0,0,0,0,0
2020-12-30T23:59:59+01:00,0,0,0,0,0,0,0,1,1,0,0,0,1,1,0,2,0,0,0,0,0,0,0,0,0,0,0,0,0,0,0,0,0,0,0,0,6,0,0,0,0,0,0,0,0
2020-12-29T23:59:59+01:00,0,0,0,0,0,0,0,1,1,0,0,0,1,0,0,2,0,0,0,0,0,0,0,0,0,0,0,0,0,0,0,0,0,0,0,0,5,0,0,0,0,0,0,0,0
2020-12-28T23:59:59+01:00,0,0,0,0,0,0,0,1,0,0,0,0,1,0,0,1,0,0,0,0,0,0,0,0,0,0,0,0,0,0,0,0,0,0,0,0,3,0,0,0,0,0,0,0,0
2020-12-27T23:59:59+01:00,0,0,0,0,0,0,0,0,0,0,0,0,0,0,0,0,0,0,0,0,0,0,0,0,0,0,0,0,0,0,0,0,0,0,0,0,0,0,0,0,0,0,0,0,0
