Datum,<15_m,<15_w,15-24_1_m,15-24_1_w,25-34_1_m,25-34_1_w,35-44_1_m,35-44_1_w,45-54_1_m,45-54_1_w,55-64_1_m,55-64_1_w,65-74_1_m,65-74_1_w,75-84_1_m,75-84_1_w,>84_1_m,>84_1_w,<24_2_m,<24_2_w,25-34_2_m,25-34_2_w,35-44_2_m,35-44_2_w,45-54_2_m,45-54_2_w,55-64_2_m,55-64_2_w,65-74_2_m,65-74_2_w,75-84_2_m,75-84_2_w,>84_2_m,>84_2_w,bp_1,bp_2,mo_1,mo_2,az_1,az_2,ja,unb_1,unb_2
2021-10-19T23:59:59+02:00,11011,10275,61090,57363,67227,62888,75850,76952,97134,99083,108340,107205,74322,80647,52223,64090,15109,26040,56091,53047,63239,58667,72098,72690,93104,94714,104613,103663,72525,78620,50988,62526,14610,25007,843616,799929,70918,68451,182615,176067,49751,39,57
2021-10-18T23:59:59+02:00,10968,10231,61015,57294,67148,62822,75798,76896,97092,99034,108299,107161,74307,80630,52214,64070,15105,26030,55980,52908,63118,58534,72012,72595,93021,94618,104559,103609,72486,78583,50962,62498,14599,24990,842957,798777,70893,68437,182615,176056,49699,39,57
2021-10-17T23:59:59+02:00,10941,10206,60970,57257,67113,62786,75773,76873,97052,98999,108288,107140,74297,80618,52209,64057,15099,26023,55888,52831,63037,58442,71949,72514,92967,94563,104522,103568,72458,78552,50950,62470,14593,24972,842592,797969,70886,68413,182615,176035,49657,39,57
2021-10-16T23:59:59+02:00,10937,10202,60964,57253,67105,62778,75767,76869,97046,98997,108287,107137,74296,80618,52209,64056,15099,26023,55883,52817,63031,58436,71945,72510,92964,94559,104520,103564,72457,78550,50950,62470,14593,24972,842550,797923,70883,68405,182615,176035,49644,39,57
2021-10-15T23:59:59+02:00,10899,10156,60875,57190,67047,62716,75709,76809,96998,98946,108249,107114,74285,80603,52207,64055,15097,26021,55764,52698,62958,58365,71879,72437,92899,94501,104474,103522,72440,78532,50940,62454,14592,24968,841936,797105,70862,68360,182615,176034,49612,39,57
2021-10-14T23:59:59+02:00,10852,10097,60766,57095,66992,62622,75645,76736,96936,98889,108214,107067,74271,80585,52195,64041,15093,26015,55597,52567,62842,58240,71809,72343,92798,94414,104414,103453,72405,78500,50918,62422,14583,24955,841181,795886,70847,68334,182612,176020,49520,39,57
2021-10-13T23:59:59+02:00,10798,10056,60675,57014,66926,62530,75575,76671,96876,98850,108163,107026,74249,80561,52180,64021,15086,26005,55462,52439,62738,58114,71713,72248,92720,94331,104335,103378,72367,78467,50898,62389,14572,24935,840424,794709,70832,68323,182610,176000,49445,39,57
2021-10-12T23:59:59+02:00,10741,10007,60569,56931,66826,62447,75508,76616,96832,98798,108125,106992,74224,80537,52170,64009,15081,25996,55330,52289,62630,58000,71627,72142,92664,94250,104263,103311,72328,78419,50875,62359,14567,24918,839645,793529,70823,68304,182608,175992,49382,39,57
2021-10-11T23:59:59+02:00,10689,9958,60473,56872,66737,62352,75432,76547,96770,98745,108072,106948,74197,80506,52152,63982,15067,25974,55205,52161,62504,57867,71550,72034,92587,94176,104187,103244,72282,78375,50847,62325,14554,24896,838827,792354,70803,68285,182601,175983,49290,39,57
2021-10-10T23:59:59+02:00,10662,9933,60413,56831,66681,62311,75391,76504,96736,98715,108046,106928,74185,80495,52147,63974,15061,25962,55104,52043,62414,57744,71467,71949,92514,94091,104124,103192,72251,78345,50826,62303,14548,24884,838420,791369,70794,68275,182598,175969,49210,39,57
2021-10-09T23:59:59+02:00,10661,9930,60404,56823,66669,62304,75386,76498,96731,98706,108041,106926,74185,80491,52147,63974,15061,25961,55083,52027,62401,57728,71456,71940,92506,94085,104117,103188,72248,78344,50826,62303,14548,24884,838362,791255,70789,68269,182597,175966,49197,39,57
2021-10-08T23:59:59+02:00,10610,9881,60310,56728,66596,62227,75332,76431,96686,98664,108009,106899,74175,80483,52140,63962,15056,25960,54981,51938,62324,57664,71389,71874,92457,94031,104089,103155,72240,78333,50819,62297,14546,24882,837689,790588,70763,68237,182595,175956,49149,39,57
2021-10-07T23:59:59+02:00,10545,9815,60160,56619,66506,62129,75250,76335,96614,98610,107946,106843,74151,80461,52129,63948,15049,25954,54850,51795,62221,57536,71282,71765,92371,93941,104004,103090,72189,78295,50795,62272,14534,24871,836742,789354,70751,68204,182594,175939,49024,39,56
2021-10-06T23:59:59+02:00,10491,9774,60028,56528,66423,62050,75174,76276,96554,98568,107897,106798,74130,80437,52112,63925,15045,25938,54708,51633,62128,57402,71187,71661,92267,93855,103913,103007,72151,78252,50770,62238,14524,24857,835921,788083,70740,68197,182592,175923,48915,39,56
2021-10-05T23:59:59+02:00,10425,9705,59891,56405,66325,61952,75094,76204,96478,98506,107850,106744,74110,80410,52103,63896,15039,25927,54523,51462,62015,57256,71073,71544,92158,93753,103842,102936,72097,78208,50746,62199,14516,24844,834989,786709,70725,68168,182589,175912,48781,39,56
2021-10-04T23:59:59+02:00,10365,9652,59749,56289,66200,61842,75006,76117,96391,98432,107788,106696,74088,80379,52082,63860,15034,25907,54348,51277,61900,57103,70946,71414,92077,93647,103744,102849,72062,78153,50701,62160,14506,24824,833939,785258,70712,68161,182586,175894,48660,39,56
2021-10-03T23:59:59+02:00,10321,9613,59697,56204,66139,61793,74949,76079,96362,98401,107755,106658,74076,80361,52068,63839,15030,25898,54234,51164,61819,57013,70858,71314,92011,93574,103679,102764,72028,78124,50682,62127,14499,24820,833431,784299,70707,68156,182573,175866,48552,39,56
2021-10-02T23:59:59+02:00,10316,9611,59689,56189,66123,61781,74941,76066,96357,98396,107753,106655,74075,80361,52067,63837,15030,25898,54220,51153,61806,57006,70855,71304,92007,93571,103677,102755,72025,78124,50681,62125,14498,24820,833358,784228,70696,68150,182573,175865,48538,39,56
2021-10-01T23:59:59+02:00,10261,9554,59535,56091,66047,61696,74861,75999,96305,98343,107694,106620,74059,80338,52056,63824,15029,25894,54106,51045,61751,56943,70808,71256,91953,93515,103642,102722,72012,78117,50677,62113,14496,24815,832527,783566,70677,68123,182571,175863,48450,39,56
2021-09-30T23:59:59+02:00,10191,9473,59401,55942,65919,61575,74761,75911,96202,98256,107607,106560,74034,80301,52040,63800,15025,25879,53961,50912,61659,56838,70716,71174,91874,93433,103569,102658,71976,78074,50658,62079,14496,24804,831459,782584,70647,68101,182567,175853,48222,39,56
2021-09-29T23:59:59+02:00,10120,9417,59270,55817,65801,61460,74678,75818,96107,98168,107542,106503,73995,80256,52033,63772,15020,25868,53808,50760,61545,56703,70621,71067,91780,93341,103473,102591,71926,78030,50633,62028,14489,24794,830480,781398,70618,68071,182564,175834,48000,39,56
2021-09-28T23:59:59+02:00,10037,9335,59130,55668,65639,61319,74573,75733,96002,98083,107461,106437,73946,80214,52013,63744,15013,25852,53654,50609,61407,56588,70530,70951,91703,93261,103398,102513,71885,77992,50610,61995,14485,24783,829331,780338,70606,68052,182560,175825,47718,39,56
2021-09-27T23:59:59+02:00,9978,9283,58978,55508,65500,61192,74484,75629,95898,97977,107372,106384,73900,80171,51994,63717,15005,25832,53503,50481,61284,56454,70437,70844,91601,93165,103314,102461,71836,77945,50588,61959,14478,24764,828281,779349,70589,68036,182555,175779,47386,39,56
2021-09-26T23:59:59+02:00,9935,9243,58894,55422,65422,61111,74428,75553,95835,97922,107325,106347,73874,80146,51980,63690,14996,25817,53404,50369,61200,56376,70361,70755,91531,93089,103260,102429,71807,77916,50566,61935,14472,24752,827646,778604,70571,68028,182539,175743,47193,39,56
2021-09-25T23:59:59+02:00,9927,9231,58876,55403,65406,61101,74418,75544,95829,97914,107315,106343,73874,80145,51979,63689,14996,25817,53378,50361,61186,56358,70349,70747,91525,93083,103250,102427,71807,77914,50566,61932,14472,24752,827568,778528,70564,68024,182537,175742,47147,39,56
2021-09-24T23:59:59+02:00,9875,9175,58764,55279,65307,61001,74329,75452,95744,97841,107256,106302,73846,80123,51971,63679,14995,25807,53273,50254,61110,56284,70276,70676,91454,93022,103177,102377,71781,77896,50555,61916,14467,24742,826685,777741,70546,68016,182531,175736,46992,39,56
2021-09-23T23:59:59+02:00,9785,9084,58525,55088,65130,60843,74204,75306,95598,97705,107147,106192,73800,80087,51951,63639,14983,25789,53095,50118,60991,56148,70160,70564,91335,92912,103084,102304,71747,77851,50536,61891,14454,24728,825274,776729,70493,67988,182527,175718,46568,39,56
2021-09-22T23:59:59+02:00,9701,9024,58336,54940,64968,60698,74084,75182,95470,97605,107046,106134,73756,80038,51924,63595,14963,25762,52952,49968,60872,56028,70069,70467,91242,92806,103021,102251,71706,77802,50507,61854,14440,24714,824009,775745,70474,67964,182517,175704,46232,39,56
2021-09-21T23:59:59+02:00,9631,8936,58188,54785,64821,60553,73947,75048,95332,97486,106953,106041,73722,79979,51905,63569,14955,25740,52806,49807,60754,55898,69967,70361,91135,92702,102925,102157,71667,77757,50480,61813,14431,24689,822731,774573,70457,67951,182513,175697,45896,39,56
2021-09-20T23:59:59+02:00,9570,8875,58049,54647,64661,60420,73829,74897,95204,97395,106866,105948,73660,79935,51878,63533,14942,25720,52683,49672,60629,55778,69859,70253,91035,92612,102848,102082,71614,77713,50455,61764,14424,24671,821530,773590,70443,67934,182506,175668,45556,39,56
2021-09-19T23:59:59+02:00,9518,8835,57928,54559,64550,60304,73737,74792,95131,97295,106804,105876,73643,79910,51864,63513,14940,25709,52573,49555,60535,55666,69764,70159,90966,92540,102768,102013,71580,77680,50434,61733,14417,24665,820743,772813,70424,67919,182494,175642,45253,39,56
2021-09-18T23:59:59+02:00,9501,8818,57902,54530,64515,60273,73711,74768,95115,97273,106792,105855,73640,79909,51861,63510,14940,25708,52543,49520,60504,55643,69744,70139,90946,92524,102755,101993,71576,77677,50434,61732,14416,24663,820525,772621,70414,67910,182494,175641,45194,39,56
2021-09-17T23:59:59+02:00,9414,8740,57731,54382,64381,60145,73586,74649,95010,97170,106708,105783,73605,79877,51849,63492,14933,25701,52376,49409,60378,55533,69652,70049,90864,92444,102682,101934,71543,77640,50419,61702,14407,24656,819377,771675,70370,67891,182492,175634,44922,39,56
2021-09-16T23:59:59+02:00,9337,8665,57516,54230,64204,59958,73406,74481,94860,97036,106553,105671,73534,79819,51827,63450,14926,25686,52209,49283,60226,55409,69526,69935,90754,92342,102577,101853,71498,77591,50397,61664,14400,24643,817902,770700,70353,67872,182469,175602,44440,39,56
2021-09-15T23:59:59+02:00,9245,8584,57311,54009,64020,59755,73227,74302,94713,96884,106406,105537,73474,79751,51782,63398,14916,25665,52049,49117,60098,55274,69401,69831,90652,92262,102469,101763,71451,77534,50363,61626,14390,24632,816146,769617,70334,67855,182465,175590,44039,39,56
2021-09-14T23:59:59+02:00,9137,8478,57121,53776,63839,59568,73081,74124,94582,96726,106281,105437,73400,79686,51752,63348,14898,25644,51877,48918,59946,55133,69279,69711,90543,92133,102377,101670,71399,77473,50335,61582,14383,24620,814386,768288,70322,67842,182445,175555,43730,38,56
2021-09-13T23:59:59+02:00,9075,8411,56897,53571,63682,59374,72923,73954,94432,96573,106144,105306,73346,79636,51714,63301,14878,25614,51707,48755,59820,55001,69198,69619,90425,92044,102279,101597,71353,77431,50306,61540,14372,24609,812686,767226,70311,67829,182430,175528,43409,38,56
2021-09-12T23:59:59+02:00,9030,8383,56776,53484,63594,59279,72846,73868,94359,96507,106081,105238,73318,79611,51699,63278,14873,25607,51575,48644,59720,54902,69123,69541,90350,91979,102206,101528,71317,77401,50291,61515,14367,24596,811966,766418,70294,67815,182413,175503,43163,38,55
2021-09-11T23:59:59+02:00,9026,8374,56758,53461,63576,59266,72834,73855,94354,96493,106076,105233,73317,79610,51699,63278,14873,25607,51555,48623,59699,54890,69108,69530,90342,91964,102204,101523,71312,77399,50291,61515,14367,24594,811888,766369,70287,67769,182410,175501,43110,38,55
2021-09-10T23:59:59+02:00,8954,8313,56596,53315,63462,59146,72726,73750,94235,96376,105999,105172,73280,79574,51686,63252,14869,25602,51427,48558,59636,54827,69045,69482,90277,91907,102168,101485,71291,77383,50282,61505,14363,24588,810769,765904,70255,67714,182404,175498,42884,38,55
2021-09-09T23:59:59+02:00,8883,8248,56396,53123,63296,58962,72568,73606,94087,96236,105874,105078,73221,79510,51655,63218,14865,25589,51244,48392,59481,54695,68912,69355,90158,91801,102052,101393,71247,77339,50253,61475,14357,24572,809410,764846,70234,67664,182385,175476,42391,37,55
2021-09-08T23:59:59+02:00,8799,8171,56217,52952,63145,58782,72425,73454,93928,96106,105779,104969,73154,79449,51626,63163,14860,25574,51067,48227,59356,54557,68787,69205,90033,91695,101968,101293,71194,77282,50226,61433,14353,24555,808017,763691,70208,67612,182348,175453,41983,37,55
2021-09-07T23:59:59+02:00,8711,8111,56053,52797,63027,58642,72308,73323,93822,96005,105672,104868,73101,79401,51600,63123,14853,25552,50898,48064,59227,54412,68664,69089,89927,91580,101869,101193,71147,77236,50203,61407,14349,24536,806756,762478,70203,67598,182344,175431,41669,37,55
2021-09-06T23:59:59+02:00,8648,8045,55905,52628,62889,58485,72205,73192,93721,95894,105592,104779,73049,79352,51568,63093,14842,25536,50748,47923,59089,54263,68548,68969,89846,91484,101773,101106,71097,77188,50179,61379,14342,24525,805540,761353,70176,67555,182311,175407,41398,37,55
2021-09-05T23:59:59+02:00,8619,8007,55837,52535,62825,58425,72157,73135,93672,95844,105565,104735,73025,79329,51558,63073,14835,25530,50657,47838,59023,54198,68488,68910,89802,91427,101732,101056,71075,77160,50166,61362,14336,24516,805016,760732,70167,67545,182290,175387,41235,37,55
2021-09-04T23:59:59+02:00,8612,8002,55817,52526,62816,58416,72149,73127,93665,95840,105562,104729,73024,79328,51558,63073,14835,25530,50643,47823,59007,54184,68484,68901,89795,91422,101728,101052,71074,77158,50165,61362,14336,24516,804957,760667,70164,67540,182289,175386,41201,37,55
2021-09-03T23:59:59+02:00,8546,7933,55685,52439,62743,58319,72070,73047,93587,95777,105492,104668,72994,79295,51539,63042,14828,25520,50528,47728,58928,54117,68423,68829,89733,91361,101663,100999,71046,77124,50143,61336,14333,24507,804037,759881,70156,67522,182282,175377,41051,37,55
2021-09-02T23:59:59+02:00,8451,7838,55493,52283,62618,58214,71976,72918,93467,95663,105387,104583,72937,79240,51507,62995,14817,25500,50304,47558,58783,53998,68319,68715,89599,91256,101546,100903,70988,77077,50119,61308,14325,24491,802901,758726,70113,67480,182268,175328,40605,37,55
2021-09-01T23:59:59+02:00,8375,7745,55343,52136,62488,58082,71888,72793,93374,95573,105309,104512,72899,79196,51485,62960,14810,25482,50129,47349,58657,53858,68239,68603,89497,91153,101441,100809,70947,77035,50092,61267,14318,24475,801792,757493,70089,67441,182254,175275,40315,37,55
2021-08-31T23:59:59+02:00,8267,7651,55182,51981,62382,57968,71810,72692,93289,95490,105225,104433,72858,79154,51463,62931,14800,25468,49922,47148,58538,53719,68125,68480,89399,91048,101331,100730,70901,76982,50070,61231,14306,24458,800714,756130,70081,67425,182245,175250,40004,37,55
2021-08-30T23:59:59+02:00,8191,7571,55000,51818,62270,57840,71695,72575,93165,95361,105105,104338,72808,79111,51446,62897,14778,25445,49724,46934,58416,53580,68026,68369,89281,90935,101216,100621,70850,76947,50043,61202,14292,24441,799521,754924,70041,67359,182212,175194,39639,37,55
2021-08-29T23:59:59+02:00,8150,7525,54910,51739,62212,57763,71627,72527,93113,95297,105057,104303,72788,79089,51431,62881,14772,25436,49606,46831,58327,53480,67954,68294,89226,90874,101155,100568,70823,76931,50029,61189,14286,24438,798996,754266,70039,67349,182202,175150,39382,37,55
2021-08-28T23:59:59+02:00,8132,7511,54871,51701,62181,57743,71600,72510,93095,95281,105043,104292,72783,79087,51429,62877,14772,25436,49568,46812,58301,53464,67933,68280,89206,90851,101148,100555,70817,76927,50027,61187,14286,24438,798790,754119,70038,67342,182200,175150,39315,37,55
2021-08-27T23:59:59+02:00,8048,7433,54689,51563,62067,57604,71503,72387,92973,95160,104932,104206,72738,79036,51406,62841,14760,25430,49442,46727,58222,53382,67851,68209,89128,90784,101090,100507,70781,76892,50013,61176,14284,24438,797470,753415,70033,67336,182188,175142,39084,37,55
2021-08-26T23:59:59+02:00,7984,7360,54530,51416,61944,57493,71405,72279,92868,95031,104826,104125,72696,78984,51383,62821,14755,25416,49279,46571,58101,53276,67751,68115,89023,90705,101021,100438,70740,76856,49989,61154,14279,24428,796416,752586,70023,67297,182179,175109,38695,37,55
2021-08-25T23:59:59+02:00,7920,7307,54386,51266,61833,57341,71299,72163,92761,94930,104724,104039,72637,78933,51355,62785,14742,25402,49083,46380,57976,53136,67632,67991,88910,90591,100920,100348,70683,76808,49962,61114,14272,24413,795411,751450,69997,67264,182168,175071,38244,37,55
2021-08-24T23:59:59+02:00,7810,7218,54247,51062,61707,57204,71193,72034,92644,94810,104619,103941,72584,78886,51320,62740,14734,25386,48863,46157,57838,52965,67523,67856,88808,90498,100829,100266,70645,76755,49937,61088,14268,24396,794011,750052,69980,67242,182158,175049,37987,37,55
2021-08-23T23:59:59+02:00,7748,7144,54064,50890,61575,57080,71080,71923,92517,94703,104521,103842,72532,78824,51286,62698,14727,25375,48679,45983,57721,52839,67417,67759,88704,90407,100742,100187,70604,76704,49909,61049,14264,24384,792802,749034,69950,67216,182143,174994,37631,37,55
2021-08-22T23:59:59+02:00,7720,7118,53981,50812,61522,57018,71040,71870,92474,94661,104478,103813,72511,78808,51277,62685,14726,25369,48560,45874,57632,52746,67342,67699,88633,90349,100700,100145,70574,76680,49894,61031,14261,24377,792379,748355,69942,67208,182122,174944,37437,37,55
2021-08-21T23:59:59+02:00,7714,7115,53954,50797,61503,57007,71024,71856,92461,94643,104468,103803,72506,78806,51277,62684,14726,25368,48540,45857,57611,52739,67324,67680,88615,90334,100690,100135,70572,76677,49894,61030,14261,24377,792308,748264,69899,67189,182118,174938,37384,37,55
2021-08-20T23:59:59+02:00,7683,7078,53864,50722,61429,56946,70953,71793,92396,94580,104415,103767,72481,78778,51265,62658,14718,25357,48447,45782,57540,52676,67254,67624,88557,90274,100630,100097,70549,76654,49888,61014,14252,24373,791766,747747,69827,67176,182115,174914,37172,37,55
2021-08-19T23:59:59+02:00,7617,6998,53732,50599,61279,56830,70836,71685,92281,94491,104319,103676,72432,78721,51236,62618,14709,25337,48314,45679,57424,52583,67164,67546,88466,90195,100532,100031,70516,76626,49868,60990,14248,24364,790726,747102,69791,67142,182098,174869,36778,37,55
2021-08-18T23:59:59+02:00,7542,6941,53584,50461,61152,56719,70725,71593,92172,94402,104217,103591,72373,78668,51201,62582,14699,25316,48195,45552,57305,52485,67074,67472,88348,90106,100454,99955,70468,76584,49846,60962,14240,24347,789721,746375,69761,67103,182087,174817,36366,37,55
2021-08-17T23:59:59+02:00,7459,6860,53421,50297,61044,56594,70609,71472,92067,94297,104109,103491,72322,78625,51173,62556,14691,25305,48002,45374,57173,52346,66953,67365,88218,90010,100344,99858,70412,76535,49821,60941,14233,24335,788643,745343,69739,67069,182082,174762,35925,37,55
2021-08-16T23:59:59+02:00,7387,6797,53291,50166,60947,56480,70509,71377,91973,94192,104016,103391,72278,78573,51143,62512,14683,25297,47862,45256,57065,52276,66858,67280,88117,89923,100257,99764,70365,76494,49795,60911,14225,24330,787768,744715,69691,67006,182067,174695,35483,37,54
2021-08-15T23:59:59+02:00,7338,6757,53213,50085,60878,56410,70443,71317,91915,94141,103961,103343,72243,78544,51135,62496,14679,25288,47756,45160,56973,52188,66788,67218,88039,89858,100202,99717,70327,76457,49780,60890,14220,24318,787294,744226,69677,66977,182054,174613,35158,37,53
2021-08-14T23:59:59+02:00,7316,6742,53140,50015,60829,56366,70407,71270,91878,94102,103922,103307,72222,78536,51126,62485,14677,25285,47517,44887,56806,52000,66635,67064,87904,89736,100086,99610,70277,76414,49769,60867,14216,24313,786811,742394,69670,66971,182054,174602,35087,37,53
2021-08-13T23:59:59+02:00,7275,6706,53030,49919,60744,56286,70354,71201,91802,94046,103871,103262,72199,78514,51114,62474,14675,25278,47013,44388,56566,51732,66405,66809,87631,89483,99889,99405,70190,76312,49730,60807,14210,24292,786057,738914,69666,66961,182054,174528,34970,37,53
2021-08-12T23:59:59+02:00,7244,6679,52929,49848,60685,56207,70280,71151,91731,93987,103810,103216,72165,78482,51100,62458,14673,25264,46514,43943,56290,51430,66144,66587,87371,89259,99539,99129,70075,76173,49671,60743,14199,24263,785619,735861,69641,66905,182038,174074,34608,37,52
2021-08-11T23:59:59+02:00,7178,6610,52763,49679,60554,56088,70196,71057,91623,93883,103710,103109,72105,78417,51068,62416,14666,25248,45835,43323,55919,51048,65882,66290,87076,88994,99202,98761,69935,76027,49610,60640,14187,24234,784445,731743,69620,66868,182029,173639,34273,37,52
2021-08-10T23:59:59+02:00,7101,6526,52564,49492,60409,55968,70089,70934,91498,93753,103586,103004,72053,78360,51037,62385,14658,25239,44878,42415,55248,50393,65387,65836,86616,88509,98709,98304,69730,75828,49510,60539,14166,24195,783084,725473,69611,66816,182023,173136,33934,37,52
2021-08-09T23:59:59+02:00,7058,6479,52453,49400,60331,55894,70031,70874,91430,93681,103514,102945,72010,78324,51031,62369,14654,25231,43871,41352,54533,49702,64912,65404,86171,88075,98192,97835,69540,75604,49417,60413,14138,24155,782518,719009,69541,66737,182012,172573,33634,37,52
2021-08-08T23:59:59+02:00,7012,6438,52388,49332,60291,55862,69993,70849,91373,93634,103461,102905,71989,78302,51017,62348,14648,25226,43815,41289,54470,49656,64848,65366,86099,88017,98125,97785,69514,75573,49395,60387,14130,24148,782233,718720,69534,66721,181998,172490,33297,37,52
2021-08-07T23:59:59+02:00,6973,6397,52279,49204,60213,55786,69935,70784,91303,93572,103411,102857,71972,78285,51008,62342,14648,25225,42849,40266,53915,49084,64412,64961,85724,87619,97805,97438,69371,75430,49339,60305,14113,24130,781448,712352,69530,66704,181998,172482,33212,37,50
2021-08-06T23:59:59+02:00,6930,6335,52145,49075,60140,55720,69869,70703,91223,93496,103351,102800,71949,78262,50997,62323,14646,25221,42167,39653,53672,48817,64189,64719,85489,87397,97576,97236,69287,75339,49297,60264,14107,24117,780575,708734,69526,66622,181997,172345,33081,37,50
2021-08-05T23:59:59+02:00,6820,6228,51891,48851,59964,55531,69728,70558,91061,93349,103209,102664,71888,78199,50969,62283,14633,25202,41332,38957,53152,48357,63816,64371,85031,86997,96953,96717,69100,75155,49231,60166,14088,24086,778955,704186,69473,66571,181964,171216,32629,37,50
2021-08-04T23:59:59+02:00,6731,6142,51696,48618,59817,55353,69615,70407,90926,93235,103090,102547,71827,78135,50943,62237,14622,25173,40489,38169,52782,47954,63494,64051,84659,86669,96541,96310,68937,74984,49154,60069,14072,24052,777547,699595,69437,66552,181950,170430,32173,37,50
2021-08-03T23:59:59+02:00,6658,6085,51526,48481,59692,55223,69524,70316,90827,93136,102993,102466,71774,78100,50923,62211,14614,25157,39490,37223,51987,47270,62951,63518,84141,86185,95827,95680,68693,74768,49062,59952,14051,24007,776511,693344,69428,66529,181943,169248,31817,37,50
2021-08-02T23:59:59+02:00,6610,6042,51390,48342,59600,55144,69440,70247,90772,93063,102914,102404,71735,78059,50902,62188,14607,25144,38216,36060,51022,46458,62234,62930,83535,85619,95027,94978,68439,74511,48974,59818,14031,23968,775815,685708,69381,66478,181915,167936,31485,37,50
2021-08-01T23:59:59+02:00,6568,5987,51219,48180,59446,55029,69347,70133,90664,92972,102826,102311,71693,78022,50880,62148,14602,25128,38031,35926,50862,46358,62103,62837,83357,85476,94574,94575,68322,74401,48935,59769,14020,23948,774766,685062,69352,66419,181897,166626,31133,37,49
2021-07-31T23:59:59+02:00,6525,5953,51125,48059,59391,54957,69298,70089,90625,92942,102799,102287,71682,78010,50872,62144,14602,25125,36421,34414,49951,45489,61566,62272,82853,84963,94093,94141,68133,74196,48856,59674,14002,23915,774156,675902,69348,66410,181897,166511,31077,37,49
2021-07-30T23:59:59+02:00,6489,5900,50975,47918,59309,54876,69229,70030,90551,92862,102743,102249,71665,77986,50863,62121,14599,25121,34959,33008,48978,44538,60834,61580,82167,84342,93410,93565,67899,73959,48752,59524,13983,23884,773394,666363,69323,66399,181891,166206,30871,37,49
2021-07-29T23:59:59+02:00,6374,5780,50545,47550,59094,54606,69037,69840,90362,92674,102580,102112,71590,77904,50830,62066,14584,25103,34224,32390,48353,44089,60431,61225,81743,83991,92637,92889,67704,73801,48689,59437,13963,23853,771079,662494,69269,66253,181848,164560,30428,37,49
2021-07-28T23:59:59+02:00,6302,5717,50290,47356,58962,54451,68909,69744,90234,92550,102473,102018,71534,77847,50803,62026,14575,25086,33899,32095,48033,43850,60198,61001,81564,83819,92398,92689,67630,73734,48656,59404,13950,23843,769762,660784,69236,66164,181821,164038,30051,37,48
2021-07-27T23:59:59+02:00,6250,5670,50128,47216,58820,54355,68816,69655,90132,92441,102367,101941,71489,77794,50773,61992,14567,25072,32430,30690,46759,42755,59365,60206,80959,83288,91376,91841,67353,73449,48568,59277,13918,23802,768858,652112,69210,66093,181797,162242,29606,37,48
2021-07-26T23:59:59+02:00,6227,5641,50009,47128,58722,54268,68739,69602,90045,92380,102302,101889,71449,77757,50750,61972,14561,25063,31061,29429,45436,41629,58263,59219,80249,82653,90210,90810,67045,73176,48477,59160,13894,23760,768324,643025,69144,65998,181759,159945,29271,36,48
2021-07-25T23:59:59+02:00,6207,5624,49895,47023,58632,54202,68675,69543,89980,92323,102242,101841,71415,77721,50731,61949,14558,25053,30854,29272,45162,41431,58007,58988,79977,82443,89248,89955,66837,73002,48408,59087,13882,23736,767912,641835,69132,65879,181733,157487,28832,35,48
2021-07-24T23:59:59+02:00,6172,5595,49775,46935,58563,54140,68627,69487,89934,92280,102201,101800,71409,77714,50728,61946,14557,25049,29256,27680,44006,40344,57309,58273,79357,81869,88603,89388,66657,72811,48337,58985,13868,23712,767306,631759,69123,65862,181725,157347,28753,35,48
2021-07-23T23:59:59+02:00,6087,5508,49601,46757,58469,54036,68518,69384,89829,92176,102111,101704,71373,77657,50707,61915,14553,25043,27558,26159,42745,39254,56376,57384,78664,81251,87894,88724,66387,72538,48258,58884,13847,23682,765929,621187,69119,65696,181706,156873,28669,35,48
2021-07-22T23:59:59+02:00,5947,5395,49304,46472,58270,53831,68346,69216,89645,92023,101956,101570,71306,77574,50665,61864,14542,25024,26736,25330,41834,38440,55433,56555,77920,80624,86228,87216,66011,72138,48148,58753,13816,23630,763991,612692,69074,65194,181674,155401,28206,35,48
2021-07-21T23:59:59+02:00,5671,5112,48770,45943,57967,53518,68114,68938,89366,91775,101686,101303,71179,77444,50605,61799,14533,24998,26480,25106,41412,38158,54991,56164,77550,80342,85419,86610,65843,72010,48092,58687,13798,23605,760380,610716,69049,64915,181652,153624,27635,35,48
2021-07-20T23:59:59+02:00,5594,5038,48484,45664,57797,53310,67938,68793,89186,91620,101521,101159,71103,77377,50566,61752,14524,24970,25303,23951,40117,37124,53648,54960,76645,79568,84055,85264,65536,71668,47984,58550,13770,23559,758696,600304,69042,64759,181608,152041,27045,35,48
2021-07-19T23:59:59+02:00,5514,4952,48158,45338,57576,53102,67772,68590,88998,91442,101373,100998,71030,77295,50523,61701,14515,24941,24472,23112,38805,36001,51917,53462,75377,78513,82941,84282,65241,71412,47884,58432,13745,23519,756896,590254,69032,64613,181580,150248,26305,35,48
2021-07-18T23:59:59+02:00,5506,4951,48086,45280,57479,53023,67701,68516,88905,91375,101301,100933,70993,77253,50497,61668,14513,24929,24334,23011,38534,35779,51584,53171,75125,78317,82036,83512,65048,71233,47827,58359,13740,23497,756619,589188,69009,64450,181540,148017,25736,35,48
2021-07-17T23:59:59+02:00,5479,4914,47987,45202,57405,52963,67639,68459,88845,91313,101256,100914,70985,77238,50492,61661,14513,24928,22946,21548,37145,34474,50340,51976,74519,77760,81401,82915,64919,71085,47760,58297,13731,23477,756056,578297,69004,64424,181531,147877,25597,35,48
2021-07-16T23:59:59+02:00,5376,4835,47745,44970,57281,52858,67521,68345,88706,91216,101149,100810,70939,77186,50469,61642,14507,24922,21688,20308,35848,33228,48883,50655,73507,76825,80700,82255,64699,70862,47678,58196,13712,23445,754600,566651,69002,64361,181524,147674,25346,35,48
2021-07-15T23:59:59+02:00,5234,4706,47347,44645,57072,52664,67328,68160,88494,91017,100961,100641,70841,77085,50420,61568,14498,24893,21082,19807,34920,32529,47644,49707,72322,75906,78548,80119,64099,70264,47534,58017,13693,23382,752540,557292,68985,63331,181477,145832,24559,35,48
2021-07-14T23:59:59+02:00,4860,4382,46755,44070,56838,52398,67120,67957,88280,90776,100743,100444,70734,76975,50352,61485,14486,24869,20875,19661,34657,32369,47271,49404,71790,75514,77882,79583,63775,69988,47451,57933,13670,23348,749089,555481,68969,63143,181425,143930,24028,35,46
2021-07-13T23:59:59+02:00,4769,4302,46554,43917,56673,52240,66958,67810,88122,90649,100597,100317,70661,76913,50314,61438,14482,24853,20312,19127,33631,31548,45650,47949,70029,73850,76277,78022,63400,69597,47322,57761,13641,23296,747724,544543,68952,62372,181351,142311,23529,35,46
2021-07-12T23:59:59+02:00,4704,4224,46366,43726,56521,52098,66803,67683,87949,90510,100441,100176,70585,76825,50276,61382,14475,24835,19835,18691,32844,30925,43986,46492,67647,71777,74385,76518,62870,69010,47177,57599,13613,23245,746450,533435,68929,61803,181251,139738,22936,35,46
2021-07-11T23:59:59+02:00,4699,4221,46295,43673,56458,52048,66752,67644,87887,90457,100369,100115,70547,76782,50266,61367,14472,24821,19626,18548,32492,30677,43537,46115,67185,71417,73605,75818,62470,68630,47105,57509,13597,23212,746300,531634,68918,61477,181186,137261,22456,35,46
2021-07-10T23:59:59+02:00,4573,4085,46011,43366,56272,51851,66602,67468,87753,90317,100267,100008,70491,76725,50245,61341,14469,24812,19062,17997,31548,29814,41786,44534,65701,70135,72969,75197,62305,68481,47052,57457,13590,23198,744200,521014,68912,61461,181174,137215,22357,35,46
2021-07-09T23:59:59+02:00,4444,3967,45736,43114,56104,51657,66440,67302,87601,90152,100134,99903,70438,76652,50209,61300,14464,24800,18470,17423,30574,28851,39832,42603,63403,68008,71808,74056,62031,68156,46976,57332,13572,23173,742144,507310,68898,61080,181168,136809,22194,35,46
2021-07-08T23:59:59+02:00,4415,3941,45592,43000,55978,51539,66308,67202,87476,90030,100015,99806,70384,76600,50188,61262,14453,24786,17527,16616,29170,27816,38111,41147,61272,66186,68450,70899,61132,67180,46731,56989,13527,23078,741413,492031,68838,58999,181097,134228,21607,34,46
2021-07-07T23:59:59+02:00,4403,3935,45526,42957,55894,51485,66225,67158,87423,89989,99972,99756,70368,76578,50179,61244,14449,24776,16566,15762,27777,26803,36583,39913,59651,64730,65219,67421,60114,66138,46494,56668,13477,23006,741108,476721,68791,57086,181045,132079,21339,34,46
2021-07-06T23:59:59+02:00,4351,3887,45380,42829,55768,51343,66119,67049,87314,89897,99891,99672,70330,76519,50161,61217,14446,24762,15795,15021,26697,25894,34735,38200,56249,61705,62566,64960,59360,65349,46221,56334,13436,22903,739974,458809,68771,56268,180986,129949,21171,33,46
2021-07-05T23:59:59+02:00,4288,3842,45203,42653,55615,51240,65995,66940,87197,89804,99806,99574,70267,76455,50139,61190,14443,24747,15135,14393,25747,25077,33502,37066,53147,58729,59790,62493,58521,64537,45968,56022,13391,22825,738787,442715,68732,55912,180906,127462,20940,33,46
2021-07-04T23:59:59+02:00,4279,3836,45156,42621,55549,51207,65952,66914,87159,89772,99774,99546,70243,76434,50133,61175,14437,24736,14930,14189,25308,24721,32903,36538,52482,58200,58804,61628,57859,63905,45784,55817,13372,22776,738592,438635,68700,55707,180836,124760,20762,33,45
2021-07-03T23:59:59+02:00,4059,3658,44622,42057,55232,50830,65655,66637,86912,89511,99573,99350,70170,76362,50110,61129,14433,24724,14644,13867,24954,24366,31925,35616,50736,56651,57935,60892,57685,63707,45717,55732,13360,22751,734778,430053,68685,55689,180830,124712,20698,33,45
2021-07-02T23:59:59+02:00,3750,3372,43969,41463,54906,50495,65373,66333,86639,89258,99337,99124,70067,76249,50058,61059,14427,24707,14226,13418,24258,23759,30765,34547,48102,54481,55799,59102,57290,63276,45557,55573,13344,22713,730444,417531,68668,54638,180817,123981,20625,32,30
2021-07-01T23:59:59+02:00,3612,3262,43613,41112,54704,50320,65213,66169,86485,89117,99183,99004,69996,76181,50027,61025,14419,24692,13536,12733,22956,22677,29086,33033,46088,52737,53304,56820,55866,61701,45063,54957,13271,22586,728298,403991,68604,52324,180767,120148,20433,32,29
2021-06-30T23:59:59+02:00,3601,3245,43349,40915,54520,50186,65095,66072,86393,89050,99113,98952,69969,76157,50015,61003,14415,24681,12791,12131,21786,21778,27497,31663,44234,51020,49667,52858,54537,60367,44707,54519,13215,22458,727153,388226,68553,50420,180746,116715,20248,31,29
2021-06-29T23:59:59+02:00,3384,3025,42433,40080,53913,49584,64656,65644,85981,88598,98766,98625,69844,76008,49958,60932,14396,24650,12190,11524,20987,21010,26130,30455,41610,48607,47794,51310,53567,59256,44300,53981,13121,22305,721174,376181,68500,48895,180731,113331,20041,31,28
2021-06-28T23:59:59+02:00,3166,2845,41476,39082,53247,48931,64192,65253,85599,88209,98433,98281,69704,75848,49893,60832,14378,24627,11688,11072,20328,20419,25160,29557,39516,46667,46168,49944,52458,58209,43938,53473,13041,22184,715007,366689,68389,47859,180722,109653,19847,31,28
2021-06-27T23:59:59+02:00,3161,2842,41439,39050,53201,48896,64154,65219,85547,88173,98381,98255,69684,75835,49884,60818,14373,24624,11494,10878,20002,20102,24582,28995,38490,45816,45002,48850,51425,57196,43504,52966,12959,22041,714798,362081,68360,47415,180687,105337,19660,31,28
2021-06-26T23:59:59+02:00,2679,2369,40045,37680,52477,48151,63602,64655,85060,87654,97956,97822,69493,75660,49811,60714,14354,24601,11379,10775,19832,19947,24383,28777,38010,45377,44634,48497,51311,57051,43458,52918,12954,22026,706083,359121,68333,47410,180687,105319,19649,31,28
2021-06-25T23:59:59+02:00,2272,2036,39195,36869,52126,47793,63279,64331,84779,87344,97704,97555,69389,75544,49764,60652,14340,24579,11079,10465,19449,19521,23856,28154,35322,43072,42448,46582,50973,56672,43360,52787,12930,21995,701026,347544,68197,46964,180680,104668,19617,31,28
2021-06-24T23:59:59+02:00,2218,1984,38706,36408,51775,47465,63062,64122,84545,87151,97516,97398,69307,75478,49729,60606,14334,24563,10481,9881,18385,18642,22432,26898,33222,41233,40015,44286,49491,55021,42790,52086,12813,21792,698079,334654,68168,44361,180659,101115,19430,31,28
2021-06-23T23:59:59+02:00,2205,1960,38475,36177,51613,47296,62948,64011,84447,87056,97439,97314,69276,75447,49711,60585,14330,24552,10026,9449,17758,18086,21503,26040,31290,39600,36046,39823,48197,53657,42404,51579,12733,21626,696846,319123,68136,43739,180643,97806,19188,29,28
2021-06-22T23:59:59+02:00,2126,1899,37490,35250,50862,46624,62466,63563,84072,86646,97075,97002,69127,75304,49644,60504,14317,24519,9554,9016,16888,17398,20279,24960,28162,36834,33740,37946,47239,52685,41994,51022,12593,21392,690709,306938,68091,40999,180630,94737,19031,29,27
2021-06-21T23:59:59+02:00,1979,1760,36138,34027,49841,45756,61745,62901,83576,86174,96635,96597,68958,75133,49578,60409,14305,24484,9235,8718,16427,17034,19653,24481,26416,35269,32201,36652,46189,51605,41541,50473,12486,21200,682750,299578,68063,40356,180615,91098,18540,28,27
2021-06-20T23:59:59+02:00,1968,1751,36051,33974,49698,45635,61608,62766,83496,86115,96566,96538,68924,75105,49563,60391,14305,24473,9087,8615,16209,16866,19337,24223,25599,34615,31258,35702,45994,51402,41510,50421,12477,21180,682114,295791,68024,39764,180597,90766,18164,28,27
2021-06-19T23:59:59+02:00,1600,1451,34435,32431,48793,44815,61120,62262,83025,85641,96159,96186,68775,74939,49498,60310,14290,24449,9047,8541,16105,16743,19217,24070,25493,34456,31128,35560,45898,51306,41492,50396,12473,21170,673411,294450,68007,39761,180590,90729,18143,28,27
2021-06-18T23:59:59+02:00,1404,1278,32788,30845,47586,43626,60182,61342,82219,84894,95545,95609,68556,74717,49409,60172,14274,24419,8972,8456,15946,16588,19029,23877,25240,34216,30845,35240,45604,50959,41408,50319,12460,21156,662281,292255,67873,39646,180589,90308,18094,28,27
2021-06-17T23:59:59+02:00,1329,1220,31865,30002,46721,42917,59376,60492,81477,84248,95134,95225,68414,74573,49367,60096,14260,24390,8430,8090,15256,16032,18201,23051,24137,33090,29364,33878,44278,49456,40923,49707,12340,20967,655350,283309,67759,38819,180558,87649,17411,28,27
2021-06-16T23:59:59+02:00,1246,1156,31174,29300,45918,42171,58450,59613,80700,83477,94711,94845,68278,74413,49310,60004,14240,24364,7942,7764,14641,15517,17423,22323,22996,32134,28184,32768,42381,47337,40377,49128,12232,20782,648281,273559,67634,38219,180538,85250,16889,28,27
2021-06-15T23:59:59+02:00,1104,1037,29282,27510,44170,40649,56861,57976,79313,82157,93953,94174,67991,74120,49196,59847,14207,24299,7767,7637,14332,15277,17061,22021,22476,31749,27651,32339,41443,46321,39993,48702,12108,20562,633327,270485,67586,37712,180500,82823,16405,28,27
2021-06-14T23:59:59+02:00,1011,923,27732,26039,42569,39134,55208,56326,78212,81047,93259,93546,67740,73879,49101,59726,14187,24254,7584,7464,13958,14942,16534,21575,21783,31166,26972,31745,41057,45897,39609,48251,11977,20356,620092,267804,67532,37298,180471,79983,15770,28,26
2021-06-13T23:59:59+02:00,987,898,27533,25859,42185,38802,54663,55805,77866,80740,93067,93356,67650,73799,49064,59668,14172,24229,7442,7296,13685,14647,16146,21175,21355,30675,26435,31242,40659,45493,39146,47686,11798,20071,617393,265709,67391,37229,180443,76910,15088,28,26
2021-06-12T23:59:59+02:00,858,784,26019,24267,41021,37722,53990,55071,77333,80246,92518,92831,67495,73622,48995,59591,14159,24208,7397,7246,13563,14539,16014,21062,21171,30529,26317,31142,40642,45476,39136,47675,11798,20070,607853,264929,67385,37227,180438,76580,15026,28,26
2021-06-11T23:59:59+02:00,745,675,24401,22744,39670,36530,52760,53862,76364,79394,91944,92255,67260,73387,48933,59483,14140,24173,7341,7158,13391,14352,15797,20866,20899,30268,26046,30885,40337,45100,39051,47560,11780,20041,596091,263034,67305,37082,180429,75874,14867,28,26
2021-06-10T23:59:59+02:00,644,585,23404,21736,38450,35348,51155,52358,75047,78198,90338,90708,66905,72992,48807,59309,14115,24118,7060,6933,12865,13916,15158,20294,20138,29512,25255,30208,39632,44239,38699,47142,11666,19857,583193,259569,66823,37048,180377,72146,13796,28,26
2021-06-09T23:59:59+02:00,574,536,22950,21348,37789,34825,50046,51312,73803,77002,89747,90203,66778,72847,48757,59224,14100,24088,6787,6624,12273,13311,14373,19483,19221,28487,24270,29045,37064,41319,38135,46497,11518,19618,576021,249243,66362,36975,180338,68612,13180,28,26
2021-06-08T23:59:59+02:00,468,425,21433,19884,36182,33465,47933,49353,71661,75065,88272,88724,66462,72462,48622,59063,14067,24044,6656,6448,11889,12940,13889,18994,18617,27885,23714,28508,36780,41064,37844,46130,11409,19461,558652,247583,66086,36897,180305,65219,12514,28,26
2021-06-07T23:59:59+02:00,353,331,20427,18909,34637,32134,45658,47331,69526,73187,87294,87876,66238,72196,48548,58928,14047,24008,6502,6286,11464,12589,13346,18510,17889,27296,23080,27910,36460,40760,37426,45649,11296,19262,543468,245590,65915,36827,180252,61328,11965,28,26
2021-06-06T23:59:59+02:00,330,310,20247,18763,34242,31849,45050,46757,68907,72702,87083,87710,66182,72135,48536,58901,14040,23996,6370,6111,11136,12174,12917,17938,17252,26486,22384,27102,35992,40284,36944,45096,11140,18993,540346,243142,65588,36778,180209,56816,11569,28,25
2021-06-05T23:59:59+02:00,258,245,19000,17497,32910,30635,43823,45583,68332,72184,86551,87200,66091,72033,48488,58853,14033,23984,6319,6030,11032,12011,12792,17760,17082,26275,22213,26913,35928,40207,36922,45072,11138,18988,530348,242539,65588,36365,180188,56216,11548,28,25
2021-06-04T23:59:59+02:00,177,175,17806,16346,31600,29344,42270,44086,66990,70870,85744,86448,65904,71820,48412,58761,14017,23955,6216,5888,10858,11801,12578,17504,16727,25890,21693,26475,35041,39352,36607,44772,11121,18965,517519,240696,65521,36038,180181,53265,11476,28,24
2021-06-03T23:59:59+02:00,122,122,17166,15772,30614,28517,40810,42791,65215,69339,83495,84163,65478,71367,48284,58599,13999,23917,6046,5679,10548,11445,12260,17038,16276,25229,21144,25896,34377,38561,36431,44569,11088,18915,503725,238359,64824,35651,180142,50429,11051,28,23
2021-06-02T23:59:59+02:00,93,79,16823,15461,30303,28252,40146,42169,63625,67947,82554,83361,65337,71204,48224,58516,13996,23902,5929,5588,10373,11285,12030,16822,15984,24923,20798,25503,31129,34933,36203,44346,11059,18862,496216,229658,64821,35319,180141,49991,10786,28,23
2021-06-01T23:59:59+02:00,37,44,16031,14789,28805,27146,37783,40108,60056,64762,80121,81039,64988,70840,48096,58326,13962,23848,5655,5308,9855,10851,11493,16228,15317,24127,20060,24745,30786,34636,36008,44168,11030,18800,477849,228195,63264,34814,180074,46479,9567,27,22
2021-05-31T23:59:59+02:00,29,36,15467,14310,27866,26444,35822,38443,56611,61734,78090,79336,64657,70484,47952,58151,13930,23796,5492,5100,9443,10485,11065,15747,14781,23442,19436,24040,30501,34382,35825,43976,10995,18743,462079,227514,62542,34427,180008,42997,8502,27,22
2021-05-30T23:59:59+02:00,27,33,15321,14183,27580,26213,35369,38034,55898,61114,77770,79063,64595,70426,47927,58116,13926,23785,5389,4904,9115,10123,10653,15260,14329,22640,18909,23270,29823,33666,35598,43783,10973,18681,459098,227049,62104,34347,179960,37516,8191,27,22
2021-05-29T23:59:59+02:00,25,32,14924,13790,26731,25397,33610,36442,54415,59818,77181,78496,64445,70277,47874,58063,13919,23771,5356,4829,9052,10010,10559,15142,14220,22491,18778,23131,29794,33643,35592,43775,10972,18678,448970,226566,62071,34347,179956,36910,8186,27,22
2021-05-28T23:59:59+02:00,22,31,14518,13389,25916,24652,31761,34681,52243,57812,76129,77500,64240,70025,47822,57986,13909,23748,5272,4711,8875,9866,10403,14968,14059,22254,18566,22830,29725,33596,35575,43758,10971,18673,437011,225892,61602,34341,179867,35979,7877,27,22
2021-05-27T23:59:59+02:00,18,26,13889,12922,24849,23935,30511,33753,50636,56436,73031,74514,63798,69488,47688,57824,13886,23693,5159,4476,8542,9526,10000,14536,13617,21621,18060,22231,29502,33392,35464,43646,10950,18645,424860,225242,59643,34270,179235,32710,7132,27,22
2021-05-26T23:59:59+02:00,17,24,13402,12499,23935,23291,29590,33050,49551,55510,70072,71322,63183,68877,47553,57653,13855,23647,5072,4313,8286,9209,9700,14147,13259,21019,17627,21631,29306,33225,35366,43541,10923,18593,414035,224628,57468,34152,178738,29661,6763,27,22
2021-05-25T23:59:59+02:00,17,19,13061,12202,23353,22886,28533,32189,46949,53273,67810,69196,62831,68510,47440,57504,13837,23592,4994,4192,8077,8946,9446,13770,12947,20498,17243,21081,29147,33070,35282,43435,10896,18537,402173,224075,56401,34071,178115,26916,6486,27,22
2021-05-24T23:59:59+02:00,16,18,12763,11919,22854,22503,27913,31737,44326,50839,65349,67005,62522,68211,47329,57378,13801,23535,4922,4083,7827,8713,9126,13384,12617,19985,16859,20524,29004,32930,35207,43363,10872,18490,390502,223495,55917,34004,177448,24270,6124,27,22
2021-05-23T23:59:59+02:00,16,18,12701,11850,22759,22418,27833,31658,44069,50612,64761,66456,62442,68123,47304,57360,13799,23533,4901,4068,7792,8682,9067,13350,12538,19924,16780,20469,28995,32917,35203,43356,10872,18488,388297,223213,55836,33997,177434,24061,6118,27,22
2021-05-22T23:59:59+02:00,16,18,12477,11612,22438,22110,26832,30768,42233,49036,63905,65715,62279,67932,47238,57269,13789,23510,4884,4013,7764,8618,9026,13285,12507,19838,16750,20401,28984,32907,35199,43350,10871,18487,379806,223121,55825,33997,177429,23663,6090,27,22
2021-05-21T23:59:59+02:00,16,17,12174,11361,21869,21669,26018,30076,39839,47141,61929,64046,62017,67659,47154,57181,13774,23484,4865,3986,7709,8532,8960,13196,12430,19745,16675,20316,28968,32881,35192,43340,10869,18486,369373,222925,54769,33982,177237,23212,6018,27,22
2021-05-20T23:59:59+02:00,15,17,11561,10788,20740,20775,24866,29046,38332,45862,59583,61973,61198,66758,46953,56922,13740,23428,4588,3808,7308,8241,8519,12801,11973,19233,16255,19795,28847,32785,35141,43287,10865,18476,358866,222519,52414,33871,175955,20224,5295,27,22
2021-05-19T23:59:59+02:00,15,17,11121,10475,19953,20223,24018,28446,37430,45178,56350,58336,60508,66055,46844,56787,13717,23381,4435,3648,7053,7998,8243,12472,11642,18803,15885,19372,28748,32673,35098,43211,10854,18461,348398,222036,50792,33753,174826,17983,4811,27,22
2021-05-18T23:59:59+02:00,15,17,10790,10188,19371,19772,23364,27885,36021,43950,54936,57207,60136,65628,46714,56626,13692,23356,4328,3521,6805,7764,7982,12187,11407,18400,15537,18942,28664,32581,35068,43170,10850,18454,343003,221744,48938,33671,173346,15878,4354,27,22
2021-05-17T23:59:59+02:00,14,16,10569,10007,18933,19483,22928,27574,34818,42957,53626,56171,59887,65381,46650,56527,13676,23323,4257,3435,6597,7546,7730,11892,11150,18004,15226,18536,28572,32493,35043,43129,10844,18441,338920,221444,47943,33603,171826,14011,3824,27,22
2021-05-16T23:59:59+02:00,14,15,10378,9878,18637,19279,22594,27333,34179,42497,52388,55001,59694,65216,46613,56473,13665,23303,4188,3361,6380,7380,7440,11639,10882,17652,14931,18172,28506,32431,35027,43111,10837,18437,336481,221193,47066,33541,170207,12250,3377,26,22
2021-05-15T23:59:59+02:00,14,15,10283,9778,18486,19131,22423,27188,33794,42128,51992,54623,59578,65070,46565,56428,13662,23287,4148,3325,6296,7315,7347,11536,10780,17533,14827,18042,28411,32313,34935,43018,10833,18432,334078,220105,47065,33539,170073,12231,3203,26,22
2021-05-14T23:59:59+02:00,13,15,10000,9574,18056,18888,22022,26901,31442,40349,49840,52766,59357,64841,46517,56343,13646,23265,4019,3242,6010,7151,7042,11312,10434,17182,14481,17715,27839,31607,34812,42826,10815,18403,324914,216813,47012,33533,169461,12108,2423,25,22
2021-05-13T23:59:59+02:00,13,15,9539,9205,17263,18326,21154,26220,30325,39359,47596,50592,58506,63867,46307,56060,13607,23192,3518,3048,5671,6898,6730,11003,10023,16792,14104,17281,26943,30408,34388,42308,10784,18341,316420,212218,45149,32977,167438,10917,2115,24,22
2021-05-12T23:59:59+02:00,13,15,9248,9011,16830,18069,20683,25930,29796,38973,44593,46948,57933,63225,46223,55946,13589,23167,3378,2960,5439,6787,6450,10856,9740,16583,13865,17017,26295,29585,34222,42115,10758,18308,307233,209187,44332,32951,167145,10749,1458,24,22
2021-05-11T23:59:59+02:00,13,13,8811,8732,16057,17551,19819,25310,28057,37530,42658,45445,57556,62779,46139,55811,13568,23139,3259,2829,5206,6445,6152,10443,9372,16027,13426,16456,24872,27915,33711,41487,10707,18220,301744,203206,41273,32768,164658,9251,1289,24,22
2021-05-10T23:59:59+02:00,13,12,8550,8579,15545,17296,19185,24989,27067,36840,41197,44300,57289,62506,46059,55707,13548,23108,3149,2704,4974,6210,5898,10119,9049,15550,13063,16034,23821,26584,33222,40904,10672,18162,298439,198551,40364,32740,161987,7835,977,23,20
2021-05-09T23:59:59+02:00,13,12,8394,8497,15238,17115,18802,24734,26400,36411,39418,42634,56993,62227,46004,55649,13540,23088,3029,2650,4793,6070,5730,9945,8851,15343,12895,15861,23546,26252,33077,40731,10662,18147,295465,197356,39990,32697,158986,6812,705,23,20
2021-05-08T23:59:59+02:00,13,12,8319,8424,15057,16969,18593,24534,26172,36173,39185,42443,56866,62077,45966,55612,13537,23077,3021,2631,4762,6034,5686,9899,8774,15278,12809,15791,23176,25826,32791,40417,10654,18131,293901,196167,39537,31987,158863,6809,705,23,20
2021-05-07T23:59:59+02:00,12,11,8146,8328,14729,16785,18205,24297,25749,35883,38729,42063,56592,61722,45917,55565,13530,23067,2722,2497,4412,5847,5416,9637,8458,14967,12413,15395,22077,24452,32141,39582,10626,18081,291357,192703,39105,30485,158535,5215,310,23,18
2021-05-06T23:59:59+02:00,11,11,7495,7971,13830,16185,17146,23442,24407,34768,36584,40398,55463,60401,45674,55258,13495,23000,2597,2384,4237,5651,5208,9333,8114,14526,11980,14941,20770,22775,31286,38573,10572,17967,280707,187082,37822,29526,156714,4024,273,23,17
2021-05-05T23:59:59+02:00,9,11,6957,7662,13046,15636,16109,22675,23020,33743,34753,38910,53622,58360,45353,54912,13462,22934,2510,2325,4062,5494,5017,9121,7767,14188,11611,14580,19380,20993,30092,37157,10532,17864,269236,180947,36899,28354,154922,3289,94,23,17
2021-05-04T23:59:59+02:00,9,10,6768,7570,12680,15459,15621,22404,22371,33397,33793,38211,52768,57397,45230,54784,13444,22893,2455,2255,3908,5325,4841,8867,7425,13780,11185,14121,17728,19065,28994,35825,10435,17744,265455,174130,36031,27413,153260,2361,41,22,16
2021-05-03T23:59:59+02:00,9,10,6622,7421,12302,15240,15115,22092,21664,32990,32640,37321,52470,57079,45134,54676,13429,22861,2396,2185,3814,5145,4701,8631,7207,13431,10864,13713,16525,17566,28114,34721,10370,17636,262164,168551,35570,27063,151289,1367,30,22,16
2021-05-02T23:59:59+02:00,9,10,6541,7329,12087,15068,14820,21859,21187,32669,31490,36373,52186,56788,45072,54585,13411,22830,2381,2178,3793,5112,4670,8595,7141,13360,10780,13621,16213,17170,27817,34416,10358,17623,259728,166984,35496,26949,149039,1260,29,22,14
2021-05-01T23:59:59+02:00,9,10,6523,7306,12024,15019,14740,21795,21086,32596,31363,36279,52180,56773,45068,54584,13409,22828,2378,2171,3769,5095,4629,8570,7104,13323,10719,13566,16015,16947,27702,34279,10355,17613,259158,166018,35495,26924,148888,1258,29,22,14
2021-04-30T23:59:59+02:00,9,10,6485,7267,11933,14924,14634,21676,20891,32410,31123,36088,51909,56413,45023,54531,13403,22816,2350,2150,3707,5032,4533,8461,6954,13140,10441,13303,15199,15920,26831,33205,10314,17525,257374,162810,35452,25032,148669,1189,28,22,14
2021-04-29T23:59:59+02:00,9,10,6280,7140,11611,14736,14280,21439,20372,32120,30370,35597,51260,55587,44931,54412,13376,22737,2312,2104,3614,4945,4409,8325,6760,12922,10164,13016,14223,14686,25527,31658,10252,17432,254191,157105,35357,24284,146670,927,27,22,14
2021-04-28T23:59:59+02:00,9,10,6016,6976,11234,14400,13787,20971,19732,31512,29205,34464,48591,52581,44637,54087,13313,22659,2274,2063,3547,4884,4294,8208,6600,12738,9915,12797,13082,13204,24035,29777,10190,17329,244238,151131,35230,23079,144679,708,15,22,12
2021-04-27T23:59:59+02:00,9,10,5912,6884,11081,14277,13587,20807,19453,31302,28644,34076,48385,52360,44581,54033,13304,22637,2232,2029,3458,4790,4201,8099,6434,12552,9633,12521,11865,11639,22379,27620,10111,17183,242861,144304,35182,21894,143262,530,15,22,11
2021-04-26T23:59:59+02:00,9,10,5863,6840,10964,14209,13426,20685,19227,31091,27810,33509,48047,51991,44526,53967,13295,22608,2210,2002,3404,4747,4139,8031,6332,12419,9444,12347,10946,10480,21099,25863,10050,17093,242130,139024,35155,21146,140756,420,15,21,9
2021-04-25T23:59:59+02:00,9,10,5817,6793,10859,14114,13266,20529,18980,30807,27049,32770,47549,51480,44442,53868,13281,22588,2184,1992,3374,4728,4121,8012,6299,12378,9387,12286,10784,10287,20856,25540,10040,17079,240419,138171,35112,20798,138644,362,15,21,9
2021-04-24T23:59:59+02:00,9,10,5795,6744,10782,14025,13167,20385,18846,30628,26888,32589,47448,51357,44348,53772,13277,22583,2177,1982,3349,4700,4082,7965,6227,12306,9256,12168,10627,10106,20721,25408,10024,17061,238939,137643,35094,20157,138584,343,15,21,9
2021-04-23T23:59:59+02:00,9,10,5733,6655,10649,13826,12964,20131,18535,30248,26491,32227,46502,50220,44194,53527,13254,22551,2159,1960,3306,4663,4033,7911,6132,12215,9092,12040,10360,9806,20397,24987,9976,16979,234541,136519,35034,19149,138115,332,15,21,9
2021-04-22T23:59:59+02:00,9,10,5631,6541,10439,13627,12611,19795,18023,29776,25861,31634,44773,48066,43622,52798,13208,22450,2145,1949,3267,4610,3956,7838,6003,12115,8833,11875,9926,9399,19941,24396,9926,16902,228287,134394,34922,18370,135629,300,15,21,9
2021-04-21T23:59:59+02:00,9,9,5533,6404,10209,13425,12280,19481,17520,29282,25143,30901,40492,43195,43142,52264,13141,22346,2132,1940,3231,4573,3901,7780,5922,12022,8657,11715,9594,9015,19442,23804,9860,16805,216156,132745,34855,17358,133729,277,15,21,5
2021-04-20T23:59:59+02:00,9,9,5455,6314,10015,13208,12005,19215,17097,28875,24590,30333,38737,41179,42487,51484,13069,22205,2107,1927,3190,4549,3834,7736,5789,11923,8486,11587,9310,8697,18969,23135,9763,16664,209910,131376,34765,16054,131575,223,15,21,5
2021-04-19T23:59:59+02:00,9,8,5376,6236,9854,13078,11800,19005,16734,28493,24044,29862,37178,39385,41895,50762,13015,22118,2091,1910,3155,4514,3794,7692,5749,11854,8401,11495,9072,8413,18561,22567,9716,16572,204870,129680,34707,15660,129241,203,15,19,5
2021-04-18T23:59:59+02:00,9,7,5314,6185,9723,12993,11600,18866,16453,28295,23636,29549,35866,38020,41542,50357,12981,22054,2078,1895,3127,4492,3768,7676,5705,11807,8351,11446,8974,8324,18407,22379,9703,16547,203324,129199,34665,15269,125428,198,15,18,5
2021-04-17T23:59:59+02:00,9,7,5308,6169,9689,12962,11553,18826,16376,28228,23572,29490,35555,37679,41434,50259,12975,22043,2068,1887,3100,4479,3710,7631,5635,11756,8265,11394,8863,8214,18301,22263,9682,16534,202093,128394,34656,15179,125352,196,15,18,5
2021-04-16T23:59:59+02:00,9,7,5243,6130,9600,12901,11418,18714,16165,28068,23219,29142,34472,36420,41022,49733,12955,22009,1935,1801,2871,4299,3350,7314,4865,11223,6775,10304,6340,6144,16490,20570,9487,16236,197925,119042,34566,10756,124704,193,15,17,5
2021-04-15T23:59:59+02:00,9,7,5177,6040,9398,12728,11123,18467,15669,27674,22529,28537,32574,34104,39975,48525,12874,21841,1892,1769,2804,4234,3231,7193,4648,11041,6397,9996,5883,5745,15898,19883,9295,15901,192097,115908,34513,9705,120609,184,15,17,5
2021-04-14T23:59:59+02:00,9,7,5115,5994,9232,12601,10907,18290,15267,27359,21877,28057,30646,31852,38755,47103,12799,21654,1809,1715,2720,4166,3120,7100,4447,10875,6089,9746,5404,5331,15316,19195,9091,15545,185715,113282,34374,8245,117403,129,15,17,5
2021-04-13T23:59:59+02:00,9,7,5068,5940,9095,12473,10730,18122,14924,27083,21354,27595,28542,29399,37492,45504,12655,21447,1765,1698,2683,4123,3064,7039,4313,10735,5819,9535,5061,5027,14865,18746,8955,15341,178819,111858,34308,6865,114281,33,15,16,5
2021-04-12T23:59:59+02:00,9,7,5005,5891,8987,12335,10523,17974,14603,26802,20815,27140,26501,27125,36332,44034,12525,21246,1730,1654,2653,4103,3036,6986,4254,10668,5716,9434,4895,4881,14564,18378,8842,15140,173094,111012,34229,5877,110500,32,15,16,5
2021-04-11T23:59:59+02:00,9,7,4969,5848,8894,12256,10365,17873,14339,26625,20390,26816,25298,25834,35626,43249,12436,21096,1721,1648,2632,4083,3011,6958,4219,10621,5629,9366,4803,4826,14448,18255,8803,15087,171306,110802,34158,5269,106435,26,15,16,5
2021-04-10T23:59:59+02:00,9,7,4958,5835,8852,12228,10310,17838,14271,26576,20294,26736,24982,25459,35279,42829,12429,21075,1716,1642,2623,4075,2997,6941,4189,10590,5570,9327,4725,4749,14319,18089,8756,15002,170092,110003,33433,5268,106411,26,15,16,5
2021-04-09T23:59:59+02:00,9,7,4911,5803,8768,12149,10186,17714,14102,26402,20034,26492,24142,24304,34324,41618,12397,21001,1688,1613,2566,4041,2925,6881,4038,10480,5315,9103,4309,4374,13749,17371,8526,14633,166724,106316,31916,5260,105697,26,11,15,5
2021-04-08T23:59:59+02:00,9,7,4835,5738,8622,12040,9973,17542,13706,26088,19429,26025,22434,22314,32629,39644,12248,20765,1658,1597,2512,3996,2842,6794,3889,10344,5023,8839,3852,3947,12755,16124,8042,13870,160959,101324,31009,4729,102054,21,11,15,5
2021-04-07T23:59:59+02:00,9,6,4788,5685,8438,11962,9746,17392,13388,25861,18958,25663,20625,20199,30867,37380,12130,20551,1625,1581,2458,3944,2781,6713,3782,10199,4836,8651,3589,3655,12065,15320,7665,13309,154912,97997,29831,4155,98884,12,10,11,5
2021-04-06T23:59:59+02:00,9,6,4741,5639,8294,11850,9586,17226,13068,25593,18438,25276,18769,18132,28940,34887,11927,20206,1590,1562,2434,3918,2748,6675,3720,10156,4754,8560,3480,3531,11592,14672,7379,12896,148059,95687,28866,3960,95642,11,10,10,5
2021-04-05T23:59:59+02:00,9,6,4710,5598,8199,11760,9447,17129,12855,25381,18036,24930,17040,16200,27312,32736,11780,19978,1568,1550,2403,3900,2718,6626,3677,10097,4668,8444,3367,3422,11251,14304,7221,12615,142643,94290,28430,3521,92015,11,10,8,5
2021-04-04T23:59:59+02:00,9,6,4703,5592,8191,11750,9433,17114,12829,25360,18008,24905,16908,16024,27116,32490,11771,19964,1567,1549,2401,3897,2715,6622,3675,10093,4665,8441,3358,3411,11239,14292,7218,12607,141924,94211,28337,3521,91898,11,8,6,5
2021-04-03T23:59:59+02:00,9,6,4699,5585,8177,11743,9414,17094,12790,25329,17930,24841,16828,15934,27069,32433,11766,19957,1564,1547,2392,3889,2697,6608,3652,10065,4582,8386,3241,3296,11158,14217,7212,12597,141393,93564,28311,3521,91886,11,8,6,5
2021-04-02T23:59:59+02:00,9,6,4673,5565,8118,11689,9350,17026,12651,25222,17694,24640,16375,15456,26593,31856,11734,19903,1562,1538,2378,3883,2690,6592,3631,10033,4512,8293,3171,3228,10921,13915,7060,12394,140181,92266,26898,3517,91467,11,8,6,5
2021-04-01T23:59:59+02:00,8,6,4630,5504,8006,11547,9220,16866,12378,24936,17249,24239,15623,14730,25834,30893,11607,19721,1545,1518,2349,3850,2667,6563,3592,9994,4444,8227,3058,3097,9985,12797,6446,11544,137939,88249,26234,3412,88812,10,6,6,5
2021-03-31T23:59:59+02:00,8,6,4418,5425,7895,11425,9079,16699,12159,24661,16895,23873,14926,13966,25000,29882,11497,19522,1536,1513,2336,3830,2642,6534,3544,9946,4378,8158,2970,3009,9414,12094,6081,11045,136136,85815,24770,3200,86418,10,6,6,5
2021-03-30T23:59:59+02:00,8,6,4387,5372,7821,11298,8992,16542,11997,24471,16611,23561,14325,13324,24240,28897,11358,19277,1522,1503,2315,3805,2616,6505,3504,9881,4312,8087,2843,2861,8819,11438,5730,10550,134646,83487,23554,2793,84275,6,6,6,5
2021-03-29T23:59:59+02:00,8,6,4347,5317,7721,11186,8885,16379,11838,24197,16282,23214,13780,12722,23475,27921,11198,19028,1504,1490,2296,3789,2594,6476,3470,9822,4248,8012,2790,2793,8530,11051,5541,10238,132798,82099,22794,2534,81900,6,6,6,5
2021-03-28T23:59:59+02:00,8,6,4312,5233,7637,11076,8806,16225,11703,23967,16023,22940,13451,12411,22903,27226,11023,18744,1495,1483,2274,3773,2579,6447,3430,9772,4210,7954,2742,2742,8451,10947,5496,10170,132299,81748,22269,2207,79114,5,6,6,5
2021-03-27T23:59:59+01:00,8,6,4298,5222,7611,11044,8740,16153,11603,23872,15878,22824,13245,12198,22700,27012,10988,18715,1494,1481,2271,3771,2578,6446,3416,9744,4200,7932,2734,2736,8393,10882,5461,10130,131414,81452,21623,2207,79068,5,6,6,5
2021-03-26T23:59:59+01:00,8,6,4255,5155,7501,10910,8565,15968,11269,23569,15264,22321,12323,11369,21909,26169,10841,18488,1489,1467,2266,3750,2565,6423,3399,9718,4159,7895,2704,2697,8212,10663,5340,9960,127356,80602,20010,2093,78512,5,6,6,5
2021-03-25T23:59:59+01:00,8,5,4200,4994,7338,10631,8320,15561,10885,22945,14619,21623,11648,10706,21038,25100,10522,17942,1469,1453,2234,3724,2531,6384,3364,9671,4089,7814,2574,2560,7234,9403,4725,9043,124067,76396,19228,1865,74779,5,5,6,5
2021-03-24T23:59:59+01:00,8,5,4124,4853,7201,10343,8105,15149,10621,22396,14148,21013,11041,10147,20104,24009,10189,17375,1448,1424,2207,3686,2487,6347,3322,9606,4010,7714,2475,2463,6583,8640,4340,8459,121465,73756,18034,1449,71326,3,2,4,5
2021-03-23T23:59:59+01:00,8,5,4084,4760,7094,10105,7950,14808,10358,21890,13745,20522,10574,9705,19377,23157,9875,16907,1437,1406,2181,3665,2468,6319,3263,9552,3920,7637,2382,2363,5856,7707,3888,7768,119997,70676,16928,1131,67994,3,1,4,5
2021-03-22T23:59:59+01:00,8,5,4031,4681,6966,9865,7790,14486,10098,21422,13395,20021,10180,9350,18808,22447,9681,16558,1428,1399,2174,3651,2456,6303,3239,9529,3890,7603,2321,2312,5401,7099,3530,7276,119105,68564,16525,1041,64157,3,1,4,5
2021-03-21T23:59:59+01:00,8,5,3984,4578,6832,9602,7622,14129,9877,20883,13052,19495,9860,9070,18271,21844,9492,16245,1425,1395,2173,3640,2453,6296,3233,9520,3880,7589,2307,2293,5284,6966,3472,7175,118900,68055,16128,1041,59816,2,1,4,5
2021-03-20T23:59:59+01:00,8,5,3973,4558,6797,9548,7564,14056,9793,20774,12946,19405,9773,8977,18131,21667,9441,16158,1422,1390,2169,3637,2448,6291,3220,9510,3860,7579,2272,2261,4956,6593,3283,6933,118068,66778,16033,1041,59468,2,1,4,5
2021-03-19T23:59:59+01:00,7,5,3798,4418,6504,9299,7123,13631,8881,20044,11219,18080,6912,6629,15875,19463,9078,15594,1418,1386,2164,3630,2436,6278,3208,9485,3809,7533,2205,2220,4581,6121,3014,6608,108767,65083,11310,1008,56478,2,1,4,5
2021-03-18T23:59:59+01:00,7,4,3694,4286,6327,8989,6855,13191,8493,19384,10580,17343,6197,5977,14652,17990,8560,14769,1414,1380,2141,3603,2418,6242,3179,9444,3769,7500,2160,2186,4159,5589,2731,6194,103632,63204,10302,900,53359,2,1,4,5
2021-03-17T23:59:59+01:00,7,4,3615,4213,6196,8844,6684,13014,8195,19074,10177,16953,5789,5590,13837,17063,8158,14180,1404,1367,2125,3584,2388,6210,3148,9416,3732,7464,2105,2126,3750,5143,2477,5806,100389,61475,8610,765,52589,2,1,4,5
2021-03-16T23:59:59+01:00,7,4,3536,4079,6042,8574,6477,12645,7882,18492,9630,16298,5261,5136,13021,16103,7820,13680,1395,1359,2116,3567,2372,6195,3132,9397,3707,7438,2078,2090,3232,4500,2137,5293,98066,59242,7198,761,49418,2,1,4,5
2021-03-15T23:59:59+01:00,7,4,3488,3932,5853,8301,6258,12234,7605,17920,9194,15675,4943,4851,12363,15360,7553,13217,1395,1349,2100,3552,2352,6171,3113,9348,3683,7399,2041,2039,2864,4038,1852,4898,96566,57447,6216,743,45972,2,0,4,5
2021-03-14T23:59:59+01:00,7,4,3444,3797,5623,7970,5968,11788,7296,17202,8735,14923,4620,4576,12072,15105,7505,13118,1388,1343,2084,3523,2339,6122,3095,9290,3666,7361,2034,2028,2785,3930,1799,4812,96443,57047,5599,548,41707,2,0,4,5
2021-03-13T23:59:59+01:00,7,4,3429,3756,5582,7854,5909,11666,7212,17054,8586,14768,4469,4426,11982,15020,7499,13107,1388,1343,2084,3523,2338,6122,3094,9289,3665,7361,2031,2020,2733,3875,1765,4759,95752,56838,5599,548,40975,2,0,4,5
2021-03-12T23:59:59+01:00,7,4,3410,3685,5525,7719,5848,11514,7126,16828,8450,14534,4361,4330,11708,14695,7342,12889,1388,1343,2080,3517,2337,6114,3090,9283,3663,7356,2029,2018,2645,3764,1681,4672,94320,56428,5591,548,40060,2,0,4,5
2021-03-11T23:59:59+01:00,7,4,3333,3492,5317,7419,5615,11096,6786,16160,8011,13896,4017,3993,10628,13438,6683,11973,1383,1341,2069,3503,2318,6089,3068,9250,3639,7323,1999,1994,2406,3499,1525,4453,90112,55339,5155,516,36597,2,0,4,5
2021-03-10T23:59:59+01:00,7,4,3237,3374,5099,7148,5403,10734,6516,15614,7674,13350,3794,3765,9982,12646,6294,11434,1378,1330,2042,3465,2289,5999,3020,9128,3582,7204,1955,1917,2190,3262,1391,4259,87635,54125,4779,282,33657,2,0,4,5
2021-03-09T23:59:59+01:00,6,4,3164,3247,4934,6959,5200,10448,6285,15180,7377,12841,3610,3558,9344,11946,5918,10906,1371,1319,2007,3405,2258,5897,2958,8985,3514,7122,1925,1891,1910,2945,1219,4012,85348,52700,4517,34,31058,2,0,4,5
2021-03-08T23:59:59+01:00,6,4,3099,3090,4706,6694,4961,10095,6025,14667,7016,12256,3408,3365,8951,11502,5721,10589,1368,1301,1993,3327,2227,5800,2920,8839,3481,7029,1910,1869,1707,2713,1095,3818,83872,51363,4146,32,28133,0,0,4,5
2021-03-07T23:59:59+01:00,6,4,3067,3031,4633,6579,4877,9982,5920,14503,6899,12110,3357,3319,8864,11394,5680,10520,1362,1296,1987,3315,2219,5775,2914,8800,3469,7010,1902,1857,1652,2645,1043,3749,83512,50961,3970,32,27259,0,0,4,5
2021-03-06T23:59:59+01:00,6,4,3053,2974,4592,6487,4840,9915,5862,14383,6851,11999,3333,3296,8807,11328,5645,10477,1360,1283,1982,3301,2207,5748,2911,8773,3458,6991,1892,1833,1624,2621,1037,3740,83189,50727,3970,32,26689,0,0,4,5
2021-03-05T23:59:59+01:00,6,4,3029,2880,4533,6376,4776,9816,5799,14231,6748,11847,3288,3241,8620,11100,5522,10302,1351,1250,1950,3246,2182,5642,2870,8639,3414,6853,1848,1787,1560,2551,1015,3712,82280,49836,3962,32,25872,0,0,4,5
2021-03-04T23:59:59+01:00,4,4,2976,2689,4376,6140,4558,9503,5592,13815,6435,11458,3112,3065,7599,9803,4887,9384,1332,1201,1912,3123,2151,5459,2824,8363,3359,6621,1776,1698,1523,2499,1010,3694,78107,48512,3688,31,23601,0,0,4,5
2021-03-03T23:59:59+01:00,3,4,2937,2618,4237,5948,4392,9234,5389,13437,6179,11036,2987,2933,6948,9027,4491,8774,1320,1165,1885,3050,2129,5349,2793,8184,3306,6464,1708,1656,1482,2429,990,3640,75377,47518,3445,31,21748,0,0,4,4
2021-03-02T23:59:59+01:00,3,4,2877,2527,4051,5729,4186,8963,5191,13058,5910,10660,2839,2771,6183,8059,4019,8064,1287,1122,1858,2977,2105,5207,2743,7911,3257,6266,1635,1596,1416,2349,966,3589,72201,46252,2989,31,19900,0,0,4,4
2021-03-01T23:59:59+01:00,3,3,2838,2464,3887,5577,3999,8744,5001,12737,5672,10267,2738,2656,5688,7401,3653,7553,1281,1086,1834,2876,2079,5014,2703,7661,3197,6030,1592,1560,1366,2288,936,3546,70029,45017,2680,31,18168,0,0,4,4
2021-02-28T23:59:59+01:00,3,3,2796,2416,3729,5458,3778,8554,4817,12486,5485,9962,2681,2582,5566,7247,3591,7452,1277,1081,1829,2863,2070,4990,2696,7625,3187,6013,1583,1553,1361,2280,933,3536,69551,44846,2458,30,16593,0,0,4,4
2021-02-27T23:59:59+01:00,3,2,2781,2354,3702,5378,3744,8482,4783,12393,5450,9888,2640,2548,5233,6861,3392,7201,1270,1073,1822,2851,2057,4955,2677,7560,3171,5957,1565,1544,1355,2269,931,3535,68237,44562,2458,29,16136,0,0,4,4
2021-02-26T23:59:59+01:00,3,2,2761,2313,3660,5290,3678,8378,4721,12282,5365,9801,2563,2495,4851,6378,3114,6870,1213,1023,1772,2745,2008,4775,2621,7285,3100,5748,1504,1493,1332,2248,918,3526,66422,43282,2331,28,15768,0,0,4,4
2021-02-25T23:59:59+01:00,3,2,2589,2206,3477,5107,3493,8153,4517,11996,5146,9526,2474,2428,4401,5823,2824,6442,1197,965,1741,2636,1954,4500,2552,6890,3005,5462,1458,1450,1311,2233,915,3517,64554,41760,2003,25,14046,0,0,4,4
2021-02-24T23:59:59+01:00,3,2,2436,2073,3286,4913,3346,7949,4320,11742,4926,9276,2337,2308,3941,5312,2562,6043,1182,936,1718,2553,1919,4360,2492,6634,2953,5258,1427,1418,1293,2212,911,3494,62777,40741,1524,17,12470,0,0,4,4
2021-02-23T23:59:59+01:00,3,2,2303,1935,3108,4685,3194,7710,4145,11471,4741,9029,2248,2215,3384,4646,2218,5524,1168,888,1685,2457,1880,4169,2424,6335,2859,4998,1371,1363,1264,2168,895,3467,60559,39375,1171,14,10827,0,0,4,4
2021-02-22T23:59:59+01:00,3,2,2263,1884,3024,4592,3124,7603,4051,11285,4633,8904,2197,2174,3013,4180,1932,5137,1157,829,1653,2333,1839,3923,2348,5941,2734,4701,1308,1309,1241,2135,887,3444,58878,37776,1084,4,10035,0,0,4,4
2021-02-21T23:59:59+01:00,3,2,2227,1853,2972,4523,3044,7489,3970,11140,4567,8787,2182,2151,2929,4065,1876,5049,1154,811,1636,2281,1812,3816,2315,5785,2672,4578,1278,1286,1231,2121,880,3429,58445,37079,1051,4,9329,0,0,4,4
2021-02-20T23:59:59+01:00,3,2,2215,1850,2949,4510,3028,7453,3944,11107,4546,8765,2179,2143,2875,4008,1841,4994,1153,808,1636,2279,1811,3807,2314,5780,2671,4574,1277,1283,1230,2118,879,3428,58229,37043,1050,4,9129,0,0,4,3
2021-02-19T23:59:59+01:00,2,2,2203,1836,2913,4458,3003,7365,3899,11025,4492,8702,2171,2137,2784,3894,1756,4900,1102,799,1597,2271,1801,3798,2304,5759,2663,4561,1271,1272,1219,2113,874,3421,57807,36820,1018,4,8713,0,0,4,3
2021-02-18T23:59:59+01:00,2,2,2072,1741,2757,4275,2879,7167,3762,10740,4353,8497,2137,2103,2541,3622,1599,4676,1024,763,1525,2171,1751,3677,2231,5602,2606,4476,1257,1253,1213,2099,861,3403,56732,35907,950,4,7239,0,0,4,3
2021-02-17T23:59:59+01:00,2,2,2028,1693,2666,4143,2770,6955,3609,10399,4211,8254,2078,2019,2322,3392,1470,4483,872,698,1413,2045,1674,3487,2135,5375,2534,4303,1225,1208,1187,2054,845,3358,55657,34409,804,3,6031,0,0,4,3
2021-02-16T23:59:59+01:00,2,2,1858,1582,2490,3936,2630,6680,3448,10045,4033,7949,2033,1992,2040,3072,1296,4230,845,676,1343,1967,1605,3345,2043,5202,2442,4170,1165,1162,1128,1966,812,3256,54315,33124,768,2,4231,0,0,4,3
2021-02-15T23:59:59+01:00,2,2,1823,1527,2402,3766,2553,6407,3326,9677,3919,7680,2007,1963,1821,2832,1170,4037,827,664,1314,1919,1563,3276,1986,5031,2380,4069,1108,1122,1065,1874,792,3154,53207,32142,752,1,2951,0,0,4,3
2021-02-14T23:59:59+01:00,2,2,1733,1496,2354,3704,2511,6314,3255,9573,3872,7602,1996,1953,1763,2772,1119,3977,812,654,1298,1895,1536,3253,1952,4990,2354,4013,1098,1113,1058,1865,789,3142,52867,31820,723,1,2404,0,0,4,3
2021-02-13T23:59:59+01:00,2,2,1732,1484,2344,3697,2505,6300,3252,9557,3865,7592,1987,1933,1739,2752,1115,3967,812,654,1298,1895,1536,3253,1952,4990,2354,4013,1098,1113,1058,1865,789,3142,52710,31820,723,1,2388,0,0,4,3
2021-02-12T23:59:59+01:00,2,2,1653,1399,2243,3583,2426,6127,3148,9319,3741,7327,1940,1875,1675,2681,1092,3938,805,646,1286,1872,1523,3234,1944,4959,2338,3993,1093,1108,1057,1846,789,3111,51769,31603,723,0,1675,0,0,4,3
2021-02-11T23:59:59+01:00,2,2,1456,1263,2062,3371,2298,5835,2997,8885,3583,6980,1867,1773,1633,2617,1072,3916,776,597,1191,1693,1396,2955,1804,4598,2171,3703,1040,1044,1013,1769,748,2969,50369,29468,683,0,556,0,0,4,1
2021-02-10T23:59:59+01:00,2,2,1362,1216,1978,3242,2230,5663,2915,8606,3472,6749,1797,1726,1586,2550,1053,3854,565,515,968,1469,1257,2644,1619,4137,1967,3321,920,916,880,1511,656,2627,49194,25973,644,0,161,0,0,4,1
2021-02-09T23:59:59+01:00,2,2,1326,1166,1943,3149,2202,5478,2848,8266,3402,6491,1723,1664,1524,2489,1034,3811,303,382,751,1205,1071,2267,1412,3598,1719,2866,754,754,707,1204,522,2123,47923,21639,514,0,80,0,0,3,1
2021-02-08T23:59:59+01:00,2,2,1319,1131,1911,3031,2165,5256,2797,7988,3343,6255,1680,1630,1474,2434,1017,3788,267,342,648,1052,966,2051,1253,3204,1523,2550,653,634,606,1017,450,1838,46797,19055,344,0,79,0,0,3,1
2021-02-07T23:59:59+01:00,2,2,1293,1115,1881,2979,2139,5174,2767,7885,3301,6189,1664,1614,1459,2415,1005,3773,233,287,599,963,907,1895,1162,2978,1426,2377,612,614,585,982,440,1807,46511,17869,143,0,0,0,0,3,0
2021-02-06T23:59:59+01:00,2,2,1288,1109,1875,2967,2130,5146,2754,7841,3290,6144,1651,1606,1454,2405,1002,3772,214,254,577,925,879,1830,1119,2859,1369,2294,596,595,578,982,440,1807,46292,17320,143,0,0,0,0,3,0
2021-02-05T23:59:59+01:00,2,2,1229,1057,1826,2859,2078,4950,2693,7544,3213,5928,1588,1553,1437,2382,994,3766,198,222,541,876,843,1750,1081,2739,1316,2195,563,571,566,958,428,1782,44955,16631,143,0,0,0,0,3,0
2021-02-04T23:59:59+01:00,2,2,1217,993,1785,2711,2006,4637,2610,7098,3113,5600,1543,1520,1420,2365,989,3755,169,169,467,758,744,1609,968,2501,1203,1981,517,518,518,902,407,1663,43329,15096,35,0,0,0,0,2,0
2021-02-03T23:59:59+01:00,2,2,1199,964,1755,2631,1967,4489,2544,6836,3061,5386,1507,1488,1390,2330,970,3725,140,140,394,645,628,1371,822,2124,1009,1690,398,382,374,681,287,1258,42209,12345,35,0,0,0,0,2,0
2021-02-02T23:59:59+01:00,2,2,1182,908,1721,2530,1925,4269,2471,6504,2956,5114,1454,1441,1366,2299,960,3700,117,116,319,524,523,1133,677,1794,820,1381,297,279,293,499,225,947,40767,9946,35,0,0,0,0,2,0
2021-02-01T23:59:59+01:00,1,2,1169,848,1685,2407,1874,4024,2394,6114,2835,4818,1387,1359,1336,2253,947,3671,84,76,220,352,350,740,429,1158,480,859,185,170,172,298,126,562,39087,6261,35,0,0,0,0,2,0
2021-01-31T23:59:59+01:00,1,2,1165,830,1668,2350,1849,3902,2362,5930,2768,4699,1356,1336,1325,2237,940,3655,73,70,186,281,272,574,340,904,398,692,159,155,160,289,122,548,38341,5223,32,0,0,0,0,2,0
2021-01-30T23:59:59+01:00,1,2,1165,827,1667,2345,1847,3891,2360,5919,2765,4689,1355,1332,1324,2236,940,3654,70,63,153,233,244,506,305,786,355,617,158,148,155,285,122,547,38286,4747,31,0,0,0,0,2,0
2021-01-29T23:59:59+01:00,1,2,1113,818,1628,2338,1836,3884,2352,5904,2757,4678,1351,1329,1320,2236,940,3654,62,45,116,178,200,352,250,638,311,489,147,139,144,275,119,546,38110,4011,29,0,0,0,0,2,0
2021-01-28T23:59:59+01:00,1,2,1039,792,1572,2275,1803,3815,2305,5833,2724,4626,1339,1317,1311,2230,928,3640,40,20,74,105,131,205,155,382,203,292,115,106,118,221,107,496,37524,2770,26,0,0,0,0,2,0
2021-01-27T23:59:59+01:00,1,2,891,740,1476,2199,1735,3701,2232,5704,2666,4500,1310,1272,1282,2192,912,3605,31,13,62,87,105,161,122,325,176,247,107,88,105,201,103,459,36401,2392,17,0,0,0,0,2,0
2021-01-26T23:59:59+01:00,1,2,877,720,1413,2123,1674,3571,2145,5532,2578,4388,1251,1232,1232,2119,887,3545,30,12,59,84,101,155,118,310,175,238,104,82,98,180,92,409,35276,2247,12,0,0,0,0,2,0
2021-01-25T23:59:59+01:00,1,2,863,699,1382,2061,1641,3474,2099,5363,2521,4296,1198,1207,1177,2059,869,3479,28,12,56,84,98,153,117,308,174,238,103,81,97,179,90,406,34387,2224,3,0,0,0,0,1,0
2021-01-24T23:59:59+01:00,1,2,860,698,1376,2050,1636,3457,2091,5338,2509,4264,1194,1200,1172,2052,868,3473,28,12,56,84,97,152,117,308,174,237,103,81,97,179,90,405,34237,2220,3,0,0,0,0,1,0
2021-01-23T23:59:59+01:00,1,2,860,698,1376,2050,1636,3457,2091,5338,2509,4264,1194,1200,1172,2052,868,3473,28,12,56,84,97,152,117,308,173,237,103,81,97,179,90,405,34237,2219,3,0,0,0,0,1,0
2021-01-22T23:59:59+01:00,1,2,859,688,1362,2027,1621,3433,2078,5304,2493,4245,1192,1195,1171,2029,867,3439,28,12,56,84,97,152,117,308,172,237,103,81,97,179,90,405,34002,2218,3,0,0,0,0,1,0
2021-01-21T23:59:59+01:00,1,2,828,651,1285,1870,1520,3241,1982,5033,2382,4046,1152,1135,1142,1961,830,3318,26,11,52,79,89,143,107,279,158,214,89,72,86,155,74,345,32375,1979,3,0,0,0,0,1,0
2021-01-20T23:59:59+01:00,1,2,627,554,1091,1654,1384,2966,1806,4627,2178,3705,1023,1016,1012,1720,754,3014,24,11,51,75,86,142,99,266,147,195,78,65,80,130,62,307,29130,1818,3,0,0,0,0,1,0
2021-01-19T23:59:59+01:00,1,2,342,410,840,1396,1180,2619,1570,4098,1914,3254,848,843,838,1424,629,2564,20,8,36,53,57,77,73,179,103,132,58,50,52,96,47,238,24769,1279,2,0,0,0,0,1,0
2021-01-18T23:59:59+01:00,1,2,301,373,727,1209,1062,2366,1377,3597,1673,2872,708,689,678,1168,525,2119,8,4,12,18,19,26,24,52,25,46,13,11,13,33,11,72,21445,387,1,0,0,0,0,1,0
2021-01-17T23:59:59+01:00,1,2,259,319,661,1114,983,2195,1279,3325,1559,2659,662,659,649,1108,497,2051,0,0,1,0,3,2,2,1,2,2,1,4,1,0,0,1,19981,20,1,0,0,0,0,0,0
2021-01-16T23:59:59+01:00,1,2,242,288,645,1079,959,2133,1238,3214,1508,2585,646,641,641,1108,497,2050,0,0,0,0,1,2,1,1,1,2,0,1,1,0,0,1,19476,11,1,0,0,0,0,0,0
2021-01-15T23:59:59+01:00,1,2,227,254,615,1029,932,2055,1204,3096,1456,2489,615,615,634,1087,490,2038,0,0,0,0,0,0,0,0,0,0,0,0,0,0,0,0,18839,0,0,0,0,0,0,0,0
2021-01-14T23:59:59+01:00,1,2,197,204,554,908,843,1911,1109,2875,1341,2304,571,571,594,1041,483,1992,0,0,0,0,0,0,0,0,0,0,0,0,0,0,0,0,17501,0,0,0,0,0,0,0,0
2021-01-13T23:59:59+01:00,1,2,167,185,506,837,771,1786,1010,2638,1187,2080,455,452,452,824,367,1551,0,0,0,0,0,0,0,0,0,0,0,0,0,0,0,0,15271,0,0,0,0,0,0,0,0
2021-01-12T23:59:59+01:00,1,2,143,164,475,768,720,1631,921,2435,1079,1848,365,343,352,592,270,1114,0,0,0,0,0,0,0,0,0,0,0,0,0,0,0,0,13223,0,0,0,0,0,0,0,0
2021-01-11T23:59:59+01:00,0,1,114,127,399,637,630,1377,757,1977,847,1460,227,202,202,358,153,673,0,0,0,0,0,0,0,0,0,0,0,0,0,0,0,0,10141,0,0,0,0,0,0,0,0
2021-01-10T23:59:59+01:00,0,1,88,92,308,458,474,998,548,1449,623,1063,189,178,185,344,147,659,0,0,0,0,0,0,0,0,0,0,0,0,0,0,0,0,7804,0,0,0,0,0,0,0,0
2021-01-09T23:59:59+01:00,0,1,78,84,261,395,403,866,481,1232,547,905,183,168,180,339,147,657,0,0,0,0,0,0,0,0,0,0,0,0,0,0,0,0,6927,0,0,0,0,0,0,0,0
2021-01-08T23:59:59+01:00,0,1,65,64,188,287,305,585,367,934,441,686,175,163,164,327,145,657,0,0,0,0,0,0,0,0,0,0,0,0,0,0,0,0,5554,0,0,0,0,0,0,0,0
2021-01-07T23:59:59+01:00,0,0,46,24,80,120,140,231,165,421,223,341,130,127,145,277,131,602,0,0,0,0,0,0,0,0,0,0,0,0,0,0,0,0,3203,0,0,0,0,0,0,0,0
2021-01-06T23:59:59+01:00,0,0,34,18,70,92,119,180,137,344,194,277,111,98,116,227,112,517,0,0,0,0,0,0,0,0,0,0,0,0,0,0,0,0,2646,0,0,0,0,0,0,0,0
2021-01-05T23:59:59+01:00,0,0,31,13,60,88,108,166,121,329,180,254,109,94,115,220,109,499,0,0,0,0,0,0,0,0,0,0,0,0,0,0,0,0,2496,0,0,0,0,0,0,0,0
2021-01-04T23:59:59+01:00,0,0,28,12,57,85,100,158,116,314,178,242,108,90,108,206,99,461,0,0,0,0,0,0,0,0,0,0,0,0,0,0,0,0,2362,0,0,0,0,0,0,0,0
2021-01-03T23:59:59+01:00,0,0,28,12,57,85,100,158,116,314,178,242,108,90,107,205,99,461,0,0,0,0,0,0,0,0,0,0,0,0,0,0,0,0,2360,0,0,0,0,0,0,0,0
2021-01-02T23:59:59+01:00,0,0,28,12,57,85,100,158,116,314,177,242,108,90,107,205,99,461,0,0,0,0,0,0,0,0,0,0,0,0,0,0,0,0,2359,0,0,0,0,0,0,0,0
2021-01-01T23:59:59+01:00,0,0,28,12,57,85,100,158,116,314,175,241,108,90,107,205,99,461,0,0,0,0,0,0,0,0,0,0,0,0,0,0,0,0,2356,0,0,0,0,0,0,0,0
2020-12-31T23:59:59+01:00,0,0,28,12,57,85,100,158,116,314,175,241,108,90,107,205,99,461,0,0,0,0,0,0,0,0,0,0,0,0,0,0,0,0,2356,0,0,0,0,0,0,0,0
2020-12-30T23:59:59+01:00,0,0,27,12,57,84,99,155,116,313,175,241,108,90,107,205,99,461,0,0,0,0,0,0,0,0,0,0,0,0,0,0,0,0,2349,0,0,0,0,0,0,0,0
2020-12-29T23:59:59+01:00,0,0,20,9,42,60,76,91,86,218,128,189,83,77,78,171,80,373,0,0,0,0,0,0,0,0,0,0,0,0,0,0,0,0,1781,0,0,0,0,0,0,0,0
2020-12-28T23:59:59+01:00,0,0,9,6,18,30,31,45,40,113,53,102,36,42,40,98,43,211,0,0,0,0,0,0,0,0,0,0,0,0,0,0,0,0,917,0,0,0,0,0,0,0,0
2020-12-27T23:59:59+01:00,0,0,2,2,4,5,7,11,10,24,6,22,6,7,7,25,5,56,0,0,0,0,0,0,0,0,0,0,0,0,0,0,0,0,199,0,0,0,0,0,0,0,0
