Datum,<24_1_m,<24_1_w,25-34_1_m,25-34_1_w,35-44_1_m,35-44_1_w,45-54_1_m,45-54_1_w,55-64_1_m,55-64_1_w,65-74_1_m,65-74_1_w,75-84_1_m,75-84_1_w,>84_1_m,>84_1_w,<24_2_m,<24_2_w,25-34_2_m,25-34_2_w,35-44_2_m,35-44_2_w,45-54_2_m,45-54_2_w,55-64_2_m,55-64_2_w,65-74_2_m,65-74_2_w,75-84_2_m,75-84_2_w,>84_2_m,>84_2_w,bp_1,bp_2,mo_1,mo_2,az_1,az_2,ja
2021-06-21T23:59:59+02:00,42229,39881,50401,46258,61949,63633,86358,88802,93813,94190,65136,71773,46934,57972,11257,20306,10517,10265,16427,16795,19409,24866,27005,35961,31685,35564,45960,51631,39521,48510,9823,17639,676355,294361,67176,39798,179262,89320,18099
2021-06-20T23:59:59+02:00,42142,39821,50282,46155,61847,63524,86307,88758,93763,94136,65117,71750,46920,57956,11257,20299,10379,10176,16254,16657,19113,24639,26256,35366,30873,34686,45864,51532,39493,48462,9817,17624,675809,291080,67157,39238,179249,89054,17819
2021-06-19T23:59:59+02:00,40063,37880,49435,45390,61357,63030,85836,88272,93400,93817,64978,71598,46863,57883,11245,20278,10327,10090,16159,16540,18998,24481,26150,35220,30755,34550,45780,51448,39474,48434,9814,17618,667134,289778,67144,39235,179247,89025,17800
2021-06-18T23:59:59+02:00,38091,35982,48286,44236,60455,62194,85043,87527,92843,93286,64781,71407,46781,57757,11232,20250,10254,9996,16003,16387,18812,24291,25900,34984,30479,34237,45498,51125,39398,48362,9806,17607,656047,287650,67095,39120,179246,88606,17763
2021-06-17T23:59:59+02:00,37010,35022,47438,43533,59700,61386,84331,86915,92485,92951,64660,71280,46739,57682,11221,20227,9674,9586,15321,15819,18000,23474,24758,33837,29019,32870,44266,49736,38940,47775,9711,17459,649252,278800,67015,38371,179218,85979,17095
2021-06-16T23:59:59+02:00,36205,34240,46637,42791,58831,60528,83606,86200,92112,92606,64540,71135,46686,57598,11203,20205,9135,9226,14722,15331,17220,22716,23588,32884,27865,31709,42493,47778,38441,47234,9623,17305,642434,269297,66899,37775,179203,83611,16587
2021-06-15T23:59:59+02:00,34022,32212,44936,41248,57267,58950,82294,84954,91406,91982,64300,70869,46588,57447,11175,20154,8932,9077,14425,15088,16853,22437,23051,32498,27349,31257,41609,46833,38070,46821,9532,17124,627670,266300,66857,37278,179169,81270,16108
2021-06-14T23:59:59+02:00,32260,30492,43279,39707,55705,57393,81251,83886,90769,91409,64071,70654,46502,57334,11158,20117,8720,8887,14044,14765,16332,21999,22358,31898,26737,30699,41249,46437,37700,46384,9433,16951,614550,263714,66810,36874,179140,78518,15487
2021-06-13T23:59:59+02:00,32022,30269,42847,39341,55215,56920,80910,83584,90596,91235,63996,70581,46467,57283,11147,20095,8564,8696,13768,14478,15963,21592,21905,31402,26229,30213,40877,46047,37262,45839,9292,16716,611881,261662,66679,36808,179108,75533,14840
2021-06-12T23:59:59+02:00,30231,28418,41739,38308,54577,56238,80381,83090,90075,90733,63861,70425,46405,57212,11139,20078,8511,8633,13643,14373,15825,21482,21726,31262,26129,30127,40863,46035,37254,45832,9292,16716,602353,260899,66676,36808,179100,75215,14781
2021-06-11T23:59:59+02:00,28356,26674,40390,37095,53413,55087,79401,82243,89541,90197,63662,70213,46350,57116,11120,20048,8440,8519,13475,14210,15609,21284,21462,31017,25865,29856,40577,45692,37170,45723,9281,16693,590591,259050,66601,36663,179088,74534,14626
2021-06-10T23:59:59+02:00,27176,25485,39093,35842,51856,53660,78125,81059,87988,88709,63370,69873,46235,56955,11100,20004,8122,8254,12951,13778,14977,20719,20691,30248,25116,29217,39916,44881,36828,45311,9196,16542,577753,255667,66143,36632,179039,70853,13595
2021-06-09T23:59:59+02:00,26635,25045,38448,35293,50720,52612,76926,79916,87486,88254,63271,69752,46188,56875,11087,19978,7798,7888,12324,13170,14208,19890,19784,29209,24061,27982,37456,42143,36315,44708,9073,16333,570760,245442,65746,36570,178998,67348,12982
2021-06-08T23:59:59+02:00,24883,23357,36793,33886,48622,50643,74825,78030,86158,86898,62990,69403,46068,56743,11063,19939,7634,7676,11940,12828,13735,19402,19162,28586,23554,27498,37185,41903,36031,44346,8990,16197,553510,243824,65485,36497,178968,64008,12338
2021-06-07T23:59:59+02:00,23679,22210,35136,32444,46339,48652,72778,76198,85328,86161,62799,69168,46003,56617,11046,19910,7449,7488,11510,12481,13184,18929,18431,27960,22969,26950,36881,41602,35621,43871,8910,16034,538435,241873,65316,36434,178917,60163,11800
2021-06-06T23:59:59+02:00,23461,22032,34736,32132,45722,48088,72191,75745,85155,86022,62754,69113,45988,56589,11042,19900,7302,7280,11187,12068,12763,18358,17792,27156,22303,26185,36434,41155,35182,43343,8787,15809,535355,239477,64995,36388,178867,55786,11453
2021-06-05T23:59:59+02:00,22003,20577,33385,30837,44593,47020,71631,75225,84647,85534,62671,69018,45946,56546,11036,19890,7243,7202,11090,11916,12643,18211,17620,26952,22153,26028,36387,41095,35163,43323,8785,15804,525372,238924,64995,35973,178759,55285,11433
2021-06-04T23:59:59+02:00,20600,19245,32035,29498,43082,45542,70282,73949,83928,84845,62523,68842,45880,56462,11023,19867,7125,7040,10911,11712,12425,17958,17244,26569,21652,25569,35509,40273,34890,43063,8773,15782,512559,237138,64930,35653,178751,52341,11363
2021-06-03T23:59:59+02:00,19844,18558,31014,28633,41593,44263,68516,72408,81763,82621,62200,68480,45760,56317,11009,19835,6938,6799,10599,11380,12115,17469,16780,25928,21131,25003,34872,39542,34733,42884,8747,15737,498906,234856,64253,35272,178708,49582,10947
2021-06-02T23:59:59+02:00,19476,18202,30703,28373,40861,43576,66854,70979,80989,81956,62080,68335,45710,56246,11006,19822,6809,6695,10429,11231,11890,17257,16502,25605,20611,24444,31824,36132,34535,42685,8727,15687,491522,226266,64252,34949,178706,49160,10688
2021-06-01T23:59:59+02:00,18526,17430,29181,27245,38453,41423,63244,67773,78898,79961,61798,68016,45590,56078,10979,19772,6498,6374,9910,10798,11362,16675,15828,24818,19938,23748,31514,35869,34360,42513,8704,15632,473533,224901,62706,34461,178647,45698,9481
2021-05-31T23:59:59+02:00,17867,16882,28227,26535,36284,39611,59769,64677,77187,78519,61506,67697,45464,55925,10951,19731,6309,6123,9500,10449,10942,16167,15288,24143,19358,23096,31249,35644,34195,42344,8675,15581,457819,224255,61998,34076,178584,42301,8431
2021-05-30T23:59:59+02:00,17692,16733,27957,26317,35792,39154,59054,64070,76935,78303,61455,67645,45440,55894,10947,19721,6190,5892,9149,10103,10550,15659,14828,23348,18865,22374,30613,34988,34000,42170,8657,15534,454881,223824,61565,33996,178539,36976,8124
2021-05-29T23:59:59+02:00,17249,16296,27020,25412,33994,37546,57694,62878,76377,77741,61335,67529,45390,55848,10944,19708,6151,5801,9087,9996,10459,15546,14714,23201,18743,22246,30594,34974,33995,42163,8656,15531,444776,223365,61532,33996,178534,36377,8119
2021-05-28T23:59:59+02:00,16790,15846,26138,24592,32014,35649,55655,61046,75397,76766,61183,67343,45345,55779,10935,19689,6052,5669,8927,9852,10306,15379,14555,22966,18541,21954,30547,34950,33980,42150,8655,15528,432845,222745,61066,33991,178444,35463,7812
2021-05-27T23:59:59+02:00,16052,15314,25088,23878,30763,34692,54004,59628,72349,73792,60871,66951,45227,55624,10914,19645,5908,5393,8594,9537,9917,14960,14118,22300,18078,21429,30358,34773,33877,42051,8638,15502,420772,222136,59124,33924,177825,32302,7071
2021-05-26T23:59:59+02:00,15466,14829,24202,23220,29857,34008,52838,58654,69308,70483,60493,66565,45106,55466,10887,19612,5802,5190,8330,9234,9629,14552,13749,21689,17666,20880,30188,34617,33785,41956,8616,15459,410001,221551,56956,33808,177330,29276,6707
2021-05-25T23:59:59+02:00,15072,14477,23639,22825,28685,33058,50012,56193,67334,68629,60243,66302,45006,55325,10875,19569,5711,5047,8108,8974,9387,14179,13427,21142,17297,20385,30050,34489,33712,41857,8597,15413,398202,221039,55893,33730,176710,26567,6439
2021-05-24T23:59:59+02:00,14715,14153,23151,22451,28070,32593,46916,53307,65366,66907,59986,66040,44907,55204,10847,19523,5627,4920,7849,8747,9067,13792,13104,20626,16937,19864,29936,34381,33648,41793,8578,15373,386591,220523,55414,33668,176045,23965,6086
2021-05-23T23:59:59+02:00,14644,14077,23057,22366,27998,32518,46623,53031,64811,66388,59915,65977,44887,55187,10845,19522,5604,4900,7811,8722,9007,13753,13029,20570,16872,19812,29930,34372,33645,41788,8578,15372,384396,220263,55337,33662,176033,23760,6080
2021-05-22T23:59:59+02:00,14390,13822,22746,22038,26853,31525,44794,51481,64103,65758,59768,65796,44831,55104,10836,19503,5583,4839,7787,8662,8969,13693,12996,20482,16848,19759,29924,34361,33640,41784,8578,15371,375943,220186,55323,33662,176027,23373,6055
2021-05-21T23:59:59+02:00,14043,13523,22161,21602,25954,30791,42208,49414,62433,64318,59576,65592,44756,55020,10824,19485,5559,4800,7731,8577,8906,13613,12918,20384,16776,19681,29914,34345,33634,41774,8576,15370,365616,220003,54264,33649,175837,22923,5983
2021-05-20T23:59:59+02:00,13326,12871,21018,20724,24841,29782,40633,48062,60101,62229,58915,64872,44580,54787,10798,19437,5234,4593,7327,8289,8501,13216,12446,19853,16400,19230,29812,34272,33590,41727,8574,15362,355214,219620,51946,33543,174552,19999,5264
2021-05-19T23:59:59+02:00,12825,12502,20219,20181,23991,29187,39743,47367,56586,58283,58596,64566,44487,54659,10780,19397,5059,4406,7087,8039,8214,12889,12100,19409,16063,18841,29732,34171,33550,41657,8566,15352,344832,219159,50334,33434,173428,17767,4775
2021-05-18T23:59:59+02:00,12448,12168,19638,19734,23358,28618,38177,46017,55366,57295,58273,64189,44369,54516,10759,19376,4941,4255,6834,7810,7966,12599,11857,19016,15739,18429,29669,34110,33521,41624,8563,15345,339510,218886,48506,33361,171962,15708,4323
2021-05-17T23:59:59+02:00,12189,11950,19208,19461,22927,28309,36814,44880,54232,56407,58074,63981,44311,54421,10747,19348,4860,4148,6615,7585,7715,12304,11602,18629,15442,18041,29602,34051,33501,41587,8557,15333,335477,218616,47533,33295,170455,13867,3794
2021-05-16T23:59:59+02:00,11972,11790,18911,19261,22596,28062,36119,44378,53010,55250,57963,63881,44276,54372,10738,19329,4780,4064,6379,7416,7448,12050,11327,18267,15178,17731,29551,34006,33486,41568,8550,15330,333060,218377,46659,33237,168843,12171,3346
2021-05-15T23:59:59+02:00,11866,11675,18752,19118,22433,27920,35679,43958,52662,54918,57861,63756,44236,54327,10735,19316,4734,4022,6288,7349,7357,11942,11229,18151,15071,17606,29450,33883,33412,41489,8546,15326,330677,217297,46659,33236,168707,12153,3169
2021-05-14T23:59:59+02:00,11549,11445,18326,18880,22039,27641,32919,41855,50910,53359,57709,63602,44189,54255,10723,19297,4584,3930,5994,7176,7053,11712,10880,17797,14721,17279,28915,33183,33298,41333,8533,15300,321603,214026,46606,33232,168093,12034,2396
2021-05-13T23:59:59+02:00,11029,11008,17512,18318,21166,26957,31785,40847,48612,51081,57007,62830,44007,53997,10692,19233,4025,3705,5678,6922,6754,11407,10468,17413,14325,16807,28020,31995,32938,40888,8507,15250,313156,209468,44749,32681,166085,10862,2091
2021-05-12T23:59:59+02:00,10694,10781,17085,18069,20691,26673,31251,40451,45322,47065,56779,62613,43928,53895,10678,19213,3862,3606,5447,6816,6482,11258,10184,17202,14072,16511,27410,31215,32797,40729,8484,15219,304029,206503,43927,32659,165796,10696,1436
2021-05-11T23:59:59+02:00,10200,10463,16285,17533,19844,26056,29278,38875,43611,45671,56483,62257,43848,53773,10663,19188,3716,3449,5219,6466,6176,10843,9814,16615,13600,15935,26003,29554,32352,40189,8446,15145,298565,200570,40870,32480,163324,9203,1269
2021-05-10T23:59:59+02:00,9893,10288,15763,17278,19232,25735,28222,38134,42203,44549,56307,62063,43777,53673,10645,19164,3593,3299,4986,6228,5927,10531,9480,16120,13202,15492,24976,28210,31925,39696,8415,15095,295321,195950,39966,32455,160670,7801,969
2021-05-09T23:59:59+02:00,9702,10194,15472,17089,18846,25490,27500,37662,40346,42804,56177,61937,43733,53619,10638,19148,3453,3237,4809,6090,5767,10355,9288,15907,13025,15328,24700,27879,31806,39539,8407,15086,292385,194767,39595,32416,157683,6799,694
2021-05-08T23:59:59+02:00,9609,10101,15296,16949,18637,25279,27269,37425,40122,42616,56064,61815,43700,53580,10635,19140,3443,3215,4775,6056,5723,10306,9206,15841,12927,15245,24309,27426,31569,39276,8400,15071,290836,193583,39144,31714,157563,6797,694
2021-05-07T23:59:59+02:00,9409,9989,14955,16764,18267,25045,26852,37138,39690,42234,55803,61495,43660,53533,10630,19133,3105,3054,4427,5881,5468,10030,8873,15533,12504,14799,23201,26026,31015,38560,8378,15034,288340,190163,38717,30224,157239,5200,301
2021-05-06T23:59:59+02:00,8686,9584,14053,16130,17194,24183,25452,35998,37545,40500,54816,60336,43445,53251,10599,19081,2958,2927,4256,5673,5258,9716,8503,15083,12062,14303,21849,24307,30286,37697,8335,14935,277714,184609,37442,29268,155433,4007,264
2021-05-05T23:59:59+02:00,8086,9229,13252,15575,16159,23391,23999,34957,35714,38915,53145,58479,43169,52944,10572,19023,2850,2855,4084,5519,5062,9491,8144,14724,11695,13909,20345,22412,29289,36495,8303,14851,266328,178564,36533,28106,153663,3273,85
2021-05-04T23:59:59+02:00,7863,9118,12892,15394,15644,23117,23356,34598,34714,38158,52404,57625,43057,52821,10561,18989,2779,2772,3930,5347,4881,9229,7799,14289,11232,13403,18632,20414,28322,35343,8230,14753,262593,171800,35670,27178,152016,2345,32
2021-05-03T23:59:59+02:00,7680,8947,12500,15184,15132,22798,22643,34175,33561,37247,52185,57378,42965,52726,10552,18960,2710,2690,3835,5166,4736,8979,7575,13925,10894,12981,17379,18842,27547,34376,8176,14663,259337,166263,35211,26829,150063,1360,22
2021-05-02T23:59:59+02:00,7592,8836,12273,15019,14821,22565,22158,33843,32368,36247,52003,57166,42909,52646,10537,18932,2697,2681,3813,5133,4706,8940,7506,13851,10806,12879,17039,18437,27300,34108,8164,14653,256926,164715,35139,26718,147829,1259,21
2021-05-01T23:59:59+02:00,7566,8808,12215,14966,14741,22512,22062,33769,32250,36160,51998,57156,42906,52645,10535,18930,2690,2671,3792,5116,4665,8913,7463,13816,10746,12814,16832,18204,27202,33993,8161,14643,256379,163752,35139,26691,147680,1257,21
2021-04-30T23:59:59+02:00,7523,8761,12118,14882,14629,22388,21860,33596,32017,35947,51747,56828,42863,52594,10531,18921,2655,2647,3731,5049,4568,8805,7308,13615,10442,12536,15934,17059,26460,33072,8130,14570,254624,160562,35096,24812,147465,1187,20
2021-04-29T23:59:59+02:00,7284,8623,11813,14693,14268,22148,21327,33295,31258,35416,51165,56081,42778,52483,10513,18857,2614,2592,3632,4956,4439,8667,7111,13402,10159,12236,14803,15624,25346,31760,8077,14487,251478,154885,35005,24069,145499,931,20
2021-04-28T23:59:59+02:00,6984,8433,11427,14356,13792,21671,20697,32675,29937,34111,48665,53305,42524,52188,10464,18791,2573,2546,3560,4894,4326,8548,6938,13208,9904,12005,13472,13893,24082,30177,8033,14401,241606,148971,34887,22868,143519,713,8
2021-04-27T23:59:59+02:00,6870,8331,11270,14230,13605,21518,20403,32459,29378,33705,48499,53127,42473,52139,10458,18773,2528,2504,3462,4805,4239,8435,6754,13008,9619,11707,12045,12064,22668,28328,7972,14284,240268,142195,34841,21683,142121,536,8
2021-04-26T23:59:59+02:00,6814,8283,11157,14161,13440,21400,20164,32229,28524,33099,48220,52826,42424,52083,10453,18746,2505,2471,3408,4764,4173,8362,6646,12871,9421,11515,10959,10668,21596,26839,7922,14213,239568,136957,34815,20942,139632,426,8
2021-04-25T23:59:59+02:00,6762,8230,11047,14062,13283,21246,19904,31934,27697,32309,47821,52385,42351,51997,10440,18729,2476,2458,3378,4745,4155,8340,6612,12830,9359,11457,10772,10439,21384,26555,7917,14201,237884,136103,34772,20600,137533,367,8
2021-04-24T23:59:59+02:00,6735,8172,10967,13979,13191,21099,19766,31761,27540,32136,47716,52261,42276,51918,10436,18725,2469,2448,3352,4714,4114,8295,6532,12752,9228,11336,10614,10260,21265,26432,7905,14185,236434,135583,34756,19961,137480,349,8
2021-04-23T23:59:59+02:00,6662,8066,10830,13775,12995,20841,19442,31384,27131,31750,46819,51155,42130,51713,10421,18695,2451,2426,3307,4680,4062,8237,6433,12656,9062,11200,10322,9929,20977,26051,7864,14121,232074,134470,34700,18962,137027,338,8
2021-04-22T23:59:59+02:00,6547,7942,10605,13560,12649,20503,18905,30896,26454,31079,45122,49027,41634,51083,10384,18612,2433,2406,3261,4632,3987,8158,6307,12555,8786,11032,9858,9470,20577,25515,7826,14060,225854,132364,34590,18185,134550,306,8
2021-04-21T23:59:59+02:00,6442,7782,10367,13359,12303,20177,18393,30388,25521,30086,41077,44424,41208,50610,10329,18518,2422,2394,3217,4599,3939,8100,6218,12458,8612,10874,9489,9046,20126,24975,7777,13977,213794,130742,34524,17186,132658,287,8
2021-04-20T23:59:59+02:00,6345,7680,10162,13143,12024,19909,17966,29958,24903,29455,39342,42417,40640,49937,10269,18397,2397,2378,3174,4574,3873,8053,6078,12365,8452,10743,9179,8662,19672,24366,7704,13860,207600,129402,34436,15886,130503,234,8
2021-04-19T23:59:59+02:00,6258,7593,10003,13012,11812,19707,17572,29536,24310,28930,37834,40643,40121,49303,10221,18322,2380,2356,3138,4541,3830,8006,6040,12298,8366,10650,8901,8318,19306,23858,7670,13782,202597,127721,34382,15495,128190,216,8
2021-04-18T23:59:59+02:00,6180,7531,9874,12935,11618,19557,17282,29335,23854,28543,36572,39340,39812,48931,10196,18274,2367,2336,3107,4522,3803,7989,5994,12251,8316,10603,8793,8203,19165,23694,7657,13763,201076,127236,34345,15107,124405,212,8
2021-04-17T23:59:59+02:00,6173,7514,9837,12902,11575,19513,17199,29271,23777,28471,36274,39004,39717,48852,10191,18264,2355,2326,3081,4506,3737,7947,5920,12198,8237,10552,8682,8090,19068,23590,7639,13751,199854,126443,34336,15018,124336,210,8
2021-04-16T23:59:59+02:00,6106,7463,9752,12851,11445,19388,16980,29118,23368,28046,35245,37780,39358,48408,10175,18237,2206,2220,2856,4334,3371,7621,5111,11631,6702,9438,6222,6068,17480,22077,7486,13507,195753,117409,34252,10705,123707,208,8
2021-04-15T23:59:59+02:00,6026,7362,9546,12669,11135,19135,16459,28719,22633,27352,33333,35450,38469,47352,10108,18098,2158,2182,2792,4269,3251,7503,4868,11433,6340,9128,5746,5663,16903,21377,7336,13233,189956,114315,34199,9658,119683,201,8
2021-04-14T23:59:59+02:00,5949,7304,9378,12544,10898,18942,16042,28382,21933,26798,31346,33136,37432,46114,10046,17941,2067,2118,2714,4206,3139,7411,4653,11257,6016,8877,5266,5239,16330,20667,7166,12941,183600,111713,34060,8201,116517,145,8
2021-04-13T23:59:59+02:00,5890,7238,9237,12415,10719,18768,15678,28086,21343,26234,29196,30620,36308,44699,9932,17776,2018,2099,2677,4167,3082,7345,4515,11104,5747,8671,4922,4918,15874,20212,7069,12781,176730,110310,33997,6835,113404,48,8
2021-04-12T23:59:59+02:00,5818,7182,9118,12276,10512,18612,15337,27790,20730,25700,27142,28294,35283,43395,9827,17612,1984,2057,2648,4148,3058,7287,4444,11035,5644,8577,4766,4772,15566,19821,6980,12616,171029,109487,33923,5861,109668,47,8
2021-04-11T23:59:59+02:00,5771,7134,9027,12197,10349,18508,15050,27597,20263,25321,25944,27011,34660,42683,9760,17491,1974,2050,2625,4127,3039,7261,4407,10990,5560,8510,4669,4719,15454,19697,6949,12571,169255,109295,33854,5257,105649,42,8
2021-04-10T23:59:59+02:00,5752,7117,8993,12173,10290,18472,14980,27548,20164,25232,25587,26592,34373,42321,9753,17470,1969,2045,2616,4116,3023,7245,4374,10962,5501,8466,4593,4641,15325,19530,6912,12497,168048,108508,33133,5257,105628,42,8
2021-04-09T23:59:59+02:00,5694,7083,8910,12089,10165,18350,14806,27355,19888,24978,24646,25295,33569,41292,9728,17412,1936,2013,2564,4078,2944,7183,4212,10835,5244,8235,4170,4259,14756,18794,6726,12190,164703,104841,31627,5250,104924,42,6
2021-04-08T23:59:59+02:00,5610,7009,8759,11972,9940,18170,14389,27033,19261,24454,22791,23142,32103,39574,9609,17213,1901,1993,2507,4029,2866,7097,4050,10684,4943,7965,3702,3812,13727,17476,6340,11564,158968,99893,30721,4720,101334,37,6
2021-04-07T23:59:59+02:00,5547,6946,8583,11901,9710,18010,14053,26785,18757,24058,20810,20769,30590,37639,9516,17037,1864,1976,2453,3974,2802,7018,3935,10522,4756,7756,3431,3530,13006,16626,6031,11092,152949,96591,29550,4149,98206,26,6
2021-04-06T23:59:59+02:00,5487,6894,8441,11795,9549,17838,13699,26506,18220,23620,18767,18444,28916,35453,9358,16752,1826,1955,2427,3948,2769,6977,3870,10478,4675,7668,3327,3404,12487,15935,5800,10745,146137,94299,28597,3961,94999,25,6
2021-04-05T23:59:59+02:00,5447,6847,8347,11702,9412,17739,13462,26279,17771,23227,16910,16302,27513,33568,9236,16568,1800,1943,2400,3929,2741,6927,3826,10416,4584,7554,3218,3292,12133,15538,5666,10503,140740,92908,28162,3531,91422,25,6
2021-04-04T23:59:59+02:00,5440,6842,8339,11688,9395,17730,13440,26256,17739,23203,16753,16100,27343,33352,9231,16557,1799,1941,2399,3927,2739,6924,3824,10412,4578,7552,3210,3279,12121,15527,5664,10495,140022,92829,28069,3531,91311,25,6
2021-04-03T23:59:59+02:00,5436,6834,8324,11677,9373,17711,13394,26223,17667,23137,16672,16014,27303,33296,9227,16553,1796,1937,2388,3921,2720,6908,3795,10386,4499,7487,3084,3166,12051,15462,5659,10485,139495,92182,28041,3531,91299,25,6
2021-04-02T23:59:59+02:00,5407,6812,8270,11620,9302,17641,13243,26110,17428,22923,16195,15482,26876,32799,9202,16508,1792,1927,2377,3915,2710,6893,3768,10345,4433,7401,3015,3096,11777,15142,5549,10311,138299,90893,26632,3527,90881,25,6
2021-04-01T23:59:59+02:00,5353,6734,8154,11482,9167,17474,12958,25811,16966,22521,15398,14694,26193,31911,9103,16359,1767,1895,2354,3893,2682,6862,3732,10306,4364,7336,2891,2958,10759,13900,5045,9607,136072,86902,25968,3422,88234,23,4
2021-03-31T23:59:59+02:00,5131,6636,8040,11371,9032,17306,12722,25511,16615,22159,14647,13863,25430,30973,9021,16202,1754,1889,2341,3870,2660,6836,3678,10251,4293,7271,2802,2868,10123,13128,4759,9200,134284,84498,24515,3198,85856,23,4
2021-03-30T23:59:59+02:00,5097,6568,7962,11243,8950,17152,12555,25312,16322,21832,14018,13152,24714,30072,8913,15997,1738,1874,2323,3848,2634,6807,3635,10183,4223,7192,2678,2730,9490,12412,4476,8783,132819,82202,23303,2800,83733,20,4
2021-03-29T23:59:59+02:00,5051,6496,7853,11136,8841,16983,12386,25020,15982,21489,13438,12475,24005,29180,8791,15790,1719,1861,2301,3832,2617,6777,3593,10122,4162,7119,2625,2663,9165,11989,4331,8522,130990,80832,22550,2542,81372,20,4
2021-03-28T23:59:59+02:00,5009,6400,7765,11030,8770,16824,12238,24784,15713,21214,13100,12132,23445,28504,8652,15555,1708,1856,2281,3814,2604,6748,3552,10073,4122,7059,2582,2615,9083,11876,4293,8469,130492,80499,22030,2213,78609,19,4
2021-03-27T23:59:59+01:00,4995,6386,7738,10998,8698,16750,12135,24682,15565,21096,12892,11915,23261,28311,8624,15528,1707,1854,2278,3812,2602,6747,3539,10046,4111,7041,2573,2607,9018,11804,4268,8437,129614,80208,21387,2213,78569,19,4
2021-03-26T23:59:59+01:00,4945,6301,7618,10879,8523,16549,11778,24358,14931,20575,11958,11085,22540,27523,8517,15344,1699,1836,2274,3794,2589,6722,3517,10020,4069,7004,2550,2571,8812,11560,4181,8299,125611,79375,19789,2099,78020,19,4
2021-03-25T23:59:59+01:00,4879,6116,7445,10591,8274,16135,11365,23715,14312,19900,11260,10409,21677,26439,8273,14898,1677,1818,2243,3767,2553,6688,3479,9967,3994,6921,2411,2437,7762,10171,3684,7566,122359,75251,19016,1865,74310,19,3
2021-03-24T23:59:59+01:00,4795,5947,7293,10298,8065,15715,11085,23157,13846,19324,10631,9829,20762,25333,8000,14414,1653,1786,2216,3731,2511,6648,3423,9895,3928,6828,2307,2338,7060,9320,3370,7085,119773,72631,17831,1448,70888,18,2
2021-03-23T23:59:59+01:00,4749,5830,7179,10066,7910,15366,10813,22633,13442,18854,10162,9376,20012,24452,7762,14031,1639,1768,2192,3709,2488,6621,3363,9836,3836,6755,2211,2238,6266,8285,3002,6521,118328,69591,16730,1120,67578,18,1
2021-03-22T23:59:59+01:00,4688,5734,7048,9818,7746,15042,10540,22155,13095,18375,9775,9015,19444,23723,7612,13743,1627,1759,2185,3694,2474,6608,3341,9810,3798,6722,2159,2188,5756,7604,2717,6114,117453,67504,16332,1033,63767,18,1
2021-03-21T23:59:59+01:00,4634,5600,6914,9549,7581,14669,10301,21606,12761,17894,9444,8731,18924,23110,7455,13478,1624,1754,2184,3685,2471,6602,3334,9798,3788,6711,2143,2168,5623,7455,2675,6031,117259,66999,15938,1033,59453,13,1
2021-03-20T23:59:59+01:00,4623,5574,6878,9488,7518,14606,10208,21495,12660,17806,9361,8637,18786,22934,7414,13401,1621,1751,2180,3682,2466,6596,3321,9788,3763,6702,2110,2132,5262,7047,2532,5829,116436,65735,15843,1033,59109,13,1
2021-03-19T23:59:59+01:00,4423,5406,6589,9238,7040,14167,9226,20717,10850,16401,6484,6270,16743,20854,7123,12931,1615,1747,2175,3674,2455,6584,3309,9760,3704,6657,2046,2093,4842,6526,2326,5564,107176,64062,11143,1001,56142,13,1
2021-03-18T23:59:59+01:00,4303,5236,6395,8935,6784,13699,8812,20039,10206,15689,5770,5608,15501,19322,6705,12252,1608,1738,2154,3646,2437,6545,3277,9722,3663,6623,2007,2061,4359,5930,2111,5226,102078,62203,10140,893,53037,10,1
2021-03-17T23:59:59+01:00,4212,5146,6270,8795,6608,13521,8509,19696,9797,15311,5364,5222,14662,18346,6375,11756,1596,1723,2139,3627,2406,6513,3242,9693,3626,6585,1953,2004,3913,5430,1908,4901,98850,60489,8460,759,52279,10,1
2021-03-16T23:59:59+01:00,4120,4988,6114,8526,6397,13130,8170,19109,9258,14677,4849,4765,13827,17351,6110,11341,1587,1714,2130,3611,2389,6501,3230,9671,3598,6557,1924,1966,3323,4720,1653,4480,96546,58290,7060,755,49125,8,1
2021-03-15T23:59:59+01:00,4051,4812,5921,8252,6187,12696,7882,18531,8823,14079,4551,4489,13145,16587,5894,10938,1586,1704,2115,3595,2368,6475,3208,9618,3575,6519,1890,1916,2917,4218,1426,4141,95057,56524,6092,741,45689,6,0
2021-03-14T23:59:59+01:00,3993,4643,5667,7932,5923,12224,7546,17785,8387,13381,4236,4230,12878,16344,5857,10853,1578,1694,2098,3565,2353,6423,3191,9557,3558,6489,1882,1905,2833,4101,1382,4067,94943,56124,5486,547,41450,5,0
2021-03-13T23:59:59+01:00,3977,4606,5628,7830,5864,12128,7461,17656,8254,13238,4083,4089,12798,16268,5852,10842,1578,1694,2098,3565,2352,6423,3190,9556,3557,6489,1877,1896,2774,4040,1357,4020,94257,55914,5486,547,40831,5,0
2021-03-12T23:59:59+01:00,3951,4517,5579,7695,5796,11983,7373,17417,8124,13030,3976,3992,12493,15924,5742,10655,1578,1694,2094,3558,2350,6415,3187,9549,3556,6485,1875,1894,2666,3911,1297,3956,92841,55513,5478,547,39928,5,0
2021-03-11T23:59:59+01:00,3846,4270,5365,7434,5567,11534,7017,16721,7706,12450,3643,3645,11334,14556,5203,9901,1572,1689,2084,3545,2330,6392,3165,9511,3531,6454,1848,1870,2402,3621,1175,3769,88669,54439,5051,514,36472,5,0
2021-03-10T23:59:59+01:00,3736,4128,5146,7166,5350,11157,6740,16146,7380,11960,3440,3429,10626,13686,4897,9461,1565,1670,2059,3506,2301,6305,3113,9381,3475,6344,1807,1799,2160,3356,1074,3610,86212,53242,4685,279,33551,4,0
2021-03-09T23:59:59+01:00,3654,3976,4975,6978,5165,10870,6504,15687,7079,11486,3271,3249,9942,12919,4594,9015,1555,1654,2025,3446,2268,6200,3044,9235,3416,6273,1780,1773,1858,3001,936,3409,83946,51837,4431,32,30987,4,0
2021-03-08T23:59:59+01:00,3577,3794,4742,6716,4924,10498,6236,15165,6721,10916,3085,3082,9530,12441,4442,8749,1552,1630,2008,3365,2238,6107,3002,9090,3388,6190,1765,1750,1635,2747,840,3244,82478,50521,4070,30,28070,0,0
2021-03-07T23:59:59+01:00,3542,3723,4664,6603,4835,10382,6137,15003,6608,10786,3036,3037,9445,12330,4410,8693,1544,1624,2003,3353,2229,6077,2995,9052,3376,6176,1759,1737,1567,2670,801,3188,82135,50121,3902,30,27197,0,0
2021-03-06T23:59:59+01:00,3524,3652,4620,6520,4797,10311,6079,14887,6562,10691,3018,3016,9379,12256,4386,8659,1542,1608,1996,3341,2219,6049,2992,9024,3365,6156,1751,1716,1536,2646,799,3180,81819,49890,3902,30,26636,0,0
2021-03-05T23:59:59+01:00,3495,3547,4556,6419,4738,10206,6012,14727,6462,10548,2984,2973,9169,11995,4296,8517,1532,1567,1967,3284,2192,5941,2950,8888,3323,6022,1709,1678,1471,2575,780,3157,80923,49006,3894,30,25827,0,0
2021-03-04T23:59:59+01:00,3426,3328,4384,6180,4537,9894,5787,14285,6161,10195,2810,2806,8066,10551,3782,7773,1509,1509,1932,3161,2164,5746,2902,8619,3267,5806,1642,1594,1439,2529,776,3142,76784,47708,3623,29,23558,0,0
2021-03-03T23:59:59+01:00,3375,3246,4240,5980,4372,9615,5568,13893,5924,9794,2689,2694,7369,9690,3455,7270,1495,1466,1904,3085,2142,5636,2871,8438,3211,5661,1575,1550,1399,2457,758,3095,74068,46714,3394,29,21712,0,0
2021-03-02T23:59:59+01:00,3306,3135,4043,5772,4173,9336,5360,13500,5664,9439,2555,2552,6529,8612,3071,6692,1460,1417,1876,3012,2115,5482,2825,8163,3161,5483,1505,1491,1338,2378,741,3059,70918,45477,2947,29,19874,0,0
2021-03-01T23:59:59+01:00,3261,3057,3858,5617,3993,9107,5169,13173,5429,9058,2467,2457,5981,7881,2781,6271,1452,1374,1855,2901,2084,5294,2780,7888,3105,5279,1464,1461,1291,2317,717,3024,68767,44257,2646,29,18147,0,0
2021-02-28T23:59:59+01:00,3211,3000,3681,5500,3791,8903,4976,12912,5248,8774,2423,2395,5843,7712,2735,6188,1447,1368,1852,2888,2073,5268,2775,7853,3095,5264,1456,1454,1285,2307,715,3017,68294,44088,2427,29,16571,0,0
2021-02-27T23:59:59+01:00,3192,2923,3655,5424,3760,8836,4939,12816,5210,8712,2384,2354,5473,7293,2583,5978,1440,1358,1842,2876,2062,5223,2755,7794,3080,5213,1441,1446,1277,2297,714,3016,66987,43806,2427,28,16118,0,0
2021-02-26T23:59:59+01:00,3167,2867,3610,5342,3702,8734,4878,12705,5117,8633,2311,2304,5044,6761,2371,5705,1371,1292,1797,2775,2014,5031,2696,7509,3008,5030,1384,1405,1255,2274,701,3008,65191,42523,2302,27,15758,0,0
2021-02-25T23:59:59+01:00,2978,2736,3422,5164,3523,8508,4661,12400,4912,8385,2232,2254,4533,6139,2150,5355,1354,1229,1760,2663,1968,4727,2618,7117,2917,4786,1344,1365,1238,2259,699,2999,63333,41019,1980,24,14039,0,0
2021-02-24T23:59:59+01:00,2795,2576,3251,4969,3365,8310,4457,12117,4702,8173,2103,2138,4045,5572,1939,5025,1333,1192,1740,2583,1930,4570,2561,6855,2865,4605,1318,1338,1219,2239,697,2981,61570,40009,1510,17,12457,0,0
2021-02-23T23:59:59+01:00,2639,2414,3073,4737,3219,8083,4272,11839,4530,7945,2021,2052,3421,4834,1682,4598,1318,1136,1709,2482,1889,4364,2489,6556,2767,4368,1267,1287,1195,2198,684,2957,59379,38652,1160,14,10820,0,0
2021-02-22T23:59:59+01:00,2589,2353,2990,4643,3145,7975,4177,11646,4425,7831,1982,2013,3006,4329,1453,4266,1304,1069,1675,2345,1843,4105,2407,6163,2643,4098,1214,1239,1174,2170,679,2935,57718,37059,1076,4,10029,0,0
2021-02-21T23:59:59+01:00,2550,2316,2934,4567,3068,7859,4090,11491,4365,7734,1967,1991,2916,4206,1407,4189,1298,1046,1659,2287,1815,3989,2372,6007,2585,3987,1182,1223,1166,2154,672,2922,57286,36360,1043,4,9321,0,0
2021-02-20T23:59:59+01:00,2538,2312,2912,4552,3052,7825,4060,11457,4349,7715,1962,1982,2855,4143,1381,4141,1298,1043,1659,2285,1813,3979,2372,6002,2584,3984,1181,1220,1165,2150,671,2922,57071,36324,1042,4,9123,0,0
2021-02-19T23:59:59+01:00,2522,2295,2879,4497,3022,7737,4016,11371,4296,7661,1956,1977,2745,4010,1321,4071,1238,1033,1628,2278,1802,3966,2363,5980,2573,3974,1177,1212,1153,2145,667,2915,56658,36100,1011,4,8707,0,0
2021-02-18T23:59:59+01:00,2367,2180,2736,4316,2899,7532,3870,11074,4168,7487,1930,1945,2477,3713,1198,3881,1146,984,1562,2186,1752,3843,2288,5815,2524,3902,1164,1195,1150,2130,657,2899,55601,35193,944,4,7228,0,0
2021-02-17T23:59:59+01:00,2314,2120,2645,4182,2788,7311,3711,10714,4038,7272,1879,1874,2237,3454,1097,3722,980,902,1455,2068,1684,3641,2193,5583,2452,3757,1135,1152,1124,2084,642,2862,54538,33711,799,3,6021,0,0
2021-02-16T23:59:59+01:00,2113,1989,2487,3971,2649,7020,3547,10346,3874,7013,1838,1848,1933,3095,958,3515,947,875,1386,1988,1609,3494,2096,5403,2362,3647,1075,1101,1069,1992,610,2777,53210,32429,763,2,4223,0,0
2021-02-15T23:59:59+01:00,2074,1921,2400,3806,2571,6736,3419,9966,3769,6782,1814,1821,1692,2830,862,3357,928,858,1355,1939,1570,3420,2037,5234,2297,3549,1013,1060,1004,1905,595,2689,52118,31452,750,1,2952,0,0
2021-02-14T23:59:59+01:00,1981,1883,2356,3745,2525,6641,3354,9860,3723,6716,1805,1813,1623,2763,825,3306,913,848,1336,1911,1543,3399,2006,5189,2273,3498,1003,1050,997,1894,592,2680,51786,31131,721,1,2412,0,0
2021-02-13T23:59:59+01:00,1980,1868,2345,3740,2520,6626,3350,9845,3716,6704,1797,1795,1597,2743,824,3297,913,848,1336,1911,1543,3399,2006,5189,2273,3498,1003,1050,997,1894,592,2680,51631,31131,721,1,2395,0,0
2021-02-12T23:59:59+01:00,1887,1768,2253,3627,2438,6449,3242,9605,3600,6446,1753,1753,1535,2671,803,3273,905,840,1324,1890,1530,3378,1996,5159,2258,3480,999,1045,996,1871,592,2654,50695,30916,721,1,1687,0,0
2021-02-11T23:59:59+01:00,1659,1610,2083,3414,2311,6137,3088,9175,3447,6129,1687,1659,1492,2616,792,3253,874,771,1221,1712,1408,3097,1855,4777,2102,3240,952,985,954,1793,564,2533,49310,28837,680,1,562,0,0
2021-02-10T23:59:59+01:00,1552,1548,1998,3284,2248,5967,2992,8893,3348,5913,1618,1614,1448,2547,777,3201,626,660,1018,1492,1265,2776,1664,4287,1912,2916,835,863,829,1532,497,2233,48147,25405,640,0,161,0,0
2021-02-09T23:59:59+01:00,1512,1486,1964,3194,2217,5772,2927,8543,3277,5684,1544,1555,1390,2487,764,3171,343,496,808,1226,1073,2396,1447,3732,1667,2508,682,695,653,1221,400,1817,46896,21164,511,0,80,0,0
2021-02-08T23:59:59+01:00,1502,1440,1935,3063,2174,5549,2874,8244,3218,5484,1506,1527,1346,2431,748,3155,299,437,702,1068,971,2171,1275,3324,1479,2226,581,584,549,1024,348,1590,45777,18628,340,0,79,0,0
2021-02-07T23:59:59+01:00,1471,1418,1907,3015,2148,5463,2841,8145,3180,5423,1493,1513,1332,2411,736,3142,262,375,653,974,910,2006,1186,3099,1381,2073,544,565,529,992,340,1562,45499,17451,139,0,0,0,0
2021-02-06T23:59:59+01:00,1466,1410,1899,3003,2140,5431,2828,8103,3169,5382,1482,1505,1325,2402,735,3141,241,338,629,935,882,1939,1144,2979,1327,1994,528,553,523,992,340,1562,45282,16906,139,0,0,0,0
2021-02-05T23:59:59+01:00,1395,1342,1855,2898,2088,5219,2761,7800,3096,5189,1424,1460,1307,2377,728,3135,224,302,592,894,847,1852,1105,2860,1274,1901,495,533,515,967,330,1540,43935,16231,139,0,0,0,0
2021-02-04T23:59:59+01:00,1382,1264,1808,2748,2022,4880,2670,7351,3000,4914,1384,1429,1290,2361,725,3126,191,233,513,777,755,1710,991,2609,1164,1711,453,488,475,908,313,1432,42323,14723,31,0,0,0,0
2021-02-03T23:59:59+01:00,1358,1227,1780,2669,1981,4712,2603,7080,2950,4725,1349,1399,1259,2324,712,3101,156,194,433,658,635,1463,839,2228,978,1445,333,359,344,687,217,1075,41198,12044,31,0,0,0,0
2021-02-02T23:59:59+01:00,1340,1163,1748,2562,1934,4478,2528,6744,2839,4479,1308,1356,1237,2295,703,3078,133,159,349,536,526,1211,686,1886,796,1170,246,259,268,502,168,807,39761,9702,31,0,0,0,0
2021-02-01T23:59:59+01:00,1323,1093,1710,2424,1881,4215,2450,6354,2722,4204,1244,1285,1211,2255,693,3053,97,99,237,367,349,781,426,1219,467,727,151,156,162,307,87,461,38086,6093,31,0,0,0,0
2021-01-31T23:59:59+01:00,1317,1070,1693,2360,1854,4092,2416,6165,2665,4099,1214,1268,1202,2239,687,3041,83,88,198,295,277,610,336,940,388,598,127,142,155,299,83,448,37351,5067,31,0,0,0,0
2021-01-30T23:59:59+01:00,1317,1067,1692,2355,1851,4079,2415,6154,2662,4091,1213,1264,1201,2237,687,3041,78,76,164,245,248,540,301,817,349,536,126,136,150,296,83,447,37296,4592,30,0,0,0,0
2021-01-29T23:59:59+01:00,1256,1058,1661,2348,1839,4070,2408,6142,2653,4079,1210,1262,1197,2237,687,3041,69,56,122,186,205,377,246,664,307,426,118,127,138,287,80,447,37120,3855,28,0,0,0,0
2021-01-28T23:59:59+01:00,1168,1027,1616,2292,1805,4000,2359,6063,2622,4035,1199,1251,1192,2231,678,3027,44,27,77,111,130,219,154,390,205,259,87,101,112,231,73,408,36540,2628,25,0,0,0,0
2021-01-27T23:59:59+01:00,1005,964,1526,2225,1743,3877,2291,5924,2563,3925,1175,1209,1167,2192,666,2999,32,19,66,87,105,175,123,334,179,218,79,85,102,209,70,379,35434,2262,17,0,0,0,0
2021-01-26T23:59:59+01:00,986,938,1464,2147,1675,3737,2200,5746,2482,3837,1119,1166,1124,2122,643,2953,31,18,63,84,101,168,119,318,178,210,77,81,93,185,61,335,34328,2122,11,0,0,0,0
2021-01-25T23:59:59+01:00,971,911,1431,2084,1643,3633,2147,5588,2431,3750,1070,1140,1076,2070,628,2897,29,18,60,84,98,165,118,317,176,209,77,81,92,184,59,332,33468,2099,2,0,0,0,0
2021-01-24T23:59:59+01:00,968,909,1424,2071,1638,3616,2139,5562,2419,3720,1067,1132,1071,2065,627,2892,29,18,60,84,97,164,118,317,176,208,77,81,92,184,59,332,33318,2096,2,0,0,0,0
2021-01-23T23:59:59+01:00,968,909,1424,2071,1638,3616,2139,5562,2419,3720,1067,1132,1070,2065,627,2892,29,18,60,84,97,164,118,317,175,208,77,81,92,184,59,332,33317,2095,2,0,0,0,0
2021-01-22T23:59:59+01:00,967,899,1407,2046,1626,3590,2123,5530,2407,3702,1065,1128,1069,2036,626,2865,29,18,60,84,97,164,118,317,174,208,77,81,92,184,59,332,33084,2094,2,0,0,0,0
2021-01-21T23:59:59+01:00,931,848,1327,1892,1532,3400,2021,5234,2303,3532,1027,1071,1034,1947,594,2749,27,17,54,79,90,155,109,286,160,188,64,73,82,161,47,284,31440,1876,2,0,0,0,0
2021-01-20T23:59:59+01:00,698,725,1146,1678,1395,3110,1842,4814,2105,3238,906,953,915,1708,538,2492,26,17,53,74,87,155,101,269,149,172,55,66,74,136,41,252,28261,1727,2,0,0,0,0
2021-01-19T23:59:59+01:00,388,553,903,1421,1187,2765,1602,4267,1851,2827,751,783,749,1413,452,2117,21,12,35,51,60,85,74,182,104,117,41,50,54,103,30,192,24028,1211,1,0,0,0,0
2021-01-18T23:59:59+01:00,336,489,790,1231,1065,2496,1398,3746,1616,2493,628,643,603,1144,383,1761,8,6,11,17,22,30,23,50,24,39,10,10,14,34,6,60,20822,364,0,0,0,0,0
2021-01-17T23:59:59+01:00,292,425,720,1135,990,2321,1301,3461,1501,2303,588,613,573,1088,367,1705,1,0,0,0,3,3,1,0,2,2,1,4,0,0,0,1,19383,18,0,0,0,0,0
2021-01-16T23:59:59+01:00,273,391,703,1099,965,2258,1260,3348,1453,2233,572,601,567,1088,367,1704,0,0,0,0,2,3,0,0,1,2,0,1,0,0,0,1,18882,10,0,0,0,0,0
2021-01-15T23:59:59+01:00,258,349,672,1060,937,2170,1225,3232,1401,2142,544,579,561,1066,360,1695,0,0,0,0,0,0,0,0,0,0,0,0,0,0,0,0,18251,0,0,0,0,0,0
2021-01-14T23:59:59+01:00,224,281,606,941,854,2021,1129,3004,1286,1979,506,541,527,1018,355,1658,0,0,0,0,0,0,0,0,0,0,0,0,0,0,0,0,16930,0,0,0,0,0,0
2021-01-13T23:59:59+01:00,189,256,555,868,782,1888,1022,2762,1138,1770,384,427,407,807,263,1267,0,0,0,0,0,0,0,0,0,0,0,0,0,0,0,0,14785,0,0,0,0,0,0
2021-01-12T23:59:59+01:00,165,230,522,796,727,1721,931,2545,1032,1571,299,315,316,573,187,899,0,0,0,0,0,0,0,0,0,0,0,0,0,0,0,0,12829,0,0,0,0,0,0
2021-01-11T23:59:59+01:00,134,179,443,657,633,1460,756,2055,804,1232,178,185,178,339,97,513,0,0,0,0,0,0,0,0,0,0,0,0,0,0,0,0,9843,0,0,0,0,0,0
2021-01-10T23:59:59+01:00,102,125,345,481,472,1060,542,1495,596,903,152,166,166,324,92,503,0,0,0,0,0,0,0,0,0,0,0,0,0,0,0,0,7524,0,0,0,0,0,0
2021-01-09T23:59:59+01:00,90,116,296,410,402,914,473,1271,525,772,147,158,161,320,92,501,0,0,0,0,0,0,0,0,0,0,0,0,0,0,0,0,6648,0,0,0,0,0,0
2021-01-08T23:59:59+01:00,74,91,215,292,304,632,360,960,428,587,140,150,145,311,90,501,0,0,0,0,0,0,0,0,0,0,0,0,0,0,0,0,5280,0,0,0,0,0,0
2021-01-07T23:59:59+01:00,50,32,86,126,136,246,163,435,226,301,104,123,133,279,87,477,0,0,0,0,0,0,0,0,0,0,0,0,0,0,0,0,3004,0,0,0,0,0,0
2021-01-06T23:59:59+01:00,35,24,75,95,117,192,137,356,196,243,82,96,109,228,74,407,0,0,0,0,0,0,0,0,0,0,0,0,0,0,0,0,2466,0,0,0,0,0,0
2021-01-05T23:59:59+01:00,32,19,64,89,106,179,122,339,184,224,81,91,107,221,72,389,0,0,0,0,0,0,0,0,0,0,0,0,0,0,0,0,2319,0,0,0,0,0,0
2021-01-04T23:59:59+01:00,29,18,61,85,98,170,117,321,182,215,80,89,98,204,64,360,0,0,0,0,0,0,0,0,0,0,0,0,0,0,0,0,2191,0,0,0,0,0,0
2021-01-03T23:59:59+01:00,29,18,61,85,98,170,117,321,182,215,80,89,97,203,64,360,0,0,0,0,0,0,0,0,0,0,0,0,0,0,0,0,2189,0,0,0,0,0,0
2021-01-02T23:59:59+01:00,29,18,61,85,98,170,117,321,181,215,80,89,97,203,64,360,0,0,0,0,0,0,0,0,0,0,0,0,0,0,0,0,2188,0,0,0,0,0,0
2021-01-01T23:59:59+01:00,29,18,61,85,98,170,117,321,179,214,80,89,97,203,64,360,0,0,0,0,0,0,0,0,0,0,0,0,0,0,0,0,2185,0,0,0,0,0,0
2020-12-31T23:59:59+01:00,29,18,61,85,98,170,117,321,179,214,80,89,97,203,64,360,0,0,0,0,0,0,0,0,0,0,0,0,0,0,0,0,2185,0,0,0,0,0,0
2020-12-30T23:59:59+01:00,28,18,61,83,97,168,117,320,179,214,80,89,97,203,64,360,0,0,0,0,0,0,0,0,0,0,0,0,0,0,0,0,2178,0,0,0,0,0,0
2020-12-29T23:59:59+01:00,23,12,42,59,76,102,86,226,131,166,61,75,73,169,51,287,0,0,0,0,0,0,0,0,0,0,0,0,0,0,0,0,1639,0,0,0,0,0,0
2020-12-28T23:59:59+01:00,9,7,19,28,34,51,40,119,49,85,28,43,43,99,25,167,0,0,0,0,0,0,0,0,0,0,0,0,0,0,0,0,846,0,0,0,0,0,0
2020-12-27T23:59:59+01:00,3,4,3,4,10,14,8,24,5,18,5,6,6,25,3,49,0,0,0,0,0,0,0,0,0,0,0,0,0,0,0,0,187,0,0,0,0,0,0
