Datum,<15_1_m,<15_1_w,15-24_1_m,15-24_1_w,25-34_1_m,25-34_1_w,35-44_1_m,35-44_1_w,45-54_1_m,45-54_1_w,55-64_1_m,55-64_1_w,65-74_1_m,65-74_1_w,75-84_1_m,75-84_1_w,>84_1_m,>84_1_w,<15_2_m,<15_2_w,15-24_2_m,15-24_2_w,25-34_2_m,25-34_2_w,35-44_2_m,35-44_2_w,45-54_2_m,45-54_2_w,55-64_2_m,55-64_2_w,65-74_2_m,65-74_2_w,75-84_2_m,75-84_2_w,>84_2_m,>84_2_w,bp_1,bp_2,mo_1,mo_2,az_1,az_2,ja,unb_1,unb_2
2021-11-06T23:59:59+01:00,12090,11304,63563,59244,70042,65286,78239,78901,99175,100714,109626,108181,74674,81032,52382,64308,15169,26182,10270,9561,57837,54477,64740,60205,73375,73969,94215,95774,105452,104401,72943,79073,51195,62840,14678,25171,864207,813760,71993,68886,182702,176205,51273,42,52
2021-11-05T23:59:59+01:00,11997,11222,63393,59098,69858,65096,78073,78749,99055,100593,109542,108109,74653,81008,52377,64301,15169,26181,10236,9525,57772,54439,64696,60157,73340,73938,94185,95733,105420,104371,72932,79060,51192,62834,14678,25170,862696,813323,71909,68868,182699,176203,51232,42,52
2021-11-04T23:59:59+01:00,11915,11134,63172,58915,69589,64870,77883,78564,98871,100445,109420,107997,74613,80977,52366,64284,15164,26160,10181,9461,57651,54358,64618,60061,73256,73861,94124,95666,105364,104310,72906,79037,51171,62813,14670,25157,860819,812443,71754,68840,182695,176197,51133,42,52
2021-11-03T23:59:59+01:00,11834,11077,62964,58769,69374,64701,77705,78430,98720,100341,109318,107935,74591,80951,52353,64265,15160,26150,10120,9410,57541,54249,64510,59948,73171,73785,94043,95601,105309,104265,72879,79005,51152,62786,14664,25141,859289,811470,71672,68817,182694,176196,51044,42,52
2021-11-02T23:59:59+01:00,11756,10999,62743,58609,69086,64478,77482,78266,98531,100193,109195,107836,74568,80915,52338,64240,15155,26140,10062,9344,57389,54150,64399,59834,73069,73706,93951,95523,105255,104202,72844,78964,51144,62760,14657,25127,857375,810406,71589,68798,182692,176192,50932,42,52
2021-11-01T23:59:59+01:00,11664,10918,62471,58429,68828,64287,77278,78122,98365,100064,109086,107751,74537,80886,52322,64216,15148,26128,9994,9275,57259,54045,64268,59738,72979,73604,93878,95453,105194,104149,72806,78931,51131,62728,14649,25106,855533,809370,71522,68750,182678,176189,50826,41,52
2021-10-31T23:59:59+01:00,11653,10906,62438,58413,68804,64266,77253,78098,98347,100054,109075,107744,74535,80886,52322,64216,15148,26128,9977,9257,57241,54031,64256,59722,72968,73591,93874,95448,105189,104145,72806,78929,51131,62727,14649,25106,855357,809258,71508,68744,182676,176189,50804,41,52
2021-10-30T23:59:59+02:00,11647,10902,62422,58395,68778,64249,77235,78079,98332,100042,109069,107742,74533,80886,52322,64216,15147,26127,9974,9257,57227,54022,64249,59719,72957,73582,93868,95442,105186,104144,72806,78928,51130,62727,14649,25105,855225,809210,71499,68739,182676,176189,50782,41,52
2021-10-29T23:59:59+02:00,11583,10843,62234,58275,68568,64100,77053,77956,98162,99916,108959,107682,74510,80872,52311,64200,15143,26119,9943,9231,57117,53941,64159,59642,72893,73520,93797,95397,105146,104121,72789,78911,51125,62715,14645,25099,853738,808565,71459,68711,182674,176189,50674,41,52
2021-10-28T23:59:59+02:00,11500,10771,62006,58121,68320,63904,76849,77801,97969,99759,108855,107597,74485,80829,52295,64187,15138,26111,9885,9180,56959,53792,64026,59530,72793,73423,93729,95321,105064,104052,72764,78879,51113,62702,14641,25089,851968,807510,71394,68681,182670,176175,50524,41,52
2021-10-27T23:59:59+02:00,11431,10687,61845,57969,68120,63750,76685,77677,97844,99660,108784,107541,74464,80797,52286,64168,15135,26095,9825,9123,56841,53677,63920,59431,72692,73337,93662,95258,105003,104018,72740,78848,51100,62679,14637,25074,850629,806565,71276,68658,182669,176167,50423,41,52
2021-10-26T23:59:59+02:00,11348,10588,61705,57814,67943,63588,76526,77569,97730,99559,108704,107482,74435,80763,52261,64133,15121,26070,9764,9048,56691,53560,63817,59316,72619,73269,93588,95193,104956,103973,72717,78824,51077,62652,14630,25065,849185,805588,71217,68632,182666,176157,50330,41,52
2021-10-25T23:59:59+02:00,11324,10568,61649,57764,67896,63551,76481,77527,97694,99538,108682,107464,74426,80752,52260,64128,15118,26069,9740,9025,56630,53518,63781,59287,72591,73232,93562,95175,104939,103956,72715,78819,51075,62648,14630,25063,848771,805245,71208,68627,182666,176157,50305,41,52
2021-10-24T23:59:59+02:00,11281,10529,61540,57687,67795,63462,76399,77453,97617,99492,108646,107435,74412,80738,52254,64126,15115,26068,9691,8985,56555,53439,63704,59205,72528,73183,93513,95121,104909,103917,72691,78803,51066,62638,14627,25061,848096,804631,71156,68615,182666,176148,50190,41,52
2021-10-23T23:59:59+02:00,11277,10526,61530,57674,67777,63446,76387,77439,97603,99484,108641,107430,74411,80737,52254,64126,15115,26068,9688,8983,56547,53427,63690,59197,72521,73169,93504,95114,104906,103913,72689,78801,51066,62636,14627,25060,848010,804565,71142,68607,182665,176147,50167,41,52
2021-10-22T23:59:59+02:00,11214,10478,61373,57560,67596,63313,76246,77319,97476,99383,108565,107381,74394,80717,52250,64118,15114,26063,9634,8935,56432,53329,63607,59117,72447,73097,93435,95059,104869,103886,72672,78783,51061,62626,14627,25060,846817,803830,71065,68576,182664,176145,50073,41,52
2021-10-21T23:59:59+02:00,11137,10399,61219,57439,67436,63189,76117,77195,97352,99291,108477,107314,74366,80688,52237,64091,15109,26054,9560,8831,56302,53194,63478,58989,72365,72994,93337,94976,104811,103836,72637,78748,51051,62602,14621,25054,845532,802698,71033,68552,182663,176143,49941,41,52
2021-10-20T23:59:59+02:00,11095,10349,61118,57339,67331,63085,76028,77108,97268,99231,108428,107276,74350,80668,52226,64081,15104,26047,9477,8771,56170,53054,63371,58885,72289,72881,93271,94918,104742,103781,72611,78716,51038,62577,14618,25044,844642,801622,71013,68527,182661,176140,49873,41,52
2021-10-19T23:59:59+02:00,11044,10300,61049,57268,67256,63004,75957,77043,97217,99193,108388,107242,74326,80650,52211,64056,15093,26030,9393,8684,56030,52941,63257,58773,72202,72789,93190,94820,104675,103711,72562,78670,51020,62540,14611,25024,843926,800392,70991,68503,182660,176138,49807,41,52
2021-10-18T23:59:59+02:00,11000,10255,60974,57197,67177,62939,75901,76985,97173,99141,108347,107197,74312,80631,52202,64031,15089,26014,9341,8634,55912,52796,63130,58638,72111,72690,93105,94721,104618,103654,72519,78632,50993,62512,14600,25007,843241,799191,70966,68489,182660,176127,49754,41,52
2021-10-17T23:59:59+02:00,10972,10229,60927,57159,67144,62904,75874,76961,97132,99103,108335,107174,74302,80619,52199,64019,15084,26008,9285,8587,55817,52716,63050,58545,72048,72605,93047,94665,104581,103612,72492,78601,50981,62485,14594,24989,842878,798374,70959,68465,182660,176106,49703,41,52
2021-10-16T23:59:59+02:00,10968,10225,60921,57155,67136,62896,75867,76957,97126,99101,108334,107171,74301,80619,52199,64018,15084,26008,9278,8582,55813,52702,63044,58539,72043,72601,93044,94660,104579,103608,72491,78599,50981,62485,14594,24989,842835,798327,70956,68457,182660,176106,49690,41,52
2021-10-15T23:59:59+02:00,10930,10179,60828,57092,67075,62833,75808,76896,97076,99049,108296,107148,74290,80604,52197,64016,15082,26006,9230,8533,55694,52583,62968,58466,71976,72528,92977,94601,104532,103565,72474,78581,50971,62468,14593,24985,842215,797507,70935,68411,182660,176105,49650,41,52
2021-10-14T23:59:59+02:00,10882,10118,60720,56997,67013,62737,75744,76823,97014,98991,108261,107101,74276,80585,52185,64002,15078,26000,9124,8450,55528,52449,62851,58336,71905,72431,92873,94510,104472,103496,72439,78548,50949,62434,14583,24972,841447,796264,70920,68386,182657,176091,49557,41,52
2021-10-13T23:59:59+02:00,10828,10077,60631,56915,66946,62646,75675,76757,96955,98953,108211,107060,74255,80564,52170,63984,15073,25990,9056,8389,55394,52319,62749,58209,71808,72334,92796,94425,104393,103421,72401,78515,50929,62400,14572,24952,840702,795084,70906,68374,182655,176071,49481,41,52
2021-10-12T23:59:59+02:00,10771,10026,60524,56831,66845,62565,75607,76701,96910,98900,108173,107025,74230,80540,52160,63972,15068,25981,8982,8327,55262,52167,62640,58090,71723,72227,92739,94341,104320,103354,72362,78467,50905,62369,14567,24933,839917,793891,70897,68353,182653,176063,49416,41,52
2021-10-11T23:59:59+02:00,10717,9977,60422,56768,66755,62466,75531,76632,96848,98845,108120,106981,74203,80510,52142,63944,15053,25959,8921,8271,55138,52038,62513,57957,71645,72118,92661,94265,104244,103287,72316,78423,50877,62334,14554,24911,839079,792709,70877,68334,182646,176054,49324,41,52
2021-10-10T23:59:59+02:00,10689,9951,60361,56726,66696,62423,75488,76588,96815,98813,108093,106961,74191,80499,52139,63938,15048,25949,8869,8229,55037,51920,62420,57833,71560,72033,92587,94181,104182,103235,72285,78393,50856,62312,14548,24899,838669,791723,70868,68324,182643,176040,49240,41,52
2021-10-09T23:59:59+02:00,10688,9948,60352,56718,66685,62416,75483,76582,96810,98804,108088,106959,74191,80495,52139,63938,15048,25948,8857,8221,55020,51904,62410,57817,71549,72024,92580,94175,104175,103231,72282,78392,50856,62312,14548,24899,838611,791617,70863,68318,182642,176037,49228,41,52
2021-10-08T23:59:59+02:00,10637,9899,60259,56623,66610,62339,75428,76515,96764,98762,108054,106932,74181,80487,52132,63926,15043,25947,8815,8170,54918,51813,62333,57753,71481,71958,92531,94121,104147,103198,72274,78381,50849,62306,14546,24897,837937,790950,70837,68286,182640,176027,49176,41,52
2021-10-07T23:59:59+02:00,10572,9833,60109,56514,66519,62242,75342,76418,96691,98707,107989,106877,74157,80465,52121,63914,15036,25940,8707,8076,54788,51670,62229,57624,71370,71849,92444,94029,104061,103134,72223,78344,50825,62281,14534,24886,836988,789715,70826,68253,182639,176010,49045,41,51
2021-10-06T23:59:59+02:00,10518,9792,59973,56422,66435,62163,75267,76359,96632,98663,107940,106832,74136,80439,52103,63891,15032,25924,8632,8006,54648,51507,62135,57490,71274,71743,92340,93942,103971,103051,72185,78301,50800,62246,14524,24872,836159,788440,70815,68246,182637,175994,48936,41,51
2021-10-05T23:59:59+02:00,10452,9722,59834,56299,66335,62065,75186,76287,96556,98600,107893,106778,74114,80412,52094,63862,15026,25913,8545,7927,54464,51337,62022,57345,71161,71626,92231,93839,103900,102980,72131,78256,50776,62207,14516,24859,835217,787068,70800,68217,182634,175983,48803,41,51
2021-10-04T23:59:59+02:00,10392,9669,59691,56180,66204,61952,75092,76200,96466,98523,107830,106728,74093,80381,52073,63827,15021,25895,8470,7866,54290,51152,61908,57192,71033,71495,92148,93733,103802,102893,72096,78201,50731,62168,14506,24839,834146,785618,70787,68210,182631,175965,48679,41,51
2021-10-03T23:59:59+02:00,10349,9630,59637,56095,66138,61900,75033,76162,96436,98492,107796,106688,74081,80363,52061,63811,15019,25888,8413,7823,54175,51039,61826,57100,70946,71394,92082,93659,103737,102807,72062,78172,50712,62135,14499,24835,833636,784653,70782,68205,182618,175938,48569,41,51
2021-10-02T23:59:59+02:00,10343,9628,59627,56080,66123,61889,75025,76148,96431,98487,107794,106685,74080,80363,52060,63809,15019,25888,8408,7819,54160,51028,61814,57091,70943,71384,92078,93656,103735,102798,72059,78172,50711,62133,14498,24835,833561,784581,70771,68198,182618,175937,48555,41,51
2021-10-01T23:59:59+02:00,10288,9571,59469,55980,66044,61800,74945,76081,96377,98434,107735,106650,74064,80340,52049,63796,15018,25884,8346,7758,54046,50919,61758,57026,70896,71336,92024,93601,103700,102765,72046,78165,50706,62121,14496,24830,832718,783918,70752,68171,182616,175935,48464,41,51
2021-09-30T23:59:59+02:00,10213,9485,59326,55829,65908,61669,74842,75990,96270,98342,107643,106585,74035,80302,52032,63771,15014,25868,8267,7683,53897,50787,61662,56917,70803,71253,91941,93515,103627,102700,72010,78121,50685,62087,14496,24819,831580,782913,70722,68148,182612,175924,48234,41,51
2021-09-29T23:59:59+02:00,10135,9428,59174,55696,65788,61552,74756,75894,96172,98252,107578,106528,73996,80257,52024,63743,15009,25857,8188,7597,53741,50634,61550,56780,70706,71146,91847,93422,103531,102633,71960,78077,50660,62036,14489,24809,830548,781719,70693,68119,182609,175905,48012,41,51
2021-09-28T23:59:59+02:00,10050,9346,59033,55544,65627,61412,74650,75808,96065,98165,107496,106462,73945,80215,52004,63715,15002,25841,8113,7528,53588,50482,61413,56663,70613,71030,91770,93343,103456,102555,71920,78039,50637,62003,14485,24798,829388,780660,70680,68100,182605,175896,47729,41,51
2021-09-27T23:59:59+02:00,9990,9294,58878,55384,65486,61284,74560,75704,95961,98060,107406,106409,73899,80171,51985,63688,14994,25821,8047,7461,53437,50354,61288,56530,70521,70924,91668,93247,103371,102503,71871,77992,50615,61967,14478,24779,828335,779671,70657,68084,182600,175850,47397,41,51
2021-09-26T23:59:59+02:00,9947,9253,58791,55297,65401,61198,74502,75628,95898,98003,107359,106372,73873,80146,51973,63663,14987,25808,7999,7419,53339,50243,61200,56449,70445,70834,91596,93171,103316,102471,71842,77964,50593,61943,14472,24767,827693,778924,70639,68076,182584,175814,47198,41,51
2021-09-25T23:59:59+02:00,9938,9241,58774,55277,65384,61187,74491,75619,95892,97995,107350,106368,73873,80145,51972,63662,14987,25808,7998,7408,53313,50234,61186,56429,70432,70826,91590,93165,103306,102469,71842,77962,50593,61940,14472,24767,827614,778846,70632,68072,182582,175813,47150,41,51
2021-09-24T23:59:59+02:00,9886,9185,58664,55153,65284,61087,74401,75526,95806,97922,107291,106327,73845,80123,51964,63652,14986,25798,7944,7352,53208,50127,61110,56354,70359,70755,91519,93104,103233,102419,71816,77944,50582,61924,14467,24757,826729,778057,70614,68064,182576,175807,46995,41,51
2021-09-23T23:59:59+02:00,9795,9093,58425,54964,65109,60929,74277,75380,95661,97785,107182,106216,73798,80086,51944,63612,14974,25780,7878,7277,53029,49992,60991,56218,70244,70644,91401,92994,103140,102345,71782,77898,50564,61899,14454,24743,825313,777042,70561,68036,182572,175788,46576,41,51
2021-09-22T23:59:59+02:00,9711,9033,58238,54815,64950,60785,74160,75256,95533,97685,107081,106158,73754,80038,51918,63568,14954,25752,7803,7213,52885,49841,60871,56099,70152,70547,91308,92886,103077,102292,71741,77849,50534,61862,14440,24729,824056,776051,70542,68012,182562,175774,46241,41,51
2021-09-21T23:59:59+02:00,9641,8945,58089,54660,64805,60638,74022,75121,95395,97567,106989,106066,73720,79979,51901,63543,14946,25730,7710,7128,52738,49681,60755,55968,70051,70441,91201,92782,102982,102199,71702,77804,50508,61821,14431,24704,822773,774876,70526,68000,182558,175767,45912,41,51
2021-09-20T23:59:59+02:00,9580,8884,57951,54519,64646,60504,73903,74971,95267,97476,106901,105973,73658,79935,51875,63507,14933,25710,7654,7072,52619,49546,60631,55851,69943,70334,91101,92692,102905,102124,71649,77760,50484,61772,14424,24686,821568,773901,70512,67983,182551,175738,45574,41,51
2021-09-19T23:59:59+02:00,9528,8844,57832,54433,64537,60388,73814,74867,95195,97376,106839,105901,73641,79910,51862,63488,14931,25699,7618,7031,52510,49431,60540,55738,69850,70240,91034,92620,102826,102055,71615,77726,50463,61741,14417,24680,820787,773125,70493,67968,182539,175713,45278,41,51
2021-09-18T23:59:59+02:00,9511,8827,57806,54403,64502,60357,73786,74843,95179,97353,106827,105880,73638,79909,51859,63485,14931,25698,7609,7018,52480,49396,60509,55714,69829,70220,91014,92604,102813,102035,71611,77723,50463,61740,14416,24678,820566,772932,70483,67959,182539,175712,45218,41,51
2021-09-17T23:59:59+02:00,9424,8748,57637,54254,64372,60229,73661,74724,95075,97249,106743,105808,73603,79877,51847,63467,14924,25691,7546,6957,52314,49285,60387,55603,69737,70130,90932,92524,102740,101978,71578,77686,50448,61710,14407,24671,819419,771988,70438,67940,182538,175705,44949,41,51
2021-09-16T23:59:59+02:00,9346,8673,57426,54102,64199,60043,73482,74555,94926,97115,106588,105697,73532,79819,51824,63425,14917,25676,7482,6893,52149,49160,60242,55479,69611,70016,90821,92421,102635,101897,71533,77638,50427,61673,14400,24658,817952,771022,70421,67921,182515,175673,44468,41,51
2021-09-15T23:59:59+02:00,9253,8592,57221,53881,64017,59841,73302,74374,94779,96961,106442,105564,73472,79752,51779,63374,14907,25655,7423,6834,51990,48994,60114,55342,69485,69913,90719,92341,102529,101809,71487,77579,50393,61635,14390,24647,816194,769938,70402,67904,182511,175662,44069,41,51
2021-09-14T23:59:59+02:00,9145,8486,57031,53648,63839,59654,73156,74197,94647,96804,106317,105464,73398,79687,51749,63324,14891,25634,7348,6755,51819,48795,59960,55201,69363,69793,90610,92212,102435,101716,71436,77518,50365,61591,14382,24634,814436,768601,70390,67890,182490,175627,43764,40,51
2021-09-13T23:59:59+02:00,9083,8419,56815,53442,63683,59460,72998,74027,94498,96651,106182,105333,73345,79637,51711,63277,14871,25604,7302,6701,51653,48631,59833,55067,69281,69701,90492,92124,102340,101643,71392,77477,50337,61551,14372,24623,812750,767550,70379,67878,182475,175600,43441,40,51
2021-09-12T23:59:59+02:00,9037,8391,56694,53354,63593,59365,72921,73941,94424,96583,106120,105265,73317,79612,51697,63255,14866,25597,7255,6655,51521,48519,59731,54966,69205,69622,90416,92058,102268,101574,71356,77447,50322,61526,14367,24610,812029,766737,70362,67864,182458,175575,43192,40,50
2021-09-11T23:59:59+02:00,9031,8382,56677,53332,63575,59349,72908,73928,94417,96569,106115,105260,73316,79611,51697,63255,14866,25597,7248,6649,51501,48499,59711,54953,69189,69611,90406,92043,102266,101569,71351,77445,50322,61526,14367,24608,811951,766688,70354,67819,182455,175573,43134,40,50
2021-09-10T23:59:59+02:00,8959,8321,56517,53187,63461,59231,72801,73822,94299,96452,106039,105199,73279,79575,51682,63229,14862,25592,7216,6624,51374,48433,59647,54890,69128,69563,90341,91986,102229,101531,71330,77429,50313,61516,14363,24603,810835,766222,70322,67764,182449,175570,42910,40,50
2021-09-09T23:59:59+02:00,8888,8256,56319,52995,63295,59048,72643,73676,94150,96312,105915,105105,73220,79512,51651,63195,14858,25579,7150,6565,51188,48266,59493,54755,68994,69437,90222,91879,102115,101439,71287,77384,50285,61486,14357,24587,809478,765159,70301,67715,182430,175548,42417,39,50
2021-09-08T23:59:59+02:00,8802,8179,56140,52823,63143,58866,72498,73525,93990,96182,105821,104998,73155,79452,51622,63139,14853,25564,7075,6496,51011,48100,59368,54615,68869,69288,90096,91770,102030,101339,71232,77326,50261,61445,14353,24571,808080,764000,70275,67663,182394,175523,42009,39,50
2021-09-07T23:59:59+02:00,8715,8119,55976,52666,63025,58727,72381,73393,93886,96081,105716,104899,73104,79406,51596,63099,14845,25544,6997,6442,50842,47936,59236,54470,68744,69170,89991,91654,101930,101239,71184,77277,50239,61419,14348,24551,806831,762774,70269,67651,182391,175501,41693,39,50
2021-09-06T23:59:59+02:00,8653,8053,55829,52497,62888,58570,72273,73262,93783,95970,105635,104811,73052,79357,51564,63069,14834,25528,6931,6386,50693,47794,59097,54321,68629,69049,89909,91559,101833,101152,71135,77229,50217,61389,14341,24541,805613,761651,70243,67609,182359,175477,41418,39,50
2021-09-05T23:59:59+02:00,8623,8015,55761,52404,62826,58508,72223,73204,93736,95920,105607,104767,73031,79335,51554,63049,14827,25522,6882,6334,50602,47709,59033,54255,68565,68990,89863,91503,101792,101102,71115,77201,50204,61372,14335,24532,805092,761032,70234,67599,182337,175455,41253,39,50
2021-09-04T23:59:59+02:00,8616,8010,55741,52395,62817,58497,72215,73196,93729,95916,105604,104761,73030,79334,51554,63049,14827,25522,6878,6329,50588,47694,59017,54240,68560,68982,89855,91498,101788,101098,71114,77199,50203,61372,14335,24532,805031,760966,70231,67594,182336,175453,41219,39,50
2021-09-03T23:59:59+02:00,8550,7942,55609,52308,62745,58401,72137,73115,93651,95852,105534,104700,73000,79301,51535,63018,14820,25512,6819,6277,50472,47600,58938,54173,68501,68911,89794,91436,101724,101045,71086,77165,50182,61349,14332,24523,804113,760190,70224,67575,182329,175444,41068,39,50
2021-09-02T23:59:59+02:00,8455,7846,55420,52151,62621,58294,72043,72986,93530,95738,105429,104615,72943,79245,51503,62971,14809,25492,6724,6187,50248,47428,58792,54054,68398,68796,89661,91332,101607,100950,71029,77117,50158,61322,14324,24507,802980,759041,70180,67532,182315,175393,40618,39,50
2021-09-01T23:59:59+02:00,8379,7753,55268,52003,62490,58162,71955,72861,93437,95650,105351,104545,72905,79202,51480,62936,14802,25474,6638,6078,50073,47219,58667,53914,68318,68684,89559,91229,101502,100856,70990,77075,50133,61282,14317,24491,801869,757811,70156,67493,182301,175343,40328,39,50
2021-08-31T23:59:59+02:00,8271,7660,55107,51849,62384,58045,71877,72759,93350,95567,105266,104467,72864,79161,51458,62907,14792,25460,6523,5960,49867,47017,58548,53770,68204,68559,89462,91124,101393,100776,70944,77023,50113,61247,14305,24475,800787,756451,70148,67475,182292,175317,40017,39,50
2021-08-30T23:59:59+02:00,8195,7580,54931,51688,62272,57917,71762,72642,93226,95438,105148,104372,72814,79118,51441,62874,14771,25437,6426,5875,49669,46804,58424,53631,68105,68446,89345,91012,101279,100667,70894,76987,50086,61218,14291,24458,799603,755243,70108,67409,182260,175262,39653,39,50
2021-08-29T23:59:59+02:00,8153,7533,54840,51608,62213,57837,71695,72594,93172,95374,105100,104337,72794,79096,51426,62859,14765,25428,6372,5827,49551,46703,58336,53534,68035,68369,89289,90952,101218,100614,70869,76971,50072,61205,14285,24455,799069,754593,70106,67399,182250,175218,39397,39,50
2021-08-28T23:59:59+02:00,8135,7519,54802,51570,62182,57817,71668,72577,93154,95357,105086,104326,72789,79094,51424,62855,14765,25428,6366,5823,49513,46684,58310,53518,68014,68355,89269,90929,101211,100601,70863,76967,50070,61203,14285,24455,798862,754445,70105,67392,182248,175218,39331,39,50
2021-08-27T23:59:59+02:00,8050,7441,54620,51432,62069,57677,71571,72454,93031,95236,104975,104241,72744,79043,51401,62819,14753,25422,6331,5783,49388,46600,58230,53437,67932,68284,89189,90863,101154,100553,70828,76932,50056,61192,14283,24455,797544,753745,70100,67386,182236,175212,39097,39,50
2021-08-26T23:59:59+02:00,7986,7368,54465,51285,61952,57566,71473,72346,92926,95107,104869,104159,72702,78993,51378,62799,14748,25408,6281,5742,49225,46444,58111,53332,67835,68190,89084,90784,101085,100484,70787,76897,50032,61170,14278,24446,796501,752923,70090,67347,182227,175179,38708,39,50
2021-08-25T23:59:59+02:00,7922,7315,54320,51136,61841,57414,71364,72230,92819,95006,104768,104077,72646,78942,51350,62762,14735,25394,6212,5660,49029,46252,57986,53191,67715,68065,88968,90671,100986,100394,70730,76849,50006,61131,14272,24431,795497,751784,70064,67311,182216,175144,38259,39,50
2021-08-24T23:59:59+02:00,7810,7226,54179,50932,61715,57277,71257,72100,92702,94886,104663,103980,72593,78894,51315,62718,14727,25379,6130,5570,48810,46029,57848,53018,67606,67929,88866,90578,100894,100313,70692,76796,49981,61106,14268,24415,794090,750383,70047,67289,182206,175122,38005,39,50
2021-08-23T23:59:59+02:00,7748,7152,54003,50760,61586,57153,71143,71989,92575,94779,104564,103881,72541,78833,51281,62676,14720,25368,6070,5515,48626,45856,57729,52890,67499,67831,88761,90487,100806,100236,70652,76745,49953,61067,14264,24403,792890,749361,70017,67265,182191,175066,37648,39,50
2021-08-22T23:59:59+02:00,7720,7126,53920,50681,61534,57090,71104,71936,92532,94737,104519,103852,72521,78818,51272,62664,14719,25362,6032,5477,48507,45746,57638,52796,67424,67770,88690,90428,100762,100194,70622,76721,49938,61050,14261,24396,792465,748675,70009,67257,182171,175016,37454,39,50
2021-08-21T23:59:59+02:00,7714,7123,53895,50666,61516,57079,71088,71922,92519,94719,104509,103842,72516,78816,51272,62663,14719,25361,6028,5473,48488,45728,57618,52788,67405,67750,88672,90413,100752,100184,70620,76718,49938,61049,14261,24396,792394,748581,69967,67238,182167,175010,37402,39,50
2021-08-20T23:59:59+02:00,7683,7086,53803,50590,61442,57018,71017,71859,92454,94657,104456,103806,72491,78788,51260,62637,14710,25350,6005,5454,48396,45653,57544,52725,67337,67695,88615,90353,100692,100146,70597,76696,49932,61033,14252,24392,791849,748065,69895,67225,182164,174987,37190,39,50
2021-08-19T23:59:59+02:00,7617,7006,53671,50468,61292,56901,70899,71751,92340,94569,104360,103716,72442,78731,51231,62597,14701,25330,5978,5428,48262,45550,57425,52633,67245,67616,88525,90274,100594,100081,70564,76668,49912,61009,14248,24383,790808,747415,69859,67189,182147,174942,36799,39,50
2021-08-18T23:59:59+02:00,7542,6949,53528,50329,61165,56791,70788,71659,92231,94481,104258,103632,72383,78678,51196,62561,14691,25309,5944,5385,48145,45423,57306,52537,67155,67542,88409,90184,100518,100007,70519,76630,49892,60985,14241,24366,789806,746695,69829,67161,182136,174891,36391,39,50
2021-08-17T23:59:59+02:00,7459,6868,53365,50165,61060,56666,70672,71537,92126,94376,104150,103532,72332,78635,51168,62535,14683,25298,5894,5346,47951,45244,57176,52397,67032,67436,88278,90088,100408,99911,70463,76581,49867,60964,14234,24354,788726,745658,69807,67126,182131,174836,35954,39,50
2021-08-16T23:59:59+02:00,7386,6805,53236,50033,60964,56551,70571,71442,92033,94271,104057,103432,72289,78584,51138,62491,14675,25290,5870,5311,47811,45124,57069,52329,66936,67352,88180,90000,100324,99816,70420,76541,49843,60936,14227,24349,787853,745029,69759,67081,182116,174768,35511,39,49
2021-08-15T23:59:59+02:00,7337,6765,53158,49952,60895,56481,70505,71382,91974,94219,104002,103385,72254,78554,51130,62475,14671,25281,5849,5293,47706,45030,56977,52239,66866,67290,88101,89936,100269,99768,70383,76506,49828,60915,14222,24337,787378,744546,69746,67050,182102,174686,35185,39,48
2021-08-14T23:59:59+02:00,7315,6749,53085,49882,60845,56437,70469,71335,91937,94180,103963,103349,72233,78546,51121,62464,14669,25278,5773,5239,47469,44757,56810,52051,66712,67136,87966,89814,100154,99661,70334,76463,49817,60892,14218,24332,786893,742717,69739,67044,182102,174675,35114,39,48
2021-08-13T23:59:59+02:00,7274,6713,52974,49787,60761,56356,70417,71266,91861,94123,103913,103304,72210,78523,51109,62453,14667,25271,5545,5024,46964,44260,56569,51783,66483,66881,87693,89561,99958,99455,70247,76362,49778,60832,14212,24311,786136,739235,69735,67034,182102,174601,35000,39,48
2021-08-12T23:59:59+02:00,7243,6686,52875,49718,60703,56277,70342,71216,91791,94064,103852,103258,72176,78490,51095,62437,14665,25257,5325,4850,46468,43815,56295,51475,66224,66658,87437,89338,99618,99181,70137,76228,49724,60768,14201,24283,785702,736183,69709,67009,182086,174147,34639,39,47
2021-08-11T23:59:59+02:00,7177,6617,52708,49547,60573,56158,70258,71122,91682,93960,103751,103150,72116,78425,51063,62395,14658,25241,5049,4567,45790,43196,55922,51091,65964,66360,87142,89073,99282,98812,69997,76082,49664,60666,14189,24254,784524,732063,69688,66976,182077,173711,34303,39,47
2021-08-10T23:59:59+02:00,7100,6533,52510,49361,60426,56039,70151,71000,91557,93830,103628,103045,72063,78367,51032,62364,14650,25232,4826,4326,44835,42292,55252,50434,65469,65907,86680,88588,98790,98356,69792,75883,49564,60565,14168,24216,783163,725798,69679,66923,182069,173208,33967,39,47
2021-08-09T23:59:59+02:00,7056,6486,52399,49269,60349,55964,70094,70940,91488,93757,103556,102986,72020,78331,51026,62348,14646,25224,4586,4109,43829,41233,54536,49746,64995,65475,86233,88153,98274,97887,69604,75659,49474,60439,14140,24177,782596,719342,69609,66848,182057,172645,33667,39,47
2021-08-08T23:59:59+02:00,7010,6445,52334,49200,60310,55932,70056,70914,91431,93709,103503,102946,72000,78309,51012,62327,14640,25219,4571,4096,43773,41169,54475,49698,64929,65434,86161,88094,98207,97837,69579,75628,49453,60413,14132,24170,782309,719048,69602,66831,182043,172562,33331,39,47
2021-08-07T23:59:59+02:00,6971,6404,52223,49073,60230,55855,69998,70849,91362,93646,103453,102898,71983,78292,51003,62321,14640,25218,4258,3784,42806,40151,53921,49128,64494,65027,85787,87695,97887,97490,69436,75485,49397,60331,14115,24152,781518,712685,69598,66812,182043,172554,33248,39,45
2021-08-06T23:59:59+02:00,6928,6342,52089,48945,60156,55789,69932,70768,91282,93569,103393,102841,71959,78269,50992,62302,14638,25214,3950,3562,42122,39538,53676,48861,64270,64785,85550,87472,97658,97288,69352,75394,49355,60290,14109,24139,780645,709065,69593,66728,182042,172417,33116,39,45
2021-08-05T23:59:59+02:00,6817,6234,51833,48721,59980,55602,69790,70621,91120,93421,103251,102704,71898,78206,50964,62262,14625,25195,3757,3391,41287,38846,53157,48402,63899,64433,85091,87071,97035,96769,69165,75210,49289,60192,14090,24109,779019,704520,69541,66676,182007,171288,32664,39,45
2021-08-04T23:59:59+02:00,6728,6148,51637,48489,59834,55422,69680,70470,90985,93304,103132,102588,71837,78142,50938,62216,14614,25166,3383,3036,40443,38062,52786,47997,63580,64111,84719,86742,96622,96362,69001,75039,49212,60096,14074,24075,777613,699931,69505,66655,181993,170503,32206,39,45
2021-08-03T23:59:59+02:00,6655,6091,51467,48352,59709,55293,69588,70378,90885,93204,103035,102507,71783,78106,50918,62190,14606,25150,3254,2934,39444,37116,51988,47312,63036,63576,84200,86256,95908,95732,68757,74823,49120,59979,14053,24031,776574,693676,69496,66631,181986,169319,31848,39,45
2021-08-02T23:59:59+02:00,6607,6048,51331,48212,59618,55214,69504,70309,90832,93132,102955,102445,71743,78064,50897,62168,14599,25137,3085,2756,38171,35961,51026,46502,62322,62989,83594,85690,95107,95030,68504,74566,49032,59846,14033,23992,775877,686058,69448,66577,181958,168007,31519,39,45
2021-08-01T23:59:59+02:00,6565,5993,51161,48050,59465,55099,69411,70196,90724,93041,102867,102352,71701,78027,50875,62128,14594,25121,3061,2738,37986,35827,50867,46403,62191,62895,83416,85546,94654,94625,68387,74456,48993,59797,14022,23972,774828,685407,69419,66517,181940,166697,31170,39,45
2021-07-31T23:59:59+02:00,6522,5959,51066,47930,59410,55027,69362,70152,90684,93011,102840,102327,71690,78015,50867,62124,14594,25118,2657,2356,36377,34315,49959,45533,61655,62329,82912,85033,94174,94191,68200,74251,48914,59702,14004,23939,774216,676254,69415,66506,181940,166582,31114,39,45
2021-07-30T23:59:59+02:00,6486,5906,50916,47790,59325,54946,69293,70091,90611,92931,102784,102288,71673,77991,50858,62100,14591,25114,2381,2127,34922,32910,48988,44584,60923,61634,82225,84410,93492,93614,67965,74014,48809,59552,13985,23908,773449,666719,69390,66494,181934,166277,30908,39,45
2021-07-29T23:59:59+02:00,6371,5786,50485,47421,59106,54674,69103,69900,90423,92743,102621,102151,71598,77908,50825,62045,14576,25096,2304,2061,34189,32293,48364,44133,60516,61278,81800,84060,92719,92939,67769,73856,48745,59465,13965,23877,771126,662845,69336,66347,181891,164630,30466,39,45
2021-07-28T23:59:59+02:00,6299,5723,50230,47226,58973,54519,68975,69803,90292,92619,102513,102057,71542,77851,50798,62005,14567,25079,2280,2042,33862,31995,48040,43893,60283,61053,81619,83889,92481,92739,67695,73789,48711,59432,13952,23867,769806,661123,69300,66258,181864,164109,30088,39,44
2021-07-27T23:59:59+02:00,6246,5676,50069,47083,58830,54421,68881,69714,90190,92509,102407,101980,71497,77798,50768,61971,14559,25065,2138,1927,32393,30599,46764,42799,59449,60257,81014,83356,91456,91889,67419,73504,48623,59305,13920,23826,768896,652450,69273,66187,181840,162315,29642,39,44
2021-07-26T23:59:59+02:00,6223,5647,49950,46996,58732,54332,68802,69659,90102,92448,102341,101928,71456,77762,50746,61951,14553,25056,2004,1812,31022,29344,45441,41672,58344,59267,80302,82721,90288,90856,67109,73230,48533,59188,13896,23784,768360,643360,69206,66088,181802,160017,29304,38,44
2021-07-25T23:59:59+02:00,6203,5630,49837,46891,58643,54265,68737,69600,90037,92391,102280,101880,71423,77726,50727,61928,14550,25046,1988,1804,30811,29187,45169,41473,58081,59032,80028,82509,89322,90000,66902,73056,48464,59115,13884,23760,767948,642151,69194,65965,181776,157560,28865,37,44
2021-07-24T23:59:59+02:00,6168,5601,49717,46801,58574,54203,68689,69543,89991,92346,102239,101839,71418,77719,50724,61925,14549,25042,1730,1585,29219,27601,44024,40387,57383,58316,79411,81931,88676,89432,66722,72865,48393,59013,13870,23736,767340,632097,69184,65947,181768,157421,28785,37,44
2021-07-23T23:59:59+02:00,6083,5514,49541,46624,58479,54098,68579,69439,89886,92242,102149,101743,71382,77663,50703,61894,14545,25036,1502,1366,27522,26082,42767,39295,56448,57426,78720,81310,87968,88768,66452,72591,48314,58912,13849,23706,765960,621524,69180,65781,181749,156949,28700,37,44
2021-07-22T23:59:59+02:00,5943,5400,49246,46337,58282,53894,68408,69271,89700,92090,101993,101609,71315,77580,50661,61843,14534,25017,1418,1311,26701,25258,41858,38485,55506,56595,77974,80681,86301,87258,66076,72190,48203,58782,13818,23654,764022,613031,69135,65276,181716,155479,28239,37,44
2021-07-21T23:59:59+02:00,5667,5117,48711,45809,57978,53579,68178,68990,89422,91843,101725,101342,71188,77449,50602,61778,14525,24991,1386,1285,26446,25034,41435,38201,55060,56202,77600,80397,85493,86653,65908,72062,48148,58716,13800,23629,760412,611043,69109,64996,181694,153704,27668,37,44
2021-07-20T23:59:59+02:00,5590,5043,48428,45530,57806,53369,68003,68843,89242,91688,101560,101198,71112,77381,50563,61731,14516,24963,1295,1200,25267,23887,40143,37166,53719,54999,76692,79620,84127,85307,65601,71720,48040,58579,13772,23583,758729,600641,69102,64835,181649,152122,27075,37,44
2021-07-19T23:59:59+02:00,5510,4957,48102,45205,57583,53161,67836,68640,89054,91508,101412,101037,71040,77299,50520,61680,14507,24934,1215,1138,24439,23047,38830,36043,51986,53499,75421,78561,83012,84325,65307,71464,47940,58461,13747,23543,756925,590582,69093,64687,181621,150330,26335,37,44
2021-07-18T23:59:59+02:00,5502,4956,48027,45146,57486,53080,67764,68566,88960,91441,101339,100972,71003,77258,50495,61648,14505,24922,1200,1132,24296,22946,38557,35818,51651,53208,75169,78364,82107,83556,65114,71285,47884,58389,13742,23521,756642,589507,69069,64524,181581,148097,25767,37,44
2021-07-17T23:59:59+02:00,5475,4919,47928,45069,57412,53020,67701,68509,88900,91379,101294,100953,70994,77243,50490,61641,14505,24921,1006,944,22912,21488,37173,34518,50407,52014,74562,77807,81472,82959,64984,71137,47817,58327,13733,23501,756076,578633,69064,64497,181572,147957,25630,37,44
2021-07-16T23:59:59+02:00,5373,4840,47686,44837,57285,52913,67583,68396,88762,91282,101186,100849,70948,77192,50467,61622,14499,24915,809,782,21658,20250,35879,33274,48950,50693,73552,76872,80771,82298,64764,70914,47735,58226,13714,23469,754615,566997,69062,64433,181565,147754,25382,37,44
2021-07-15T23:59:59+02:00,5231,4711,47287,44515,57075,52719,67388,68211,88548,91082,100998,100680,70851,77090,50418,61548,14490,24886,750,739,21052,19748,34947,32573,47711,49744,72367,75953,78618,80165,64165,70316,47592,58047,13695,23406,752553,557633,69044,63404,181519,145911,24596,37,44
2021-07-14T23:59:59+02:00,4858,4387,46696,43939,56841,52452,67184,68007,88333,90838,100781,100483,70743,76980,50350,61465,14478,24862,734,723,20845,19603,34682,32412,47338,49441,71833,75562,77951,79629,63841,70039,47509,57964,13672,23372,749103,555821,69026,63215,181467,144007,24065,37,42
2021-07-13T23:59:59+02:00,4767,4307,46497,43786,56676,52293,67021,67861,88175,90711,100635,100356,70670,76918,50313,61418,14474,24846,705,684,20284,19068,33655,31591,45714,47985,70070,73898,76343,78067,63465,69647,47380,57792,13643,23320,747742,544880,69009,62440,181393,142385,23564,37,42
2021-07-12T23:59:59+02:00,4702,4229,46310,43594,56525,52151,66866,67734,88003,90572,100478,100216,70594,76830,50275,61362,14467,24828,681,663,19809,18636,32870,30969,44049,46528,67689,71824,74449,76563,62933,69059,47235,57630,13615,23269,746471,533774,68985,61871,181292,139812,22972,37,42
2021-07-11T23:59:59+02:00,4697,4226,46239,43541,56461,52101,66814,67695,87940,90519,100406,100156,70556,76787,50265,61347,14464,24814,673,658,19599,18491,32519,30723,43599,46150,67227,71464,73669,75864,62531,68679,47164,57540,13599,23236,746319,531971,68974,61546,181226,137334,22492,37,42
2021-07-10T23:59:59+02:00,4571,4090,45953,43233,56276,51903,66665,67519,87806,90379,100304,100050,70501,76730,50244,61321,14461,24805,641,626,19035,17942,31572,29863,41846,44570,65742,70181,73033,75244,62364,68528,47111,57488,13592,23222,744219,521349,68968,61530,181214,137286,22393,37,42
2021-07-09T23:59:59+02:00,4442,3972,45681,42980,56109,51707,66503,67353,87654,90214,100170,99945,70448,76657,50207,61280,14456,24793,594,577,18445,17370,30602,28899,39891,42640,63447,68055,71872,74103,62090,68203,47035,57363,13574,23197,742163,507657,68954,61149,181208,136880,22229,37,42
2021-07-08T23:59:59+02:00,4413,3946,45538,42865,55984,51587,66372,67252,87529,90092,100050,99848,70393,76605,50186,61242,14445,24779,547,533,17506,16567,29201,27863,38173,41184,61316,66231,68510,70948,61190,67230,46789,57019,13529,23101,741430,492387,68894,59070,181138,134297,21641,37,42
2021-07-07T23:59:59+02:00,4401,3940,45472,42821,55899,51531,66287,67207,87474,90052,100007,99797,70377,76582,50177,61224,14441,24769,469,480,16547,15714,27808,26849,36645,39949,59693,64772,65279,67469,60173,66186,46551,56698,13479,23028,741119,477078,68845,57153,181086,132145,21371,37,42
2021-07-06T23:59:59+02:00,4349,3892,45327,42690,55769,51391,66183,67098,87367,89960,99926,99712,70339,76523,50159,61197,14438,24755,402,416,15776,14976,26729,25939,34794,38235,56290,61747,62623,65006,59417,65396,46277,56364,13439,22925,739986,459171,68824,56327,181028,130010,21201,36,42
2021-07-05T23:59:59+02:00,4286,3847,45145,42514,55615,51288,66060,66987,87247,89866,99841,99614,70276,76459,50137,61170,14435,24740,368,364,15115,14355,25779,25124,33560,37100,53191,58772,59847,62541,58577,64584,46023,56052,13394,22847,738792,443083,68781,55978,180948,127520,20970,36,42
2021-07-04T23:59:59+02:00,4277,3841,45097,42481,55547,51254,66015,66959,87208,89834,99809,99587,70252,76438,50131,61155,14429,24729,349,344,14911,14150,25337,24765,32960,36572,52526,58243,58859,61678,57911,63951,45839,55848,13375,22798,738591,438994,68748,55776,180879,124815,20789,36,42
2021-07-03T23:59:59+02:00,4058,3662,44565,41919,55230,50878,65717,66679,86961,89573,99608,99391,70179,76366,50108,61109,14425,24717,331,328,14625,13827,24982,24410,31980,35651,50780,56694,57991,60942,57737,63753,45771,55763,13363,22773,734783,430410,68730,55758,180873,124768,20723,36,42
2021-07-02T23:59:59+02:00,3748,3376,43912,41324,54904,50539,65430,66374,86687,89321,99372,99165,70076,76253,50056,61039,14419,24700,304,291,14208,13381,24284,23798,30820,34585,48146,54524,55854,59152,57342,63322,45611,55604,13347,22735,730441,417887,68711,54707,180860,124037,20648,35,29
2021-07-01T23:59:59+02:00,3610,3266,43557,40975,54702,50363,65270,66210,86532,89179,99218,99044,70007,76185,50025,61005,14411,24685,261,250,13517,12698,22979,22716,29142,33070,46127,52779,53359,56871,55916,61747,45117,54988,13274,22607,728299,404343,68646,52393,180810,120200,20454,35,28
2021-06-30T23:59:59+02:00,3599,3249,43293,40779,54518,50227,65151,66112,86440,89112,99147,98992,69980,76161,50013,60983,14407,24674,199,211,12775,12096,21812,21816,27553,31700,44271,51064,49720,52907,54586,60411,44762,54549,13218,22479,727149,388584,68594,50486,180790,116761,20270,34,28
2021-06-29T23:59:59+02:00,3383,3029,42373,39948,53907,49621,64712,65680,86026,88659,98798,98665,69855,76012,49956,60912,14387,24644,170,159,12173,11496,21010,21045,26185,30491,41647,48649,47848,51360,53617,59300,44354,54011,13124,22326,721158,376540,68540,48962,180774,113375,20061,34,27
2021-06-28T23:59:59+02:00,3165,2849,41418,38955,53239,48968,64246,65288,85643,88267,98464,98321,69715,75852,49891,60812,14369,24620,127,127,11670,11046,20349,20457,25216,29593,39551,46705,46222,49993,52512,58254,43992,53505,13044,22204,714993,367050,68428,47924,180763,109702,19864,34,27
2021-06-27T23:59:59+02:00,3160,2846,41381,38920,53193,48929,64207,65252,85591,88232,98412,98293,69696,75839,49882,60798,14364,24617,109,110,11476,10852,20026,20142,24638,29029,38527,45852,45055,48899,51480,57241,43558,52997,12962,22061,714776,362447,68398,47481,180727,105382,19677,34,27
2021-06-26T23:59:59+02:00,2678,2372,39988,37557,52472,48186,63655,64688,85104,87711,97987,97860,69505,75664,49809,60694,14345,24594,99,99,11361,10750,19856,19986,24438,28812,38048,45414,44687,48547,51366,57096,43512,52949,12957,22046,706073,359490,68369,47476,180727,105364,19666,34,27
2021-06-25T23:59:59+02:00,2273,2037,39140,36748,52120,47828,63331,64363,84824,87400,97737,97594,69401,75547,49762,60632,14331,24572,75,81,11060,10439,19473,19559,23908,28188,35364,43108,42502,46633,51027,56717,43413,52818,12933,22015,701020,347912,68232,47030,180720,104710,19634,34,27
2021-06-24T23:59:59+02:00,2219,1984,38652,36289,51770,47500,63112,64153,84590,87205,97550,97437,69319,75481,49727,60586,14325,24557,62,58,10463,9855,18413,18672,22484,26933,33264,41268,40071,44339,49544,55065,42844,52117,12816,21812,698072,335017,68203,44431,180699,101157,19448,34,27
2021-06-23T23:59:59+02:00,2206,1960,38422,36063,51607,47330,62995,64042,84490,87110,97473,97353,69288,75450,49707,60565,14321,24546,35,32,10009,9423,17786,18113,21552,26074,31331,39632,36106,39872,48248,53701,42458,51610,12735,21646,696837,319482,68171,43805,180683,97844,19205,32,27
2021-06-22T23:59:59+02:00,2127,1899,37437,35134,50854,46657,62513,63595,84116,86700,97108,97041,69139,75307,49640,60484,14308,24513,13,17,9541,8993,16914,17424,20326,24996,28204,36869,33805,37992,47291,52728,42050,51051,12595,21411,690697,307309,68125,41065,180671,94773,19047,32,26
2021-06-21T23:59:59+02:00,1980,1760,36087,33919,49832,45790,61792,62932,83617,86228,96668,96634,68970,75136,49574,60389,14297,24478,9,10,9223,8697,16453,17060,19701,24514,26458,35304,32266,36699,46238,51647,41597,50501,12489,21219,682746,299943,68091,40424,180656,91133,18559,31,26
2021-06-20T23:59:59+02:00,1969,1751,35999,33866,49687,45667,61651,62794,83537,86167,96595,96573,68936,75108,49559,60371,14297,24467,8,9,9075,8594,16234,16890,19385,24256,25642,34651,31324,35746,46043,51444,41566,50449,12480,21199,682094,296155,68049,39831,180638,90801,18182,31,26
2021-06-19T23:59:59+02:00,1601,1451,34385,32319,48786,44846,61163,62289,83066,85691,96189,96221,68788,74942,49494,60290,14282,24443,7,8,9035,8520,16131,16767,19266,24103,25537,34492,31195,35603,45947,51348,41548,50424,12476,21189,673392,294816,68030,39828,180631,90764,18162,31,26
2021-06-18T23:59:59+02:00,1405,1278,32742,30736,47583,43660,60223,61369,82261,84942,95577,95643,68569,74720,49405,60152,14266,24413,7,8,8960,8435,15972,16611,19076,23909,25284,34251,30910,35284,45652,51001,41464,50347,12463,21175,662277,292618,67896,39711,180630,90344,18110,31,26
2021-06-17T23:59:59+02:00,1330,1220,31821,29899,46719,42952,59417,60519,81518,84294,95167,95260,68427,74576,49363,60075,14252,24384,7,8,8419,8069,15281,16055,18246,23082,24180,33125,29431,33923,44326,49496,40979,49736,12343,20986,655356,283674,67779,38883,180599,87681,17428,31,26
2021-06-16T23:59:59+02:00,1247,1156,31132,29201,45916,42203,58493,59640,80739,83523,94744,94880,68292,74416,49306,59983,14232,24358,7,8,7932,7745,14668,15539,17468,22354,23038,32168,28251,32812,42427,47377,40431,49157,12236,20801,648290,273921,67652,38284,180581,85281,16907,31,26
2021-06-15T23:59:59+02:00,1105,1037,29240,27423,44167,40683,56902,58006,79350,82205,93985,94209,68005,74123,49193,59826,14199,24293,7,6,7758,7618,14359,15299,17104,22052,22517,31781,27717,32383,41490,46359,40045,48732,12112,20580,633352,270842,67603,37777,180543,82852,16422,31,26
2021-06-14T23:59:59+02:00,1012,923,27693,25956,42564,39166,55246,56355,78250,81093,93292,93581,67755,73881,49099,59704,14179,24248,6,5,7575,7445,13982,14962,16574,21606,21824,31197,27039,31789,41106,45936,39661,48279,11981,20374,620118,268155,67547,37361,180514,80013,15787,31,25
2021-06-13T23:59:59+02:00,988,898,27491,25777,42180,38829,54699,55833,77904,80784,93099,93391,67665,73801,49062,59646,14164,24223,6,5,7434,7277,13710,14667,16185,21207,21395,30705,26500,31286,40708,45531,39196,47713,11803,20088,617407,266060,67406,37290,180486,76937,15104,31,25
2021-06-12T23:59:59+02:00,859,784,25981,24191,41025,37751,54025,55098,77374,80289,92549,92866,67510,73624,48993,59569,14151,24202,6,5,7388,7227,13585,14557,16053,21094,21211,30558,26381,31184,40691,45514,39186,47702,11803,20087,607888,265274,67400,37288,180480,76603,15042,31,25
2021-06-11T23:59:59+02:00,746,675,24367,22672,39678,36561,52797,53888,76405,79437,91976,92290,67276,73389,48931,59461,14132,24167,6,5,7333,7139,13413,14369,15835,20898,20938,30298,26108,30927,40385,45138,39101,47587,11785,20058,596143,263375,67320,37143,180471,75897,14883,31,25
2021-06-10T23:59:59+02:00,645,585,23370,21666,38459,35382,51191,52383,75086,78241,90370,90745,66921,72993,48805,59287,14107,24112,6,5,7051,6915,12886,13933,15196,20325,20174,29543,25316,30250,39679,44276,38750,47169,11671,19874,583250,259901,66836,37110,180419,72171,13812,31,25
2021-06-09T23:59:59+02:00,575,536,22919,21281,37798,34859,50084,51338,73841,77048,89779,90240,66794,72848,48755,59202,14092,24082,6,5,6780,6607,12294,13332,14410,19512,19255,28519,24331,29087,37112,41355,38186,46525,11523,19635,576089,249580,66375,37037,180381,68637,13195,31,25
2021-06-08T23:59:59+02:00,469,425,21399,19830,36195,33496,47973,49378,71703,75110,88304,88759,66479,72463,48619,59041,14059,24038,6,5,6649,6437,11908,12958,13926,19024,18652,27918,23774,28549,36826,41100,37894,46158,11414,19478,558732,247920,66097,36959,180349,65241,12531,31,25
2021-06-07T23:59:59+02:00,354,331,20395,18859,34651,32163,45696,47356,69566,73229,87326,87911,66255,72197,48545,58906,14039,24001,6,5,6495,6274,11483,12604,13382,18541,17923,27330,23139,27953,36506,40796,37475,45677,11301,19279,543547,245926,65925,36889,180296,61348,11981,31,25
2021-06-06T23:59:59+02:00,331,310,20216,18712,34257,31880,45088,46783,68946,72744,87114,87746,66199,72136,48533,58880,14033,23989,6,5,6363,6101,11157,12190,12951,17968,17284,26520,22442,27143,36037,40322,36993,45126,11146,19011,540427,243475,65598,36839,180253,56839,11588,31,24
2021-06-05T23:59:59+02:00,259,245,18974,17451,32935,30669,43865,45611,68372,72226,86581,87236,66108,72034,48485,58832,14026,23977,6,5,6312,6021,11054,12025,12823,17789,17112,26310,22271,26954,35972,40245,36971,45102,11144,19006,530457,242867,65598,36426,180233,56238,11567,31,24
2021-06-04T23:59:59+02:00,178,175,17783,16301,31628,29379,42313,44113,67030,70910,85774,86483,65921,71821,48409,58740,14010,23948,6,5,6209,5881,10877,11813,12609,17533,16757,25925,21751,26515,35083,39388,36655,44802,11127,18984,517633,241021,65531,36099,180226,53282,11495,31,23
2021-06-03T23:59:59+02:00,123,122,17143,15728,30643,28550,40854,42817,65256,69378,83523,84198,65496,71368,48281,58578,13992,23910,6,5,6039,5670,10567,11456,12291,17065,16306,25264,21200,25936,34419,38597,36479,44598,11094,18934,503843,238682,64833,35711,180187,50445,11066,31,22
2021-06-02T23:59:59+02:00,94,79,16801,15419,30330,28284,40187,42196,63666,67984,82584,83396,65355,71204,48221,58496,13989,23895,6,4,5921,5578,10389,11297,12062,16848,16010,24957,20854,25542,31171,34969,36251,44376,11065,18881,496332,229974,64830,35379,180186,50005,10801,31,22
2021-06-01T23:59:59+02:00,38,44,16011,14751,28833,27179,37820,40132,60097,64799,80154,81074,65004,70840,48093,58307,13955,23841,6,4,5648,5301,9863,10866,11523,16252,15340,24161,20117,24781,30828,34671,36056,44198,11036,18819,477973,228503,63273,34873,180120,46497,9576,30,21
2021-05-31T23:59:59+02:00,30,36,15447,14277,27893,26478,35859,38467,56654,61771,78122,79371,64672,70484,47949,58132,13923,23789,6,3,5485,5098,9455,10501,11092,15770,14802,23476,19492,24076,30542,34416,35871,44005,11001,18762,462204,227819,62550,34487,180055,43011,8515,30,21
2021-05-30T23:59:59+02:00,28,33,15303,14149,27605,26244,35407,38057,55941,61154,77801,79097,64610,70427,47924,58097,13919,23778,6,3,5383,4900,9127,10141,10679,15281,14350,22672,18966,23304,29862,33701,35644,43812,10979,18700,459219,227350,62112,34407,180008,37527,8205,30,21
2021-05-29T23:59:59+02:00,26,32,14906,13758,26755,25432,33646,36468,54457,59856,77212,78531,64460,70277,47871,58044,13912,23764,6,3,5350,4824,9061,10025,10585,15162,14240,22522,18835,23165,29833,33678,35638,43804,10978,18697,449094,226860,62079,34407,180004,36918,8200,30,21
2021-05-28T23:59:59+02:00,23,31,14499,13358,25943,24688,31798,34709,52286,57850,76161,77535,64255,70025,47819,57967,13902,23741,6,3,5264,4708,8882,9881,10429,14987,14078,22285,18622,22863,29763,33631,35621,43787,10977,18692,437146,226183,61611,34401,179914,35985,7889,30,21
2021-05-27T23:59:59+02:00,19,26,13869,12889,24874,23970,30548,33780,50675,56473,73056,74549,63813,69488,47685,57805,13879,23685,6,3,5151,4474,8548,9542,10025,14552,13632,21649,18114,22264,29540,33427,35510,43675,10956,18663,424985,225526,59647,34329,179282,32716,7139,30,21
2021-05-26T23:59:59+02:00,18,24,13382,12466,23961,23321,29625,33076,49587,55547,70097,71355,63198,68877,47550,57634,13848,23639,6,3,5063,4311,8292,9227,9721,14164,13274,21047,17680,21663,29344,33259,35412,43570,10929,18611,414156,224910,57467,34211,178783,29665,6769,30,21
2021-05-25T23:59:59+02:00,18,19,13038,12168,23380,22914,28566,32212,46984,53308,67835,69229,62846,68510,47437,57485,13830,23584,6,3,4984,4189,8080,8964,9467,13786,12962,20525,17295,21112,29185,33102,35328,43464,10902,18555,402286,224350,56397,34129,178160,26919,6490,30,21
2021-05-24T23:59:59+02:00,17,18,12741,11887,22881,22536,27945,31759,44363,50876,65374,67038,62537,68211,47326,57359,13794,23527,6,3,4913,4081,7830,8732,9148,13401,12632,20012,16910,20554,29041,32962,35254,43392,10878,18508,390626,223769,55914,34063,177491,24276,6128,30,21
2021-05-23T23:59:59+02:00,17,18,12679,11819,22785,22451,27865,31679,44106,50648,64786,66489,62457,68123,47301,57341,13792,23525,6,3,4891,4066,7795,8701,9089,13366,12552,19951,16832,20498,29032,32949,35250,43385,10878,18506,388419,223483,55833,34056,177477,24068,6122,30,21
2021-05-22T23:59:59+02:00,17,18,12455,11581,22464,22142,26862,30791,42269,49072,63930,65748,62294,67932,47235,57250,13782,23502,6,3,4875,4011,7768,8636,9047,13300,12520,19865,16802,20430,29021,32939,35246,43379,10877,18505,379927,223390,55822,34056,177472,23670,6093,30,21
2021-05-21T23:59:59+02:00,17,17,12153,11329,21893,21698,26044,30099,39877,47178,61955,64079,62031,67659,47151,57162,13767,23476,6,3,4856,3984,7713,8550,8981,13212,12444,19772,16727,20344,29005,32913,35239,43368,10875,18504,369488,223193,54766,34041,177280,23220,6021,30,21
2021-05-20T23:59:59+02:00,16,17,11543,10757,20765,20796,24893,29069,38369,45900,59607,62005,61209,66758,46951,56902,13733,23420,6,3,4581,3806,7310,8260,8539,12815,11991,19259,16304,19821,28884,32815,35188,43315,10871,18494,358976,222784,52411,33930,175996,20230,5297,30,21
2021-05-19T23:59:59+02:00,16,17,11100,10443,19979,20242,24045,28470,37465,45215,56374,58366,60518,66055,46843,56768,13710,23373,6,3,4428,3648,7056,8017,8263,12486,11659,18827,15933,19400,28785,32703,35145,43239,10860,18479,348500,222297,50788,33813,174869,17994,4812,30,21
2021-05-18T23:59:59+02:00,16,17,10770,10158,19398,19791,23389,27909,36054,43983,54960,57236,60146,65628,46713,56607,13685,23348,6,3,4323,3521,6807,7780,8001,12201,11424,18424,15585,18968,28701,32611,35115,43198,10856,18472,343098,222004,48936,33731,173390,15886,4354,30,21
2021-05-17T23:59:59+02:00,15,16,10550,9977,18960,19500,22953,27597,34852,42990,53646,56198,59896,65381,46649,56508,13670,23314,6,3,4253,3434,6599,7561,7749,11906,11166,18027,15273,18561,28610,32522,35090,43157,10850,18458,339008,221702,47941,33663,171872,14018,3821,30,21
2021-05-16T23:59:59+02:00,15,15,10360,9848,18665,19296,22620,27356,34213,42529,52407,55027,59703,65216,46612,56454,13659,23294,6,3,4185,3360,6382,7395,7461,11651,10896,17674,14977,18197,28544,32460,35074,43139,10843,18454,336568,221448,47062,33601,170254,12255,3376,29,21
2021-05-15T23:59:59+02:00,15,15,10264,9748,18513,19148,22448,27211,33830,42161,52011,54649,59588,65070,46564,56409,13656,23278,6,3,4144,3324,6298,7329,7368,11548,10794,17555,14872,18067,28450,32342,34982,43046,10839,18449,334166,220358,47061,33599,170120,12236,3202,29,21
2021-05-14T23:59:59+02:00,14,15,9981,9545,18085,18908,22047,26923,31482,40381,49861,52794,59366,64841,46516,56324,13639,23257,6,3,4016,3241,6012,7164,7063,11324,10448,17204,14523,17740,27876,31636,34859,42854,10820,18421,325012,217061,47008,33593,169509,12113,2422,28,21
2021-05-13T23:59:59+02:00,14,15,9520,9176,17291,18343,21179,26240,30365,39390,47617,50622,58516,63867,46306,56041,13600,23183,6,3,3517,3047,5673,6911,6751,11014,10037,16814,14146,17305,26976,30436,34433,42335,10789,18360,316512,212458,45147,33036,167484,10923,2115,27,21
2021-05-12T23:59:59+02:00,14,15,9229,8981,16858,18084,20706,25950,29834,39004,44616,46975,57943,63225,46222,55927,13582,23158,6,3,3377,2959,5441,6800,6470,10867,9755,16605,13908,17040,26329,29613,34267,42142,10763,18326,307317,209426,44329,33010,167191,10755,1459,27,21
2021-05-11T23:59:59+02:00,14,13,8796,8705,16086,17566,19840,25329,28096,37561,42681,45469,57567,62778,46138,55792,13561,23130,6,3,3257,2828,5208,6459,6172,10452,9387,16047,13471,16480,24905,27944,33756,41515,10712,18238,301826,203446,41272,32827,164706,9255,1291,27,21
2021-05-10T23:59:59+02:00,14,12,8534,8552,15573,17310,19208,25008,27106,36871,41220,44323,57300,62503,46059,55688,13541,23099,6,2,3147,2702,4977,6225,5917,10128,9064,15569,13108,16057,23855,26613,33267,40931,10676,18180,298518,198788,40365,32799,162032,7838,980,26,19
2021-05-09T23:59:59+02:00,14,12,8378,8469,15267,17129,18827,24752,26438,36442,39442,42657,57004,62224,46003,55630,13533,23079,6,2,3026,2647,4795,6084,5749,9953,8866,15362,12940,15884,23579,26280,33122,40758,10666,18165,295544,197590,39988,32756,159034,6811,708,26,19
2021-05-08T23:59:59+02:00,14,12,8303,8396,15084,16983,18619,24553,26210,36204,39208,42465,56877,62074,45965,55593,13530,23068,6,2,3018,2628,4764,6048,5705,9907,8789,15297,12853,15814,23209,25853,32836,40444,10658,18149,293979,196400,39534,32045,158911,6808,708,26,19
2021-05-07T23:59:59+02:00,13,11,8131,8300,14758,16799,18230,24316,25787,35914,38750,42086,56602,61719,45916,55546,13523,23058,6,2,2719,2494,4416,5863,5433,9646,8473,14986,12457,15418,22110,24478,32186,39609,10630,18099,291434,192935,39103,30545,158584,5216,312,26,17
2021-05-06T23:59:59+02:00,12,11,7484,7943,13857,16196,17171,23460,24445,34800,36604,40420,55475,60397,45673,55239,13488,22991,6,2,2594,2381,4242,5666,5225,9342,8129,14545,12025,14964,20802,22802,31331,38601,10576,17985,280782,187316,37819,29586,156764,4024,275,26,17
2021-05-05T23:59:59+02:00,10,11,6946,7635,13075,15653,16135,22691,23055,33773,34773,38931,53632,58356,45351,54893,13455,22925,6,2,2507,2322,4067,5510,5034,9130,7781,14207,11655,14604,19412,21019,30136,37185,10536,17882,269314,181179,36895,28413,154969,3290,96,26,17
2021-05-04T23:59:59+02:00,10,10,6757,7545,12708,15476,15647,22420,22406,33427,33812,38232,52778,57393,45228,54766,13437,22884,6,2,2452,2252,3913,5341,4858,8876,7438,13799,11229,14145,17759,19089,29036,35853,10440,17762,265536,174358,36026,27472,153306,2361,43,25,16
2021-05-03T23:59:59+02:00,10,10,6612,7395,12330,15255,15139,22109,21694,33021,32659,37341,52480,57075,45132,54658,13422,22852,6,2,2393,2182,3819,5161,4718,8641,7220,13450,10908,13737,16555,17590,28156,34750,10376,17654,262240,168779,35564,27123,151333,1368,32,25,16
2021-05-02T23:59:59+02:00,10,10,6531,7305,12116,15083,14841,21877,21216,32700,31508,36392,52196,56784,45070,54567,13404,22821,6,2,2378,2175,3797,5128,4687,8605,7154,13379,10823,13645,16243,17194,27858,34445,10364,17640,259804,167208,35491,27009,149080,1261,31,25,14
2021-05-01T23:59:59+02:00,10,10,6513,7282,12053,15033,14760,21814,21113,32628,31381,36298,52190,56769,45066,54566,13402,22819,6,2,2375,2167,3773,5111,4646,8580,7117,13342,10762,13590,16045,16971,27743,34308,10361,17630,259232,166242,35490,26983,148929,1259,31,25,14
2021-04-30T23:59:59+02:00,10,10,6475,7244,11960,14937,14654,21694,20917,32441,31141,36107,51919,56409,45021,54513,13396,22807,6,2,2346,2147,3711,5048,4550,8471,6967,13159,10484,13327,15230,15945,26872,33235,10320,17542,257445,163035,35446,25092,148709,1191,30,25,14
2021-04-29T23:59:59+02:00,10,10,6270,7116,11638,14748,14298,21454,20397,32150,30388,35618,51270,55582,44929,54394,13370,22727,6,2,2308,2101,3618,4959,4426,8335,6773,12940,10207,13040,14255,14711,25566,31688,10257,17447,254252,157326,35351,24342,146712,928,29,25,14
2021-04-28T23:59:59+02:00,10,10,6007,6951,11257,14410,13804,20986,19755,31543,29221,34486,48602,52574,44635,54069,13307,22649,6,2,2270,2060,3550,4898,4310,8219,6613,12756,9957,12821,13114,13229,24074,29807,10195,17344,244293,151350,35224,23139,144719,709,15,25,12
2021-04-27T23:59:59+02:00,10,10,5903,6860,11101,14287,13604,20822,19474,31332,28658,34097,48396,52353,44579,54015,13298,22627,6,2,2228,2025,3460,4804,4217,8110,6447,12569,9674,12545,11898,11664,22418,27648,10116,17198,242908,144518,35176,21954,143302,531,15,25,11
2021-04-26T23:59:59+02:00,10,10,5854,6819,10983,14220,13442,20700,19246,31120,27824,33530,48059,51983,44525,53949,13289,22598,6,2,2206,1998,3405,4759,4155,8043,6344,12436,9485,12370,10980,10505,21136,25891,10055,17108,242175,139232,35149,21207,140798,421,15,24,9
2021-04-25T23:59:59+02:00,10,10,5809,6772,10878,14125,13280,20544,18998,30836,27062,32789,47561,51472,44441,53850,13275,22578,6,2,2181,1988,3375,4740,4136,8024,6311,12395,9428,12309,10818,10311,20893,25567,10045,17094,240460,138379,35104,20857,138687,363,15,24,9
2021-04-24T23:59:59+02:00,10,10,5787,6724,10799,14033,13181,20399,18863,30656,26900,32608,47458,51349,44347,53754,13271,22573,6,2,2174,1978,3350,4712,4097,7977,6239,12323,9296,12191,10661,10131,20758,25435,10029,17076,238969,137851,35086,20216,138628,344,15,24,9
2021-04-23T23:59:59+02:00,10,10,5725,6635,10665,13834,12978,20145,18552,30276,26501,32246,46511,50211,44193,53509,13248,22541,6,2,2156,1956,3307,4675,4048,7923,6145,12232,9132,12063,10395,9830,20434,25014,9981,16993,234565,136727,35027,19208,138159,333,15,24,9
2021-04-22T23:59:59+02:00,10,10,5624,6521,10455,13636,12625,19807,18036,29802,25870,31654,44783,48057,43621,52780,13202,22441,5,2,2142,1945,3268,4622,3971,7849,6016,12132,8872,11898,9961,9424,19977,24422,9931,16915,228307,134598,34914,18429,135674,301,15,24,9
2021-04-21T23:59:59+02:00,10,9,5525,6386,10225,13434,12293,19494,17533,29308,25152,30921,40503,43185,43141,52246,13135,22336,5,2,2129,1936,3232,4585,3916,7790,5935,12039,8696,11738,9629,9039,19478,23829,9865,16818,216176,132948,34848,17415,133773,278,15,24,5
2021-04-20T23:59:59+02:00,10,9,5447,6295,10030,13216,12017,19227,17110,28900,24596,30353,38747,41168,42485,51467,13063,22195,5,2,2104,1923,3190,4561,3849,7746,5804,11940,8525,11610,9345,8719,19004,23158,9768,16677,209923,131576,34758,16110,131615,224,15,24,5
2021-04-19T23:59:59+02:00,10,8,5367,6219,9869,13086,11811,19017,16747,28518,24050,29881,37187,39375,41893,50746,13010,22108,5,2,2088,1906,3155,4526,3808,7700,5764,11870,8440,11518,9107,8434,18596,22590,9721,16584,204885,129876,34700,15715,129280,203,15,22,5
2021-04-18T23:59:59+02:00,10,7,5304,6168,9738,13001,11611,18877,16465,28320,23641,29567,35870,38009,41539,50341,12976,22044,5,2,2075,1891,3128,4504,3782,7684,5720,11823,8390,11469,9009,8345,18442,22402,9708,16559,203333,129395,34658,15325,125461,198,15,21,5
2021-04-17T23:59:59+02:00,10,7,5298,6152,9704,12970,11564,18837,16388,28253,23577,29508,35558,37667,41431,50243,12970,22033,5,2,2065,1883,3101,4491,3724,7639,5650,11772,8304,11417,8898,8235,18336,22285,9687,16546,202102,128589,34649,15235,125383,196,15,21,5
2021-04-16T23:59:59+02:00,10,7,5233,6113,9617,12910,11428,18725,16176,28093,23223,29159,34474,36408,41018,49718,12950,21999,5,2,1933,1796,2873,4311,3366,7320,4878,11239,6812,10324,6366,6157,16518,20584,9492,16247,197934,119206,34559,10804,124733,193,15,20,5
2021-04-15T23:59:59+02:00,10,7,5167,6023,9413,12737,11134,18478,15680,27699,22534,28555,32575,34093,39970,48510,12869,21831,5,2,1890,1764,2805,4246,3247,7198,4661,11057,6434,10014,5907,5758,15925,19897,9300,15912,192108,116065,34506,9753,120636,184,15,20,5
2021-04-14T23:59:59+02:00,10,7,5105,5977,9247,12611,10918,18301,15276,27382,21882,28076,30646,31839,38751,47088,12794,21644,5,2,1807,1710,2722,4177,3135,7104,4459,10892,6125,9764,5431,5344,15343,19209,9096,15556,185722,113434,34367,8298,117430,129,15,20,5
2021-04-13T23:59:59+02:00,10,7,5057,5923,9110,12483,10741,18134,14932,27106,21360,27613,28541,29387,37485,45488,12650,21437,5,2,1763,1693,2685,4134,3081,7043,4325,10752,5855,9553,5090,5041,14892,18759,8960,15352,178821,112015,34301,6917,114308,33,15,19,5
2021-04-12T23:59:59+02:00,10,7,4993,5874,9002,12345,10534,17986,14610,26825,20820,27157,26500,27117,36325,44022,12521,21236,5,2,1728,1649,2655,4113,3053,6990,4266,10684,5752,9452,4923,4895,14591,18392,8849,15152,173099,111166,34222,5933,110529,32,15,19,5
2021-04-11T23:59:59+02:00,10,7,4957,5831,8907,12266,10376,17884,14345,26648,20394,26833,25297,25826,35621,43236,12432,21086,5,2,1719,1643,2633,4092,3028,6962,4231,10637,5665,9384,4830,4840,14475,18268,8810,15099,171310,110955,34151,5323,106462,26,14,19,5
2021-04-10T23:59:59+02:00,10,7,4946,5818,8865,12238,10320,17849,14277,26598,20298,26753,24981,25451,35274,42816,12425,21065,5,2,1714,1637,2624,4084,3014,6945,4201,10606,5606,9345,4752,4763,14346,18102,8763,15014,170095,110156,33426,5322,106437,26,14,19,5
2021-04-09T23:59:59+02:00,10,7,4899,5786,8781,12158,10195,17725,14108,26423,20037,26510,24139,24296,34318,41604,12392,20991,4,2,1686,1608,2567,4050,2942,6886,4051,10496,5349,9121,4337,4387,13776,17385,8533,14645,166719,106470,31911,5314,105721,26,10,18,5
2021-04-08T23:59:59+02:00,10,7,4824,5721,8634,12050,9982,17553,13711,26109,19433,26041,22428,22305,32623,39631,12242,20754,4,2,1656,1592,2513,4005,2858,6801,3904,10359,5056,8856,3877,3960,12781,16138,8049,13883,160952,101473,31005,4784,102073,22,10,18,5
2021-04-07T23:59:59+02:00,10,6,4777,5668,8450,11973,9755,17403,13392,25882,18961,25679,20619,20191,30863,37367,12124,20540,4,2,1623,1576,2459,3952,2797,6719,3797,10214,4868,8667,3611,3668,12090,15333,7673,13323,154912,98143,29826,4206,98899,13,9,14,5
2021-04-06T23:59:59+02:00,10,6,4729,5623,8306,11861,9595,17237,13072,25614,18441,25292,18764,18122,28938,34876,11921,20194,4,2,1587,1557,2435,3926,2763,6681,3735,10170,4785,8576,3502,3543,11616,14685,7386,12909,148062,95828,28861,4008,95656,12,9,13,5
2021-04-05T23:59:59+02:00,10,6,4698,5582,8210,11770,9456,17140,12859,25403,18040,24947,17036,16193,27311,32727,11773,19968,4,2,1565,1545,2404,3908,2733,6632,3692,10111,4698,8460,3389,3434,11274,14316,7228,12627,142652,94430,28426,3567,92031,11,9,11,5
2021-04-04T23:59:59+02:00,10,6,4691,5576,8202,11760,9442,17125,12833,25382,18012,24922,16904,16017,27115,32481,11764,19954,4,2,1564,1544,2402,3905,2730,6628,3690,10107,4694,8457,3380,3423,11263,14304,7224,12619,141933,94350,28333,3567,91914,11,7,9,5
2021-04-03T23:59:59+02:00,10,6,4687,5568,8188,11753,9423,17105,12794,25351,17934,24858,16824,15927,27068,32424,11759,19947,4,2,1561,1542,2393,3897,2712,6614,3667,10079,4611,8402,3263,3308,11182,14230,7218,12609,141402,93704,28306,3567,91902,11,7,9,5
2021-04-02T23:59:59+02:00,10,6,4662,5548,8129,11699,9359,17037,12655,25244,17698,24657,16373,15451,26592,31847,11727,19892,4,2,1559,1533,2378,3892,2705,6598,3646,10047,4541,8309,3194,3240,10944,13928,7067,12406,140193,92407,26893,3563,91484,11,7,9,5
2021-04-01T23:59:59+02:00,9,6,4619,5487,8017,11556,9229,16878,12382,24958,17253,24256,15620,14724,25833,30884,11600,19709,4,2,1542,1513,2349,3859,2682,6569,3607,10008,4473,8243,3081,3109,10007,12809,6452,11555,137948,88387,26227,3457,88831,10,5,9,5
2021-03-31T23:59:59+02:00,9,6,4407,5407,7906,11433,9088,16712,12163,24680,16899,23891,14923,13959,24999,29873,11491,19509,4,2,1533,1508,2335,3839,2655,6540,3557,9960,4402,8171,2990,3019,9431,12105,6087,11058,136144,85945,24763,3231,86434,10,5,9,5
2021-03-30T23:59:59+02:00,9,6,4376,5355,7830,11306,9001,16555,12002,24490,16615,23579,14322,13316,24238,28888,11352,19264,4,2,1519,1498,2314,3814,2629,6511,3516,9895,4336,8100,2863,2871,8836,11447,5734,10562,134654,83612,23546,2824,84290,5,5,9,5
2021-03-29T23:59:59+02:00,9,6,4336,5302,7730,11194,8893,16390,11842,24216,16286,23232,13778,12715,23474,27911,11192,19015,4,2,1501,1485,2295,3798,2607,6482,3482,9835,4272,8025,2810,2803,8545,11059,5545,10249,132803,82219,22786,2565,81918,5,5,9,5
2021-03-28T23:59:59+02:00,9,6,4301,5218,7645,11086,8813,16236,11707,23986,16027,22959,13449,12405,22902,27216,11018,18730,4,2,1492,1478,2273,3782,2592,6453,3442,9785,4235,7966,2762,2752,8465,10953,5500,10182,132304,81867,22260,2237,79135,4,5,9,5
2021-03-27T23:59:59+01:00,9,6,4287,5207,7619,11054,8747,16164,11608,23891,15882,22843,13245,12192,22699,27002,10983,18701,4,2,1491,1476,2270,3780,2591,6452,3428,9758,4225,7943,2754,2746,8407,10889,5465,10142,131422,81572,21614,2237,79089,4,5,9,5
2021-03-26T23:59:59+01:00,9,6,4244,5140,7509,10920,8573,15979,11273,23587,15269,22340,12326,11362,21909,26158,10836,18473,2,2,1486,1462,2265,3759,2578,6429,3411,9732,4184,7907,2724,2707,8226,10670,5344,9971,127363,80722,20003,2123,78533,4,5,9,5
2021-03-25T23:59:59+01:00,9,5,4189,4978,7346,10641,8328,15570,10889,22964,14624,21640,11652,10700,21038,25089,10517,17927,2,2,1466,1449,2232,3732,2543,6390,3374,9685,4113,7825,2591,2567,7248,9410,4726,9054,124071,76512,19222,1884,74800,4,4,9,5
2021-03-24T23:59:59+01:00,9,5,4113,4837,7209,10354,8112,15157,10625,22414,14152,21030,11046,10142,20102,23999,10184,17359,2,2,1445,1420,2205,3694,2499,6353,3332,9620,4034,7726,2490,2470,6596,8645,4340,8472,121466,73875,18028,1461,71346,2,2,7,5
2021-03-23T23:59:59+01:00,9,5,4073,4745,7102,10114,7959,14815,10362,21909,13750,20538,10578,9700,19376,23145,9869,16891,2,2,1434,1402,2179,3673,2480,6325,3272,9566,3940,7650,2396,2369,5867,7714,3886,7781,120001,70798,16919,1132,68012,2,1,7,5
2021-03-22T23:59:59+01:00,9,5,4020,4667,6973,9873,7798,14493,10102,21441,13401,20037,10185,9343,18804,22435,9675,16543,2,1,1425,1395,2172,3659,2468,6309,3248,9543,3910,7616,2335,2318,5410,7104,3526,7289,119105,68680,16516,1042,64175,2,1,7,5
2021-03-21T23:59:59+01:00,9,5,3973,4565,6841,9608,7630,14133,9880,20899,13058,19511,9865,9064,18267,21833,9486,16230,2,1,1422,1391,2171,3648,2464,6301,3242,9534,3900,7602,2321,2299,5293,6972,3468,7188,118898,68169,16119,1042,59832,2,1,7,5
2021-03-20T23:59:59+01:00,9,5,3962,4545,6805,9553,7572,14059,9796,20789,12952,19421,9778,8971,18127,21656,9435,16143,2,1,1419,1386,2167,3644,2459,6296,3228,9524,3880,7592,2286,2267,4965,6598,3279,6946,118066,66889,16024,1042,59480,2,1,7,5
2021-03-19T23:59:59+01:00,8,5,3788,4404,6513,9303,7132,13633,8884,20059,11225,18094,6920,6624,15874,19449,9072,15581,2,1,1415,1382,2162,3637,2447,6283,3215,9498,3828,7546,2219,2226,4590,6125,3010,6621,108769,65191,11305,1009,56486,2,1,7,4
2021-03-18T23:59:59+01:00,8,4,3684,4273,6336,8996,6863,13194,8494,19401,10588,17356,6204,5972,14651,17976,8555,14756,2,1,1411,1376,2139,3610,2429,6247,3186,9457,3788,7513,2174,2192,4168,5593,2728,6206,103632,63312,10299,901,53372,2,1,7,4
2021-03-17T23:59:59+01:00,8,4,3605,4199,6207,8849,6691,13017,8195,19091,10185,16966,5795,5586,13835,17054,8157,14167,2,1,1401,1363,2123,3590,2399,6215,3155,9429,3751,7476,2119,2132,3759,5147,2475,5818,100393,61581,8610,767,52600,2,1,7,4
2021-03-16T23:59:59+01:00,8,4,3527,4067,6052,8579,6485,12648,7884,18509,9636,16310,5267,5131,13017,16092,7819,13666,2,1,1392,1354,2114,3573,2383,6200,3139,9410,3726,7450,2092,2095,3239,4506,2135,5304,98064,59345,7198,763,49431,2,1,7,4
2021-03-15T23:59:59+01:00,8,4,3479,3922,5865,8304,6267,12236,7607,17938,9200,15687,4949,4846,12358,15350,7553,13204,2,1,1392,1344,2098,3558,2363,6176,3120,9361,3702,7411,2055,2044,2871,4044,1850,4909,96564,57550,6219,745,45987,2,0,7,4
2021-03-14T23:59:59+01:00,8,4,3434,3789,5635,7973,5977,11789,7299,17218,8740,14936,4625,4572,12069,15094,7504,13104,2,1,1385,1339,2082,3529,2350,6127,3102,9302,3685,7373,2048,2033,2793,3936,1797,4823,96439,57151,5603,550,41721,2,0,7,4
2021-03-13T23:59:59+01:00,8,4,3418,3749,5594,7857,5916,11667,7214,17070,8591,14781,4474,4422,11979,15009,7498,13093,2,1,1385,1339,2082,3529,2349,6127,3101,9301,3684,7373,2045,2025,2740,3881,1763,4769,95746,56940,5603,550,40988,2,0,7,4
2021-03-12T23:59:59+01:00,8,4,3398,3679,5537,7719,5856,11515,7128,16844,8455,14547,4368,4326,11705,14684,7342,12875,2,1,1385,1339,2078,3523,2348,6119,3097,9295,3682,7368,2043,2023,2652,3770,1679,4680,94318,56528,5595,550,40070,2,0,7,4
2021-03-11T23:59:59+01:00,8,4,3320,3486,5328,7422,5625,11099,6789,16175,8018,13908,4024,3990,10625,13425,6683,11961,2,1,1380,1337,2067,3509,2329,6094,3074,9261,3658,7335,2013,1998,2412,3504,1523,4461,90112,55435,5160,517,36611,2,0,7,4
2021-03-10T23:59:59+01:00,8,4,3224,3368,5109,7150,5413,10736,6518,15628,7680,13361,3800,3761,9979,12634,6294,11425,2,1,1375,1326,2040,3471,2300,6004,3026,9138,3601,7216,1969,1921,2196,3267,1391,4266,87636,54221,4784,283,33665,2,0,7,4
2021-03-09T23:59:59+01:00,7,4,3150,3240,4941,6963,5210,10451,6286,15193,7383,12852,3616,3554,9342,11935,5916,10898,2,1,1368,1315,2006,3411,2269,5902,2964,8996,3533,7134,1939,1895,1916,2949,1219,4019,85349,52797,4519,35,31066,2,0,7,4
2021-03-08T23:59:59+01:00,7,4,3086,3084,4710,6699,4969,10098,6025,14679,7022,12266,3414,3361,8951,11492,5718,10580,2,1,1365,1297,1992,3332,2238,5805,2926,8850,3500,7040,1924,1873,1713,2717,1095,3825,83872,51458,4148,33,28138,0,0,7,4
2021-03-07T23:59:59+01:00,7,4,3054,3024,4637,6584,4885,9985,5920,14515,6905,12119,3363,3314,8862,11383,5677,10513,2,1,1359,1292,1986,3320,2230,5780,2919,8811,3488,7021,1916,1861,1658,2649,1044,3756,83511,51056,3970,33,27263,0,0,7,4
2021-03-06T23:59:59+01:00,6,4,3040,2966,4595,6491,4848,9918,5862,14396,6857,12007,3339,3291,8805,11317,5642,10470,2,1,1357,1279,1981,3306,2218,5753,2916,8784,3477,7002,1906,1837,1630,2625,1038,3747,83186,50822,3970,33,26691,0,0,7,4
2021-03-05T23:59:59+01:00,6,4,3016,2873,4536,6379,4784,9820,5799,14244,6754,11854,3294,3236,8618,11089,5519,10294,2,1,1348,1246,1949,3251,2193,5647,2875,8650,3433,6864,1862,1791,1566,2555,1016,3719,82277,49931,3962,33,25873,0,0,7,4
2021-03-04T23:59:59+01:00,4,4,2964,2684,4379,6140,4565,9507,5592,13827,6441,11465,3118,3060,7596,9794,4884,9376,2,1,1329,1197,1912,3128,2161,5465,2829,8373,3376,6632,1790,1701,1529,2503,1011,3701,78104,48604,3688,32,23601,0,0,7,4
2021-03-03T23:59:59+01:00,3,4,2925,2613,4239,5949,4398,9238,5389,13448,6185,11046,2993,2927,6945,9018,4487,8767,2,1,1317,1161,1885,3055,2139,5354,2799,8194,3323,6475,1722,1659,1488,2433,991,3647,75374,47609,3445,32,21748,0,0,7,4
2021-03-02T23:59:59+01:00,3,4,2865,2522,4051,5730,4194,8967,5191,13068,5916,10670,2846,2766,6184,8057,4015,8058,2,1,1284,1119,1858,2983,2115,5212,2749,7921,3274,6277,1648,1599,1422,2353,967,3596,72212,46344,2989,32,19899,0,0,7,4
2021-03-01T23:59:59+01:00,3,3,2826,2459,3887,5577,4008,8748,5002,12747,5677,10277,2745,2651,5690,7399,3649,7547,2,1,1278,1083,1835,2882,2089,5018,2708,7671,3214,6041,1605,1563,1373,2292,937,3553,70040,45109,2680,32,18168,0,0,7,4
2021-02-28T23:59:59+01:00,3,3,2784,2411,3729,5459,3785,8558,4819,12496,5490,9971,2688,2578,5568,7244,3587,7446,2,1,1274,1078,1830,2869,2080,4994,2701,7635,3204,6024,1596,1556,1368,2284,934,3543,69561,44938,2459,31,16592,0,0,7,4
2021-02-27T23:59:59+01:00,3,2,2771,2350,3703,5379,3751,8484,4785,12403,5455,9897,2647,2544,5233,6855,3386,7194,2,1,1267,1070,1823,2857,2067,4959,2682,7570,3188,5968,1578,1547,1362,2273,932,3542,68238,44654,2459,30,16138,0,0,7,4
2021-02-26T23:59:59+01:00,3,2,2751,2309,3663,5291,3685,8380,4722,12292,5369,9809,2570,2491,4849,6372,3107,6860,2,1,1210,1020,1773,2751,2018,4778,2626,7295,3115,5758,1517,1496,1339,2252,918,3533,66416,43369,2332,29,15771,0,0,6,4
2021-02-25T23:59:59+01:00,3,2,2579,2202,3476,5109,3499,8153,4519,12005,5151,9534,2481,2425,4400,5817,2818,6432,2,1,1194,963,1742,2642,1964,4504,2557,6899,3020,5471,1471,1453,1318,2237,915,3524,64549,41847,2005,26,14045,0,0,6,4
2021-02-24T23:59:59+01:00,3,2,2426,2068,3286,4915,3353,7948,4322,11751,4930,9283,2344,2305,3939,5305,2556,6033,1,1,1179,934,1719,2557,1928,4364,2497,6643,2967,5266,1440,1421,1300,2216,911,3501,62768,40823,1526,18,12469,0,0,6,4
2021-02-23T23:59:59+01:00,3,2,2296,1930,3107,4688,3200,7709,4147,11480,4746,9035,2255,2212,3382,4641,2213,5517,1,1,1165,886,1686,2462,1889,4173,2429,6344,2870,5006,1382,1366,1271,2172,895,3474,60556,39453,1173,15,10828,0,0,6,4
2021-02-22T23:59:59+01:00,3,2,2256,1879,3023,4595,3130,7600,4053,11293,4638,8910,2203,2171,3011,4174,1927,5131,1,1,1153,827,1654,2336,1847,3927,2353,5950,2745,4709,1319,1312,1248,2139,887,3449,58875,37848,1086,5,10032,0,0,6,4
2021-02-21T23:59:59+01:00,3,2,2220,1848,2971,4526,3050,7487,3972,11148,4572,8793,2188,2148,2926,4059,1871,5043,1,1,1150,809,1637,2284,1820,3820,2320,5794,2682,4584,1288,1289,1238,2125,880,3434,58441,37147,1053,5,9327,0,0,6,4
2021-02-20T23:59:59+01:00,3,2,2208,1845,2948,4513,3034,7451,3946,11115,4551,8771,2185,2140,2872,4002,1836,4988,1,1,1150,806,1637,2282,1819,3811,2319,5789,2681,4580,1287,1286,1237,2122,879,3433,58225,37111,1052,5,9127,0,0,6,4
2021-02-19T23:59:59+01:00,2,2,2196,1831,2912,4461,3009,7365,3901,11033,4497,8708,2177,2134,2781,3888,1751,4894,1,1,1100,797,1598,2274,1808,3802,2309,5768,2673,4567,1281,1275,1226,2117,874,3426,57803,36889,1020,4,8713,0,0,6,4
2021-02-18T23:59:59+01:00,2,2,2065,1736,2755,4278,2885,7167,3764,10747,4358,8503,2143,2100,2538,3616,1595,4671,1,1,1022,761,1526,2175,1758,3680,2236,5611,2616,4482,1267,1255,1219,2103,861,3408,56730,35974,952,4,7237,0,0,6,4
2021-02-17T23:59:59+01:00,2,2,2021,1688,2664,4147,2775,6955,3611,10406,4216,8261,2084,2016,2319,3387,1468,4478,1,1,870,696,1413,2049,1681,3489,2139,5383,2544,4309,1233,1209,1193,2058,845,3363,55658,34469,806,3,6030,0,0,6,4
2021-02-16T23:59:59+01:00,2,2,1851,1577,2490,3939,2635,6680,3450,10052,4038,7955,2039,1989,2037,3067,1294,4224,1,1,843,674,1343,1971,1612,3348,2044,5209,2449,4175,1171,1163,1133,1969,812,3261,54316,33173,770,2,4229,0,0,6,4
2021-02-15T23:59:59+01:00,2,2,1816,1522,2402,3768,2558,6408,3328,9684,3923,7685,2013,1960,1818,2827,1168,4031,1,1,825,662,1314,1924,1570,3279,1987,5037,2386,4074,1112,1122,1066,1877,793,3157,53207,32182,754,1,2948,0,0,6,4
2021-02-14T23:59:59+01:00,2,2,1726,1492,2354,3707,2516,6314,3257,9579,3876,7607,2002,1950,1760,2767,1118,3971,1,1,810,652,1298,1901,1543,3256,1953,4996,2360,4018,1102,1113,1059,1868,790,3145,52868,31861,725,1,2401,0,0,6,4
2021-02-13T23:59:59+01:00,2,2,1725,1480,2344,3700,2510,6300,3254,9563,3869,7597,1993,1930,1736,2747,1114,3961,1,1,810,652,1298,1901,1543,3256,1953,4996,2360,4018,1102,1113,1059,1868,790,3145,52711,31861,725,1,2385,0,0,6,4
2021-02-12T23:59:59+01:00,2,2,1646,1395,2243,3586,2431,6127,3149,9325,3744,7332,1946,1872,1672,2676,1091,3932,1,1,803,644,1286,1878,1530,3237,1945,4965,2344,3998,1097,1108,1058,1849,790,3114,51769,31644,725,0,1671,0,0,6,4
2021-02-11T23:59:59+01:00,2,2,1451,1259,2062,3374,2303,5835,2998,8891,3586,6985,1873,1770,1630,2612,1071,3909,1,1,774,596,1191,1699,1403,2958,1805,4603,2178,3708,1044,1044,1014,1771,749,2972,50370,29509,684,0,553,0,0,6,2
2021-02-10T23:59:59+01:00,2,2,1358,1212,1978,3247,2234,5663,2916,8612,3475,6754,1803,1723,1583,2545,1052,3847,1,1,564,512,969,1473,1261,2647,1620,4142,1974,3326,924,917,881,1513,657,2630,49194,26010,645,0,161,0,0,6,2
2021-02-09T23:59:59+01:00,2,2,1323,1163,1943,3153,2206,5478,2849,8271,3405,6496,1729,1661,1521,2484,1033,3805,1,1,302,379,754,1207,1075,2269,1413,3603,1723,2870,758,755,708,1206,523,2125,47924,21671,515,0,80,0,0,5,1
2021-02-08T23:59:59+01:00,2,2,1316,1128,1911,3036,2169,5256,2797,7992,3346,6260,1686,1627,1472,2429,1016,3782,1,1,266,341,651,1054,970,2053,1254,3210,1527,2554,656,635,606,1018,451,1840,46798,19087,345,0,79,0,0,5,1
2021-02-07T23:59:59+01:00,2,2,1290,1112,1881,2984,2143,5174,2767,7889,3304,6194,1670,1611,1457,2410,1004,3767,1,1,232,286,602,965,909,1898,1163,2983,1430,2382,615,615,584,983,441,1809,46512,17899,144,0,0,0,0,5,0
2021-02-06T23:59:59+01:00,2,2,1285,1106,1875,2972,2134,5146,2754,7845,3293,6149,1657,1603,1452,2400,1001,3766,1,1,213,255,580,927,881,1833,1120,2864,1373,2299,599,596,577,983,441,1809,46293,17352,144,0,0,0,0,5,0
2021-02-05T23:59:59+01:00,2,2,1226,1054,1826,2864,2082,4950,2693,7549,3216,5933,1594,1550,1435,2377,993,3760,1,1,196,222,544,876,845,1753,1082,2744,1320,2199,565,572,565,959,429,1784,44957,16657,144,0,0,0,0,5,0
2021-02-04T23:59:59+01:00,2,2,1214,991,1785,2716,2010,4638,2611,7103,3116,5604,1549,1517,1418,2360,988,3749,1,1,167,170,470,756,746,1612,969,2505,1207,1985,519,519,517,903,408,1664,43333,15119,36,0,0,0,0,4,0
2021-02-03T23:59:59+01:00,2,2,1196,962,1755,2634,1971,4490,2545,6841,3064,5390,1512,1485,1388,2325,969,3719,1,1,139,141,397,644,630,1374,823,2127,1010,1693,399,383,373,681,288,1259,42210,12363,36,0,0,0,0,4,0
2021-02-02T23:59:59+01:00,2,2,1179,906,1721,2533,1929,4270,2472,6509,2958,5118,1458,1438,1364,2294,959,3694,1,1,116,116,321,522,524,1136,679,1796,821,1384,298,280,292,499,225,947,40766,9958,36,0,0,0,0,4,0
2021-02-01T23:59:59+01:00,1,2,1166,846,1686,2409,1878,4025,2395,6119,2836,4822,1391,1356,1334,2248,946,3665,0,0,83,76,221,352,351,743,430,1159,479,862,186,170,171,298,126,562,39085,6269,36,0,0,0,0,4,0
2021-01-31T23:59:59+01:00,1,2,1162,828,1669,2352,1853,3903,2363,5935,2769,4702,1360,1333,1323,2232,939,3649,0,0,72,70,187,280,273,576,341,905,397,695,160,155,159,289,122,548,38338,5229,33,0,0,0,0,4,0
2021-01-30T23:59:59+01:00,1,2,1162,825,1668,2347,1851,3892,2361,5924,2766,4692,1359,1329,1322,2231,939,3648,0,0,69,63,154,233,245,508,306,787,354,620,159,148,154,285,122,547,38283,4754,32,0,0,0,0,4,0
2021-01-29T23:59:59+01:00,1,2,1111,816,1629,2339,1840,3885,2353,5909,2758,4681,1355,1326,1318,2231,939,3648,0,0,61,45,117,178,201,353,250,639,310,492,148,139,143,275,119,546,38107,4016,30,0,0,0,0,4,0
2021-01-28T23:59:59+01:00,1,2,1037,790,1573,2276,1807,3816,2306,5838,2725,4629,1343,1314,1308,2225,927,3634,0,0,39,20,75,106,132,206,155,383,202,295,115,106,117,221,107,496,37520,2775,27,0,0,0,0,4,0
2021-01-27T23:59:59+01:00,1,2,889,738,1478,2201,1739,3702,2233,5709,2667,4503,1313,1268,1279,2187,911,3598,0,0,30,13,63,88,106,162,122,326,175,249,107,88,104,201,103,459,36396,2396,18,0,0,0,0,4,0
2021-01-26T23:59:59+01:00,1,2,874,718,1415,2126,1678,3572,2146,5537,2579,4391,1254,1228,1229,2114,886,3538,0,0,29,12,60,85,102,156,118,311,174,240,104,82,97,180,92,409,35271,2251,13,0,0,0,0,4,0
2021-01-25T23:59:59+01:00,1,2,862,697,1384,2064,1645,3475,2100,5367,2522,4299,1200,1203,1174,2054,869,3472,0,0,27,12,57,85,99,154,117,309,173,240,103,81,96,179,90,406,34382,2228,4,0,0,0,0,4,0
2021-01-24T23:59:59+01:00,1,2,859,696,1378,2053,1640,3458,2092,5342,2510,4267,1196,1196,1169,2047,868,3466,0,0,27,12,57,85,98,153,117,309,173,239,103,81,96,179,90,405,34232,2224,4,0,0,0,0,4,0
2021-01-23T23:59:59+01:00,1,2,859,696,1378,2053,1639,3458,2092,5342,2510,4267,1196,1196,1169,2047,868,3466,0,0,27,12,57,85,98,153,117,309,172,239,103,81,96,179,90,405,34232,2223,3,0,0,0,0,4,0
2021-01-22T23:59:59+01:00,1,2,858,686,1364,2030,1624,3434,2079,5308,2494,4247,1194,1191,1168,2024,867,3432,0,0,27,12,57,85,98,153,117,309,171,239,103,81,96,179,90,405,33996,2222,3,0,0,0,0,4,0
2021-01-21T23:59:59+01:00,1,2,826,650,1287,1875,1523,3241,1983,5036,2384,4047,1153,1131,1139,1955,829,3311,0,0,25,11,53,80,90,144,107,280,157,216,89,72,85,155,74,345,32368,1983,3,0,0,0,0,2,0
2021-01-20T23:59:59+01:00,1,2,626,551,1093,1659,1385,2967,1806,4630,2179,3706,1024,1012,1009,1714,752,3007,0,0,23,11,52,76,87,143,99,267,146,197,78,65,79,130,62,307,29118,1822,3,0,0,0,0,2,0
2021-01-19T23:59:59+01:00,1,2,341,407,844,1402,1181,2619,1570,4101,1914,3256,849,842,838,1425,630,2565,0,0,19,8,37,53,58,78,73,180,103,134,58,50,51,96,47,238,24784,1283,2,0,0,0,0,1,0
2021-01-18T23:59:59+01:00,1,2,300,371,731,1213,1063,2365,1377,3600,1673,2875,708,690,677,1169,526,2120,0,0,8,4,12,18,20,26,24,52,25,47,13,11,13,33,11,72,21459,389,1,0,0,0,0,1,0
2021-01-17T23:59:59+01:00,1,2,258,319,664,1117,983,2194,1279,3327,1559,2664,662,660,648,1109,498,2052,0,0,0,0,1,0,3,2,2,1,2,2,1,4,1,0,0,1,19995,20,1,0,0,0,0,0,0
2021-01-16T23:59:59+01:00,1,2,241,289,648,1082,959,2133,1238,3216,1508,2590,646,642,640,1109,498,2051,0,0,0,0,0,0,1,2,1,1,1,2,0,1,1,0,0,1,19492,11,1,0,0,0,0,0,0
2021-01-15T23:59:59+01:00,1,2,225,255,618,1030,932,2055,1204,3098,1456,2493,615,616,633,1088,491,2039,0,0,0,0,0,0,0,0,0,0,0,0,0,0,0,0,0,0,18851,0,0,0,0,0,0,0,0
2021-01-14T23:59:59+01:00,1,2,195,206,557,907,843,1911,1109,2876,1341,2308,571,572,593,1042,484,1993,0,0,0,0,0,0,0,0,0,0,0,0,0,0,0,0,0,0,17511,0,0,0,0,0,0,0,0
2021-01-13T23:59:59+01:00,1,2,166,185,508,836,771,1786,1010,2639,1186,2083,455,453,451,824,368,1552,0,0,0,0,0,0,0,0,0,0,0,0,0,0,0,0,0,0,15276,0,0,0,0,0,0,0,0
2021-01-12T23:59:59+01:00,1,2,142,164,477,767,719,1631,921,2436,1078,1851,365,344,351,591,270,1115,0,0,0,0,0,0,0,0,0,0,0,0,0,0,0,0,0,0,13225,0,0,0,0,0,0,0,0
2021-01-11T23:59:59+01:00,0,1,113,127,401,637,629,1377,757,1977,846,1463,227,203,201,357,153,673,0,0,0,0,0,0,0,0,0,0,0,0,0,0,0,0,0,0,10142,0,0,0,0,0,0,0,0
2021-01-10T23:59:59+01:00,0,1,87,92,310,458,473,999,548,1449,622,1066,189,179,184,344,147,659,0,0,0,0,0,0,0,0,0,0,0,0,0,0,0,0,0,0,7807,0,0,0,0,0,0,0,0
2021-01-09T23:59:59+01:00,0,1,77,84,263,396,402,867,481,1232,546,908,183,169,179,339,147,657,0,0,0,0,0,0,0,0,0,0,0,0,0,0,0,0,0,0,6931,0,0,0,0,0,0,0,0
2021-01-08T23:59:59+01:00,0,1,64,64,190,288,304,585,367,934,440,689,175,164,163,327,145,657,0,0,0,0,0,0,0,0,0,0,0,0,0,0,0,0,0,0,5557,0,0,0,0,0,0,0,0
2021-01-07T23:59:59+01:00,0,0,45,25,81,122,140,231,165,421,222,344,130,128,144,277,131,602,0,0,0,0,0,0,0,0,0,0,0,0,0,0,0,0,0,0,3208,0,0,0,0,0,0,0,0
2021-01-06T23:59:59+01:00,0,0,33,18,70,93,119,180,137,344,193,279,111,99,115,227,112,517,0,0,0,0,0,0,0,0,0,0,0,0,0,0,0,0,0,0,2647,0,0,0,0,0,0,0,0
2021-01-05T23:59:59+01:00,0,0,30,13,60,89,108,166,121,329,179,256,109,94,114,220,109,499,0,0,0,0,0,0,0,0,0,0,0,0,0,0,0,0,0,0,2496,0,0,0,0,0,0,0,0
2021-01-04T23:59:59+01:00,0,0,27,12,57,86,100,158,116,314,177,244,108,90,107,206,99,461,0,0,0,0,0,0,0,0,0,0,0,0,0,0,0,0,0,0,2362,0,0,0,0,0,0,0,0
2021-01-03T23:59:59+01:00,0,0,27,12,57,86,100,158,116,314,177,244,108,90,106,205,99,461,0,0,0,0,0,0,0,0,0,0,0,0,0,0,0,0,0,0,2360,0,0,0,0,0,0,0,0
2021-01-02T23:59:59+01:00,0,0,27,12,57,86,100,158,116,314,176,244,108,90,106,205,99,461,0,0,0,0,0,0,0,0,0,0,0,0,0,0,0,0,0,0,2359,0,0,0,0,0,0,0,0
2021-01-01T23:59:59+01:00,0,0,27,12,57,86,100,158,116,314,174,243,108,90,106,205,99,461,0,0,0,0,0,0,0,0,0,0,0,0,0,0,0,0,0,0,2356,0,0,0,0,0,0,0,0
2020-12-31T23:59:59+01:00,0,0,27,12,57,86,100,158,116,314,174,243,108,90,106,205,99,461,0,0,0,0,0,0,0,0,0,0,0,0,0,0,0,0,0,0,2356,0,0,0,0,0,0,0,0
2020-12-30T23:59:59+01:00,0,0,26,12,57,85,99,155,116,313,174,243,108,90,106,205,99,461,0,0,0,0,0,0,0,0,0,0,0,0,0,0,0,0,0,0,2349,0,0,0,0,0,0,0,0
2020-12-29T23:59:59+01:00,0,0,20,9,42,60,76,91,86,218,128,191,83,77,77,171,80,373,0,0,0,0,0,0,0,0,0,0,0,0,0,0,0,0,0,0,1782,0,0,0,0,0,0,0,0
2020-12-28T23:59:59+01:00,0,0,9,6,18,30,31,45,40,113,53,103,36,42,39,98,43,211,0,0,0,0,0,0,0,0,0,0,0,0,0,0,0,0,0,0,917,0,0,0,0,0,0,0,0
2020-12-27T23:59:59+01:00,0,0,2,2,4,5,7,11,10,24,6,23,6,7,7,25,5,56,0,0,0,0,0,0,0,0,0,0,0,0,0,0,0,0,0,0,200,0,0,0,0,0,0,0,0
