Datum,<15_1_m,<15_1_w,15-24_1_m,15-24_1_w,25-34_1_m,25-34_1_w,35-44_1_m,35-44_1_w,45-54_1_m,45-54_1_w,55-64_1_m,55-64_1_w,65-74_1_m,65-74_1_w,75-84_1_m,75-84_1_w,>84_1_m,>84_1_w,<15_2_m,<15_2_w,15-24_2_m,15-24_2_w,25-34_2_m,25-34_2_w,35-44_2_m,35-44_2_w,45-54_2_m,45-54_2_w,55-64_2_m,55-64_2_w,65-74_2_m,65-74_2_w,75-84_2_m,75-84_2_w,>84_2_m,>84_2_w,bp_1,bp_2,mo_1,mo_2,az_1,az_2,ja,unb_1,unb_2
2021-12-09T23:59:59+01:00,24893,23335,69591,64272,76061,71375,83431,83766,103475,104985,113004,111531,76088,82778,53107,65519,15455,26886,12859,12029,62887,58623,70136,65139,78101,78212,98366,99543,108700,107281,74145,80481,51833,63714,14863,25594,937520,862131,76711,71382,182954,176491,52421,67,81
2021-12-08T23:59:59+01:00,24588,23052,69513,64186,75990,71291,83366,83694,103420,104906,112955,111473,76070,82752,53091,65493,15446,26861,12704,11893,62688,58456,69933,64936,77940,78054,98195,99416,108583,107171,74101,80420,51816,63672,14857,25576,936249,860171,76581,71253,182954,176491,52415,67,81
2021-12-07T23:59:59+01:00,24099,22602,69439,64134,75939,71219,83320,83646,103366,104864,112917,111421,76048,82723,53078,65474,15440,26848,12558,11781,62523,58327,69752,64768,77804,77950,98089,99302,108487,107101,74079,80383,51801,63649,14854,25567,934776,858591,76494,71208,182954,176491,52404,67,81
2021-12-06T23:59:59+01:00,23614,22111,69372,64070,75873,71143,83261,83558,103313,104791,112866,111344,76017,82680,53060,65429,15433,26816,12366,11603,62297,58129,69520,64519,77595,77754,97930,99111,108341,106972,74008,80308,51773,63611,14844,25552,933138,856163,76321,71109,182954,176491,52389,67,81
2021-12-05T23:59:59+01:00,23211,21744,69317,64021,75804,71071,83206,83494,103263,104747,112819,111290,75979,82638,53040,65394,15423,26788,12264,11507,62098,57954,69317,64336,77412,77576,97798,98966,108234,106846,73963,80257,51755,63584,14839,25533,931781,854336,76187,70961,182954,176484,52377,67,81
2021-12-04T23:59:59+01:00,22901,21453,69277,63981,75767,71024,83179,83462,103237,104717,112802,111261,75970,82618,53034,65383,15422,26782,12205,11445,61929,57825,69152,64224,77297,77462,97688,98885,108151,106793,73941,80238,51745,63572,14837,25531,930882,853059,76112,70924,182954,176484,52372,67,81
2021-12-03T23:59:59+01:00,22018,20577,69205,63915,75723,70942,83125,83395,103196,104661,112757,111214,75939,82574,53020,65361,15412,26765,12054,11311,61682,57603,68943,64000,77110,77267,97524,98738,108017,106668,73914,80201,51732,63550,14832,25524,928522,850915,76004,70821,182953,176483,52370,67,81
2021-12-02T23:59:59+01:00,21080,19729,69102,63824,75620,70808,83046,83306,103123,104589,112705,111132,75906,82514,52989,65317,15403,26727,11857,11111,61402,57335,68672,63708,76814,77002,97300,98509,107849,106495,73872,80156,51704,63503,14822,25496,925872,848051,75784,70631,182953,176483,52361,67,81
2021-12-01T23:59:59+01:00,20595,19295,69031,63770,75552,70723,82980,83228,103068,104520,112645,111076,75867,82463,52964,65280,15393,26704,11741,11005,61204,57201,68468,63508,76634,76846,97137,98380,107724,106386,73823,80106,51687,63472,14816,25478,924245,846192,75651,70504,182952,176483,52356,67,81
2021-11-30T23:59:59+01:00,20059,18764,68956,63697,75471,70597,82909,83142,103003,104437,112582,110994,75823,82396,52940,65231,15382,26660,11643,10900,60992,57032,68252,63276,76425,76660,96966,98224,107576,106252,73774,80045,51666,63438,14812,25463,922353,844093,75441,70391,182951,176483,52348,67,81
2021-11-29T23:59:59+01:00,19352,18099,68885,63629,75377,70496,82834,83066,102941,104360,112506,110916,75790,82342,52922,65185,15372,26625,11567,10803,60777,56889,68031,63086,76220,76494,96807,98087,107450,106122,73722,79989,51635,63401,14806,25447,920197,842140,75263,70306,182949,176468,52338,67,81
2021-11-28T23:59:59+01:00,18748,17597,68810,63571,75280,70393,82771,82998,102877,104298,112441,110847,75759,82303,52907,65140,15365,26603,11494,10746,60621,56771,67857,62943,76048,76368,96666,97987,107359,106037,73691,79952,51617,63380,14799,25432,918410,840689,75077,70204,182940,176464,52330,67,81
2021-11-27T23:59:59+01:00,18093,16976,68738,63529,75226,70329,82712,82958,102838,104262,112414,110822,75743,82285,52900,65125,15358,26597,11453,10699,60513,56676,67719,62834,75945,76293,96578,97915,107302,106002,73678,79938,51612,63373,14797,25429,916719,839749,74966,70133,182940,176464,52329,67,81
2021-11-26T23:59:59+01:00,17180,16039,68629,63419,75154,70238,82649,82874,102759,104192,112369,110766,75718,82261,52889,65106,15354,26579,11371,10615,60339,56527,67540,62693,75788,76157,96446,97773,107220,105916,73660,79914,51599,63361,14793,25425,914146,838276,74816,69996,182939,176461,52323,67,81
2021-11-25T23:59:59+01:00,16289,15285,68497,63295,75028,70072,82530,82759,102663,104079,112279,110670,75676,82201,52872,65069,15345,26566,11275,10516,60132,56371,67319,62513,75634,75985,96290,97628,107116,105808,73631,79878,51587,63342,14790,25417,911446,836552,74532,69827,182932,176461,52311,67,81
2021-11-24T23:59:59+01:00,15885,14906,68394,63217,74926,69952,82424,82656,102577,103989,112204,110583,75631,82144,52849,65029,15332,26540,11207,10450,59970,56243,67136,62358,75494,75867,96158,97509,107009,105723,73600,79832,51563,63319,14784,25404,909710,835064,74348,69726,182929,176458,52297,67,81
2021-11-23T23:59:59+01:00,15606,14659,68268,63075,74802,69784,82275,82516,102459,103870,112095,110471,75585,82062,52811,64976,15312,26510,11122,10393,59835,56128,66943,62197,75324,75742,96021,97397,106903,105633,73562,79793,51546,63289,14776,25389,907881,833533,74094,69642,182927,176457,52280,67,81
2021-11-22T23:59:59+01:00,15346,14445,68119,62954,74651,69622,82151,82395,102347,103734,111988,110350,75516,81993,52775,64927,15302,26473,11070,10334,59661,56016,66755,62054,75173,75640,95911,97265,106801,105553,73522,79745,51521,63258,14771,25378,906068,832055,73884,69582,182927,176455,52255,67,81
2021-11-21T23:59:59+01:00,15065,14157,67991,62842,74499,69469,82034,82300,102247,103622,111897,110257,75469,81937,52748,64892,15286,26442,11045,10297,59571,55941,66633,61967,75070,75557,95816,97187,106745,105495,73494,79715,51500,63236,14767,25369,904336,831140,73708,69498,182921,176452,52234,67,81
2021-11-20T23:59:59+01:00,14799,13925,67865,62732,74370,69333,81911,82209,102164,103544,111819,110165,75445,81901,52736,64865,15280,26432,11030,10282,59526,55879,66572,61916,75014,75513,95761,97138,106699,105460,73485,79700,51496,63231,14765,25368,902759,830607,73633,69467,182920,176452,52228,67,81
2021-11-19T23:59:59+01:00,14464,13575,67607,62542,74177,69134,81754,82043,102030,103376,111708,110050,75389,81857,52711,64833,15272,26415,10968,10215,59367,55773,66428,61791,74872,75387,95629,97028,106590,105385,73461,79666,51482,63209,14761,25362,900336,829209,73515,69421,182920,176452,52211,67,81
2021-11-18T23:59:59+01:00,14152,13285,67325,62259,73946,68868,81532,81812,101851,103187,111569,109904,75332,81774,52681,64783,15264,26396,10876,10144,59202,55636,66229,61628,74721,75255,95476,96905,106458,105305,73425,79603,51465,63184,14756,25350,897536,827586,73350,69340,182920,176452,52159,67,81
2021-11-17T23:59:59+01:00,13966,13105,67128,62085,73707,68650,81362,81648,101668,103053,111438,109779,75277,81713,52653,64729,15250,26370,10817,10087,59052,55514,66078,61489,74589,75134,95335,96799,106350,105234,73390,79554,51439,63153,14753,25331,895371,826172,73229,69292,182918,176446,52107,67,81
2021-11-16T23:59:59+01:00,13765,12925,66896,61880,73454,68394,81139,81433,101482,102897,111305,109657,75216,81646,52619,64667,15235,26341,10769,10035,58925,55409,65940,61356,74461,75023,95219,96705,106265,105164,73353,79515,51419,63125,14747,25314,892856,824898,73159,69258,182918,176445,52062,67,81
2021-11-15T23:59:59+01:00,13605,12762,66635,61664,73199,68118,80919,81216,101290,102700,111167,109521,75162,81594,52599,64637,15223,26316,10724,9998,58820,55314,65832,61254,74362,74937,95151,96628,106190,105091,73313,79475,51400,63098,14740,25305,890370,823857,73074,69231,182907,176443,52020,67,81
2021-11-14T23:59:59+01:00,13331,12515,66238,61354,72870,67799,80638,80982,101066,102483,111008,109394,75105,81537,52577,64601,15216,26294,10671,9938,58683,55202,65725,61157,74257,74825,95059,96547,106113,105015,73262,79436,51381,63082,14735,25296,887216,822691,72969,69209,182903,176439,51964,67,81
2021-11-13T23:59:59+01:00,13189,12372,65933,61115,72617,67568,80418,80793,100899,102304,110881,109312,75071,81500,52560,64582,15211,26289,10651,9915,58612,55134,65659,61101,74210,74778,94994,96502,106090,104981,73253,79424,51376,63079,14735,25294,884899,822134,72918,69195,182902,176439,51939,67,81
2021-11-12T23:59:59+01:00,13024,12193,65588,60829,72334,67330,80195,80575,100722,102100,110754,109190,75048,81465,52548,64558,15208,26286,10618,9871,58498,55025,65538,61008,74098,74689,94899,96421,106033,104942,73233,79402,51367,63068,14731,25286,882334,821134,72844,69162,182901,176438,51912,67,81
2021-11-11T23:59:59+01:00,12787,11963,65166,60494,71974,66982,79852,80267,100472,101853,110562,109014,74996,81391,52518,64518,15202,26271,10532,9790,58346,54892,65410,60895,73986,74565,94804,96314,105935,104862,73196,79356,51350,63042,14720,25274,878926,819771,72651,69130,182897,176436,51851,67,81
2021-11-10T23:59:59+01:00,12645,11839,64913,60246,71665,66681,79604,80049,100287,101686,110419,108875,74937,81315,52485,64476,15195,26256,10472,9739,58238,54779,65276,60763,73877,74469,94693,96220,105857,104798,73163,79308,51329,63020,14715,25267,876393,818612,72575,69107,182889,176424,51759,67,81
2021-11-09T23:59:59+01:00,12487,11679,64499,59955,71264,66351,79308,79784,100026,101449,110214,108729,74869,81259,52462,64432,15189,26240,10412,9684,58114,54651,65158,60638,73786,74364,94599,96126,105774,104726,73121,79269,51303,62992,14708,25246,873188,817422,72510,69094,182876,176409,51665,67,81
2021-11-08T23:59:59+01:00,12375,11567,64127,59708,70888,66044,79020,79542,99786,101249,110064,108581,74815,81198,52441,64384,15184,26220,10363,9650,58003,54557,65073,60519,73700,74267,94504,96027,105705,104663,73091,79225,51287,62962,14704,25230,870358,816390,72429,69068,182862,176404,51587,67,81
2021-11-07T23:59:59+01:00,12292,11489,63835,59504,70594,65784,78742,79357,99587,101095,109938,108464,74779,81137,52421,64364,15180,26208,10325,9602,57894,54484,64990,60425,73611,74198,94423,95961,105644,104606,73072,79201,51275,62942,14702,25221,868145,815571,72325,69039,182851,176393,51492,67,81
2021-11-06T23:59:59+01:00,12187,11390,63641,59293,70354,65553,78561,79210,99413,100930,109832,108375,74763,81114,52409,64355,15178,26205,10310,9592,57843,54447,64946,60374,73585,74170,94395,95932,105624,104584,73059,79190,51271,62938,14701,25219,866196,815207,72297,69038,182850,176391,51463,67,81
2021-11-05T23:59:59+01:00,12044,11266,63398,59084,70098,65300,78335,78996,99248,100757,109720,108270,74730,81087,52402,64344,15177,26203,10270,9548,57759,54396,64879,60311,73528,74119,94348,95880,105582,104546,73043,79172,51263,62929,14701,25216,864113,814609,72124,68996,182848,176388,51416,67,81
2021-11-04T23:59:59+01:00,11957,11166,63160,58891,69808,65059,78127,78792,99047,100591,109591,108151,74690,81054,52391,64325,15172,26179,10207,9480,57628,54315,64790,60203,73435,74036,94278,95808,105522,104481,73012,79146,51239,62905,14693,25200,862101,813650,71940,68957,182844,176382,51308,67,81
2021-11-03T23:59:59+01:00,11874,11108,62938,58735,69576,64881,77939,78650,98891,100479,109486,108084,74667,81028,52376,64308,15168,26169,10142,9427,57503,54192,64677,60080,73341,73952,94193,95740,105465,104431,72984,79114,51219,62879,14685,25184,860485,812599,71859,68936,182843,176381,51211,67,81
2021-11-02T23:59:59+01:00,11795,11030,62711,58571,69280,64659,77714,78484,98699,100326,109363,107984,74645,80992,52362,64282,15162,26157,10082,9359,57350,54093,64567,59964,73237,73872,94101,95662,105407,104363,72948,79073,51211,62853,14677,25167,858543,811516,71774,68917,182841,176377,51095,67,81
2021-11-01T23:59:59+01:00,11701,10948,62436,58386,69013,64460,77507,78334,98524,100190,109253,107897,74619,80970,52351,64262,15157,26147,10014,9289,57218,53986,64433,59865,73148,73770,94027,95590,105349,104310,72913,79041,51198,62822,14670,25146,856690,810472,71697,68876,182820,176374,50986,66,81
2021-10-31T23:59:59+01:00,11690,10936,62403,58368,68984,64435,77478,78306,98505,100177,109239,107889,74617,80970,52351,64262,15157,26146,9997,9271,57199,53972,64420,59849,73137,73757,94023,95585,105344,104306,72913,79039,51198,62821,14669,25146,856487,810358,71683,68870,182818,176374,50963,66,81
2021-10-30T23:59:59+02:00,11684,10932,62388,58350,68958,64417,77458,78287,98489,100165,109231,107887,74615,80970,52351,64262,15156,26145,9993,9271,57184,53962,64412,59846,73124,73748,94016,95579,105341,104305,72913,79038,51197,62821,14669,25145,856353,810308,71674,68863,182818,176374,50938,66,81
2021-10-29T23:59:59+02:00,11618,10872,62201,58231,68748,64266,77273,78164,98319,100037,109121,107828,74591,80956,52340,64246,15152,26137,9961,9244,57073,53881,64321,59770,73061,73685,93943,95531,105301,104282,72896,79020,51192,62809,14665,25139,854862,809655,71631,68835,182816,176374,50829,66,81
2021-10-28T23:59:59+02:00,11532,10800,61976,58072,68495,64067,77064,78006,98121,99878,109018,107742,74566,80913,52325,64235,15147,26129,9903,9192,56917,53729,64189,59658,72959,73588,93874,95450,105219,104213,72872,78988,51180,62796,14661,25129,853072,808596,71565,68805,182812,176360,50675,66,81
2021-10-27T23:59:59+02:00,11461,10714,61811,57916,68293,63911,76901,77878,97992,99777,108944,107688,74546,80879,52318,64219,15145,26116,9842,9135,56799,53610,64081,59558,72856,73499,93802,95385,105160,104178,72849,78957,51167,62773,14657,25114,851727,807640,71443,68781,182809,176352,50568,66,81
2021-10-26T23:59:59+02:00,11375,10615,61668,57759,68113,63745,76742,77769,97877,99675,108862,107630,74519,80855,52303,64194,15135,26095,9781,9060,56649,53492,63975,59440,72780,73427,93723,95320,105114,104133,72826,78933,51144,62746,14650,25106,850311,806649,71382,68754,182803,176342,50473,66,81
2021-10-25T23:59:59+02:00,11349,10595,61611,57709,68062,63704,76695,77726,97841,99654,108840,107612,74510,80843,52302,64189,15132,26094,9757,9037,56588,53450,63939,59410,72751,73389,93696,95302,105096,104116,72824,78928,51142,62742,14650,25104,849883,806300,71372,68750,182803,176342,50448,66,81
2021-10-24T23:59:59+02:00,11306,10555,61500,57631,67961,63614,76614,77651,97763,99607,108804,107583,74496,80829,52296,64187,15130,26093,9708,8997,56512,53371,63862,59328,72686,73339,93645,95248,105066,104076,72800,78912,51133,62732,14647,25102,849202,805681,71321,68737,182803,176333,50332,66,81
2021-10-23T23:59:59+02:00,11302,10552,61491,57619,67944,63598,76601,77637,97749,99599,108799,107578,74495,80828,52296,64187,15129,26093,9703,8995,56503,53357,63848,59320,72679,73325,93636,95241,105063,104072,72798,78910,51133,62730,14647,25101,849118,805610,71306,68729,182802,176332,50309,66,81
2021-10-22T23:59:59+02:00,11239,10504,61333,57507,67765,63465,76462,77517,97620,99497,108723,107527,74478,80809,52292,64179,15128,26088,9649,8947,56385,53260,63765,59240,72605,73253,93567,95185,105026,104045,72781,78892,51128,62720,14647,25101,847925,804871,71228,68697,182801,176330,50217,66,81
2021-10-21T23:59:59+02:00,11161,10425,61174,57385,67601,63333,76321,77384,97495,99403,108633,107458,74450,80780,52280,64151,15123,26077,9575,8843,56254,53124,63637,59110,72522,73150,93469,95101,104969,103995,72746,78857,51118,62696,14641,25094,846593,803734,71194,68673,182800,176328,50085,66,81
2021-10-20T23:59:59+02:00,11120,10375,61073,57285,67492,63223,76228,77297,97411,99341,108583,107419,74436,80761,52268,64143,15119,26070,9492,8783,56122,52986,63530,59004,72447,73034,93399,95042,104900,103939,72720,78825,51106,62671,14638,25085,845695,802652,71172,68648,182796,176325,50017,66,81
2021-10-19T23:59:59+02:00,11069,10323,61004,57211,67413,63136,76153,77229,97359,99303,108543,107384,74411,80744,52255,64120,15108,26053,9408,8696,55982,52873,63414,58891,72361,72939,93317,94943,104833,103869,72670,78779,51088,62633,14631,25065,844961,801413,71148,68623,182793,176323,49952,66,81
2021-10-18T23:59:59+02:00,11022,10276,60925,57136,67329,63065,76092,77164,97308,99248,108501,107338,74395,80725,52249,64096,15104,26037,9355,8646,55866,52730,63287,58754,72269,72841,93233,94843,104775,103812,72629,78742,51061,62605,14620,25048,844230,800214,71123,68610,182793,176312,49899,66,81
2021-10-17T23:59:59+02:00,10994,10250,60878,57097,67292,63028,76061,77138,97268,99210,108490,107312,74385,80715,52245,64084,15100,26031,9299,8599,55772,52650,63207,58660,72203,72756,93177,94789,104737,103770,72602,78711,51049,62578,14614,25030,843856,799395,71118,68585,182787,176291,49851,66,81
2021-10-16T23:59:59+02:00,10990,10245,60872,57093,67283,63019,76054,77134,97261,99208,108489,107309,74384,80715,52245,64083,15100,26031,9292,8594,55768,52636,63201,58654,72198,72752,93174,94784,104735,103766,72601,78709,51049,62578,14614,25030,843810,799348,71114,68577,182787,176291,49838,66,81
2021-10-15T23:59:59+02:00,10952,10199,60779,57030,67222,62954,75992,77072,97209,99155,108450,107287,74373,80700,52243,64081,15098,26029,9244,8545,55648,52517,63124,58580,72129,72679,93105,94723,104687,103723,72584,78690,51039,62561,14613,25026,843185,798521,71093,68531,182787,176290,49794,66,81
2021-10-14T23:59:59+02:00,10904,10135,60670,56935,67157,62856,75927,76997,97145,99094,108413,107237,74358,80681,52232,64067,15094,26023,9138,8462,55481,52384,63007,58450,72059,72580,92999,94632,104627,103655,72549,78657,51017,62528,14603,25012,842408,797276,71072,68506,182777,176276,49701,66,81
2021-10-13T23:59:59+02:00,10847,10093,60579,56851,67092,62762,75858,76927,97084,99055,108362,107196,74338,80661,52217,64051,15091,26013,9071,8401,55346,52254,62904,58321,71962,72483,92921,94544,104549,103580,72511,78623,50997,62494,14592,24992,841653,796089,71058,68494,182774,176256,49625,66,81
2021-10-12T23:59:59+02:00,10788,10041,60471,56764,66992,62680,75789,76870,97039,99002,108324,107164,74314,80637,52209,64039,15085,26004,8996,8340,55213,52102,62795,58200,71876,72374,92864,94458,104476,103513,72471,78575,50973,62463,14587,24973,840868,794888,71048,68474,182771,176248,49558,66,81
2021-10-11T23:59:59+02:00,10734,9992,60371,56699,66901,62582,75711,76801,96977,98947,108270,107119,74288,80608,52192,64012,15070,25985,8935,8284,55090,51973,62669,58067,71797,72262,92786,94382,104400,103447,72425,78530,50944,62427,14574,24951,840034,793701,71028,68456,182763,176239,49466,66,81
2021-10-10T23:59:59+02:00,10704,9963,60310,56657,66841,62536,75670,76757,96944,98915,108242,107098,74276,80597,52189,64006,15065,25975,8883,8242,54989,51856,62576,57941,71712,72178,92712,94298,104339,103395,72394,78500,50923,62405,14568,24939,839619,792716,71019,68446,182757,176225,49382,66,81
2021-10-09T23:59:59+02:00,10703,9960,60300,56649,66828,62529,75664,76751,96938,98906,108236,107096,74276,80593,52189,64006,15065,25974,8871,8234,54971,51840,62566,57924,71701,72167,92705,94292,104331,103391,72391,78499,50923,62405,14568,24939,839558,792607,71013,68440,182756,176222,49368,66,81
2021-10-08T23:59:59+02:00,10652,9910,60204,56554,66754,62449,75604,76683,96888,98859,108201,107069,74266,80585,52182,63994,15060,25973,8829,8183,54868,51749,62489,57860,71633,72101,92656,94237,104303,103359,72383,78488,50916,62399,14566,24937,838862,791940,70987,68409,182754,176210,49316,66,81
2021-10-07T23:59:59+02:00,10588,9841,60053,56443,66661,62352,75516,76584,96812,98804,108137,107013,74240,80563,52172,63982,15053,25966,8721,8089,54736,51604,62384,57731,71522,71990,92568,94144,104217,103295,72331,78451,50893,62374,14554,24926,837903,790700,70974,68375,182753,176193,49182,66,80
2021-10-06T23:59:59+02:00,10532,9800,59914,56345,66575,62269,75436,76520,96751,98756,108090,106969,74220,80540,52155,63960,15050,25951,8646,8019,54596,51441,62290,57595,71426,71883,92464,94057,104128,103212,72293,78408,50868,62340,14544,24912,837053,789425,70962,68368,182751,176176,49073,66,80
2021-10-05T23:59:59+02:00,10465,9728,59776,56221,66474,62170,75355,76447,96673,98693,108043,106914,74198,80513,52146,63931,15044,25940,8559,7939,54414,51270,62174,57448,71313,71766,92355,93953,104057,103141,72239,78364,50844,62301,14536,24900,836103,788050,70947,68339,182748,176165,48939,66,80
2021-10-04T23:59:59+02:00,10404,9676,59624,56099,66332,62051,75250,76354,96573,98611,107979,106860,74176,80482,52126,63898,15040,25921,8484,7878,54240,51085,62058,57294,71180,71635,92272,93848,103957,103054,72204,78309,50800,62262,14526,24880,834976,786598,70934,68332,182743,176147,48809,66,80
2021-10-03T23:59:59+02:00,10361,9637,59569,56014,66263,61997,75190,76315,96541,98580,107945,106819,74164,80464,52117,63886,15039,25914,8426,7835,54122,50970,61975,57203,71094,71534,92206,93774,103891,102967,72170,78280,50781,62229,14519,24876,834466,785630,70929,68327,182731,176120,48695,66,80
2021-10-02T23:59:59+02:00,10355,9635,59559,55999,66246,61984,75180,76300,96536,98575,107943,106816,74163,80464,52116,63884,15039,25914,8421,7831,54108,50959,61963,57194,71091,71524,92202,93771,103889,102958,72167,78280,50780,62227,14518,24876,834383,785559,70919,68320,182731,176119,48681,66,80
2021-10-01T23:59:59+02:00,10300,9579,59401,55899,66166,61894,75099,76232,96482,98521,107884,106780,74147,80441,52105,63871,15038,25910,8359,7768,53991,50850,61906,57128,71044,71476,92146,93716,103854,102924,72154,78273,50775,62215,14516,24871,833535,784887,70900,68293,182729,176116,48590,66,80
2021-09-30T23:59:59+02:00,10226,9493,59257,55744,66029,61760,74995,76140,96374,98427,107793,106715,74118,80403,52090,63846,15034,25893,8279,7693,53842,50717,61805,57019,70950,71392,92061,93629,103781,102857,72118,78229,50754,62180,14516,24860,832390,783872,70871,68270,182725,176105,48355,66,80
2021-09-29T23:59:59+02:00,10148,9436,59106,55612,65910,61642,74908,76044,96274,98336,107728,106658,74080,80358,52082,63816,15029,25882,8200,7607,53685,50564,61692,56882,70853,71285,91966,93533,103685,102789,72068,78185,50729,62129,14509,24850,831355,782674,70843,68239,182722,176086,48132,66,80
2021-09-28T23:59:59+02:00,10062,9354,58967,55459,65744,61501,74803,75958,96167,98249,107645,106593,74028,80316,52062,63788,15022,25865,8125,7538,53539,50413,61553,56765,70759,71168,91889,93454,103609,102711,72028,78147,50706,62097,14505,24838,830188,781619,70830,68220,182718,176076,47849,66,80
2021-09-27T23:59:59+02:00,10002,9302,58812,55300,65602,61374,74710,75854,96062,98143,107554,106540,73982,80272,52043,63761,15016,25845,8059,7472,53387,50283,61426,56632,70667,71061,91786,93357,103522,102659,71980,78100,50685,62061,14498,24819,829138,780628,70806,68204,182713,176030,47512,66,80
2021-09-26T23:59:59+02:00,9960,9261,58726,55214,65517,61289,74652,75778,95998,98086,107507,106503,73957,80247,52032,63736,15009,25832,8012,7430,53288,50173,61337,56551,70589,70971,91717,93281,103467,102627,71951,78072,50663,62037,14492,24808,828498,779881,70789,68197,182697,175994,47314,66,80
2021-09-25T23:59:59+02:00,9951,9249,58709,55193,65501,61278,74641,75769,95991,98078,107498,106499,73957,80246,52031,63735,15009,25832,8011,7419,53263,50163,61323,56532,70576,70964,91711,93275,103456,102625,71951,78070,50663,62033,14492,24808,828417,779802,70782,68193,182695,175993,47267,66,80
2021-09-24T23:59:59+02:00,9899,9193,58599,55069,65404,61176,74550,75677,95904,98004,107439,106458,73929,80224,52023,63725,15008,25822,7957,7363,53156,50055,61247,56455,70503,70893,91640,93214,103383,102575,71925,78052,50652,62017,14487,24798,827530,779009,70765,68185,182689,175986,47112,66,80
2021-09-23T23:59:59+02:00,9807,9101,58361,54880,65227,61019,74426,75532,95759,97868,107330,106347,73885,80188,52003,63685,14996,25803,7890,7286,52975,49921,61126,56318,70387,70778,91520,93106,103290,102501,71889,78006,50634,61993,14474,24784,826118,777981,70712,68156,182685,175967,46694,66,80
2021-09-22T23:59:59+02:00,9724,9041,58174,54732,65065,60873,74311,75406,95631,97767,107230,106289,73842,80140,51977,63643,14976,25775,7815,7223,52831,49769,61002,56196,70296,70681,91428,92998,103227,102448,71847,77956,50603,61955,14460,24770,824861,776981,70690,68131,182677,175953,46360,66,80
2021-09-21T23:59:59+02:00,9654,8953,58026,54577,64919,60726,74172,75270,95492,97648,107138,106198,73808,80081,51960,63619,14968,25753,7722,7139,52683,49609,60883,56066,70195,70575,91322,92894,103132,102355,71808,77911,50577,61914,14451,24745,823577,775806,70674,68119,182673,175946,46030,66,80
2021-09-20T23:59:59+02:00,9593,8892,57888,54435,64760,60592,74053,75119,95365,97557,107049,106104,73746,80037,51934,63583,14955,25733,7665,7083,52566,49474,60760,55949,70086,70467,91222,92804,103055,102279,71755,77867,50553,61865,14444,24727,822370,774832,70660,68101,182666,175917,45691,66,80
2021-09-19T23:59:59+02:00,9541,8852,57771,54351,64653,60475,73965,75016,95293,97457,106986,106033,73729,80012,51921,63564,14953,25722,7628,7042,52458,49360,60669,55836,69993,70373,91155,92732,102976,102211,71722,77834,50532,61834,14439,24721,821594,774060,70641,68086,182654,175892,45397,66,80
2021-09-18T23:59:59+02:00,9524,8835,57744,54322,64618,60443,73937,74991,95277,97434,106975,106012,73726,80011,51918,63561,14953,25721,7619,7029,52428,49326,60638,55812,69972,70353,91135,92716,102964,102191,71719,77831,50532,61833,14438,24719,821370,773868,70631,68077,182654,175891,45339,66,80
2021-09-17T23:59:59+02:00,9437,8756,57571,54172,64488,60315,73813,74870,95171,97330,106891,105940,73691,79978,51906,63543,14946,25714,7556,6968,52261,49213,60514,55701,69880,70262,91052,92636,102891,102133,71686,77794,50517,61803,14429,24712,820216,772919,70587,68058,182652,175883,45068,66,80
2021-09-16T23:59:59+02:00,9359,8681,57361,54018,64311,60129,73633,74699,95020,97197,106736,105830,73621,79920,51883,63501,14939,25699,7492,6903,52097,49088,60371,55576,69753,70148,90941,92534,102786,102053,71641,77746,50496,61765,14422,24699,818742,771954,70568,68039,182629,175850,44588,66,80
2021-09-15T23:59:59+02:00,9266,8600,57155,53797,64129,59926,73453,74518,94874,97043,106591,105697,73561,79853,51839,63452,14929,25678,7433,6844,51938,48921,60244,55438,69627,70044,90838,92454,102680,101965,71595,77686,50462,61728,14412,24688,816985,770866,70550,68022,182625,175839,44190,66,80
2021-09-14T23:59:59+02:00,9158,8493,56965,53564,63947,59740,73304,74341,94742,96887,106465,105597,73488,79789,51810,63402,14913,25658,7358,6765,51768,48721,60090,55295,69505,69923,90730,92325,102586,101872,71544,77625,50434,61684,14404,24675,815223,769527,70539,68008,182604,175803,43886,65,80
2021-09-13T23:59:59+02:00,9096,8426,56751,53358,63792,59544,73145,74170,94594,96735,106331,105466,73435,79739,51771,63355,14893,25628,7312,6711,51607,48557,59967,55161,69422,69829,90611,92237,102492,101799,71500,77584,50406,61644,14394,24664,813536,768480,70528,67996,182589,175776,43565,65,80
2021-09-12T23:59:59+02:00,9050,8398,56628,53271,63701,59449,73069,74083,94520,96667,106268,105398,73407,79715,51757,63333,14888,25621,7265,6665,51473,48445,59865,55060,69346,69751,90535,92172,102419,101729,71463,77553,50391,61618,14389,24652,812814,767663,70511,67983,182572,175751,43315,65,79
2021-09-11T23:59:59+02:00,9044,8389,56612,53249,63682,59433,73056,74070,94512,96653,106263,105393,73406,79714,51757,63333,14888,25621,7258,6659,51454,48426,59844,55047,69330,69740,90525,92157,102416,101724,71458,77551,50391,61618,14389,24650,812735,767612,70502,67939,182569,175749,43258,65,79
2021-09-10T23:59:59+02:00,8972,8328,56452,53103,63566,59314,72951,73964,94394,96535,106187,105331,73369,79678,51742,63307,14884,25616,7226,6634,51328,48359,59779,54984,69270,69692,90461,92100,102380,101684,71437,77535,50382,61608,14385,24645,811616,767146,70469,67884,182563,175746,43034,65,79
2021-09-09T23:59:59+02:00,8901,8263,56253,52909,63400,59129,72792,73820,94244,96395,106063,105237,73310,79615,51711,63273,14880,25603,7160,6572,51141,48191,59624,54849,69137,69565,90340,91993,102266,101592,71394,77490,50353,61578,14379,24629,810254,766076,70448,67834,182544,175724,42540,64,79
2021-09-08T23:59:59+02:00,8815,8186,56072,52737,63248,58946,72646,73668,94082,96264,105969,105130,73245,79555,51683,63217,14875,25588,7084,6503,50966,48027,59500,54708,69014,69418,90214,91882,102181,101490,71338,77432,50330,61537,14375,24613,808850,764920,70421,67782,182508,175699,42132,64,79
2021-09-07T23:59:59+02:00,8727,8126,55916,52581,63131,58807,72529,73534,93978,96162,105864,105031,73193,79507,51656,63177,14867,25568,7006,6449,50797,47864,59369,54563,68887,69299,90108,91766,102081,101390,71290,77383,50308,61511,14370,24594,807602,763692,70415,67770,182505,175677,41817,64,79
2021-09-06T23:59:59+02:00,8665,8060,55770,52413,62991,58650,72420,73401,93875,96051,105782,104943,73141,79459,51625,63147,14856,25552,6940,6393,50648,47724,59230,54414,68773,69178,90027,91672,101985,101302,71241,77336,50286,61482,14363,24584,806380,762575,70389,67728,182473,175653,41543,64,79
2021-09-05T23:59:59+02:00,8636,8022,55703,52320,62926,58589,72372,73343,93829,96000,105754,104899,73120,79437,51615,63127,14849,25546,6890,6342,50558,47639,59165,54349,68709,69118,89981,91616,101943,101252,71221,77308,50273,61465,14357,24575,805860,761955,70380,67718,182451,175630,41379,64,79
2021-09-04T23:59:59+02:00,8629,8017,55683,52311,62916,58576,72364,73335,93822,95996,105751,104893,73119,79436,51615,63127,14849,25546,6886,6337,50544,47624,59150,54333,68704,69110,89973,91611,101939,101248,71220,77306,50272,61465,14357,24575,805797,761890,70377,67713,182450,175628,41344,64,79
2021-09-03T23:59:59+02:00,8563,7949,55551,52224,62844,58480,72284,73254,93744,95931,105681,104833,73089,79403,51596,63096,14842,25536,6827,6285,50429,47530,59071,54266,68645,69039,89912,91550,101875,101196,71192,77272,50251,61442,14354,24566,804878,761117,70370,67693,182441,175619,41194,64,79
2021-09-02T23:59:59+02:00,8467,7852,55361,52067,62719,58372,72190,73124,93623,95817,105576,104748,73032,79347,51564,63048,14831,25516,6732,6196,50206,47357,58926,54146,68540,68925,89780,91447,101758,101101,71135,77225,50227,61414,14347,24550,803739,759972,70325,67650,182427,175567,40744,64,79
2021-09-01T23:59:59+02:00,8391,7759,55208,51919,62587,58240,72102,72999,93530,95729,105498,104677,72994,79304,51541,63011,14824,25498,6646,6087,50031,47147,58802,54006,68460,68813,89678,91344,101652,101007,71096,77183,50202,61373,14340,24534,802623,758742,70301,67610,182413,175517,40454,64,78
2021-08-31T23:59:59+02:00,8283,7667,55044,51764,62480,58122,72021,72895,93443,95645,105413,104599,72951,79262,51519,62981,14814,25484,6531,5969,49823,46944,58682,53863,68343,68687,89580,91238,101543,100927,71051,77130,50182,61337,14328,24518,801535,757379,70293,67592,182403,175492,40135,64,78
2021-08-30T23:59:59+02:00,8207,7587,54870,51602,62368,57993,71906,72778,93319,95517,105295,104504,72901,79219,51502,62948,14793,25461,6434,5884,49626,46730,58556,53723,68243,68574,89463,91128,101430,100819,71001,77093,50155,61308,14314,24501,800352,756173,70253,67525,182371,175435,39771,64,78
2021-08-29T23:59:59+02:00,8165,7540,54778,51522,62308,57912,71838,72730,93265,95453,105248,104470,72881,79197,51487,62933,14787,25452,6380,5835,49508,46626,58466,53624,68173,68497,89406,91068,101369,100766,70977,77077,50141,61295,14308,24498,799818,755519,70251,67514,182361,175390,39513,64,78
2021-08-28T23:59:59+02:00,8147,7526,54740,51485,62277,57892,71809,72712,93247,95436,105234,104458,72876,79195,51485,62929,14787,25452,6374,5831,49471,46607,58440,53608,68150,68483,89386,91046,101362,100753,70971,77073,50139,61293,14308,24498,799609,755371,70250,67508,182359,175390,39446,64,78
2021-08-27T23:59:59+02:00,8062,7448,54557,51347,62165,57752,71711,72590,93123,95315,105123,104373,72831,79144,51462,62893,14775,25446,6339,5791,49347,46522,58361,53527,68068,68411,89306,90980,101305,100705,70936,77040,50125,61282,14306,24498,798288,754671,70245,67502,182347,175384,39214,64,78
2021-08-26T23:59:59+02:00,7998,7375,54401,51199,62050,57638,71612,72482,93019,95187,105016,104291,72789,79094,51439,62873,14770,25432,6289,5751,49184,46365,58242,53419,67971,68317,89201,90899,101236,100637,70895,77005,50101,61260,14301,24489,797245,753847,70234,67462,182337,175351,38824,64,78
2021-08-25T23:59:59+02:00,7934,7321,54256,51050,61938,57484,71505,72367,92911,95085,104915,104209,72733,79043,51411,62836,14757,25417,6220,5669,48988,46173,58114,53277,67853,68193,89084,90786,101138,100547,70838,76957,50075,61221,14295,24474,796235,752706,70208,67425,182326,175316,38377,64,78
2021-08-24T23:59:59+02:00,7822,7232,54115,50843,61811,57348,71396,72234,92794,94965,104810,104112,72680,78995,51376,62793,14749,25402,6138,5579,48770,45953,57976,53106,67743,68055,88982,90692,101046,100465,70800,76904,50050,61198,14291,24458,794823,751312,70191,67403,182316,175294,38121,64,76
2021-08-23T23:59:59+02:00,7759,7158,53944,50671,61682,57222,71282,72122,92667,94859,104711,104014,72628,78934,51342,62751,14742,25391,6078,5524,48589,45782,57854,52976,67636,67957,88877,90601,100957,100389,70760,76853,50022,61159,14287,24446,793625,750290,70161,67379,182301,175237,37765,64,76
2021-08-22T23:59:59+02:00,7731,7132,53859,50592,61629,57156,71243,72069,92624,94817,104666,103984,72609,78918,51333,62739,14741,25385,6040,5486,48470,45671,57763,52882,67562,67895,88807,90543,100914,100347,70730,76829,50007,61141,14284,24439,793193,749606,70153,67371,182281,175186,37571,64,76
2021-08-21T23:59:59+02:00,7725,7129,53834,50577,61611,57145,71227,72055,92611,94799,104655,103974,72604,78916,51333,62738,14741,25384,6036,5482,48449,45653,57743,52874,67543,67875,88788,90528,100904,100337,70728,76826,50007,61140,14284,24439,793121,749509,70111,67352,182277,175180,37519,64,76
2021-08-20T23:59:59+02:00,7694,7092,53742,50500,61536,57085,71156,71992,92546,94737,104603,103937,72579,78888,51321,62712,14732,25373,6011,5462,48357,45577,57668,52811,67476,67820,88731,90468,100845,100299,70705,76804,50001,61124,14275,24435,792575,748990,70039,67339,182274,175157,37307,64,76
2021-08-19T23:59:59+02:00,7628,7012,53610,50375,61392,56970,71039,71884,92432,94648,104507,103847,72530,78831,51291,62671,14723,25353,5984,5435,48220,45473,57548,52719,67385,67741,88639,90388,100746,100234,70672,76775,49981,61100,14271,24426,791539,748334,70002,67302,182257,175110,36915,64,76
2021-08-18T23:59:59+02:00,7553,6955,53468,50236,61265,56861,70927,71790,92323,94560,104405,103763,72472,78778,51256,62635,14713,25332,5950,5392,48104,45347,57427,52622,67291,67665,88523,90298,100671,100160,70628,76737,49962,61076,14265,24409,790540,747616,69972,67272,182246,175059,36504,64,76
2021-08-17T23:59:59+02:00,7470,6874,53305,50073,61161,56737,70810,71666,92216,94455,104298,103663,72419,78735,51228,62608,14705,25320,5900,5353,47912,45168,57296,52480,67167,67559,88391,90203,100564,100064,70572,76688,49936,61054,14258,24397,789451,746573,69950,67236,182241,175006,36071,64,76
2021-08-16T23:59:59+02:00,7396,6811,53175,49943,61065,56624,70709,71572,92124,94350,104205,103563,72376,78684,51198,62565,14697,25312,5876,5317,47772,45048,57185,52410,67071,67475,88294,90117,100480,99969,70529,76648,49912,61027,14251,24392,788580,745940,69902,67190,182226,174937,35631,64,75
2021-08-15T23:59:59+02:00,7345,6771,53096,49862,60995,56553,70644,71510,92065,94298,104150,103513,72339,78654,51189,62548,14693,25303,5855,5299,47667,44954,57093,52318,67001,67413,88216,90054,100424,99919,70491,76613,49896,61006,14246,24380,788095,745455,69888,67158,182212,174855,35303,64,74
2021-08-14T23:59:59+02:00,7323,6755,53023,49794,60947,56508,70609,71463,92028,94258,104111,103477,72318,78646,51180,62537,14691,25300,5779,5245,47432,44682,56925,52129,66847,67258,88081,89932,100309,99812,70442,76570,49885,60983,14242,24375,787612,743626,69882,67152,182212,174844,35232,64,74
2021-08-13T23:59:59+02:00,7282,6719,52912,49699,60861,56427,70557,71394,91952,94200,104061,103432,72295,78623,51168,62526,14689,25293,5551,5030,46929,44185,56682,51859,66617,67002,87809,89677,100112,99606,70355,76469,49846,60923,14236,24354,786855,740142,69877,67141,182212,174769,35116,64,74
2021-08-12T23:59:59+02:00,7251,6692,52814,49630,60803,56348,70482,71344,91882,94141,103999,103385,72261,78589,51154,62510,14687,25279,5331,4855,46432,43740,56407,51551,66359,66777,87551,89456,99771,99332,70245,76334,49792,60859,14225,24326,786421,737089,69851,67116,182196,174312,34753,64,73
2021-08-11T23:59:59+02:00,7184,6623,52648,49459,60675,56229,70398,71250,91773,94037,103900,103276,72200,78523,51123,62469,14681,25263,5054,4572,45754,43123,56033,51168,66100,66481,87256,89191,99436,98964,70105,76188,49733,60758,14214,24297,785240,732971,69830,67085,182187,173874,34424,64,73
2021-08-10T23:59:59+02:00,7107,6539,52450,49274,60529,56109,70289,71127,91647,93907,103778,103170,72147,78465,51092,62438,14673,25254,4832,4331,44799,42224,55362,50508,65605,66024,86793,88707,98946,98509,69905,75989,49640,60660,14194,24259,783875,726704,69821,67052,182179,173369,34089,64,73
2021-08-09T23:59:59+02:00,7063,6492,52339,49182,60452,56034,70233,71066,91579,93835,103706,103110,72104,78429,51086,62422,14669,25246,4592,4112,43793,41167,54645,49823,65130,65590,86346,88270,98431,98041,69725,75765,49559,60537,14169,24221,783308,720248,69752,67000,182167,172806,33789,64,73
2021-08-08T23:59:59+02:00,7017,6451,52274,49112,60412,56001,70194,71040,91522,93786,103653,103070,72084,78407,51072,62401,14663,25241,4577,4099,43737,41104,54585,49774,65061,65547,86271,88209,98362,97989,69699,75734,49538,60511,14161,24214,783017,719943,69745,66983,182153,172721,33452,64,73
2021-08-07T23:59:59+02:00,6978,6410,52163,48984,60334,55924,70138,70975,91453,93723,103603,103023,72067,78390,51063,62395,14663,25240,4264,3788,42771,40087,54033,49205,64629,65139,85894,87812,98040,97642,69555,75589,49482,60429,14144,24196,782225,713578,69741,66963,182153,172713,33374,64,71
2021-08-06T23:59:59+02:00,6935,6349,52030,48855,60260,55858,70073,70894,91373,93647,103543,102965,72043,78367,51052,62377,14661,25236,3955,3566,42089,39470,53786,48936,64403,64895,85657,87590,97813,97438,69471,75498,49440,60389,14138,24182,781357,709950,69736,66878,182151,172576,33241,64,71
2021-08-05T23:59:59+02:00,6824,6242,51775,48632,60084,55670,69931,70748,91213,93500,103401,102828,71982,78304,51024,62337,14648,25217,3762,3395,41255,38779,53270,48478,64033,64540,85199,87189,97188,96918,69284,75314,49374,60291,14119,24152,779734,705403,69683,66826,182116,171448,32792,64,71
2021-08-04T23:59:59+02:00,6735,6156,51581,48399,59937,55491,69822,70596,91077,93383,103283,102713,71921,78240,50998,62291,14637,25188,3388,3040,40409,37996,52899,48072,63712,64217,84827,86859,96774,96510,69120,75143,49297,60195,14102,24118,778327,700808,69647,66801,182103,170662,32336,64,71
2021-08-03T23:59:59+02:00,6662,6099,51411,48264,59811,55363,69728,70504,90975,93284,103185,102631,71867,78204,50978,62265,14629,25172,3258,2938,39407,37054,52096,47385,63168,63681,84309,86373,96060,95879,68877,74926,49205,60078,14081,24074,777283,694544,69638,66777,182096,169477,31980,64,71
2021-08-02T23:59:59+02:00,6614,6056,51275,48123,59719,55284,69644,70435,90920,93210,103104,102569,71827,78161,50957,62244,14622,25159,3089,2760,38137,35902,51133,46576,62452,63093,83704,85804,95259,95177,68623,74668,49117,59945,14061,24035,776583,686927,69590,66723,182067,168165,31649,63,71
2021-08-01T23:59:59+02:00,6572,6001,51104,47961,59566,55168,69552,70320,90811,93120,103016,102476,71785,78124,50935,62204,14617,25143,3065,2742,37952,35769,50971,46476,62318,62997,83526,85660,94807,94773,68506,74558,49076,59896,14050,24015,775530,686266,69561,66663,182049,166856,31301,63,71
2021-07-31T23:59:59+02:00,6529,5967,51009,47841,59510,55096,69502,70276,90772,93090,102989,102451,71774,78112,50927,62199,14617,25140,2661,2361,36345,34258,50062,45609,61785,62431,83021,85144,94327,94338,68319,74353,48997,59800,14032,23982,774918,677119,69557,66651,182049,166741,31243,63,71
2021-07-30T23:59:59+02:00,6493,5915,50859,47702,59425,55015,69433,70215,90700,93010,102933,102413,71757,78088,50918,62175,14614,25136,2385,2132,34893,32855,49089,44655,61053,61737,82337,84520,93643,93759,68084,74117,48892,59650,14013,23951,774154,667580,69532,66639,182043,166437,31038,63,71
2021-07-29T23:59:59+02:00,6378,5796,50429,47335,59207,54740,69241,70024,90512,92822,102770,102276,71681,78005,50885,62120,14599,25118,2308,2065,34157,32241,48461,44203,60646,61377,81911,84170,92869,93083,67887,73958,48829,59563,13993,23920,771829,663693,69478,66491,182000,164789,30597,63,71
2021-07-28T23:59:59+02:00,6306,5733,50176,47142,59074,54586,69113,69927,90381,92698,102661,102182,71625,77948,50858,62080,14590,25101,2284,2046,33831,31946,48137,43961,60412,61152,81729,83998,92630,92882,67813,73891,48796,59530,13980,23910,770513,661968,69442,66402,181973,164268,30219,63,71
2021-07-27T23:59:59+02:00,6253,5686,50015,46998,58931,54489,69019,69837,90279,92588,102554,102106,71580,77895,50828,62047,14582,25088,2143,1931,32363,30553,46861,42871,59572,60352,81121,83463,91602,92030,67536,73605,48708,59404,13948,23870,769606,653291,69415,66327,181949,162472,29772,62,71
2021-07-26T23:59:59+02:00,6230,5657,49896,46912,58832,54399,68940,69782,90192,92527,102488,102054,71539,77859,50806,62027,14576,25079,2009,1815,30993,29305,45543,41738,58467,59361,80407,82829,90433,90999,67225,73331,48618,59286,13923,23828,769071,644199,69346,66229,181911,160176,29435,61,71
2021-07-25T23:59:59+02:00,6210,5640,49783,46806,58743,54331,68876,69723,90127,92471,102426,102005,71506,77823,50786,62004,14572,25069,1993,1807,30783,29147,45268,41535,58202,59123,80130,82617,89467,90144,67018,73156,48548,59213,13911,23805,768655,642972,69335,66106,181884,157723,28995,60,71
2021-07-24T23:59:59+02:00,6175,5611,49665,46715,58674,54268,68828,69666,90081,92426,102385,101964,71501,77816,50783,62001,14571,25065,1735,1587,29194,27566,44127,40458,57506,58409,79512,82039,88822,89575,66838,72965,48478,59111,13897,23781,768046,632943,69326,66088,181876,157584,28915,60,70
2021-07-23T23:59:59+02:00,6090,5524,49488,46537,58579,54163,68718,69561,89975,92322,102295,101867,71465,77760,50762,61970,14567,25059,1506,1367,27502,26053,42867,39369,56572,57518,78819,81418,88116,88912,66569,72691,48399,59010,13876,23751,766662,622381,69322,65921,181856,157113,28830,60,70
2021-07-22T23:59:59+02:00,5950,5408,49192,46249,58380,53957,68547,69391,89789,92170,102137,101733,71398,77677,50720,61919,14556,25040,1422,1313,26681,25229,41958,38561,55627,56686,78071,80787,86446,87400,66194,72292,48288,58880,13845,23699,764716,613885,69277,65412,181822,155646,28366,60,70
2021-07-21T23:59:59+02:00,5673,5125,48659,45722,58075,53640,68317,69109,89509,91923,101870,101467,71269,77546,50661,61854,14547,25014,1390,1287,26425,25004,41533,38279,55179,56295,77697,80500,85635,86795,66024,72164,48232,58814,13827,23674,761105,611891,69250,65135,181800,153865,27793,60,70
2021-07-20T23:59:59+02:00,5596,5050,48376,45443,57902,53431,68143,68961,89329,91768,101704,101323,71193,77478,50622,61807,14538,24986,1299,1202,25248,23859,40242,37243,53837,55086,76790,79721,84269,85448,65717,71821,48123,58678,13799,23628,759421,601485,69243,64973,181755,152283,27199,60,70
2021-07-19T23:59:59+02:00,5516,4964,48052,45119,57677,53222,67977,68756,89142,91588,101555,101162,71120,77396,50579,61756,14529,24957,1218,1140,24422,23020,38929,36125,52101,53586,75514,78661,83155,84465,65423,71564,48023,58560,13774,23588,757615,591421,69233,64824,181727,150493,26460,60,70
2021-07-18T23:59:59+02:00,5508,4963,47975,45060,57578,53141,67902,68680,89045,91520,101481,101094,71083,77354,50554,61724,14527,24945,1203,1134,24279,22919,38656,35901,51764,53288,75261,78463,82249,83694,65231,71385,47968,58488,13769,23566,757319,590340,69208,64660,181687,148260,25888,60,70
2021-07-17T23:59:59+02:00,5481,4926,47876,44983,57504,53080,67838,68623,88985,91457,101436,101075,71074,77339,50549,61717,14527,24944,1009,946,22898,21463,37275,34599,50517,52092,74653,77904,81613,83096,65101,71237,47901,58426,13760,23546,756752,579464,69203,64633,181678,148120,25749,60,70
2021-07-16T23:59:59+02:00,5378,4847,47634,44752,57376,52970,67719,68510,88846,91360,101329,100972,71027,77288,50526,61698,14521,24938,813,784,21648,20229,35982,33360,49060,50772,73643,76969,80911,82434,64880,71014,47819,58325,13741,23514,755285,567843,69201,64568,181671,147915,25502,60,70
2021-07-15T23:59:59+02:00,5235,4718,47233,44431,57166,52777,67524,68323,88631,91160,101140,100804,70929,77186,50477,61624,14512,24909,754,741,21044,19726,35048,32656,47821,49819,72454,76049,78751,80298,64280,70414,47677,58146,13722,23451,753219,558474,69183,63528,181626,146065,24714,60,70
2021-07-14T23:59:59+02:00,4863,4393,46642,43855,56932,52510,67319,68119,88417,90916,100924,100606,70821,77076,50409,61541,14500,24885,736,724,20841,19580,34783,32497,47446,49515,71914,75657,78082,79761,63956,70134,47594,58063,13699,23415,749768,556647,69164,63338,181573,144158,24186,60,68
2021-07-13T23:59:59+02:00,4772,4313,46445,43700,56769,52349,67156,67969,88260,90788,100777,100478,70748,77013,50371,61494,14496,24869,707,685,20281,19042,33751,31675,45821,48057,70144,73988,76473,78199,63579,69742,47464,57892,13670,23363,748402,545688,69147,62562,181499,142533,23682,60,68
2021-07-12T23:59:59+02:00,4707,4234,46259,43508,56615,52205,67001,67843,88089,90651,100621,100340,70674,76925,50333,61438,14489,24851,683,664,19809,18610,32958,31051,44159,46600,67763,71912,74578,76693,63049,69156,47320,57729,13641,23311,747129,534574,69123,61994,181399,139956,23094,60,68
2021-07-11T23:59:59+02:00,4702,4231,46188,43453,56551,52155,66948,67804,88026,90597,100549,100279,70637,76882,50323,61423,14486,24837,675,659,19599,18466,32605,30800,43708,46222,67303,71551,73796,75996,62648,68777,47249,57640,13625,23278,746973,532767,69112,61669,181333,137480,22613,60,68
2021-07-10T23:59:59+02:00,4576,4096,45902,43146,56366,51956,66801,67629,87892,90458,100447,100172,70581,76825,50302,61396,14483,24828,643,627,19037,17916,31661,29942,41959,44639,65817,70268,73160,75376,62481,68625,47196,57588,13618,23264,744874,522148,69106,61654,181321,137432,22515,60,68
2021-07-09T23:59:59+02:00,4447,3978,45631,42893,56201,51758,66639,67464,87740,90293,100311,100067,70528,76752,50265,61355,14478,24816,596,578,18452,17346,30693,28979,40004,42707,63524,68141,72000,74236,62206,68299,47120,57462,13600,23238,742820,508462,69090,61274,181315,137026,22351,60,68
2021-07-08T23:59:59+02:00,4418,3952,45490,42781,56075,51636,66510,67363,87613,90171,100191,99968,70473,76699,50244,61317,14467,24802,549,534,17513,16548,29293,27943,38284,41253,61392,66316,68636,71081,61307,67324,46875,57118,13555,23142,742093,493203,69031,59196,181244,134440,21756,60,68
2021-07-07T23:59:59+02:00,4406,3946,45423,42739,55989,51581,66423,67319,87557,90132,100147,99917,70456,76676,50234,61299,14463,24792,471,481,16556,15698,27907,26927,36757,40019,59771,64858,65402,67604,60286,66278,46636,56795,13505,23069,741778,477902,68984,57280,181192,132283,21487,60,68
2021-07-06T23:59:59+02:00,4354,3898,45278,42608,55856,51441,66319,67210,87450,90039,100064,99832,70417,76615,50216,61272,14460,24778,404,417,15790,14963,26828,26022,34910,38305,56368,61831,62744,65142,59528,65487,46362,56460,13465,22966,740637,460004,68961,56456,181135,130147,21317,59,68
2021-07-05T23:59:59+02:00,4291,3853,45093,42433,55704,51336,66192,67098,87330,89945,99976,99734,70354,76550,50194,61244,14457,24762,370,365,15127,14344,25878,25210,33674,37170,53271,58856,59968,62675,58687,64672,46107,56148,13420,22888,739432,443925,68917,56103,181056,127653,21083,59,66
2021-07-04T23:59:59+02:00,4283,3846,45044,42399,55635,51299,66146,67069,87291,89913,99944,99706,70330,76529,50188,61229,14451,24751,351,345,14923,14140,25433,24849,33070,36642,52606,58327,58980,61812,58019,64038,45923,55943,13401,22838,739228,439833,68883,55900,180987,124944,20897,59,66
2021-07-03T23:59:59+02:00,4064,3666,44513,41838,55315,50924,65850,66788,87042,89653,99744,99508,70257,76457,50165,61183,14447,24739,333,329,14634,13817,25075,24493,32092,35721,50861,56777,58112,61075,57845,63840,45855,55858,13389,22813,735426,431251,68864,55882,180981,124896,20824,59,66
2021-07-02T23:59:59+02:00,3753,3379,43862,41241,54988,50582,65562,66483,86769,89403,99509,99283,70155,76344,50113,61113,14441,24722,306,292,14217,13370,24372,23874,30932,34654,48227,54606,55972,59287,57448,63409,45695,55698,13373,22776,731088,418719,68843,54829,180968,124160,20746,58,54
2021-07-01T23:59:59+02:00,3615,3269,43507,40890,54784,50404,65402,66319,86612,89261,99354,99163,70086,76276,50082,61079,14434,24707,262,251,13525,12691,23068,22786,29252,33139,46207,52860,53476,57007,56022,61836,45200,55081,13299,22648,728947,405182,68776,52510,180919,120320,20545,58,53
2021-06-30T23:59:59+02:00,3604,3252,43242,40694,54602,50266,65280,66216,86521,89197,99282,99111,70058,76252,50070,61057,14430,24696,200,212,12782,12091,21904,21884,27661,31767,44354,51143,49839,53042,54688,60497,44844,54640,13243,22519,727791,389414,68720,50604,180899,116876,20363,58,53
2021-06-29T23:59:59+02:00,3389,3032,42324,39865,53992,49657,64839,65776,86105,88743,98933,98783,69933,76103,50013,60986,14410,24665,171,160,12184,11490,21101,21114,26289,30560,41730,48728,47964,51492,53715,59388,44436,54104,13148,22366,721793,377366,68666,49077,180883,113496,20149,58,52
2021-06-28T23:59:59+02:00,3171,2848,41368,38873,53323,49004,64374,65381,85723,88349,98600,98439,69793,75942,49948,60886,14392,24641,128,128,11683,11041,20438,20525,25320,29661,39636,46784,46335,50124,52611,58342,44075,53598,13068,22243,715623,367875,68552,48038,180872,109824,19951,58,52
2021-06-27T23:59:59+02:00,3166,2845,41331,38837,53274,48965,64332,65344,85670,88313,98548,98411,69774,75929,49939,60872,14387,24638,110,111,11490,10848,20114,20211,24741,29099,38609,45930,45169,49032,51580,57329,43640,53089,12986,22100,715397,363273,68522,47595,180836,105505,19763,58,52
2021-06-26T23:59:59+02:00,2684,2371,39939,37477,52553,48226,63780,64780,85182,87793,98123,97978,69584,75753,49866,60768,14368,24615,100,100,11375,10745,19946,20057,24541,28882,38131,45491,44799,48678,51466,57184,43593,53040,12981,22086,706702,360317,68493,47590,180836,105484,19752,58,52
2021-06-25T23:59:59+02:00,2279,2035,39095,36671,52200,47866,63453,64455,84902,87481,97874,97712,69480,75636,49819,60706,14354,24593,76,82,11074,10434,19565,19630,24009,28259,35448,43182,42611,46763,51127,56804,43494,52908,12957,22055,701649,348734,68356,47145,180829,104827,19720,58,52
2021-06-24T23:59:59+02:00,2225,1982,38605,36211,51851,47542,63232,64240,84666,87286,97688,97555,69398,75571,49784,60660,14348,24578,63,59,10479,9851,18501,18742,22582,27004,33344,41340,40177,44468,49644,55149,42923,52206,12840,21852,698700,335832,68326,44545,180808,101265,19531,58,51
2021-06-23T23:59:59+02:00,2212,1958,38373,35983,51683,47370,63114,64128,84565,87188,97611,97470,69367,75540,49764,60639,14344,24566,36,33,10024,9416,17872,18181,21649,26140,31402,39702,36212,39996,48345,53785,42537,51698,12758,21686,697452,320267,68289,43913,180792,97954,19287,56,51
2021-06-22T23:59:59+02:00,2133,1897,37386,35059,50929,46691,62629,63679,84190,86776,97244,97157,69218,75397,49697,60558,14331,24533,13,18,9557,8986,16999,17488,20420,25056,28274,36939,33907,38113,47388,52809,42127,51138,12618,21451,691299,308080,68242,41169,180779,94873,19129,56,50
2021-06-21T23:59:59+02:00,1986,1758,36040,33848,49908,45825,61906,63014,83692,86304,96804,96750,69047,75226,49631,60463,14320,24498,9,11,9239,8693,16537,17124,19794,24574,26527,35374,32367,36819,46333,51728,41674,50587,12512,21259,683356,300711,68208,40526,180764,91236,18638,55,50
2021-06-20T23:59:59+02:00,1975,1749,35952,33795,49758,45697,61762,62873,83611,86243,96730,96689,69013,75198,49616,60445,14320,24486,8,10,9089,8590,16319,16952,19478,24313,25710,34721,31426,35864,46137,51525,41643,50535,12503,21238,682689,296920,68164,39930,180746,90902,18259,55,50
2021-06-19T23:59:59+02:00,1607,1449,34343,32249,48859,44881,61277,62368,83141,85768,96324,96337,68866,75032,49550,60364,14305,24462,7,9,9048,8517,16215,16829,19359,24159,25605,34563,31298,35720,46041,51429,41625,50510,12499,21228,674005,295580,68145,39927,180739,90865,18239,55,50
2021-06-18T23:59:59+02:00,1409,1275,32704,30669,47651,43692,60336,61448,82333,85019,95711,95760,68647,74810,49461,60226,14289,24432,7,9,8974,8430,16054,16672,19169,23965,25352,34322,31012,35399,45744,51081,41539,50433,12486,21214,662884,293375,68010,39809,180738,90443,18186,55,49
2021-06-17T23:59:59+02:00,1334,1217,31784,29835,46789,42988,59529,60597,81589,84370,95299,95378,68506,74665,49419,60148,14275,24403,7,9,8435,8064,15362,16116,18338,23133,24244,33195,29533,34039,44416,49574,41053,49822,12366,21025,655967,284420,67894,38978,180707,87781,17503,55,49
2021-06-16T23:59:59+02:00,1251,1153,31095,29139,45984,42238,58610,59718,80811,83597,94875,94999,68371,74505,49361,60056,14255,24376,7,8,7947,7741,14741,15596,17555,22407,23103,32234,28353,32926,42516,47449,40501,49241,12258,20839,648908,274647,67766,38375,180688,85373,16978,55,49
2021-06-15T23:59:59+02:00,1109,1034,29209,27367,44236,40725,57016,58085,79424,82276,94114,94326,68083,74212,49247,59899,14222,24311,7,6,7775,7615,14427,15354,17188,22104,22581,31847,27813,32495,41576,46431,40114,48813,12134,20618,633987,271555,67717,37868,180649,82938,16488,55,49
2021-06-14T23:59:59+02:00,1016,920,27664,25905,42628,39208,55363,56435,78323,81164,93419,93697,67834,73969,49153,59776,14202,24267,6,5,7593,7442,14049,15016,16657,21657,21887,31263,27131,31901,41189,46008,39730,48359,12003,20413,620760,268863,67659,37452,180620,80095,15851,54,48
2021-06-13T23:59:59+02:00,992,895,27463,25725,42243,38870,54813,55908,77976,80854,93226,93507,67744,73889,49116,59717,14187,24242,6,5,7452,7274,13775,14722,16267,21256,21454,30769,26591,31397,40791,45603,39263,47791,11823,20125,618040,266759,67517,37379,180592,77013,15165,54,48
2021-06-12T23:59:59+02:00,863,781,25954,24141,41091,37798,54139,55175,77447,80359,92675,92982,67588,73712,49048,59640,14174,24221,6,5,7404,7224,13648,14611,16133,21141,21271,30619,26469,31292,40773,45586,39253,47780,11823,20124,608539,265964,67511,37377,180586,76673,15100,53,48
2021-06-11T23:59:59+02:00,750,672,24343,22626,39742,36610,52911,53965,76477,79508,92100,92406,67354,73478,48986,59532,14155,24186,6,5,7349,7132,13472,14419,15913,20944,20997,30359,26195,31031,40467,45210,39168,47665,11805,20095,596806,264054,67429,37232,180577,75961,14937,53,48
2021-06-10T23:59:59+02:00,648,583,23345,21624,38525,35433,51303,52461,75158,78312,90491,90859,66998,73082,48860,59358,14130,24132,6,5,7066,6909,12943,13984,15269,20371,20234,29608,25398,30352,39761,44348,38814,47246,11690,19910,583920,260574,66938,37197,180526,72229,13866,53,48
2021-06-09T23:59:59+02:00,578,533,22893,21238,37864,34913,50197,51416,73912,77119,89897,90354,66872,72936,48809,59272,14115,24101,6,5,6794,6600,12353,13379,14480,19556,19316,28586,24411,29189,37194,41427,38247,46602,11540,19672,576751,250247,66480,37124,180489,68691,13247,53,48
2021-06-08T23:59:59+02:00,472,422,21376,19788,36262,33547,48083,49454,71775,75181,88423,88873,66556,72551,48673,59111,14082,24057,6,5,6662,6428,11965,13002,13992,19067,18711,27981,23849,28651,36907,41171,37956,46235,11432,19515,559397,248575,66200,37043,180457,65290,12580,53,47
2021-06-07T23:59:59+02:00,356,328,20371,18821,34720,32216,45810,47432,69638,73298,87445,88025,66332,72283,48599,58976,14062,24020,6,5,6507,6267,11541,12647,13448,18584,17982,27394,23213,28053,36587,40867,37536,45754,11319,19316,544223,246572,66024,36974,180403,61403,12030,53,47
2021-06-06T23:59:59+02:00,333,307,20191,18673,34326,31932,45202,46860,69017,72812,87232,87859,66275,72221,48587,58950,14056,24008,6,5,6377,6094,11214,12233,13017,18011,17340,26582,22515,27244,36120,40391,37053,45203,11163,19046,541101,244118,65698,36920,180356,56896,11634,53,46
2021-06-05T23:59:59+02:00,261,242,18952,17415,33009,30721,43977,45685,68441,72293,86699,87349,66184,72119,48539,58902,14049,23996,6,5,6325,6010,11109,12066,12889,17832,17168,26372,22344,27049,36055,40313,37031,45179,11161,19041,531131,243504,65698,36507,180340,56286,11612,53,46
2021-06-04T23:59:59+02:00,180,172,17765,16269,31704,29436,42424,44187,67100,70976,85892,86596,65997,71907,48463,58810,14033,23967,6,5,6221,5871,10929,11855,12673,17575,16812,25987,21823,26608,35161,39455,36715,44879,11144,19019,518323,241650,65632,36179,180333,53326,11538,53,45
2021-06-03T23:59:59+02:00,125,119,17128,15698,30718,28607,40962,42887,65321,69442,83644,84314,65572,71452,48335,58648,14015,23929,6,5,6048,5660,10617,11499,12354,17106,16355,25323,21270,26025,34493,38661,36540,44675,11111,18969,504537,239297,64931,35791,180294,50484,11102,53,43
2021-06-02T23:59:59+02:00,96,76,16786,15389,30404,28341,40294,42264,63730,68048,82705,83512,65430,71287,48275,58567,14012,23914,6,4,5930,5567,10437,11337,12121,16888,16059,25013,20920,25626,31244,35036,36312,44453,11082,18916,497023,230576,64928,35458,180292,50039,10835,53,43
2021-06-01T23:59:59+02:00,38,41,15999,14722,28903,27239,37926,40200,60157,64867,80275,81190,65078,70922,48147,58377,13978,23861,6,4,5656,5291,9910,10907,11580,16291,15387,24215,20185,24862,30902,34737,36115,44275,11053,18854,478666,229102,63368,34952,180227,46528,9607,52,41
2021-05-31T23:59:59+02:00,30,33,15437,14248,27960,26534,35968,38536,56715,61836,78242,79487,64746,70565,48003,58202,13946,23809,6,3,5492,5087,9500,10541,11148,15805,14847,23527,19557,24155,30616,34482,35930,44082,11018,18797,462896,228404,62643,34564,180162,43040,8544,52,41
2021-05-30T23:59:59+02:00,28,30,15293,14119,27672,26297,35516,38124,56001,61219,77920,79212,64684,70508,47978,58167,13942,23798,6,3,5390,4892,9171,10179,10736,15315,14391,22723,19023,23379,29935,33765,35703,43890,10996,18734,459906,227930,62204,34482,180115,37550,8231,52,38
2021-05-29T23:59:59+02:00,26,29,14896,13727,26823,25487,33759,36536,54518,59921,77329,78647,64534,70357,47925,58114,13935,23784,6,3,5357,4819,9102,10062,10641,15194,14280,22572,18889,23238,29906,33742,35697,43882,10995,18731,449788,227430,62171,34482,180111,36941,8225,52,38
2021-05-28T23:59:59+02:00,23,28,14491,13331,26009,24744,31912,34776,52349,57913,76278,77651,64329,70105,47873,58037,13925,23761,6,3,5272,4705,8923,9917,10481,15019,14117,22332,18676,22936,29836,33693,35680,43865,10994,18726,437849,226745,61702,34475,180020,36012,7912,52,37
2021-05-27T23:59:59+02:00,19,23,13862,12864,24938,24023,30658,33848,50736,56537,73175,74667,63886,69566,47739,57875,13902,23705,6,3,5159,4472,8589,9576,10075,14581,13668,21695,18167,22336,29612,33487,35569,43751,10973,18697,425685,226079,59737,34403,179389,32737,7160,52,37
2021-05-26T23:59:59+02:00,18,21,13377,12444,24023,23375,29732,33144,49647,55610,70215,71473,63271,68953,47604,57705,13871,23659,6,3,5071,4310,8333,9261,9769,14190,13310,21093,17733,21734,29415,33319,35471,43645,10946,18645,414856,225455,57554,34284,178890,29688,6790,52,37
2021-05-25T23:59:59+02:00,18,16,13039,12147,23442,22969,28676,32280,47046,53368,67953,69346,62919,68587,47490,57556,13853,23605,6,3,4991,4189,8116,8998,9515,13812,12998,20571,17344,21180,29253,33161,35387,43539,10919,18590,402996,224882,56485,34201,178266,26943,6511,52,35
2021-05-24T23:59:59+02:00,17,15,12739,11866,22940,22588,28053,31826,44427,50936,65491,67154,62609,68288,47379,57430,13817,23548,6,3,4920,4080,7865,8764,9192,13426,12668,20057,16956,20618,29107,33020,35312,43467,10895,18542,391334,224286,55997,34135,177596,24298,6144,52,35
2021-05-23T23:59:59+02:00,17,15,12677,11799,22843,22503,27973,31747,44168,50708,64902,66605,62529,68200,47354,57412,13815,23546,6,3,4899,4065,7829,8732,9130,13391,12587,19993,16876,20559,29097,33004,35308,43459,10895,18540,389126,223986,55916,34127,177582,24089,6138,51,33
2021-05-22T23:59:59+02:00,17,15,12453,11561,22525,22195,26967,30858,42332,49131,64046,65863,62366,68009,47288,57320,13805,23522,6,3,4883,4010,7801,8666,9086,13324,12555,19906,16846,20489,29086,32994,35304,43453,10894,18539,380633,223891,55905,34127,177577,23687,6107,51,33
2021-05-21T23:59:59+02:00,17,14,12151,11307,21948,21747,26148,30166,39945,47238,62071,64194,62103,67735,47204,57232,13790,23496,6,3,4864,3982,7745,8579,9019,13236,12478,19812,16770,20402,29070,32968,35297,43442,10892,18538,370186,223689,54847,34112,177387,23234,6035,51,33
2021-05-20T23:59:59+02:00,16,14,11542,10735,20822,20847,24993,29138,38438,45960,59723,62118,61282,66835,47003,56971,13756,23440,6,3,4589,3805,7342,8292,8574,12838,12024,19299,16347,19878,28949,32869,35246,43387,10888,18528,359673,223273,52490,34001,176102,20240,5317,51,33
2021-05-19T23:59:59+02:00,16,14,11097,10421,20036,20290,24143,28536,37532,45274,56486,58478,60590,66131,46895,56837,13733,23393,6,3,4436,3647,7086,8045,8295,12506,11689,18865,15974,19456,28849,32756,35203,43311,10877,18513,349177,222777,50871,33882,174973,17996,4830,51,32
2021-05-18T23:59:59+02:00,16,14,10770,10136,19452,19839,23485,27970,36120,44041,55065,57343,60216,65704,46765,56676,13708,23367,6,3,4331,3520,6839,7808,8030,12221,11452,18460,15626,19020,28763,32662,35173,43269,10873,18506,343758,222474,49013,33799,173494,15886,4371,51,32
2021-05-17T23:59:59+02:00,15,13,10550,9960,19013,19548,23048,27657,34920,43049,53748,56301,59964,65456,46701,56577,13692,23333,6,3,4261,3434,6631,7589,7778,11927,11195,18065,15313,18612,28668,32572,35148,43228,10867,18492,339668,222167,48019,33730,171972,14023,3837,49,32
2021-05-16T23:59:59+02:00,15,12,10359,9830,18720,19344,22713,27415,34279,42587,52509,55130,59771,65290,46664,56523,13681,23313,6,3,4193,3359,6414,7424,7489,11672,10924,17710,15017,18247,28602,32510,35132,43210,10860,18488,337223,221908,47136,33668,170358,12262,3390,48,32
2021-05-15T23:59:59+02:00,15,12,10263,9730,18567,19196,22542,27269,33897,42220,52112,54751,59656,65144,46616,56477,13678,23297,6,3,4152,3323,6329,7357,7395,11569,10822,17590,14912,18116,28508,32392,35038,43118,10856,18483,334820,220814,47135,33665,170224,12243,3215,48,32
2021-05-14T23:59:59+02:00,14,12,9980,9528,18138,18956,22139,26979,31550,40440,49962,52894,59434,64915,46568,56391,13661,23276,6,3,4024,3241,6041,7191,7088,11343,10474,17237,14563,17788,27935,31686,34915,42926,10837,18455,325662,217510,47082,33659,169613,12119,2433,47,32
2021-05-13T23:59:59+02:00,14,12,9516,9161,17341,18390,21271,26295,30431,39449,47714,50723,58584,63938,46357,56107,13622,23202,6,3,3525,3048,5700,6937,6775,11032,10060,16847,14187,17350,27031,30486,34488,42405,10806,18395,317153,212893,45218,33101,167586,10930,2125,45,32
2021-05-12T23:59:59+02:00,14,12,9226,8968,16906,18130,20795,26004,29900,39064,44715,47075,58010,63296,46273,55993,13604,23177,6,3,3386,2960,5467,6826,6494,10885,9778,16638,13950,17083,26383,29662,34322,42212,10780,18361,307952,209858,44402,33075,167293,10761,1470,45,32
2021-05-11T23:59:59+02:00,14,12,8792,8694,16133,17610,19927,25383,28161,37619,42776,45569,57633,62847,46189,55858,13583,23149,6,3,3264,2831,5233,6484,6196,10471,9411,16078,13511,16522,24960,27991,33811,41584,10729,18273,302446,203872,41346,32891,164810,9261,1302,45,32
2021-05-10T23:59:59+02:00,14,11,8531,8542,15620,17354,19297,25060,27168,36927,41314,44422,57366,62572,46110,55753,13562,23118,6,2,3154,2705,5003,6246,5941,10147,9086,15600,13148,16098,23911,26659,33322,40999,10693,18215,299132,199213,40439,32861,162138,7841,988,44,32
2021-05-09T23:59:59+02:00,14,11,8375,8457,15316,17170,18915,24801,26498,36498,39533,42755,57069,62293,46054,55695,13554,23098,6,2,3033,2649,4822,6104,5772,9971,8886,15392,12977,15923,23634,26325,33176,40825,10683,18200,296151,198008,40059,32817,159141,6811,712,43,32
2021-05-08T23:59:59+02:00,14,11,8299,8384,15133,17024,18706,24601,26270,36258,39296,42559,56942,62143,46016,55658,13551,23087,6,2,3025,2628,4791,6068,5728,9925,8809,15325,12890,15853,23263,25897,32890,40511,10675,18184,294576,196817,39604,32101,159017,6808,712,43,32
2021-05-07T23:59:59+02:00,13,11,8129,8286,14804,16839,18313,24364,25844,35968,38836,42178,56666,61788,45967,55611,13544,23077,6,2,2726,2493,4442,5881,5457,9665,8493,15013,12494,15455,22164,24516,32240,39675,10647,18134,292024,193342,39172,30600,158684,5215,316,42,30
2021-05-06T23:59:59+02:00,12,11,7480,7928,13905,16234,17254,23507,24495,34855,36689,40511,55537,60467,45723,55305,13509,23010,6,2,2600,2381,4268,5683,5245,9358,8148,14572,12060,14998,20855,22839,31387,38664,10593,18020,281363,187713,37886,29638,156862,4021,279,42,28
2021-05-05T23:59:59+02:00,10,11,6944,7620,13119,15688,16209,22743,23107,33826,34858,39017,53693,58424,45402,54959,13475,22944,6,2,2514,2324,4092,5527,5053,9146,7799,14231,11689,14638,19463,21055,30190,37244,10553,17917,269886,181566,36959,28460,155062,3289,100,42,28
2021-05-04T23:59:59+02:00,10,10,6755,7528,12749,15511,15717,22471,22460,33480,33894,38314,52839,57461,45279,54832,13457,22903,6,2,2459,2254,3937,5355,4876,8892,7455,13820,11263,14177,17811,19123,29087,35909,10457,17797,266095,174728,36088,27519,153399,2359,47,41,27
2021-05-03T23:59:59+02:00,10,9,6609,7379,12370,15290,15206,22158,21747,33073,32739,37422,52536,57141,45183,54724,13442,22871,6,2,2399,2186,3843,5175,4735,8657,7236,13471,10943,13769,16606,17624,28206,34803,10392,17689,262782,169143,35625,27169,151427,1368,35,40,27
2021-05-02T23:59:59+02:00,10,9,6529,7288,12156,15119,14904,21923,21268,32752,31586,36472,52252,56850,45121,54633,13424,22840,6,2,2384,2179,3821,5142,4704,8621,7169,13400,10857,13675,16293,17228,27908,34498,10380,17675,260338,167567,35549,27055,149176,1261,34,39,25
2021-05-01T23:59:59+02:00,10,9,6511,7263,12092,15068,14823,21860,21165,32680,31460,36375,52246,56835,45117,54632,13422,22838,6,2,2381,2171,3797,5125,4663,8597,7131,13363,10796,13619,16095,17005,27793,34361,10377,17665,259760,166601,35548,27028,149025,1259,34,39,25
2021-04-30T23:59:59+02:00,10,9,6473,7225,11999,14974,14717,21739,20969,32492,31219,36183,51975,56475,45072,54579,13416,22826,6,2,2352,2150,3735,5063,4566,8486,6981,13181,10517,13354,15279,15979,26923,33288,10336,17577,257971,163390,35504,25137,148805,1190,33,39,25
2021-04-29T23:59:59+02:00,10,9,6268,7098,11678,14787,14359,21498,20447,32201,30463,35691,51326,55647,44981,54460,13390,22746,6,2,2314,2104,3643,4974,4442,8350,6789,12961,10239,13064,14304,14744,25615,31736,10273,17480,254773,157673,35408,24385,146807,927,32,39,23
2021-04-28T23:59:59+02:00,10,9,6005,6933,11296,14443,13864,21031,19802,31596,29294,34556,48658,52638,44687,54135,13327,22668,6,2,2276,2063,3573,4912,4326,8235,6627,12778,9987,12845,13158,13262,24123,29855,10211,17377,244801,151687,35281,23180,144813,710,18,39,21
2021-04-27T23:59:59+02:00,10,9,5902,6842,11140,14319,13662,20865,19516,31383,28730,34168,48449,52414,44631,54081,13318,22646,6,2,2234,2028,3482,4819,4233,8126,6462,12592,9703,12569,11942,11694,22465,27694,10132,17231,243403,144848,35234,21995,143392,533,18,38,20
2021-04-26T23:59:59+02:00,10,9,5853,6800,11018,14251,13499,20739,19287,31171,27892,33599,48111,52043,44578,54015,13309,22617,6,2,2212,2001,3427,4774,4171,8059,6358,12459,9515,12393,11025,10534,21183,25931,10071,17140,242654,139557,35206,21245,140886,423,18,37,18
2021-04-25T23:59:59+02:00,10,9,5808,6753,10911,14153,13336,20581,19037,30884,27129,32857,47614,51532,44494,53918,13295,22597,6,2,2187,1991,3395,4755,4152,8038,6325,12418,9457,12332,10863,10340,20941,25607,10061,17126,240931,138702,35161,20893,138772,365,18,36,18
2021-04-24T23:59:59+02:00,10,9,5786,6705,10830,14059,13236,20435,18902,30704,26966,32672,47511,51409,44401,53822,13291,22592,6,2,2180,1980,3370,4727,4114,7991,6254,12346,9326,12215,10706,10159,20807,25476,10045,17108,239430,138178,35143,20252,138713,346,18,36,18
2021-04-23T23:59:59+02:00,10,9,5725,6616,10696,13859,13030,20179,18588,30323,26563,32310,46563,50270,44247,53577,13268,22560,6,2,2162,1958,3328,4690,4064,7937,6160,12254,9162,12087,10439,9858,20481,25056,9996,17025,235014,137050,35084,19244,138241,335,18,36,18
2021-04-22T23:59:59+02:00,10,9,5624,6503,10484,13661,12676,19840,18072,29849,25929,31712,44832,48115,43678,52848,13222,22461,5,2,2148,1947,3287,4637,3987,7862,6030,12155,8903,11924,10005,9452,20023,24464,9946,16947,228745,134918,34971,18468,135755,303,18,36,17
2021-04-21T23:59:59+02:00,10,8,5526,6368,10254,13459,12344,19525,17568,29352,25210,30978,40549,43243,43201,52313,13155,22357,5,2,2135,1938,3250,4600,3931,7804,5948,12062,8727,11764,9673,9067,19522,23871,9880,16849,216603,133265,34908,17453,133855,279,18,36,13
2021-04-20T23:59:59+02:00,10,8,5448,6277,10056,13238,12065,19257,17144,28941,24650,30406,38795,41227,42545,51533,13084,22217,5,2,2110,1925,3209,4576,3865,7760,5817,11963,8555,11637,9389,8747,19049,23200,9783,16709,210340,131893,34817,16152,131690,225,18,36,13
2021-04-19T23:59:59+02:00,10,7,5368,6202,9896,13108,11857,19047,16782,28558,24103,29932,37238,39435,41952,50812,13029,22129,5,2,2094,1908,3173,4541,3824,7714,5777,11892,8472,11545,9151,8462,18640,22633,9736,16616,205299,130191,34759,15759,129353,204,18,36,13
2021-04-18T23:59:59+02:00,10,6,5306,6153,9762,13022,11656,18907,16500,28359,23692,29617,35922,38070,41598,50405,12995,22065,5,2,2081,1893,3146,4519,3797,7698,5732,11845,8419,11495,9053,8373,18487,22446,9723,16590,203738,129703,34716,15371,125537,199,18,36,13
2021-04-17T23:59:59+02:00,10,6,5300,6137,9728,12991,11609,18867,16422,28291,23628,29558,35609,37728,41489,50307,12989,22054,5,2,2071,1885,3118,4506,3738,7653,5662,11792,8331,11443,8941,8262,18381,22328,9702,16577,202507,128889,34706,15279,125456,198,18,36,13
2021-04-16T23:59:59+02:00,10,6,5235,6097,9641,12929,11472,18755,16208,28129,23276,29209,34524,36461,41076,49782,12969,22020,5,2,1938,1798,2889,4323,3378,7332,4887,11252,6832,10347,6401,6175,16555,20620,9506,16277,198330,119464,34616,10829,124801,195,17,35,12
2021-04-15T23:59:59+02:00,10,6,5168,6007,9436,12755,11174,18509,15710,27735,22583,28606,32623,34146,40028,48572,12887,21852,5,2,1895,1765,2821,4256,3258,7210,4669,11069,6454,10036,5941,5775,15964,19934,9314,15942,192492,116320,34562,9776,120703,186,17,33,11
2021-04-14T23:59:59+02:00,10,6,5106,5962,9269,12628,10955,18332,15305,27417,21928,28123,30690,31895,38809,47149,12812,21666,5,2,1810,1710,2738,4187,3145,7116,4465,10904,6144,9786,5463,5360,15380,19244,9110,15587,186096,113683,34422,8316,117494,129,17,33,11
2021-04-13T23:59:59+02:00,10,6,5058,5908,9131,12498,10775,18164,14960,27140,21405,27661,28582,29441,37543,45548,12669,21459,5,2,1767,1692,2701,4144,3089,7053,4331,10764,5874,9573,5122,5058,14929,18793,8974,15382,179180,112256,34355,6935,114374,34,17,32,11
2021-04-12T23:59:59+02:00,10,6,4993,5859,9023,12358,10568,18017,14638,26858,20864,27204,26540,27168,36382,44082,12539,21258,5,2,1732,1648,2670,4122,3060,6998,4272,10696,5771,9472,4956,4911,14627,18425,8862,15182,173454,111403,34274,5947,110590,33,17,32,11
2021-04-11T23:59:59+02:00,10,6,4957,5816,8929,12278,10408,17915,14373,26680,20437,26880,25333,25876,35677,43296,12450,21107,5,2,1723,1642,2647,4101,3035,6969,4237,10649,5684,9404,4863,4855,14511,18299,8823,15130,171660,111189,34200,5336,106520,27,16,32,11
2021-04-10T23:59:59+02:00,10,6,4945,5801,8887,12250,10351,17881,14305,26629,20340,26799,25018,25500,35329,42876,12443,21086,5,2,1719,1636,2637,4092,3021,6952,4207,10618,5625,9365,4785,4778,14382,18133,8776,15045,170443,110389,33473,5335,106492,27,16,32,11
2021-04-09T23:59:59+02:00,10,6,4898,5769,8802,12170,10225,17756,14136,26454,20078,26552,24175,24345,34373,41664,12410,21012,4,2,1691,1607,2581,4057,2949,6891,4057,10508,5368,9139,4368,4402,13811,17416,8548,14676,167063,106699,31955,5326,105774,27,12,31,11
2021-04-08T23:59:59+02:00,10,6,4824,5704,8655,12062,10010,17584,13736,26138,19474,26078,22465,22349,32674,39688,12260,20775,4,2,1661,1591,2525,4012,2865,6806,3909,10371,5075,8875,3907,3974,12814,16169,8062,13912,161281,101696,31047,4793,102122,23,12,30,10
2021-04-07T23:59:59+02:00,10,5,4777,5651,8470,11982,9784,17435,13417,25909,19000,25716,20652,20231,30911,37425,12142,20560,4,2,1628,1575,2470,3958,2804,6724,3802,10226,4884,8685,3641,3682,12122,15361,7685,13352,155225,98355,29866,4215,98949,14,11,26,10
2021-04-06T23:59:59+02:00,10,5,4728,5605,8327,11870,9624,17268,13098,25642,18479,25329,18796,18160,28979,34930,11939,20215,4,2,1593,1556,2445,3932,2770,6684,3738,10181,4801,8591,3529,3557,11644,14711,7398,12937,148361,96026,28900,4014,95707,13,11,25,9
2021-04-05T23:59:59+02:00,10,5,4697,5564,8232,11779,9486,17170,12885,25430,18077,24984,17069,16229,27350,32774,11791,19987,4,2,1571,1544,2413,3914,2741,6635,3695,10122,4714,8475,3416,3448,11301,14341,7241,12654,142935,94625,28466,3574,92084,12,11,23,9
2021-04-04T23:59:59+02:00,10,5,4690,5558,8223,11769,9472,17153,12859,25409,18049,24959,16937,16053,27154,32528,11782,19973,4,2,1569,1543,2411,3911,2738,6631,3693,10118,4709,8472,3407,3437,11290,14329,7237,12646,142213,94543,28373,3574,91967,12,9,21,9
2021-04-03T23:59:59+02:00,10,5,4686,5550,8208,11762,9453,17133,12820,25377,17971,24894,16857,15963,27107,32471,11777,19966,4,2,1566,1541,2402,3903,2720,6617,3670,10090,4626,8417,3290,3322,11208,14254,7231,12636,141682,93895,28344,3574,91954,12,9,21,9
2021-04-02T23:59:59+02:00,10,5,4661,5530,8148,11709,9388,17064,12680,25270,17734,24692,16404,15486,26630,31894,11745,19911,4,2,1564,1532,2387,3898,2713,6601,3649,10057,4556,8324,3220,3253,10971,13951,7079,12433,140465,92595,26930,3570,91536,12,9,21,8
2021-04-01T23:59:59+02:00,9,5,4618,5469,8037,11565,9258,16904,12405,24983,17288,24291,15650,14759,25871,30930,11618,19728,4,2,1547,1512,2358,3866,2690,6573,3611,10019,4489,8258,3105,3121,10034,12831,6463,11582,138216,88574,26263,3464,88880,11,9,20,7
2021-03-31T23:59:59+02:00,9,5,4406,5391,7924,11441,9116,16737,12185,24704,16932,23926,14952,13993,25035,29919,11508,19529,4,2,1538,1507,2343,3846,2662,6544,3561,9971,4415,8186,3013,3031,9457,12126,6098,11083,136406,86126,24798,3235,86481,11,8,19,7
2021-03-30T23:59:59+02:00,9,5,4375,5339,7849,11314,9030,16580,12025,24514,16646,23614,14351,13347,24276,28931,11369,19284,4,2,1524,1497,2322,3822,2636,6514,3520,9906,4348,8115,2886,2883,8863,11464,5745,10586,134913,83787,23582,2829,84336,6,8,19,7
2021-03-29T23:59:59+02:00,9,5,4335,5286,7749,11202,8922,16414,11861,24239,16316,23266,13808,12747,23510,27951,11209,19035,4,2,1504,1484,2303,3806,2613,6486,3486,9846,4284,8039,2833,2815,8571,11076,5556,10273,133057,82390,22819,2570,81961,6,8,19,7
2021-03-28T23:59:59+02:00,9,5,4300,5202,7662,11094,8841,16259,11725,24009,16055,22992,13479,12436,22936,27257,11033,18749,4,2,1494,1477,2281,3790,2598,6457,3447,9796,4247,7980,2785,2764,8492,10970,5511,10205,132549,82039,22291,2241,79176,5,8,19,7
2021-03-27T23:59:59+01:00,9,5,4286,5191,7635,11062,8774,16185,11626,23913,15907,22876,13275,12223,22733,27043,10998,18720,4,2,1493,1475,2278,3788,2597,6456,3430,9769,4237,7957,2775,2757,8434,10906,5476,10165,131660,81738,21645,2241,79129,5,8,19,7
2021-03-26T23:59:59+01:00,9,5,4242,5123,7525,10924,8599,15999,11288,23606,15293,22372,12352,11392,21941,26194,10851,18491,2,2,1488,1461,2273,3767,2583,6432,3413,9743,4196,7921,2745,2718,8252,10687,5355,9993,127581,80886,20030,2126,78570,5,7,18,7
2021-03-25T23:59:59+01:00,9,4,4187,4961,7361,10645,8353,15591,10903,22981,14648,21672,11679,10729,21070,25124,10532,17945,2,2,1468,1448,2240,3742,2548,6394,3376,9696,4125,7839,2610,2578,7272,9423,4737,9073,124286,76669,19247,1886,74838,5,6,17,7
2021-03-24T23:59:59+01:00,9,4,4111,4821,7224,10355,8135,15178,10638,22432,14176,21062,11073,10168,20133,24032,10199,17378,2,2,1447,1419,2213,3705,2504,6357,3333,9631,4046,7739,2509,2481,6620,8655,4351,8491,121674,74029,18052,1463,71384,3,3,15,7
2021-03-23T23:59:59+01:00,9,4,4071,4730,7118,10114,7980,14836,10374,21926,13774,20569,10605,9728,19407,23180,9884,16911,2,2,1436,1401,2187,3684,2484,6329,3273,9577,3952,7663,2414,2380,5890,7724,3898,7796,120205,70947,16946,1133,68052,3,2,15,7
2021-03-22T23:59:59+01:00,9,4,4018,4652,6989,9873,7820,14513,10114,21458,13423,20068,10212,9371,18835,22471,9690,16563,2,1,1427,1394,2180,3670,2472,6313,3249,9554,3922,7629,2353,2329,5433,7113,3536,7302,119305,68824,16542,1043,64219,3,2,15,7
2021-03-21T23:59:59+01:00,9,4,3971,4551,6856,9611,7652,14152,9891,20916,13080,19542,9893,9092,18298,21869,9500,16247,2,1,1424,1390,2179,3659,2468,6305,3243,9545,3912,7615,2339,2310,5316,6981,3478,7201,119095,68313,16145,1043,59877,3,2,15,7
2021-03-20T23:59:59+01:00,9,4,3960,4531,6819,9555,7595,14077,9807,20804,12974,19452,9806,8998,18158,21691,9449,16160,2,1,1421,1385,2175,3655,2463,6300,3229,9535,3892,7605,2304,2278,4989,6609,3289,6959,118261,67036,16049,1043,59522,3,2,15,7
2021-03-19T23:59:59+01:00,8,4,3786,4390,6528,9302,7153,13649,8894,20072,11242,18124,6938,6643,15899,19485,9088,15595,2,1,1417,1381,2170,3648,2451,6288,3216,9509,3840,7559,2237,2237,4613,6135,3020,6634,108942,65337,11320,1010,56521,3,2,15,6
2021-03-18T23:59:59+01:00,8,3,3682,4259,6351,8996,6883,13210,8504,19413,10604,17385,6217,5990,14675,18013,8569,14767,2,1,1413,1375,2146,3621,2433,6252,3187,9467,3801,7526,2192,2203,4190,5602,2738,6219,103793,63454,10313,903,53408,3,2,13,6
2021-03-17T23:59:59+01:00,8,3,3603,4185,6222,8848,6711,13033,8206,19103,10200,16994,5809,5604,13854,17084,8168,14178,2,1,1403,1362,2130,3601,2403,6220,3156,9439,3764,7489,2137,2143,3780,5156,2486,5831,100540,61723,8621,769,52637,3,2,13,6
2021-03-16T23:59:59+01:00,8,3,3526,4053,6065,8576,6503,12663,7893,18517,9651,16338,5280,5148,13034,16119,7829,13678,2,1,1394,1353,2121,3584,2387,6205,3140,9420,3739,7463,2110,2106,3260,4515,2145,5318,98202,59487,7208,765,49459,3,2,13,6
2021-03-15T23:59:59+01:00,8,3,3477,3908,5874,8301,6284,12250,7619,17942,9217,15713,4963,4863,12374,15376,7565,13217,2,1,1394,1343,2104,3569,2367,6181,3121,9370,3715,7424,2073,2055,2892,4052,1858,4920,96701,57684,6225,747,46014,3,1,13,6
2021-03-14T23:59:59+01:00,8,3,3431,3776,5645,7972,5993,11803,7309,17225,8755,14960,4639,4588,12085,15119,7516,13118,2,1,1387,1338,2088,3540,2354,6132,3103,9311,3697,7385,2066,2044,2814,3944,1805,4833,96574,57281,5609,553,41748,3,1,13,6
2021-03-13T23:59:59+01:00,8,3,3414,3733,5604,7855,5931,11681,7223,17077,8606,14803,4488,4437,11994,15033,7510,13107,2,1,1387,1338,2088,3540,2353,6132,3102,9309,3696,7385,2063,2036,2761,3888,1771,4778,95879,57068,5609,553,41005,2,1,13,6
2021-03-12T23:59:59+01:00,8,3,3394,3663,5546,7715,5871,11529,7136,16849,8470,14569,4381,4340,11721,14707,7353,12889,2,1,1387,1338,2084,3534,2352,6124,3097,9303,3694,7380,2061,2034,2673,3777,1687,4689,94449,56655,5600,553,40082,2,1,12,6
2021-03-11T23:59:59+01:00,8,3,3316,3470,5336,7422,5640,11110,6795,16181,8031,13928,4034,4002,10641,13442,6693,11977,2,1,1381,1336,2073,3521,2334,6099,3074,9268,3671,7347,2030,2009,2433,3511,1530,4468,90231,55560,5164,520,36622,2,1,11,5
2021-03-10T23:59:59+01:00,8,3,3220,3352,5118,7150,5424,10746,6524,15636,7689,13380,3809,3773,9991,12649,6305,11440,2,1,1376,1325,2047,3483,2304,6009,3026,9145,3614,7227,1986,1932,2217,3274,1397,4272,87750,54343,4788,286,33667,2,1,11,5
2021-03-09T23:59:59+01:00,7,3,3147,3224,4948,6964,5220,10462,6292,15201,7392,12870,3625,3566,9355,11945,5925,10912,2,1,1369,1314,2013,3423,2273,5906,2964,9003,3546,7145,1956,1906,1936,2956,1225,4025,85454,52917,4521,38,31071,2,1,11,5
2021-03-08T23:59:59+01:00,7,3,3081,3068,4718,6700,4977,10108,6030,14687,7030,12283,3424,3373,8961,11502,5727,10595,2,1,1366,1296,1999,3345,2242,5808,2926,8857,3513,7050,1940,1883,1733,2724,1101,3830,83972,51576,4151,34,28140,0,1,10,5
2021-03-07T23:59:59+01:00,7,3,3048,3009,4646,6584,4893,9996,5925,14522,6912,12134,3372,3325,8872,11393,5686,10527,2,1,1360,1291,1993,3333,2234,5783,2919,8818,3501,7031,1932,1871,1678,2656,1050,3761,83608,51174,3972,34,27263,0,1,10,5
2021-03-06T23:59:59+01:00,6,3,3034,2952,4603,6493,4855,9929,5864,14402,6863,12022,3348,3302,8815,11327,5651,10484,2,1,1358,1278,1988,3319,2222,5756,2916,8790,3490,7012,1922,1847,1650,2632,1044,3752,83280,50939,3972,34,26690,0,1,10,5
2021-03-05T23:59:59+01:00,6,3,3011,2863,4544,6381,4791,9831,5801,14249,6760,11869,3303,3247,8629,11099,5528,10307,2,1,1349,1244,1956,3263,2197,5650,2876,8656,3446,6874,1878,1801,1586,2562,1021,3724,82371,50047,3964,34,25877,0,0,10,5
2021-03-04T23:59:59+01:00,4,3,2959,2675,4385,6143,4570,9516,5594,13832,6447,11480,3127,3071,7607,9802,4895,9388,2,1,1330,1195,1919,3140,2165,5468,2830,8379,3388,6641,1806,1711,1549,2510,1016,3706,78197,48718,3690,33,23601,0,0,10,5
2021-03-03T23:59:59+01:00,3,3,2920,2604,4244,5954,4402,9248,5390,13453,6191,11061,3001,2938,6957,9023,4497,8777,2,1,1318,1159,1892,3067,2143,5357,2800,8199,3335,6483,1738,1668,1507,2440,996,3651,75462,47719,3446,33,21748,0,0,10,4
2021-03-02T23:59:59+01:00,3,3,2860,2514,4055,5737,4197,8977,5193,13073,5922,10685,2853,2776,6189,8058,4025,8065,2,1,1285,1117,1865,2995,2119,5215,2750,7926,3286,6285,1663,1608,1441,2360,972,3601,72284,46454,2990,33,19901,0,0,10,4
2021-03-01T23:59:59+01:00,3,2,2821,2451,3892,5587,4011,8758,5004,12754,5684,10292,2751,2661,5694,7401,3659,7553,2,1,1279,1081,1842,2894,2093,5020,2709,7676,3226,6049,1620,1572,1391,2299,942,3558,70111,45217,2682,33,18175,0,0,10,4
2021-02-28T23:59:59+01:00,3,2,2779,2403,3735,5469,3788,8569,4823,12503,5497,9986,2694,2587,5572,7245,3597,7452,2,1,1275,1076,1837,2881,2084,4996,2702,7640,3216,6032,1611,1565,1385,2290,939,3548,69631,45044,2460,32,16603,0,0,10,4
2021-02-27T23:59:59+01:00,3,2,2766,2342,3709,5388,3754,8494,4789,12408,5462,9911,2653,2553,5238,6858,3396,7200,2,1,1268,1068,1830,2869,2071,4961,2683,7575,3200,5976,1593,1555,1379,2279,937,3547,68311,44759,2460,31,16145,0,0,10,4
2021-02-26T23:59:59+01:00,3,2,2746,2301,3667,5299,3688,8391,4726,12297,5375,9823,2576,2500,4853,6375,3117,6866,2,1,1211,1018,1780,2764,2022,4780,2627,7300,3127,5766,1532,1504,1356,2257,923,3538,66488,43474,2333,30,15775,0,0,9,4
2021-02-25T23:59:59+01:00,3,2,2575,2196,3480,5116,3502,8164,4523,12008,5155,9548,2487,2434,4403,5819,2828,6438,2,1,1195,961,1749,2656,1967,4506,2558,6904,3032,5479,1486,1461,1335,2242,920,3529,64619,41952,2006,27,14047,0,0,9,4
2021-02-24T23:59:59+01:00,3,2,2422,2063,3290,4920,3356,7958,4326,11753,4933,9297,2350,2314,3944,5307,2566,6040,1,1,1180,932,1726,2570,1931,4366,2498,6648,2979,5272,1455,1427,1317,2221,916,3506,62840,40923,1528,19,12467,0,0,9,4
2021-02-23T23:59:59+01:00,3,2,2293,1924,3114,4696,3203,7720,4151,11481,4747,9047,2260,2220,3387,4642,2220,5520,1,1,1166,884,1692,2475,1892,4175,2430,6348,2881,5013,1397,1371,1288,2177,900,3479,60618,39550,1175,16,10828,0,0,9,4
2021-02-22T23:59:59+01:00,3,2,2253,1873,3030,4603,3133,7611,4057,11294,4639,8922,2208,2179,3016,4174,1932,5131,1,1,1154,825,1660,2349,1849,3929,2354,5953,2755,4715,1334,1318,1265,2143,892,3454,58930,37941,1088,6,10033,0,0,9,4
2021-02-21T23:59:59+01:00,3,2,2217,1842,2978,4534,3053,7498,3976,11149,4571,8805,2193,2156,2931,4059,1876,5042,1,1,1151,807,1643,2297,1822,3822,2321,5797,2692,4589,1303,1295,1255,2129,885,3439,58494,37239,1055,6,9327,0,0,9,4
2021-02-20T23:59:59+01:00,3,2,2205,1839,2955,4521,3037,7462,3950,11116,4550,8783,2190,2148,2877,4002,1841,4987,1,1,1151,804,1643,2295,1821,3813,2320,5792,2691,4585,1302,1292,1254,2126,884,3438,58278,37203,1054,6,9127,0,0,9,4
2021-02-19T23:59:59+01:00,2,2,2193,1825,2919,4469,3012,7376,3905,11034,4496,8720,2182,2142,2786,3888,1756,4893,1,1,1101,795,1604,2287,1810,3804,2310,5771,2683,4572,1296,1281,1243,2121,879,3431,57856,36981,1022,5,8713,0,0,9,4
2021-02-18T23:59:59+01:00,2,2,2063,1730,2761,4287,2888,7177,3767,10748,4358,8514,2148,2108,2543,3617,1598,4669,1,1,1022,759,1532,2188,1761,3681,2237,5613,2626,4487,1282,1260,1236,2106,865,3413,56780,36062,955,4,7237,0,0,8,4
2021-02-17T23:59:59+01:00,2,2,2019,1682,2669,4155,2778,6964,3615,10407,4217,8270,2089,2024,2325,3388,1470,4476,1,1,870,694,1420,2065,1684,3490,2140,5386,2553,4314,1247,1214,1208,2061,849,3368,55708,34558,809,3,6027,0,0,8,4
2021-02-16T23:59:59+01:00,2,2,1849,1573,2495,3946,2637,6689,3453,10053,4040,7964,2044,1997,2042,3068,1296,4223,1,1,844,671,1350,1986,1614,3349,2045,5212,2456,4180,1183,1167,1142,1968,814,3264,54366,33241,773,2,4226,0,0,8,4
2021-02-15T23:59:59+01:00,2,2,1814,1519,2407,3774,2560,6415,3331,9685,3925,7694,2018,1968,1823,2827,1170,4030,1,1,826,659,1321,1940,1572,3280,1987,5039,2392,4078,1115,1126,1070,1876,792,3159,53255,32229,757,1,2944,0,0,8,4
2021-02-14T23:59:59+01:00,2,2,1726,1489,2359,3713,2518,6320,3260,9581,3879,7616,2007,1958,1765,2767,1120,3970,1,1,811,649,1305,1917,1545,3256,1953,4998,2366,4022,1105,1115,1063,1867,789,3147,52915,31906,729,1,2400,0,0,8,3
2021-02-13T23:59:59+01:00,2,2,1725,1477,2349,3706,2512,6306,3257,9565,3872,7606,1998,1938,1741,2747,1116,3960,1,1,811,649,1305,1917,1545,3256,1953,4998,2366,4022,1105,1115,1063,1867,789,3147,52758,31906,729,1,2384,0,0,8,3
2021-02-12T23:59:59+01:00,2,2,1646,1390,2249,3593,2433,6133,3152,9327,3748,7340,1950,1880,1677,2676,1092,3931,1,1,804,641,1294,1894,1531,3238,1945,4967,2350,4002,1100,1110,1062,1848,789,3116,51813,31690,729,0,1671,0,0,8,3
2021-02-11T23:59:59+01:00,2,2,1450,1255,2067,3380,2305,5841,3001,8892,3590,6992,1877,1778,1635,2612,1072,3908,1,1,775,594,1200,1713,1403,2960,1805,4605,2184,3711,1046,1046,1018,1770,748,2973,50412,29552,687,0,552,0,0,8,1
2021-02-10T23:59:59+01:00,2,2,1357,1208,1982,3253,2236,5669,2919,8613,3479,6760,1807,1731,1587,2545,1053,3845,1,1,564,510,977,1484,1260,2650,1618,4145,1980,3328,926,918,885,1511,656,2632,49234,26045,648,0,159,0,0,7,1
2021-02-09T23:59:59+01:00,2,2,1322,1159,1948,3160,2208,5484,2852,8273,3409,6502,1732,1669,1525,2484,1034,3803,1,1,302,379,761,1216,1074,2272,1412,3604,1730,2871,760,756,711,1204,522,2127,47964,21702,518,0,80,0,0,6,1
2021-02-08T23:59:59+01:00,2,2,1315,1124,1916,3043,2171,5261,2800,7994,3350,6266,1688,1634,1475,2429,1017,3781,1,1,266,340,657,1062,969,2057,1253,3212,1532,2555,658,636,609,1016,450,1841,46837,19114,346,0,79,0,0,6,1
2021-02-07T23:59:59+01:00,2,2,1289,1108,1886,2990,2145,5179,2770,7891,3308,6200,1672,1618,1460,2410,1005,3766,1,1,232,285,609,972,908,1901,1163,2984,1434,2383,617,616,587,982,440,1811,46550,17926,145,0,0,0,0,6,0
2021-02-06T23:59:59+01:00,2,2,1284,1102,1880,2978,2136,5151,2757,7847,3297,6155,1659,1610,1455,2400,1002,3765,1,1,213,254,586,933,881,1836,1119,2866,1377,2300,601,597,580,982,440,1811,46331,17378,145,0,0,0,0,6,0
2021-02-05T23:59:59+01:00,2,2,1225,1050,1831,2872,2084,4955,2696,7551,3220,5939,1596,1555,1438,2376,994,3759,1,1,196,220,550,881,845,1755,1082,2746,1324,2200,567,573,568,958,428,1786,44994,16681,145,0,0,0,0,6,0
2021-02-04T23:59:59+01:00,2,2,1213,987,1790,2725,2012,4643,2614,7104,3120,5610,1551,1521,1421,2359,989,3748,1,1,166,168,476,763,746,1615,969,2507,1210,1985,520,520,520,902,407,1666,43369,15142,37,0,0,0,0,5,0
2021-02-03T23:59:59+01:00,2,2,1195,958,1760,2644,1973,4495,2548,6842,3068,5395,1514,1489,1391,2324,970,3718,1,1,137,140,401,647,629,1377,823,2128,1011,1693,400,384,376,681,287,1258,42246,12374,37,0,0,0,0,5,0
2021-02-02T23:59:59+01:00,2,2,1178,902,1725,2543,1932,4275,2475,6510,2962,5123,1460,1441,1367,2293,960,3693,1,1,114,115,325,524,523,1138,678,1797,821,1384,299,280,295,499,225,946,40801,9965,37,0,0,0,0,5,0
2021-02-01T23:59:59+01:00,1,2,1165,842,1690,2419,1880,4030,2398,6119,2840,4827,1392,1358,1337,2247,947,3664,0,0,82,76,224,354,351,745,431,1160,480,863,186,170,172,298,126,562,39116,6280,37,0,0,0,0,5,0
2021-01-31T23:59:59+01:00,1,2,1161,824,1673,2362,1855,3908,2366,5935,2773,4706,1361,1335,1326,2231,940,3648,0,0,72,70,190,282,273,576,342,906,398,696,160,155,160,289,122,548,38368,5239,34,0,0,0,0,5,0
2021-01-30T23:59:59+01:00,1,2,1161,821,1672,2357,1853,3897,2364,5924,2770,4696,1360,1331,1325,2230,940,3647,0,0,69,63,158,235,245,508,307,788,355,621,159,148,155,285,122,547,38313,4765,33,0,0,0,0,5,0
2021-01-29T23:59:59+01:00,1,2,1110,812,1633,2349,1842,3890,2356,5909,2762,4685,1356,1328,1321,2230,940,3647,0,0,61,45,120,180,201,352,251,641,310,493,148,139,144,275,119,546,38137,4025,31,0,0,0,0,5,0
2021-01-28T23:59:59+01:00,1,2,1035,786,1577,2286,1808,3821,2309,5837,2729,4633,1344,1316,1311,2224,928,3633,0,0,39,20,77,107,132,206,156,385,202,296,115,106,118,221,107,496,37547,2783,28,0,0,0,0,5,0
2021-01-27T23:59:59+01:00,1,2,888,733,1482,2210,1740,3707,2236,5708,2671,4507,1314,1270,1282,2185,912,3597,0,0,30,13,63,89,106,162,122,326,175,250,107,88,105,201,103,459,36422,2399,19,0,0,0,0,4,0
2021-01-26T23:59:59+01:00,1,2,874,713,1418,2135,1678,3577,2148,5536,2582,4395,1255,1230,1232,2111,887,3536,0,0,29,12,60,86,102,156,118,311,174,240,104,82,98,180,92,409,35292,2253,14,0,0,0,0,4,0
2021-01-25T23:59:59+01:00,1,2,862,692,1389,2076,1645,3480,2102,5367,2525,4303,1201,1205,1177,2052,869,3470,0,0,27,12,57,86,99,154,117,309,173,240,103,81,97,179,90,406,34409,2230,5,0,0,0,0,4,0
2021-01-24T23:59:59+01:00,1,2,859,691,1383,2065,1640,3463,2094,5342,2513,4271,1197,1197,1172,2045,868,3464,0,0,27,12,57,86,98,153,117,309,173,239,103,81,97,179,90,405,34259,2226,5,0,0,0,0,3,0
2021-01-23T23:59:59+01:00,1,2,859,691,1383,2065,1639,3463,2094,5342,2513,4271,1197,1197,1172,2045,868,3464,0,0,27,12,57,86,98,153,117,309,172,239,103,81,97,179,90,405,34259,2225,4,0,0,0,0,3,0
2021-01-22T23:59:59+01:00,1,2,858,682,1370,2042,1624,3439,2081,5308,2497,4251,1195,1192,1171,2022,867,3430,0,0,27,12,57,86,98,153,117,309,171,239,103,81,97,179,90,405,34025,2224,4,0,0,0,0,3,0
2021-01-21T23:59:59+01:00,1,2,826,646,1293,1886,1522,3246,1985,5036,2387,4051,1154,1132,1142,1952,829,3309,0,0,25,11,53,81,90,144,107,280,157,216,89,72,86,155,74,345,32395,1985,3,0,0,0,0,1,0
2021-01-20T23:59:59+01:00,1,2,625,548,1099,1667,1384,2973,1806,4629,2182,3709,1025,1013,1012,1711,752,3006,0,0,23,11,52,77,87,143,99,267,146,197,78,65,80,130,62,307,29140,1824,3,0,0,0,0,1,0
2021-01-19T23:59:59+01:00,1,2,340,406,850,1407,1180,2625,1570,4099,1918,3257,851,843,841,1422,630,2564,0,0,19,8,37,53,58,78,73,180,103,134,58,50,52,96,47,238,24803,1284,2,0,0,0,0,1,0
2021-01-18T23:59:59+01:00,1,2,299,370,736,1217,1062,2371,1377,3599,1675,2876,710,691,680,1166,526,2119,0,0,8,4,12,18,20,26,24,52,25,47,13,11,13,33,11,72,21475,389,1,0,0,0,0,1,0
2021-01-17T23:59:59+01:00,1,2,257,318,670,1122,982,2198,1278,3326,1561,2664,664,660,651,1107,498,2052,0,0,0,0,1,0,3,2,2,1,2,2,1,4,1,0,0,1,20010,20,1,0,0,0,0,0,0
2021-01-16T23:59:59+01:00,1,2,240,288,653,1086,959,2136,1236,3216,1510,2590,648,642,643,1107,498,2051,0,0,0,0,0,0,1,2,1,1,1,2,0,1,1,0,0,1,19505,11,1,0,0,0,0,0,0
2021-01-15T23:59:59+01:00,1,2,224,254,623,1033,932,2058,1203,3098,1458,2493,617,616,636,1086,491,2039,0,0,0,0,0,0,0,0,0,0,0,0,0,0,0,0,0,0,18864,0,0,0,0,0,0,0,0
2021-01-14T23:59:59+01:00,1,2,193,206,562,912,843,1915,1108,2876,1343,2307,572,572,596,1040,484,1993,0,0,0,0,0,0,0,0,0,0,0,0,0,0,0,0,0,0,17525,0,0,0,0,0,0,0,0
2021-01-13T23:59:59+01:00,1,2,164,184,512,838,770,1789,1009,2639,1188,2082,456,453,454,823,368,1551,0,0,0,0,0,0,0,0,0,0,0,0,0,0,0,0,0,0,15283,0,0,0,0,0,0,0,0
2021-01-12T23:59:59+01:00,1,2,140,164,481,768,718,1632,920,2436,1079,1850,366,344,354,590,270,1114,0,0,0,0,0,0,0,0,0,0,0,0,0,0,0,0,0,0,13229,0,0,0,0,0,0,0,0
2021-01-11T23:59:59+01:00,0,1,112,127,404,639,628,1378,757,1978,847,1461,228,203,203,358,153,673,0,0,0,0,0,0,0,0,0,0,0,0,0,0,0,0,0,0,10150,0,0,0,0,0,0,0,0
2021-01-10T23:59:59+01:00,0,1,87,92,313,460,472,1000,548,1450,623,1065,190,179,186,344,147,659,0,0,0,0,0,0,0,0,0,0,0,0,0,0,0,0,0,0,7816,0,0,0,0,0,0,0,0
2021-01-09T23:59:59+01:00,0,1,77,84,266,398,401,867,481,1233,547,908,183,169,181,339,147,657,0,0,0,0,0,0,0,0,0,0,0,0,0,0,0,0,0,0,6939,0,0,0,0,0,0,0,0
2021-01-08T23:59:59+01:00,0,1,64,64,193,288,303,585,368,936,440,689,175,164,164,327,145,657,0,0,0,0,0,0,0,0,0,0,0,0,0,0,0,0,0,0,5563,0,0,0,0,0,0,0,0
2021-01-07T23:59:59+01:00,0,0,45,25,83,123,140,231,165,422,222,344,130,128,145,277,131,602,0,0,0,0,0,0,0,0,0,0,0,0,0,0,0,0,0,0,3213,0,0,0,0,0,0,0,0
2021-01-06T23:59:59+01:00,0,0,33,18,71,94,119,180,137,345,193,279,111,99,116,227,112,517,0,0,0,0,0,0,0,0,0,0,0,0,0,0,0,0,0,0,2651,0,0,0,0,0,0,0,0
2021-01-05T23:59:59+01:00,0,0,30,13,60,90,108,166,121,329,179,256,109,94,115,220,109,499,0,0,0,0,0,0,0,0,0,0,0,0,0,0,0,0,0,0,2498,0,0,0,0,0,0,0,0
2021-01-04T23:59:59+01:00,0,0,27,12,57,87,100,158,116,314,177,244,108,90,108,206,99,461,0,0,0,0,0,0,0,0,0,0,0,0,0,0,0,0,0,0,2364,0,0,0,0,0,0,0,0
2021-01-03T23:59:59+01:00,0,0,27,12,57,87,100,158,116,314,177,244,108,90,107,205,99,461,0,0,0,0,0,0,0,0,0,0,0,0,0,0,0,0,0,0,2362,0,0,0,0,0,0,0,0
2021-01-02T23:59:59+01:00,0,0,27,12,57,87,100,158,116,314,176,244,108,90,107,205,99,461,0,0,0,0,0,0,0,0,0,0,0,0,0,0,0,0,0,0,2361,0,0,0,0,0,0,0,0
2021-01-01T23:59:59+01:00,0,0,27,12,57,87,100,158,116,314,174,243,108,90,107,205,99,461,0,0,0,0,0,0,0,0,0,0,0,0,0,0,0,0,0,0,2358,0,0,0,0,0,0,0,0
2020-12-31T23:59:59+01:00,0,0,27,12,57,87,100,158,116,314,174,243,108,90,107,205,99,461,0,0,0,0,0,0,0,0,0,0,0,0,0,0,0,0,0,0,2358,0,0,0,0,0,0,0,0
2020-12-30T23:59:59+01:00,0,0,26,12,57,86,99,155,116,313,174,243,108,90,107,205,99,461,0,0,0,0,0,0,0,0,0,0,0,0,0,0,0,0,0,0,2351,0,0,0,0,0,0,0,0
2020-12-29T23:59:59+01:00,0,0,20,9,42,60,76,91,86,218,128,191,83,77,78,171,80,373,0,0,0,0,0,0,0,0,0,0,0,0,0,0,0,0,0,0,1783,0,0,0,0,0,0,0,0
2020-12-28T23:59:59+01:00,0,0,9,6,18,30,31,45,40,113,53,103,36,42,40,98,43,211,0,0,0,0,0,0,0,0,0,0,0,0,0,0,0,0,0,0,918,0,0,0,0,0,0,0,0
2020-12-27T23:59:59+01:00,0,0,2,2,4,5,7,11,10,24,6,23,6,7,7,25,5,56,0,0,0,0,0,0,0,0,0,0,0,0,0,0,0,0,0,0,200,0,0,0,0,0,0,0,0
