Datum,<15_1_m,<15_1_w,15-24_1_m,15-24_1_w,25-34_1_m,25-34_1_w,35-44_1_m,35-44_1_w,45-54_1_m,45-54_1_w,55-64_1_m,55-64_1_w,65-74_1_m,65-74_1_w,75-84_1_m,75-84_1_w,>84_1_m,>84_1_w,<15_2_m,<15_2_w,15-24_2_m,15-24_2_w,25-34_2_m,25-34_2_w,35-44_2_m,35-44_2_w,45-54_2_m,45-54_2_w,55-64_2_m,55-64_2_w,65-74_2_m,65-74_2_w,75-84_2_m,75-84_2_w,>84_2_m,>84_2_w,bp_1,bp_2,mo_1,mo_2,az_1,az_2,ja,unb_1,unb_2
2021-11-18T23:59:59+01:00,14060,13209,67320,62271,73703,68652,81312,81590,101662,103041,111412,109739,75251,81680,52647,64724,15254,26380,10858,10128,59265,55677,66082,61487,74558,75104,95336,96795,106320,105174,73331,79507,51404,63106,14738,25310,895970,826571,73174,69242,182818,176303,51996,56,68
2021-11-17T23:59:59+01:00,13914,13062,67152,62121,73501,68470,81165,81457,101507,102929,111297,109640,75206,81632,52619,64680,15240,26358,10804,10073,59131,55575,65944,61367,74444,74995,95214,96701,106228,105107,73296,79464,51384,63078,14735,25292,894178,825314,73058,69204,182816,176298,51948,56,68
2021-11-16T23:59:59+01:00,13723,12889,66925,61920,73251,68217,80945,81246,101331,102776,111163,109522,75145,81569,52588,64619,15225,26328,10755,10021,59006,55479,65810,61242,74321,74888,95104,96608,106144,105038,73259,79426,51365,63053,14729,25277,891714,824074,72988,69172,182816,176297,51914,56,68
2021-11-15T23:59:59+01:00,13562,12722,66667,61710,72998,67945,80728,81032,101143,102586,111025,109386,75093,81519,52568,64589,15213,26303,10710,9985,58901,55383,65704,61145,74221,74801,95036,96532,106068,104965,73219,79387,51345,63027,14722,25268,889260,823040,72904,69146,182805,176295,51870,56,68
2021-11-14T23:59:59+01:00,13291,12475,66277,61400,72674,67629,80449,80800,100920,102370,110867,109259,75037,81461,52546,64553,15206,26281,10657,9926,58768,55282,65600,61054,74117,74689,94946,96452,105991,104890,73168,79348,51326,63011,14717,25260,886126,821903,72803,69124,182801,176292,51815,56,68
2021-11-13T23:59:59+01:00,13151,12334,65981,61160,72428,67402,80230,80612,100753,102194,110742,109177,75003,81424,52529,64535,15200,26276,10637,9903,58697,55213,65536,61001,74071,74643,94884,96408,105967,104856,73160,79336,51321,63008,14717,25258,883836,821351,72752,69112,182800,176292,51793,56,68
2021-11-12T23:59:59+01:00,12987,12154,65642,60877,72144,67167,80009,80394,100580,101993,110616,109056,74980,81389,52517,64511,15197,26273,10604,9859,58582,55104,65417,60908,73960,74554,94790,96328,105909,104818,73142,79314,51312,62996,14713,25250,881288,820355,72682,69079,182799,176291,51767,56,68
2021-11-11T23:59:59+01:00,12755,11929,65236,60549,71783,66827,79665,80092,100332,101748,110426,108882,74929,81315,52488,64472,15191,26258,10519,9781,58430,54971,65288,60794,73853,74431,94695,96222,105812,104741,73105,79268,51296,62969,14703,25238,877931,819004,72494,69049,182795,176289,51706,56,68
2021-11-10T23:59:59+01:00,12613,11807,64985,60302,71475,66529,79417,79874,100146,101581,110285,108743,74869,81240,52454,64431,15184,26243,10458,9730,58324,54858,65154,60664,73746,74336,94584,96129,105735,104677,73072,79220,51274,62948,14698,25232,875407,817854,72420,69027,182787,176277,51613,56,68
2021-11-09T23:59:59+01:00,12457,11652,64574,60012,71088,66212,79121,79610,99886,101342,110081,108599,74802,81184,52431,64387,15178,26227,10398,9676,58200,54733,65036,60539,73658,74235,94490,96034,105652,104605,73030,79182,51249,62920,14691,25211,872246,816678,72354,69014,182775,176262,51517,56,68
2021-11-08T23:59:59+01:00,12348,11548,64201,59768,70716,65914,78844,79377,99653,101149,109934,108456,74750,81124,52411,64341,15173,26207,10350,9642,58089,54640,64950,60422,73572,74141,94396,95937,105584,104543,73000,79138,51233,62890,14687,25195,869489,815658,72275,68988,182761,176257,51438,56,68
2021-11-07T23:59:59+01:00,12267,11470,63912,59570,70426,65663,78570,79198,99458,100997,109809,108341,74714,81064,52392,64321,15169,26195,10312,9594,57981,54566,64865,60328,73482,74071,94319,95871,105524,104486,72982,79114,51221,62870,14685,25186,867321,814842,72170,68960,182753,176246,51341,56,68
2021-11-06T23:59:59+01:00,12163,11372,63718,59361,70188,65432,78390,79050,99286,100833,109702,108252,74699,81041,52379,64312,15167,26192,10298,9584,57930,54530,64821,60277,73456,74043,94291,95842,105504,104464,72970,79103,51217,62866,14684,25184,865378,814479,72142,68959,182752,176244,51314,56,68
2021-11-05T23:59:59+01:00,12028,11252,63487,59156,69939,65189,78170,78843,99123,100667,109594,108155,74669,81015,52373,64301,15166,26190,10259,9540,57844,54480,64757,60216,73402,73993,94249,95791,105465,104427,72954,79085,51209,62857,14684,25181,863377,813895,71966,68917,182750,176241,51272,56,68
2021-11-04T23:59:59+01:00,11938,11156,63254,58963,69657,64950,77968,78641,98931,100505,109466,108038,74629,80983,52362,64283,15161,26166,10197,9472,57715,54398,64670,60110,73315,73911,94180,95719,105405,104362,72925,79059,51186,62833,14676,25165,861389,812947,71797,68881,182746,176235,51167,56,68
2021-11-03T23:59:59+01:00,11856,11096,63032,58807,69429,64773,77778,78500,98776,100394,109363,107972,74606,80957,52348,64265,15157,26156,10132,9419,57587,54278,64558,59988,73221,73828,94095,95653,105348,104313,72897,79025,51166,62806,14669,25149,859782,811904,71717,68858,182745,176234,51068,56,68
2021-11-02T23:59:59+01:00,11778,11018,62808,58646,69139,64551,77555,78336,98586,100243,109239,107873,74584,80920,52334,64240,15151,26145,10072,9351,57432,54179,64447,59874,73119,73748,94002,95573,105291,104246,72862,78984,51158,62779,14661,25133,857863,810825,71634,68839,182743,176230,50949,56,68
2021-11-01T23:59:59+01:00,11685,10936,62534,58464,68879,64359,77352,78192,98416,100112,109129,107788,74557,80896,52324,64219,15146,26134,10004,9281,57302,54072,64314,59778,73029,73646,93928,95502,105232,104193,72825,78951,51145,62748,14653,25112,856038,809784,71563,68793,182722,176227,50843,55,68
2021-10-31T23:59:59+01:00,11674,10924,62501,58448,68855,64338,77327,78168,98398,100102,109117,107781,74555,80896,52324,64219,15146,26133,9987,9263,57283,54058,64302,59762,73018,73633,93924,95497,105227,104189,72825,78949,51145,62747,14652,25112,855861,809671,71549,68787,182720,176227,50820,55,68
2021-10-30T23:59:59+02:00,11668,10920,62485,58430,68829,64321,77309,78149,98383,100090,109110,107779,74553,80896,52324,64219,15145,26132,9984,9263,57269,54049,64295,59759,73007,73624,93918,95491,105224,104188,72825,78948,51144,62747,14652,25111,855728,809623,71540,68782,182720,176227,50798,55,68
2021-10-29T23:59:59+02:00,11602,10861,62297,58310,68619,64172,77126,78026,98212,99964,109001,107720,74530,80882,52313,64203,15141,26124,9952,9236,57159,53968,64205,59682,72943,73562,93846,95446,105184,104165,72808,78930,51139,62735,14648,25105,854239,808974,71500,68754,182718,176227,50690,55,68
2021-10-28T23:59:59+02:00,11517,10789,62069,58155,68369,63976,76920,77870,98019,99807,108897,107635,74505,80839,52298,64192,15136,26116,9894,9184,57002,53818,64072,59571,72843,73465,93778,95369,105102,104096,72784,78898,51126,62722,14644,25095,852468,807918,71431,68724,182714,176213,50540,55,68
2021-10-27T23:59:59+02:00,11448,10705,61907,58003,68168,63822,76757,77745,97891,99707,108826,107581,74485,80806,52290,64174,15134,26102,9833,9127,56884,53701,63966,59472,72739,73377,93707,95304,105041,104061,72761,78867,51113,62699,14640,25080,851131,806962,71317,68701,182711,176205,50436,55,68
2021-10-26T23:59:59+02:00,11363,10606,61766,57846,67990,63657,76598,77637,97776,99604,108746,107522,74456,80778,52269,64141,15121,26078,9772,9052,56734,53584,63862,59357,72665,73306,93633,95239,104995,104016,72738,78843,51090,62672,14633,25072,849695,805985,71257,68674,182705,176195,50341,55,68
2021-10-25T23:59:59+02:00,11339,10586,61709,57796,67943,63619,76551,77594,97740,99583,108724,107504,74447,80766,52268,64136,15118,26077,9748,9029,56673,53542,63826,59328,72637,73268,93606,95220,104978,103999,72736,78838,51088,62668,14633,25070,849276,805639,71247,68669,182705,176195,50316,55,68
2021-10-24T23:59:59+02:00,11296,10546,61597,57718,67841,63529,76470,77520,97663,99536,108688,107475,74433,80752,52262,64134,15116,26076,9699,8989,56597,53463,63748,59246,72573,73220,93556,95166,104948,103960,72712,78822,51079,62658,14630,25068,848595,805024,71196,68656,182705,176186,50200,55,68
2021-10-23T23:59:59+02:00,11292,10543,61587,57705,67823,63513,76458,77506,97649,99528,108683,107470,74432,80751,52262,64134,15116,26076,9694,8987,56588,53451,63734,59238,72566,73206,93547,95159,104945,103956,72710,78820,51079,62656,14630,25067,848509,804955,71182,68648,182704,176185,50177,55,68
2021-10-22T23:59:59+02:00,11229,10495,61430,57592,67642,63379,76316,77386,97521,99427,108606,107420,74415,80732,52258,64126,15115,26071,9640,8939,56473,53354,63651,59158,72491,73134,93478,95103,104908,103929,72693,78802,51074,62646,14630,25067,847311,804218,71105,68616,182703,176183,50085,55,68
2021-10-21T23:59:59+02:00,11152,10417,61272,57469,67481,63250,76182,77255,97397,99334,108517,107352,74388,80703,52245,64099,15110,26060,9566,8835,56342,53219,63523,59028,72409,73031,93380,95019,104851,103879,72658,78767,51064,62622,14624,25060,845999,803083,71073,68592,182702,176181,49953,55,68
2021-10-20T23:59:59+02:00,11110,10367,61170,57369,67376,63145,76092,77168,97313,99273,108467,107313,74373,80684,52234,64091,15106,26053,9483,8775,56210,53079,63416,58923,72333,72917,93311,94960,104782,103823,72632,78735,51051,62597,14621,25050,845112,802000,71051,68567,182698,176178,49885,55,68
2021-10-19T23:59:59+02:00,11059,10316,61099,57298,67301,63063,76020,77102,97262,99235,108427,107278,74348,80666,52220,64067,15095,26036,9399,8688,56070,52966,63301,58811,72246,72823,93229,94861,104715,103753,72583,78689,51033,62559,14614,25030,844392,800766,71028,68541,182695,176176,49819,55,68
2021-10-18T23:59:59+02:00,11014,10271,61024,57227,67221,62996,75965,77043,97217,99182,108387,107233,74333,80647,52214,64043,15091,26020,9346,8638,55952,52821,63174,58675,72155,72724,93145,94761,104658,103696,72540,78651,51006,62531,14603,25013,843705,799565,71003,68525,182695,176165,49766,55,68
2021-10-17T23:59:59+02:00,10986,10245,60975,57188,67185,62956,75934,77018,97176,99143,108376,107207,74323,80637,52211,64031,15087,26014,9290,8591,55856,52741,63093,58582,72091,72638,93087,94706,104620,103654,72513,78620,50994,62504,14597,24995,843331,798745,70997,68500,182689,176144,49715,55,68
2021-10-16T23:59:59+02:00,10982,10240,60969,57184,67176,62947,75927,77014,97170,99141,108375,107204,74322,80637,52211,64030,15087,26014,9283,8586,55852,52727,63087,58576,72086,72634,93084,94701,104618,103650,72512,78618,50994,62504,14597,24995,843285,798698,70994,68492,182689,176144,49702,55,68
2021-10-15T23:59:59+02:00,10944,10194,60876,57121,67115,62884,75867,76953,97119,99088,108336,107181,74311,80622,52209,64028,15085,26012,9235,8537,55732,52608,63011,58503,72018,72561,93016,94641,104570,103607,72495,78599,50984,62487,14596,24991,842665,797876,70973,68446,182689,176143,49658,55,68
2021-10-14T23:59:59+02:00,10896,10130,60765,57025,67050,62786,75803,76879,97055,99027,108300,107133,74296,80603,52197,64014,15081,26006,9129,8454,55566,52475,62893,58373,71947,72463,92912,94550,104510,103538,72460,78566,50962,62453,14586,24978,841889,796633,70952,68421,182680,176129,49564,55,68
2021-10-13T23:59:59+02:00,10839,10088,60674,56941,66982,62692,75732,76809,96996,98988,108249,107092,74276,80582,52182,63996,15077,25996,9061,8393,55431,52345,62790,58246,71850,72366,92835,94464,104431,103463,72422,78533,50942,62419,14575,24958,841127,795450,70938,68409,182677,176109,49488,55,68
2021-10-12T23:59:59+02:00,10780,10036,60566,56857,66880,62610,75664,76753,96950,98935,108211,107058,74252,80558,52173,63983,15072,25987,8986,8331,55299,52193,62680,58125,71764,72260,92778,94380,104358,103396,72382,78485,50918,62388,14570,24939,840339,794252,70928,68388,182674,176101,49423,55,68
2021-10-11T23:59:59+02:00,10726,9987,60464,56794,66790,62511,75587,76684,96888,98880,108158,107013,74226,80528,52155,63955,15057,25967,8925,8275,55175,52064,62552,57992,71686,72151,92700,94304,104282,103330,72336,78440,50890,62352,14557,24917,839502,793068,70908,68369,182667,176092,49331,55,68
2021-10-10T23:59:59+02:00,10696,9958,60402,56752,66730,62465,75545,76640,96855,98848,108131,106992,74214,80517,52152,63949,15052,25957,8873,8233,55074,51946,62459,57867,71602,72066,92626,94220,104221,103278,72305,78410,50869,62330,14551,24905,839085,792082,70899,68359,182661,176078,49248,55,68
2021-10-09T23:59:59+02:00,10695,9955,60393,56744,66717,62458,75540,76634,96850,98839,108126,106990,74214,80513,52152,63949,15052,25956,8861,8225,55057,51930,62448,57851,71591,72056,92619,94214,104214,103274,72302,78409,50869,62330,14551,24905,839026,791975,70894,68353,182660,176075,49235,55,68
2021-10-08T23:59:59+02:00,10644,9905,60298,56648,66642,62379,75482,76567,96802,98794,108091,106963,74204,80505,52145,63937,15047,25955,8819,8174,54954,51839,62370,57787,71523,71990,92570,94160,104186,103242,72294,78398,50862,62324,14549,24903,838338,791308,70868,68321,182658,176065,49182,55,68
2021-10-07T23:59:59+02:00,10580,9837,60147,56536,66550,62282,75394,76469,96729,98739,108027,106909,74179,80483,52135,63925,15040,25948,8711,8080,54823,51695,62266,57658,71412,71881,92483,94068,104100,103178,72242,78361,50839,62299,14537,24892,837385,790074,70857,68288,182657,176048,49048,55,67
2021-10-06T23:59:59+02:00,10524,9796,60008,56442,66465,62202,75317,76406,96669,98693,107978,106862,74159,80459,52118,63901,15036,25932,8636,8010,54683,51532,62172,57523,71316,71775,92379,93981,104010,103095,72204,78318,50814,62265,14527,24878,836539,788799,70846,68281,182655,176032,48939,55,67
2021-10-05T23:59:59+02:00,10457,9724,59869,56318,66365,62104,75236,76333,96593,98630,107931,106807,74137,80432,52109,63872,15030,25921,8549,7931,54499,51362,62058,57378,71203,71658,92270,93878,103939,103024,72150,78273,50790,62226,14519,24865,835591,787426,70831,68252,182652,176021,48806,55,67
2021-10-04T23:59:59+02:00,10396,9671,59716,56194,66222,61986,75130,76239,96495,98548,107867,106753,74116,80401,52089,63839,15026,25902,8474,7870,54323,51177,61942,57225,71070,71527,92187,93772,103841,102937,72115,78218,50745,62187,14509,24845,834463,785975,70818,68245,182647,176003,48674,55,67
2021-10-03T23:59:59+02:00,10353,9632,59662,56109,66154,61934,75071,76200,96465,98517,107833,106713,74104,80383,52079,63827,15025,25895,8417,7827,54208,51064,61859,57132,70983,71426,92121,93698,103776,102851,72081,78189,50726,62154,14502,24841,833957,785009,70813,68240,182635,175976,48563,55,67
2021-10-02T23:59:59+02:00,10347,9630,59652,56094,66139,61923,75063,76186,96460,98512,107831,106710,74103,80383,52078,63825,15025,25895,8412,7823,54193,51053,61847,57123,70980,71416,92117,93695,103774,102842,72078,78189,50725,62152,14501,24841,833882,784937,70802,68233,182635,175975,48549,55,67
2021-10-01T23:59:59+02:00,10292,9574,59494,55994,66060,61834,74983,76119,96406,98459,107772,106675,74087,80360,52067,63812,15024,25891,8350,7760,54077,50944,61791,57058,70933,71368,92062,93640,103739,102809,72065,78182,50720,62140,14499,24836,833040,784270,70783,68206,182633,175972,48458,55,67
2021-09-30T23:59:59+02:00,10217,9488,59351,55842,65925,61702,74880,76027,96299,98366,107680,106609,74058,80322,52051,63787,15020,25874,8271,7685,53928,50812,61694,56949,70840,71285,91978,93554,103666,102743,72029,78138,50699,62105,14499,24825,831897,783261,70754,68183,182629,175961,48228,55,67
2021-09-29T23:59:59+02:00,10139,9431,59198,55709,65805,61584,74794,75932,96199,98275,107615,106552,74020,80277,52043,63759,15015,25863,8192,7599,53770,50659,61582,56810,70743,71178,91883,93460,103570,102675,71979,78094,50674,62054,14492,24815,830865,782065,70725,68152,182626,175942,48003,55,67
2021-09-28T23:59:59+02:00,10054,9349,59057,55557,65642,61444,74688,75845,96092,98189,107533,106487,73969,80235,52023,63731,15008,25846,8117,7530,53617,50507,61445,56693,70650,71062,91806,93382,103494,102596,71939,78055,50650,62021,14488,24804,829701,781002,70712,68133,182622,175932,47722,55,67
2021-09-27T23:59:59+02:00,9994,9297,58900,55397,65500,61316,74597,75741,95988,98084,107442,106434,73923,80191,52004,63704,15002,25826,8051,7463,53464,50379,61318,56559,70557,70955,91704,93286,103407,102544,71890,78008,50628,61985,14481,24785,828650,780010,70689,68117,182617,175885,47385,55,67
2021-09-26T23:59:59+02:00,9951,9256,58813,55310,65415,61230,74539,75665,95924,98027,107395,106397,73898,80166,51992,63679,14995,25813,8003,7421,53365,50268,61230,56478,70479,70865,91632,93210,103352,102512,71861,77980,50606,61961,14475,24774,828007,779261,70671,68109,182601,175849,47186,55,67
2021-09-25T23:59:59+02:00,9942,9244,58796,55290,65398,61219,74528,75656,95918,98019,107386,106393,73898,80165,51991,63678,14995,25813,8002,7410,53339,50258,61216,56458,70466,70857,91626,93204,103342,102510,71861,77978,50606,61958,14475,24774,827928,779182,70664,68105,182599,175848,47138,55,67
2021-09-24T23:59:59+02:00,9890,9188,58686,55166,65300,61119,74437,75563,95832,97946,107327,106352,73869,80143,51983,63668,14994,25803,7948,7354,53234,50151,61140,56383,70393,70786,91555,93143,103269,102460,71834,77960,50595,61942,14470,24764,827044,778393,70646,68097,182593,175842,46982,55,67
2021-09-23T23:59:59+02:00,9799,9096,58447,54977,65125,60961,74313,75417,95687,97809,107218,106241,73823,80106,51963,63628,14982,25785,7881,7279,53054,50016,61021,56247,70278,70675,91437,93033,103176,102386,71799,77914,50577,61917,14457,24750,825629,777374,70593,68069,182589,175823,46564,55,67
2021-09-22T23:59:59+02:00,9715,9036,58259,54829,64965,60817,74198,75292,95560,97708,107117,106183,73779,80058,51937,63584,14962,25757,7806,7215,52910,49865,60901,56127,70187,70578,91344,92925,103113,102333,71758,77865,50547,61880,14443,24736,824374,776382,70571,68045,182579,175809,46230,55,67
2021-09-21T23:59:59+02:00,9645,8948,58110,54674,64818,60670,74059,75157,95422,97590,107025,106091,73745,79999,51920,63560,14954,25735,7713,7130,52763,49705,60783,55996,70086,70472,91237,92821,103018,102240,71719,77820,50521,61839,14434,24711,823091,775206,70554,68033,182575,175802,45900,55,67
2021-09-20T23:59:59+02:00,9584,8887,57972,54533,64660,60536,73940,75007,95295,97499,106936,105997,73683,79955,51894,63524,14941,25715,7657,7074,52644,49570,60660,55879,69978,70364,91137,92731,102941,102165,71666,77776,50497,61790,14427,24693,821885,774230,70540,68016,182568,175773,45563,55,67
2021-09-19T23:59:59+02:00,9532,8847,57853,54447,64551,60420,73852,74903,95223,97399,106874,105925,73666,79930,51881,63505,14939,25704,7621,7033,52535,49455,60569,55766,69885,70270,91070,92659,102862,102096,71632,77742,50476,61759,14421,24687,821105,773455,70521,68001,182556,175748,45267,55,67
2021-09-18T23:59:59+02:00,9515,8830,57827,54417,64516,60389,73824,74879,95207,97376,106862,105904,73663,79929,51878,63502,14939,25703,7612,7020,52505,49420,60538,55742,69864,70250,91050,92643,102849,102076,71629,77739,50476,61758,14420,24685,820884,773263,70511,67992,182556,175747,45207,55,67
2021-09-17T23:59:59+02:00,9428,8751,57658,54268,64386,60261,73699,74760,95103,97272,106778,105832,73628,79896,51866,63484,14932,25696,7549,6959,52339,49309,60416,55631,69772,70159,90968,92563,102776,102019,71596,77702,50461,61728,14411,24678,819736,772318,70466,67973,182555,175740,44938,55,67
2021-09-16T23:59:59+02:00,9350,8676,57447,54116,64212,60074,73520,74592,94954,97139,106624,105721,73558,79838,51843,63442,14925,25681,7485,6894,52174,49184,60270,55505,69645,70046,90857,92461,102672,101938,71551,77654,50440,61691,14404,24665,818268,771347,70449,67954,182532,175708,44460,55,67
2021-09-15T23:59:59+02:00,9257,8595,57242,53895,64029,59871,73339,74411,94808,96985,106478,105588,73498,79771,51798,63392,14915,25660,7426,6835,52015,49017,60142,55368,69519,69942,90755,92381,102566,101850,71505,77595,50406,61653,14394,24654,816509,770261,70430,67937,182528,175697,44061,55,67
2021-09-14T23:59:59+02:00,9149,8489,57052,53662,63850,59684,73193,74234,94676,96828,106353,105488,73425,79706,51769,63342,14899,25639,7351,6756,51844,48818,59988,55227,69397,69821,90646,92252,102472,101757,71454,77534,50378,61609,14386,24641,814753,768923,70418,67923,182507,175662,43756,54,67
2021-09-13T23:59:59+02:00,9087,8422,56835,53456,63693,59490,73034,74063,94527,96675,106218,105357,73372,79656,51731,63295,14879,25609,7305,6702,51678,48654,59860,55093,69315,69729,90528,92164,102377,101684,71410,77493,50350,61569,14376,24630,813063,767871,70407,67911,182492,175635,43433,54,67
2021-09-12T23:59:59+02:00,9041,8394,56713,53369,63603,59395,72957,73977,94453,96607,106156,105289,73344,79631,51717,63273,14874,25602,7258,6656,51546,48541,59758,54992,69239,69650,90452,92098,102305,101614,71374,77463,50335,61544,14371,24617,812342,767056,70390,67897,182475,175610,43184,54,66
2021-09-11T23:59:59+02:00,9035,8385,56696,53347,63585,59379,72944,73964,94446,96593,106151,105284,73343,79630,51717,63273,14874,25602,7251,6650,51526,48521,59738,54979,69223,69639,90442,92083,102302,101609,71369,77461,50335,61544,14371,24615,812264,767006,70382,67852,182472,175608,43126,54,66
2021-09-10T23:59:59+02:00,8963,8324,56536,53202,63471,59261,72837,73858,94328,96475,106075,105223,73306,79594,51702,63247,14870,25597,7219,6625,51399,48455,59674,54916,69162,69591,90377,92026,102265,101571,71348,77445,50326,61534,14367,24610,811148,766540,70349,67797,182466,175605,42902,54,66
2021-09-09T23:59:59+02:00,8892,8259,56337,53010,63305,59078,72679,73714,94179,96335,105951,105129,73247,79531,51671,63213,14866,25584,7153,6566,51213,48288,59519,54781,69028,69465,90258,91919,102151,101479,71305,77400,50298,61504,14361,24594,809791,765476,70328,67747,182447,175583,42410,53,66
2021-09-08T23:59:59+02:00,8806,8182,56156,52837,63152,58896,72534,73562,94017,96204,105857,105023,73182,79471,51642,63157,14861,25569,7077,6497,51036,48121,59394,54641,68903,69316,90132,91810,102066,101378,71249,77342,50274,61463,14357,24578,808389,764314,70300,67695,182411,175558,42001,53,66
2021-09-07T23:59:59+02:00,8719,8122,55992,52681,63034,58757,72417,73430,93913,96103,105752,104924,73131,79424,51615,63117,14853,25549,6999,6443,50867,47958,59262,54496,68777,69198,90027,91694,101966,101278,71201,77293,50252,61437,14352,24558,807138,763087,70294,67683,182408,175536,41686,53,66
2021-09-06T23:59:59+02:00,8657,8056,55845,52512,62896,58600,72309,73299,93810,95992,105670,104836,73079,79376,51583,63087,14842,25533,6933,6387,50718,47816,59123,54347,68662,69077,89945,91599,101869,101190,71152,77246,50230,61407,14345,24548,805918,761963,70268,67641,182376,175512,41412,53,66
2021-09-05T23:59:59+02:00,8627,8018,55777,52419,62834,58539,72261,73241,93763,95942,105642,104792,73058,79354,51573,63067,14835,25527,6884,6335,50627,47731,59059,54282,68599,69017,89899,91543,101828,101140,71132,77218,50217,61390,14339,24539,805397,761342,70259,67631,182354,175490,41250,53,66
2021-09-04T23:59:59+02:00,8620,8013,55757,52410,62825,58528,72253,73233,93756,95938,105639,104786,73057,79353,51573,63067,14835,25527,6880,6330,50613,47716,59043,54267,68594,69009,89891,91538,101824,101136,71131,77216,50216,61390,14339,24539,805336,761276,70256,67626,182353,175488,41216,53,66
2021-09-03T23:59:59+02:00,8554,7945,55623,52323,62753,58432,72174,73152,93678,95874,105569,104726,73027,79320,51554,63036,14828,25517,6821,6278,50497,47622,58964,54200,68535,68938,89830,91476,101760,101084,71103,77182,50195,61367,14336,24530,804415,760500,70249,67607,182346,175479,41066,53,66
2021-09-02T23:59:59+02:00,8459,7849,55432,52166,62629,58325,72080,73023,93557,95760,105464,104641,72970,79264,51522,62989,14817,25497,6726,6188,50273,47449,58818,54081,68432,68823,89697,91372,101643,100989,71046,77134,50171,61340,14328,24514,803281,759350,70204,67564,182332,175428,40616,53,66
2021-09-01T23:59:59+02:00,8383,7755,55280,52018,62498,58193,71991,72898,93464,95672,105386,104570,72932,79221,51499,62953,14810,25479,6640,6079,50098,47240,58693,53941,68352,68711,89595,91269,101538,100895,71007,77092,50146,61299,14321,24498,802166,758120,70180,67525,182318,175378,40326,53,65
2021-08-31T23:59:59+02:00,8275,7662,55118,51864,62392,58076,71911,72795,93376,95588,105301,104492,72891,79180,51477,62924,14800,25465,6525,5961,49891,47038,58573,53797,68238,68585,89497,91163,101429,100815,70961,77040,50126,61264,14309,24482,801082,756758,70172,67507,182308,175352,40012,53,65
2021-08-30T23:59:59+02:00,8199,7582,54942,51703,62280,57948,71796,72678,93253,95460,105183,104397,72841,79137,51460,62891,14779,25442,6428,5876,49693,46825,58448,53658,68139,68472,89381,91052,101316,100707,70911,77004,50099,61235,14295,24465,799898,755551,70132,67441,182276,175297,39650,53,65
2021-08-29T23:59:59+02:00,8157,7535,54850,51623,62221,57868,71729,72630,93199,95396,105135,104362,72821,79115,51445,62876,14773,25433,6374,5828,49575,46724,58360,53561,68069,68395,89324,90992,101255,100654,70886,76988,50085,61222,14289,24462,799363,754900,70130,67431,182266,175253,39394,53,65
2021-08-28T23:59:59+02:00,8139,7521,54812,51585,62190,57848,71702,72613,93181,95379,105121,104350,72816,79113,51443,62872,14773,25433,6368,5824,49537,46705,58334,53545,68048,68381,89304,90969,101248,100641,70880,76984,50083,61220,14289,24462,799155,754752,70129,67424,182264,175253,39328,53,65
2021-08-27T23:59:59+02:00,8054,7443,54630,51447,62078,57708,71605,72491,93058,95258,105010,104265,72771,79062,51420,62836,14761,25427,6333,5784,49412,46621,58255,53464,67966,68309,89224,90903,101191,100593,70845,76949,50069,61209,14287,24462,797838,754051,70124,67418,182252,175247,39095,53,65
2021-08-26T23:59:59+02:00,7990,7370,54475,51300,61960,57596,71507,72383,92953,95129,104903,104183,72729,79012,51397,62816,14756,25413,6283,5743,49249,46465,58135,53359,67869,68215,89118,90823,101122,100524,70804,76914,50045,61187,14282,24453,796793,753226,70114,67379,182242,175214,38706,53,65
2021-08-25T23:59:59+02:00,7926,7316,54330,51151,61849,57444,71399,72267,92846,95028,104802,104101,72673,78961,51369,62779,14743,25398,6214,5661,49053,46273,58010,53218,67750,68090,89002,90710,101024,100434,70747,76866,50019,61149,14276,24438,795787,752089,70088,67343,182231,175179,38258,53,65
2021-08-24T23:59:59+02:00,7814,7227,54189,50946,61723,57307,71292,72136,92729,94909,104697,104004,72620,78913,51334,62735,14735,25383,6132,5571,48834,46051,57872,53046,67640,67953,88900,90616,100932,100353,70709,76813,49994,61125,14272,24422,794379,750689,70071,67321,182221,175157,38004,53,64
2021-08-23T23:59:59+02:00,7752,7153,54014,50774,61593,57182,71178,72025,92602,94802,104598,103905,72568,78852,51300,62693,14728,25372,6072,5516,48652,45877,57752,52918,67533,67855,88795,90524,100845,100276,70669,76762,49966,61086,14268,24410,793177,749666,70041,67297,182206,175101,37648,53,64
2021-08-22T23:59:59+02:00,7724,7127,53930,50695,61540,57117,71139,71971,92559,94760,104553,103875,72548,78837,51291,62681,14727,25366,6034,5478,48533,45767,57661,52824,67458,67793,88724,90465,100801,100234,70639,76738,49951,61068,14265,24403,792747,748978,70033,67289,182185,175051,37454,53,64
2021-08-21T23:59:59+02:00,7718,7124,53905,50680,61522,57106,71123,71957,92546,94742,104542,103865,72543,78835,51291,62680,14727,25365,6029,5474,48514,45749,57641,52816,67439,67773,88706,90450,100791,100224,70637,76735,49951,61067,14265,24403,792675,748883,69991,67270,182181,175045,37402,53,64
2021-08-20T23:59:59+02:00,7687,7087,53813,50604,61448,57045,71052,71894,92481,94680,104490,103829,72518,78807,51279,62654,14718,25354,6006,5455,48422,45674,57566,52753,67371,67718,88649,90390,100732,100186,70614,76713,49945,61051,14256,24399,792130,748366,69919,67257,182178,175022,37191,53,64
2021-08-19T23:59:59+02:00,7621,7007,53681,50481,61298,56928,70934,71786,92367,94592,104394,103739,72469,78750,51250,62613,14709,25334,5979,5429,48288,45571,57447,52660,67279,67639,88558,90311,100634,100121,70581,76685,49925,61027,14252,24390,791087,747714,69883,67221,182161,174977,36800,53,64
2021-08-18T23:59:59+02:00,7546,6950,53537,50342,61171,56818,70823,71692,92258,94504,104292,103655,72411,78697,51215,62577,14699,25313,5945,5386,48170,45444,57328,52564,67189,67564,88442,90221,100558,100048,70537,76647,49905,61003,14246,24373,790084,746996,69853,67193,182150,174926,36391,53,64
2021-08-17T23:59:59+02:00,7463,6869,53374,50178,61066,56693,70707,71570,92153,94398,104184,103555,72358,78654,51187,62551,14691,25301,5895,5347,47976,45265,57198,52424,67065,67458,88311,90125,100449,99952,70481,76598,49880,60982,14239,24361,789000,745958,69831,67158,182145,174872,35954,53,64
2021-08-16T23:59:59+02:00,7389,6806,53245,50046,60969,56578,70606,71475,92060,94293,104091,103455,72315,78603,51157,62507,14683,25293,5871,5312,47836,45145,57090,52355,66969,67374,88213,90037,100365,99857,70438,76558,49856,60954,14232,24356,788125,745327,69783,67113,182130,174804,35511,53,63
2021-08-15T23:59:59+02:00,7340,6766,53167,49965,60900,56508,70540,71415,92001,94241,104036,103408,72280,78573,51148,62491,14679,25284,5850,5294,47731,45051,56998,52265,66899,67312,88134,89973,100309,99808,70401,76523,49840,60933,14227,24344,787650,744842,69770,67082,182116,174722,35184,53,62
2021-08-14T23:59:59+02:00,7318,6750,53094,49895,60851,56464,70504,71368,91964,94202,103997,103372,72259,78565,51139,62480,14677,25281,5774,5240,47494,44778,56831,52077,66745,67158,87999,89851,100194,99701,70352,76480,49829,60910,14223,24339,787166,743013,69763,67076,182116,174711,35113,53,62
2021-08-13T23:59:59+02:00,7277,6714,52983,49800,60767,56383,70452,71299,91888,94145,103947,103327,72236,78542,51127,62469,14675,25274,5546,5025,46989,44281,56590,51809,66516,66903,87726,89598,99998,99495,70265,76379,49790,60850,14217,24318,786409,739531,69759,67066,182116,174637,34999,53,62
2021-08-12T23:59:59+02:00,7246,6687,52884,49731,60709,56304,70377,71249,91818,94086,103886,103281,72202,78509,51113,62453,14673,25260,5326,4851,46492,43835,56315,51501,66257,66680,87470,89375,99658,99221,70155,76245,49736,60786,14206,24290,785975,736477,69733,67041,182100,174182,34638,53,61
2021-08-11T23:59:59+02:00,7179,6618,52717,49560,60579,56185,70294,71155,91709,93982,103785,103172,72141,78444,51081,62412,14667,25244,5050,4568,45814,43215,55941,51117,65996,66382,87175,89110,99322,98852,70015,76099,49676,60685,14195,24261,784794,732353,69712,67008,182091,173746,34305,53,61
2021-08-10T23:59:59+02:00,7102,6534,52519,49375,60432,56066,70185,71032,91584,93852,103662,103067,72088,78386,51050,62381,14659,25235,4827,4327,44858,42312,55270,50460,65499,65928,86713,88625,98830,98396,69810,75900,49576,60584,14174,24223,783432,726086,69703,66955,182083,173242,33968,53,61
2021-08-09T23:59:59+02:00,7058,6487,52408,49283,60354,55991,70127,70972,91515,93779,103590,103008,72045,78350,51044,62365,14655,25227,4587,4110,43851,41252,54553,49772,65023,65496,86266,88190,98314,97927,69622,75676,49486,60458,14146,24184,782864,719626,69633,66880,182071,172679,33667,53,61
2021-08-08T23:59:59+02:00,7012,6446,52343,49214,60315,55958,70089,70946,91458,93731,103537,102968,72025,78328,51030,62344,14649,25222,4572,4097,43796,41188,54493,49724,64957,65455,86194,88131,98247,97877,69597,75645,49465,60432,14138,24177,782576,719334,69626,66863,182057,172596,33331,53,61
2021-08-07T23:59:59+02:00,6973,6405,52232,49087,60234,55881,70031,70881,91389,93668,103487,102920,72008,78311,51021,62338,14649,25221,4259,3785,42829,40170,53939,49154,64522,65048,85818,87732,97927,97530,69453,75501,49409,60350,14121,24159,781784,712967,69622,66844,182057,172588,33248,53,59
2021-08-06T23:59:59+02:00,6930,6343,52099,48959,60160,55815,69965,70800,91309,93591,103427,102863,71984,78288,51010,62319,14647,25217,3951,3563,42145,39557,53694,48887,64298,64805,85581,87509,97698,97328,69369,75410,49367,60309,14115,24146,780912,709347,69617,66760,182056,172450,33116,53,59
2021-08-05T23:59:59+02:00,6819,6235,51843,48735,59984,55627,69822,70653,91147,93443,103285,102726,71923,78225,50982,62279,14634,25198,3758,3392,41309,38865,53176,48426,63927,64453,85122,87108,97075,96809,69182,75226,49301,60211,14096,24116,779285,704800,69564,66708,182021,171321,32664,53,59
2021-08-04T23:59:59+02:00,6730,6149,51647,48503,59838,55447,69712,70502,91011,93326,103167,102610,71862,78161,50956,62233,14623,25169,3384,3037,40464,38081,52805,48020,63608,64131,84750,86779,96663,96402,69018,75055,49224,60115,14080,24082,777878,700209,69528,66687,182007,170536,32207,53,59
2021-08-03T23:59:59+02:00,6657,6092,51477,48366,59713,55318,69620,70409,90910,93226,103070,102529,71808,78125,50937,62207,14615,25153,3254,2935,39461,37135,52006,47335,63064,63595,84231,86293,95949,95772,68775,74839,49132,59998,14059,24038,776837,693948,69519,66663,182000,169351,31850,53,59
2021-08-02T23:59:59+02:00,6609,6049,51341,48226,59621,55239,69536,70340,90855,93152,102990,102467,71768,78083,50916,62185,14608,25140,3085,2757,38188,35980,51044,46525,62350,63009,83625,85727,95148,95070,68522,74582,49044,59865,14039,23999,776136,686331,69471,66609,181971,168039,31521,53,59
2021-08-01T23:59:59+02:00,6566,5994,51171,48064,59468,55124,69443,70225,90747,93061,102902,102374,71726,78046,50894,62145,14603,25124,3061,2739,38003,35846,50885,46426,62219,62914,83447,85583,94695,94665,68405,74472,49005,59816,14028,23979,775084,685680,69442,66549,181953,166728,31172,53,59
2021-07-31T23:59:59+02:00,6523,5960,51076,47944,59412,55052,69393,70181,90707,93031,102875,102349,71715,78034,50886,62141,14603,25121,2657,2357,36392,34334,49975,45554,61682,62348,82943,85069,94215,94231,68218,74267,48926,59721,14010,23946,774471,676520,69438,66538,181953,166613,31115,53,59
2021-07-30T23:59:59+02:00,6487,5907,50926,47804,59326,54971,69324,70120,90634,92951,102819,102310,71698,78010,50877,62117,14600,25117,2381,2128,34937,32929,49003,44605,60950,61653,82255,84445,93533,93654,67983,74031,48821,59571,13991,23915,773703,666983,69413,66526,181947,166308,30909,53,59
2021-07-29T23:59:59+02:00,6372,5787,50495,47435,59107,54698,69133,69929,90446,92762,102656,102173,71623,77927,50844,62062,14585,25099,2304,2062,34204,32312,48377,44154,60543,61298,81829,84095,92759,92979,67787,73873,48758,59484,13971,23884,771377,663107,69359,66379,181904,164661,30467,53,59
2021-07-28T23:59:59+02:00,6300,5724,50241,47240,58974,54543,69005,69832,90315,92638,102547,102079,71567,77870,50817,62022,14576,25082,2280,2043,33877,32013,48053,43914,60310,61072,81648,83924,92520,92779,67713,73806,48724,59451,13958,23874,770058,661383,69323,66290,181877,164140,30088,53,58
2021-07-27T23:59:59+02:00,6247,5677,50080,47096,58831,54445,68910,69742,90213,92528,102442,102002,71522,77817,50787,61989,14568,25069,2138,1928,32408,30614,46777,42820,59475,60275,81043,83390,91496,91929,67437,73521,48636,59325,13926,23834,769146,652706,69296,66218,181853,162345,29645,52,58
2021-07-26T23:59:59+02:00,6224,5648,49961,47009,58732,54356,68831,69687,90125,92467,102376,101950,71481,77781,50765,61969,14562,25060,2004,1813,31037,29359,45454,41693,58370,59285,80331,82755,90328,90896,67126,73247,48546,59208,13902,23792,768609,643615,69229,66119,181815,160047,29307,51,58
2021-07-25T23:59:59+02:00,6204,5631,49848,46904,58643,54289,68767,69628,90060,92411,102314,101901,71448,77745,50746,61946,14559,25050,1988,1805,30826,29200,45182,41493,58106,59049,80056,82544,89362,90040,66919,73073,48477,59135,13890,23768,768195,642398,69217,65996,181789,157591,28870,50,58
2021-07-24T23:59:59+02:00,6169,5602,49728,46814,58574,54226,68719,69571,90014,92366,102273,101860,71443,77738,50743,61943,14558,25046,1730,1586,29234,27614,44037,40407,57408,58333,79439,81966,88716,89472,66739,72882,48406,59033,13876,23744,767586,632344,69207,65978,181781,157452,28790,50,58
2021-07-23T23:59:59+02:00,6084,5515,49552,46637,58479,54121,68609,69467,89908,92262,102183,101763,71407,77682,50722,61912,14554,25040,1501,1366,27537,26095,42779,39315,56473,57443,78747,81345,88008,88808,66469,72608,48327,58932,13855,23714,766205,621767,69203,65812,181761,156980,28705,50,58
2021-07-22T23:59:59+02:00,5944,5401,49257,46350,58282,53917,68438,69298,89722,92110,102027,101629,71340,77599,50680,61861,14543,25021,1417,1311,26716,25271,41870,38504,55530,56612,78001,80717,86341,87298,66094,72207,48216,58802,13824,23662,764266,613273,69158,65307,181728,155511,28244,50,58
2021-07-21T23:59:59+02:00,5668,5118,48723,45820,57978,53601,68207,69017,89444,91863,101759,101362,71213,77468,50621,61796,14534,24995,1385,1285,26461,25047,41445,38220,55084,56219,77627,80432,85533,86694,65925,72079,48160,58736,13806,23637,760654,611283,69132,65027,181706,153735,27672,50,58
2021-07-20T23:59:59+02:00,5591,5044,48440,45541,57806,53391,68032,68869,89264,91708,101593,101218,71137,77400,50582,61749,14525,24967,1294,1200,25282,23900,40153,37182,53742,55014,76719,79654,84166,85349,65618,71737,48052,58599,13778,23591,758971,600875,69125,64866,181661,152154,27077,50,58
2021-07-19T23:59:59+02:00,5511,4958,48115,45216,57582,53183,67865,68666,89077,91528,101445,101057,71064,77318,50539,61698,14516,24938,1214,1138,24455,23060,38840,36060,52009,53513,75446,78595,83051,84367,65324,71481,47952,58481,13753,23551,757167,590814,69115,64718,181633,150362,26338,50,58
2021-07-18T23:59:59+02:00,5503,4957,48040,45157,57485,53103,67793,68592,88983,91461,101372,100992,71027,77277,50514,61666,14514,24926,1199,1132,24312,22959,38567,35836,51673,53221,75194,78398,82146,83598,65132,71302,47896,58409,13748,23529,756884,589737,69091,64555,181593,148130,25771,50,58
2021-07-17T23:59:59+02:00,5476,4920,47941,45080,57411,53043,67730,68535,88923,91399,101327,100973,71018,77262,50509,61659,14514,24925,1005,944,22927,21499,37183,34536,50429,52026,74587,77841,81511,83001,65002,71154,47829,58347,13739,23509,756318,578859,69086,64528,181584,147990,25634,50,58
2021-07-16T23:59:59+02:00,5374,4841,47699,44848,57284,52936,67611,68422,88785,91302,101219,100869,70972,77211,50486,61640,14508,24919,809,782,21675,20261,35889,33292,48972,50705,73577,76906,80810,82340,64782,70931,47747,58246,13720,23477,754856,567226,69084,64464,181577,147787,25386,50,58
2021-07-15T23:59:59+02:00,5232,4712,47300,44526,57074,52741,67416,68236,88571,91102,101031,100700,70875,77109,50437,61566,14499,24890,750,739,21069,19759,34955,32590,47734,49756,72392,75987,78655,80205,64183,70333,47604,58067,13701,23414,752791,557859,69066,63433,181531,145942,24601,50,58
2021-07-14T23:59:59+02:00,4859,4388,46709,43950,56840,52474,67212,68031,88356,90858,100814,100503,70768,76999,50369,61483,14487,24866,734,723,20862,19614,34690,32429,47361,49453,71857,75596,77988,79668,63859,70055,47521,57984,13678,23380,749341,556044,69048,63244,181479,144038,24070,50,56
2021-07-13T23:59:59+02:00,4768,4308,46510,43797,56675,52315,67049,67885,88198,90731,100668,100376,70695,76937,50332,61436,14483,24850,705,684,20299,19077,33663,31609,45738,47997,70090,73928,76378,78104,63483,69663,47392,57812,13649,23328,747980,545091,69031,62468,181405,142415,23569,50,56
2021-07-12T23:59:59+02:00,4703,4230,46323,43605,56524,52173,66894,67759,88026,90592,100511,100236,70620,76850,50294,61380,14476,24832,681,663,19824,18645,32878,30986,44073,46540,67709,71854,74484,76599,62952,69076,47247,57650,13621,23277,746709,533983,69007,61899,181304,139842,22979,50,56
2021-07-11T23:59:59+02:00,4698,4227,46252,43552,56460,52123,66842,67720,87963,90539,100439,100176,70582,76807,50284,61365,14473,24818,673,658,19614,18500,32526,30741,43623,46162,67247,71494,73705,75901,62550,68697,47176,57560,13605,23244,746557,532179,68996,61574,181238,137368,22499,50,56
2021-07-10T23:59:59+02:00,4572,4091,45966,43244,56275,51925,66693,67544,87829,90399,100337,100070,70527,76750,50263,61339,14470,24809,641,626,19050,17951,31578,29881,41870,44581,65761,70211,73069,75281,62383,68546,47123,57508,13598,23230,744457,521554,68990,61558,181226,137320,22400,50,56
2021-07-09T23:59:59+02:00,4443,3973,45694,42991,56108,51729,66531,67378,87677,90234,100203,99965,70474,76677,50226,61298,14465,24797,594,577,18460,17378,30607,28917,39915,42651,63466,68084,71908,74140,62109,68221,47047,57382,13580,23205,742401,507858,68976,61177,181220,136914,22236,50,56
2021-07-08T23:59:59+02:00,4414,3947,45551,42876,55984,51609,66400,67277,87551,90111,100083,99868,70419,76624,50204,61260,14454,24783,547,533,17521,16575,29207,27881,38197,41196,61334,66259,68545,70985,61209,67247,46800,57038,13535,23109,741666,492588,68916,59097,181150,134330,21647,50,56
2021-07-07T23:59:59+02:00,4402,3941,45484,42832,55899,51553,66314,67232,87496,90071,100040,99817,70402,76601,50195,61242,14450,24773,469,480,16562,15722,27814,26867,36669,39960,59711,64800,65313,67506,60191,66203,46563,56716,13485,23036,741353,477277,68867,57180,181098,132177,21377,50,56
2021-07-06T23:59:59+02:00,4350,3893,45339,42701,55769,51413,66210,67123,87389,89979,99959,99732,70363,76541,50177,61215,14447,24759,402,416,15791,14984,26734,25956,34818,38245,56307,61774,62657,65043,59435,65413,46289,56382,13445,22933,740218,459366,68846,56353,181040,130042,21207,49,56
2021-07-05T23:59:59+02:00,4287,3848,45156,42525,55615,51310,66087,67012,87268,89885,99874,99634,70300,76477,50155,61187,14444,24744,368,364,15129,14363,25784,25141,33584,37110,53207,58797,59880,62578,58595,64601,46035,56070,13400,22855,739022,443276,68803,56004,180960,127550,20975,49,56
2021-07-04T23:59:59+02:00,4278,3842,45108,42491,55547,51275,66042,66984,87229,89853,99842,99607,70276,76456,50149,61172,14438,24733,349,344,14925,14158,25342,24781,32984,36582,52542,58268,58892,61715,57928,63968,45851,55866,13381,22805,738820,439186,68770,55802,180891,124844,20793,49,56
2021-07-03T23:59:59+02:00,4059,3663,44576,41929,55229,50899,65744,66704,86982,89592,99641,99411,70203,76384,50126,61126,14434,24721,331,328,14638,13835,24986,24426,32004,35661,50796,56719,58023,60979,57754,63770,45783,55781,13369,22780,735012,430601,68752,55784,180885,124796,20726,49,56
2021-07-02T23:59:59+02:00,3749,3377,43923,41334,54901,50560,65457,66399,86708,89341,99405,99185,70100,76271,50074,61056,14428,24704,304,291,14221,13389,24288,23814,30842,34594,48162,54549,55884,59189,57360,63339,45623,55622,13353,22742,730669,418075,68733,54732,180872,124065,20651,48,43
2021-07-01T23:59:59+02:00,3611,3267,43568,40985,54699,50384,65297,66235,86552,89199,99251,99064,70031,76203,50043,61022,14420,24689,261,250,13530,12706,22983,22732,29164,33079,46143,52803,53389,56908,55934,61765,45128,55007,13280,22614,728526,404529,68668,52418,180822,120230,20457,48,42
2021-06-30T23:59:59+02:00,3600,3250,43304,40788,54517,50248,65177,66136,86460,89134,99180,99013,70003,76179,50031,61000,14416,24678,199,211,12787,12104,21818,21832,27575,31709,44287,51089,49750,52944,54602,60429,44773,54568,13224,22486,727373,388768,68616,50511,180802,116790,20276,48,42
2021-06-29T23:59:59+02:00,3384,3030,42384,39957,53906,49642,64736,65703,86046,88681,98831,98685,69878,76030,49974,60929,14396,24648,170,159,12185,11504,21016,21061,26206,30501,41663,48673,47875,51395,53631,59318,44364,54031,13130,22333,721377,376717,68562,48986,180786,113403,20068,48,41
2021-06-28T23:59:59+02:00,3166,2850,41428,38964,53238,48988,64270,65311,85663,88289,98497,98341,69738,75870,49909,60829,14378,24624,127,127,11682,11053,20355,20472,25237,29603,39566,46728,46248,50027,52527,58272,44003,53525,13050,22211,715210,367222,68450,47948,180775,109731,19871,48,41
2021-06-27T23:59:59+02:00,3161,2847,41391,38928,53192,48949,64231,65275,85611,88254,98445,98313,69719,75857,49900,60815,14373,24621,109,110,11488,10859,20031,20157,24658,29038,38541,45875,45081,48933,51495,57259,43568,53016,12968,22068,714992,362617,68420,47505,180739,105407,19684,48,41
2021-06-26T23:59:59+02:00,2679,2373,39998,37565,52471,48206,63679,64711,85123,87733,98020,97880,69528,75682,49827,60711,14354,24598,99,99,11373,10757,19861,20001,24458,28821,38062,45437,44713,48581,51381,57114,43522,52968,12963,22053,706288,359660,68391,47500,180739,105389,19673,48,41
2021-06-25T23:59:59+02:00,2274,2037,39151,36756,52119,47848,63355,64386,84843,87422,97770,97614,69424,75565,49780,60649,14340,24576,75,81,11072,10446,19478,19574,23928,28197,35378,43131,42527,46666,51042,56735,43423,52837,12939,22022,701235,348080,68254,47054,180732,104735,19641,48,41
2021-06-24T23:59:59+02:00,2220,1984,38663,36297,51769,47520,63136,64175,84609,87227,97583,97457,69342,75500,49745,60603,14334,24561,62,58,10475,9863,18418,18687,22504,26941,33278,41291,40096,44372,49560,55083,42854,52136,12822,21819,698288,335184,68225,44455,180711,101185,19454,48,41
2021-06-23T23:59:59+02:00,2207,1960,38433,36071,51605,47349,63020,64064,84509,87131,97507,97373,69311,75469,49725,60582,14330,24550,35,32,10020,9431,17791,18128,21570,26081,31344,39654,36131,39904,48264,53719,42468,51629,12741,21653,697052,319639,68191,43829,180695,97873,19213,46,41
2021-06-22T23:59:59+02:00,2128,1899,37448,35142,50852,46676,62538,63616,84134,86720,97142,97061,69162,75326,49658,60501,14317,24517,13,17,9552,9001,16919,17438,20344,25002,28216,36891,33830,38025,47307,52746,42060,51070,12601,21418,690909,307464,68145,41089,180683,94802,19055,46,40
2021-06-21T23:59:59+02:00,1981,1760,36098,33926,49829,45809,61817,62953,83635,86248,96702,96654,68992,75155,49592,60406,14306,24482,9,10,9234,8705,16458,17074,19719,24520,26470,35325,32290,36732,46253,51663,41608,50521,12495,21226,682956,300095,68111,40448,180668,91163,18566,45,40
2021-06-20T23:59:59+02:00,1970,1751,36010,33873,49684,45686,61676,62815,83555,86187,96629,96593,68958,75127,49577,60388,14306,24471,8,9,9086,8602,16239,16904,19403,24262,25654,34673,31348,35779,46058,51460,41577,50469,12486,21206,682304,296307,68069,39856,180650,90831,18189,45,40
2021-06-19T23:59:59+02:00,1602,1451,34395,32326,48783,44863,61188,62310,83084,85711,96223,96241,68810,74961,49512,60307,14291,24447,7,8,9046,8528,16136,16781,19284,24109,25549,34514,31219,35636,45962,51364,41559,50444,12482,21196,673599,294968,68050,39853,180643,90794,18169,45,40
2021-06-18T23:59:59+02:00,1406,1278,32752,30743,47581,43677,60247,61390,82278,84962,95611,95663,68591,74739,49423,60169,14275,24417,7,8,8971,8442,15976,16625,19094,23915,25296,34273,30934,35317,45666,51017,41474,50367,12469,21182,662483,292767,67916,39736,180642,90374,18117,45,39
2021-06-17T23:59:59+02:00,1331,1220,31831,29906,46716,42970,59441,60541,81535,84314,95199,95280,68449,74595,49381,60092,14261,24388,7,8,8430,8076,15286,16069,18264,23087,24192,33147,29454,33956,44340,49512,40989,49756,12349,20993,655562,283824,67799,38908,180611,87710,17434,45,39
2021-06-16T23:59:59+02:00,1248,1156,31142,29208,45913,42220,58517,59661,80755,83543,94775,94900,68314,74435,49324,60000,14241,24362,7,8,7942,7752,14673,15551,17486,22359,23050,32189,28274,32844,42440,47391,40441,49177,12242,20808,648493,274065,67672,38309,180592,85308,16913,45,39
2021-06-15T23:59:59+02:00,1106,1037,29251,27430,44165,40699,56925,58027,79366,82225,94016,94229,68027,74142,49211,59843,14208,24297,7,6,7769,7625,14364,15311,17122,22057,22529,31802,27739,32415,41502,46373,40054,48751,12118,20587,633554,270986,67623,37802,180554,82875,16429,45,39
2021-06-14T23:59:59+02:00,1013,923,27704,25963,42561,39182,55269,56376,78266,81113,93322,93601,67778,73900,49117,59721,14188,24252,6,5,7586,7452,13987,14974,16592,21611,21835,31218,27060,31821,41117,45950,39670,48298,11987,20381,620320,268298,67567,37386,180525,80035,15793,45,38
2021-06-13T23:59:59+02:00,989,898,27502,25783,42177,38844,54722,55854,77920,80804,93129,93411,67688,73820,49080,59663,14173,24227,6,5,7445,7284,13715,14679,16203,21212,21406,30725,26520,31317,40719,45545,39205,47732,11809,20095,617608,266201,67425,37315,180497,76958,15110,45,38
2021-06-12T23:59:59+02:00,860,784,25992,24196,41023,37766,54048,55119,77390,80309,92579,92886,67532,73643,49011,59586,14160,24206,6,5,7399,7233,13589,14569,16071,21099,21222,30578,26401,31215,40701,45528,39195,47721,11809,20094,608090,265414,67419,37313,180491,76624,15046,45,38
2021-06-11T23:59:59+02:00,747,675,24378,22677,39676,36575,52820,53909,76421,79457,92006,92310,67298,73409,48949,59478,14141,24171,6,5,7344,7145,13417,14380,15852,20903,20949,30318,26128,30957,40395,45153,39110,47606,11791,20065,596345,263514,67339,37168,180482,75917,14887,45,38
2021-06-10T23:59:59+02:00,646,585,23381,21671,38457,35396,51213,52404,75102,78260,90400,90765,66943,73013,48823,59304,14116,24116,6,5,7061,6921,12890,13943,15213,20329,20184,29563,25336,30280,39689,44290,38758,47188,11677,19880,583449,260036,66855,37134,180430,72188,13817,45,38
2021-06-09T23:59:59+02:00,576,536,22930,21286,37795,34874,50107,51358,73857,77067,89809,90261,66816,72868,48773,59219,14101,24086,6,5,6791,6613,12299,13343,14427,19515,19265,28539,24351,29115,37123,41369,38191,46543,11529,19641,576287,249712,66393,37061,180393,68652,13202,45,38
2021-06-08T23:59:59+02:00,470,425,21410,19835,36192,33509,47995,49397,71719,75127,88333,88780,66501,72483,48637,59058,14069,24042,6,5,6660,6443,11913,12969,13943,19026,18662,27938,23793,28577,36837,41114,37899,46176,11421,19484,558923,248052,66115,36982,180361,65255,12539,45,38
2021-06-07T23:59:59+02:00,355,331,20405,18864,34647,32176,45719,47374,69583,73246,87354,87932,66277,72217,48563,58923,14049,24005,6,5,6505,6279,11488,12615,13399,18543,17934,27350,23157,27981,36518,40810,37480,45694,11308,19285,543737,246056,65943,36912,180308,61363,11988,45,38
2021-06-06T23:59:59+02:00,332,310,20225,18717,34253,31893,45111,46801,68963,72761,87142,87767,66220,72156,48551,58897,14043,23993,6,5,6373,6106,11162,12200,12967,17971,17295,26540,22460,27172,36049,40336,36998,45143,11152,19018,540615,243605,65616,36860,180264,56855,11596,45,37
2021-06-05T23:59:59+02:00,260,245,18983,17455,32931,30680,43888,45629,68389,72243,86609,87257,66129,72054,48503,58849,14036,23981,6,5,6321,6025,11059,12034,12839,17792,17123,26330,22289,26983,35984,40259,36976,45119,11150,19013,530641,242997,65616,36447,180246,56252,11574,45,37
2021-06-04T23:59:59+02:00,179,175,17792,16305,31623,29390,42336,44130,67047,70927,85802,86504,65942,71841,48427,58757,14020,23952,6,5,6218,5885,10882,11822,12624,17536,16768,25945,21768,26544,35093,39402,36660,44819,11133,18991,517815,241147,65549,36120,180239,53296,11502,45,36
2021-06-03T23:59:59+02:00,124,122,17152,15732,30638,28561,40877,42834,65272,69395,83551,84220,65517,71387,48299,58595,14002,23914,6,5,6048,5674,10572,11463,12306,17068,16316,25285,21216,25963,34428,38611,36484,44615,11100,18941,504024,238805,64851,35732,180201,50457,11072,45,35
2021-06-02T23:59:59+02:00,95,79,16809,15423,30325,28295,40209,42213,63682,68001,82612,83418,65376,71223,48239,58513,13999,23899,6,4,5930,5582,10394,11303,12077,16851,16020,24978,20869,25567,31179,34983,36256,44393,11071,18888,496512,230092,64847,35400,180200,50017,10807,45,35
2021-06-01T23:59:59+02:00,38,44,16018,14755,28828,27189,37840,40148,60111,64816,80181,81096,65025,70859,48111,58324,13965,23845,6,4,5657,5305,9868,10872,11538,16255,15350,24182,20135,24805,30836,34684,36060,44215,11042,18826,478145,228622,63288,34894,180134,46509,9582,44,33
2021-05-31T23:59:59+02:00,30,36,15454,14281,27889,26488,35879,38484,56668,61786,78149,79393,64693,70502,47967,58149,13933,23793,6,3,5494,5101,9461,10507,11107,15772,14812,23495,19510,24099,30550,34429,35875,44022,11007,18769,462374,227933,62565,34508,180069,43023,8522,44,33
2021-05-30T23:59:59+02:00,28,33,15310,14152,27601,26254,35427,38074,55955,61169,77828,79119,64631,70445,47942,58114,13929,23782,6,3,5392,4903,9133,10146,10694,15283,14359,22689,18981,23325,29870,33714,35648,43829,10985,18707,459388,227463,62127,34428,180023,37534,8211,44,31
2021-05-29T23:59:59+02:00,26,32,14913,13761,26751,25442,33666,36485,54471,59871,77239,78553,64481,70295,47889,58061,13922,23768,6,3,5359,4827,9067,10030,10600,15164,14249,22539,18850,23186,29841,33691,35642,43821,10984,18704,449263,226973,62094,34428,180019,36925,8206,44,31
2021-05-28T23:59:59+02:00,23,31,14506,13361,25939,24698,31815,34726,52300,57864,76188,77557,64276,70043,47837,57984,13912,23745,6,3,5273,4711,8888,9886,10444,14991,14088,22300,18637,22885,29771,33644,35625,43804,10983,18699,437311,226297,61626,34422,179929,35993,7895,44,31
2021-05-27T23:59:59+02:00,19,26,13876,12892,24870,23979,30565,33797,50688,56486,73083,74571,63834,69506,47703,57822,13889,23689,6,3,5160,4477,8555,9545,10040,14555,13641,21663,18130,22286,29549,33440,35514,43691,10962,18670,425149,225640,59662,34351,179297,32722,7143,44,31
2021-05-26T23:59:59+02:00,18,24,13389,12469,23957,23331,29642,33094,49600,55560,70125,71378,63219,68895,47568,57652,13858,23643,6,3,5072,4314,8299,9231,9736,14167,13283,21061,17698,21686,29353,33272,35417,43585,10935,18618,414321,225025,57482,34233,178799,29671,6776,44,31
2021-05-25T23:59:59+02:00,18,19,13045,12171,23376,22923,28583,32230,46998,53321,67862,69251,62867,68528,47454,57503,13840,23589,6,3,4993,4192,8086,8968,9481,13789,12972,20540,17311,21134,29194,33115,35333,43479,10908,18563,402450,224463,56412,34151,178175,26925,6497,44,31
2021-05-24T23:59:59+02:00,17,18,12748,11890,22877,22544,27961,31776,44377,50889,65401,67060,62558,68229,47343,57377,13804,23532,6,3,4922,4083,7835,8735,9161,13404,12642,20026,16924,20572,29048,32973,35259,43407,10884,18516,390789,223875,55929,34085,177506,24276,6133,44,31
2021-05-23T23:59:59+02:00,17,18,12686,11822,22781,22459,27881,31696,44120,50661,64813,66511,62478,68141,47318,57359,13802,23530,6,3,4900,4068,7800,8704,9100,13369,12562,19963,16846,20516,29039,32960,35255,43399,10884,18514,388582,223588,55848,34078,177492,24066,6127,44,29
2021-05-22T23:59:59+02:00,17,18,12462,11584,22460,22150,26878,30808,42283,49085,63957,65770,62315,67950,47252,57268,13792,23507,6,3,4884,4013,7773,8639,9058,13303,12530,19877,16816,20447,29028,32950,35251,43393,10883,18513,380090,223494,55837,34078,177487,23668,6098,44,29
2021-05-21T23:59:59+02:00,17,17,12160,11332,21888,21706,26060,30116,39891,47191,61982,64101,62052,67677,47168,57180,13777,23481,6,3,4865,3985,7716,8553,8992,13215,12454,19784,16741,20360,29012,32924,35244,43382,10881,18512,369650,223295,54781,34063,177295,23216,6026,44,29
2021-05-20T23:59:59+02:00,16,17,11550,10760,20761,20805,24909,29086,38382,45912,59634,62027,61229,66777,46968,56920,13743,23425,6,3,4590,3807,7313,8263,8550,12818,12001,19272,16318,19837,28891,32826,35193,43329,10877,18502,359138,222886,52426,33951,176011,20228,5302,44,29
2021-05-19T23:59:59+02:00,16,17,11107,10446,19975,20251,24061,28487,37478,45226,56401,58388,60538,66074,46860,56786,13720,23378,6,3,4437,3649,7059,8021,8273,12488,11667,18839,15947,19416,28792,32714,35150,43253,10866,18487,348661,222397,50803,33833,174884,17991,4817,44,29
2021-05-18T23:59:59+02:00,16,17,10777,10161,19394,19800,23405,27926,36067,43993,54986,57258,60166,65647,46730,56625,13695,23353,6,3,4332,3522,6811,7784,8010,12205,11432,18435,15599,18983,28707,32622,35120,43212,10862,18480,343258,222102,48949,33751,173405,15883,4360,44,29
2021-05-17T23:59:59+02:00,15,16,10557,9980,18956,19509,22969,27613,34866,43000,53671,56217,59916,65400,46666,56526,13680,23319,6,3,4262,3435,6603,7566,7757,11912,11175,18038,15287,18576,28615,32533,35095,43171,10856,18466,339167,221799,47954,33683,171886,14018,3827,42,29
2021-05-16T23:59:59+02:00,15,15,10367,9851,18661,19305,22636,27372,34227,42539,52431,55046,59723,65235,46629,56472,13669,23299,6,3,4194,3362,6386,7400,7469,11656,10905,17685,14991,18212,28549,32471,35079,43153,10849,18462,336726,221544,47075,33622,170268,12255,3382,41,29
2021-05-15T23:59:59+02:00,15,15,10271,9751,18509,19157,22464,27227,33844,42171,52035,54668,59608,65089,46581,56427,13666,23283,6,3,4153,3326,6302,7334,7376,11553,10803,17566,14886,18082,28455,32353,34986,43060,10845,18457,334324,220453,47074,33620,170134,12236,3208,41,29
2021-05-14T23:59:59+02:00,14,15,9988,9548,18082,18917,22062,26939,31496,40391,49885,52813,59386,64860,46533,56342,13649,23262,6,3,4025,3243,6016,7169,7070,11329,10456,17214,14537,17755,27881,31647,34863,42868,10826,18429,325171,217154,47021,33614,169523,12113,2427,40,29
2021-05-13T23:59:59+02:00,14,15,9526,9179,17288,18351,21194,26255,30376,39401,47641,50640,58537,63885,46323,56059,13610,23188,6,3,3525,3049,5677,6916,6758,11018,10044,16823,14160,17318,26981,30448,34437,42349,10795,18368,316666,212548,45160,33056,167498,10923,2119,39,29
2021-05-12T23:59:59+02:00,14,15,9235,8984,16855,18092,20720,25965,29844,39015,44641,46993,57964,63243,46239,55945,13592,23163,6,3,3385,2961,5445,6805,6475,10871,9762,16614,13923,17052,26334,29625,34271,42156,10769,18334,307470,209514,44342,33030,167205,10755,1463,39,29
2021-05-11T23:59:59+02:00,14,13,8802,8708,16083,17574,19854,25344,28107,37572,42707,45487,57588,62796,46155,55810,13571,23135,6,3,3265,2830,5212,6464,6177,10456,9395,16055,13486,16492,24911,27955,33760,41528,10718,18246,301979,203532,41285,32847,164721,9255,1296,39,29
2021-05-10T23:59:59+02:00,14,12,8540,8555,15570,17318,19222,25023,27116,36882,41245,44341,57321,62521,46076,55706,13551,23104,6,2,3155,2704,4981,6230,5922,10132,9071,15577,13123,16069,23862,26624,33271,40944,10681,18188,298670,198874,40378,32819,162047,7838,984,38,27
2021-05-09T23:59:59+02:00,14,12,8384,8470,15264,17136,18839,24766,26448,36453,39466,42674,57025,62242,46020,55648,13543,23084,6,2,3034,2648,4799,6088,5753,9956,8873,15370,12955,15896,23585,26291,33126,40771,10671,18173,295693,197675,39999,32775,159049,6811,709,38,27
2021-05-08T23:59:59+02:00,14,12,8309,8397,15081,16990,18631,24567,26220,36215,39232,42482,56898,62092,45982,55611,13540,23073,6,2,3026,2629,4768,6052,5709,9910,8796,15304,12868,15826,23215,25864,32840,40457,10663,18157,294128,196485,39545,32063,158926,6808,709,38,27
2021-05-07T23:59:59+02:00,13,11,8137,8301,14755,16806,18242,24330,25797,35925,38774,42103,56623,61737,45933,55564,13533,23063,6,2,2727,2495,4420,5867,5438,9650,8480,14993,12472,15430,22115,24489,32190,39622,10635,18107,291583,193022,39115,30562,158599,5216,313,37,25
2021-05-06T23:59:59+02:00,12,11,7490,7944,13854,16203,17183,23473,24454,34811,36627,40437,55496,60415,45690,55257,13498,22996,6,2,2602,2382,4246,5670,5230,9346,8134,14552,12038,14976,20807,22813,31335,38614,10581,17993,280929,187402,37832,29602,156779,4024,276,35,23
2021-05-05T23:59:59+02:00,10,11,6952,7636,13072,15660,16147,22704,23064,33783,34796,38948,53654,58375,45368,54911,13465,22930,6,2,2514,2324,4071,5513,5039,9134,7786,14214,11668,14616,19417,21030,30140,37198,10541,17890,269462,181263,36908,28429,154984,3291,97,35,23
2021-05-04T23:59:59+02:00,10,10,6762,7546,12705,15484,15659,22433,22415,33437,33834,38247,52800,57413,45245,54784,13447,22889,6,2,2459,2254,3917,5344,4862,8880,7443,13806,11242,14158,17766,19100,29037,35866,10445,17770,265683,174440,36039,27488,153321,2363,44,33,22
2021-05-03T23:59:59+02:00,10,10,6616,7396,12327,15263,15151,22122,21703,33030,32680,37355,52498,57093,45149,54677,13432,22857,6,2,2399,2184,3823,5164,4722,8645,7225,13457,10921,13750,16561,17601,28158,34763,10381,17662,262378,168860,35577,27139,151348,1370,33,33,22
2021-05-02T23:59:59+02:00,10,10,6535,7306,12113,15091,14850,21890,21226,32709,31529,36406,52214,56802,45087,54586,13414,22826,6,2,2384,2177,3801,5131,4691,8609,7158,13386,10836,13658,16249,17205,27860,34458,10369,17648,259942,167288,35503,27025,149095,1263,32,32,20
2021-05-01T23:59:59+02:00,10,10,6517,7282,12049,15041,14769,21827,21123,32637,31402,36312,52208,56787,45083,54585,13412,22824,6,2,2381,2169,3777,5114,4650,8584,7121,13349,10775,13603,16051,16982,27745,34321,10366,17638,259368,166322,35502,26999,148944,1261,32,32,20
2021-04-30T23:59:59+02:00,10,10,6479,7244,11957,14945,14663,21707,20927,32450,31162,36121,51937,56427,45038,54532,13406,22812,6,2,2352,2149,3715,5051,4553,8474,6971,13166,10498,13340,15236,15955,26874,33248,10325,17550,257582,163114,35458,25107,148724,1193,31,32,20
2021-04-29T23:59:59+02:00,10,10,6274,7116,11635,14755,14307,21467,20407,32159,30409,35632,51288,55600,44946,54413,13380,22732,6,2,2313,2103,3622,4962,4429,8338,6778,12948,10221,13053,14262,14720,25569,31700,10262,17454,254388,157405,35363,24357,146727,930,30,32,20
2021-04-28T23:59:59+02:00,10,10,6011,6950,11254,14417,13813,20999,19763,31552,29240,34499,48620,52592,44652,54089,13317,22654,6,2,2275,2062,3553,4900,4313,8221,6619,12765,9972,12834,13119,13238,24076,29819,10200,17351,244422,151426,35236,23153,144736,713,16,32,17
2021-04-27T23:59:59+02:00,10,10,5907,6859,11098,14294,13611,20835,19482,31341,28677,34110,48413,52370,44596,54035,13308,22632,6,2,2233,2027,3463,4806,4220,8112,6453,12578,9689,12558,11904,11673,22420,27660,10121,17205,243034,144595,35188,21968,143318,535,16,32,16
2021-04-26T23:59:59+02:00,10,10,5858,6818,10980,14226,13449,20711,19254,31129,27842,33543,48075,52000,44541,53969,13299,22603,6,2,2211,2000,3408,4761,4158,8045,6349,12445,9500,12382,10987,10514,21139,25901,10060,17115,242294,139309,35161,21220,140815,424,16,31,14
2021-04-25T23:59:59+02:00,10,10,5813,6771,10875,14131,13287,20554,19006,30845,27080,32801,47577,51489,44457,53869,13285,22583,6,2,2186,1990,3377,4742,4139,8026,6316,12404,9443,12321,10825,10320,20897,25577,10050,17101,240578,138456,35115,20870,138703,366,16,31,14
2021-04-24T23:59:59+02:00,10,10,5791,6723,10796,14039,13188,20409,18871,30665,26918,32620,47474,51366,44364,53773,13281,22578,6,2,2179,1979,3352,4714,4100,7979,6244,12332,9312,12203,10668,10140,20762,25445,10034,17083,239088,137928,35097,20229,138644,347,16,31,14
2021-04-23T23:59:59+02:00,10,10,5729,6634,10662,13840,12985,20155,18559,30284,26518,32258,46525,50228,44210,53528,13258,22546,6,2,2161,1957,3309,4677,4050,7925,6150,12241,9148,12075,10402,9839,20438,25024,9986,17000,234679,136803,35038,19221,138175,336,16,31,14
2021-04-22T23:59:59+02:00,10,10,5628,6520,10452,13642,12632,19817,18043,29809,25885,31665,44796,48075,43639,52799,13212,22446,5,2,2147,1946,3270,4624,3973,7851,6020,12141,8889,11910,9968,9433,19981,24432,9936,16922,228420,134675,34925,18442,135688,304,16,31,13
2021-04-21T23:59:59+02:00,10,9,5529,6385,10222,13440,12299,19503,17541,29315,25168,30931,40516,43204,43159,52264,13145,22341,5,2,2134,1937,3234,4587,3918,7792,5938,12048,8713,11750,9636,9048,19482,23839,9870,16825,216288,133025,34860,17429,133786,279,16,31,9
2021-04-20T23:59:59+02:00,10,9,5451,6294,10027,13222,12023,19236,17118,28906,24611,30362,38762,41187,42503,51484,13073,22200,5,2,2109,1924,3192,4563,3851,7748,5807,11949,8541,11623,9352,8728,19008,23168,9773,16685,210034,131653,34770,16125,131627,225,16,31,9
2021-04-19T23:59:59+02:00,10,8,5371,6218,9867,13092,11818,19027,16755,28524,24066,29889,37204,39396,41911,50763,13018,22113,5,2,2093,1907,3157,4528,3810,7702,5767,11879,8456,11531,9114,8442,18600,22601,9726,16592,204997,129953,34712,15730,129294,204,16,31,9
2021-04-18T23:59:59+02:00,10,7,5308,6167,9736,13007,11618,18886,16473,28326,23657,29575,35887,38030,41557,50357,12984,22049,5,2,2080,1892,3130,4506,3784,7686,5723,11832,8406,11482,9016,8353,18446,22413,9713,16567,203443,129472,34670,15340,125475,199,16,30,9
2021-04-17T23:59:59+02:00,10,7,5302,6151,9702,12976,11571,18846,16396,28259,23593,29516,35575,37688,41449,50259,12978,22038,5,2,2070,1884,3103,4493,3726,7641,5653,11781,8320,11430,8905,8243,18340,22295,9692,16554,202212,128664,34661,15250,125397,198,16,30,9
2021-04-16T23:59:59+02:00,10,7,5237,6112,9615,12915,11435,18735,16184,28100,23241,29166,34490,36429,41036,49734,12958,22004,5,2,1937,1797,2875,4313,3367,7323,4880,11245,6825,10336,6372,6161,16521,20596,9497,16255,198044,119275,34571,10812,124748,195,16,29,9
2021-04-15T23:59:59+02:00,10,7,5171,6022,9411,12742,11141,18488,15687,27706,22550,28562,32589,34114,39987,48526,12877,21836,5,2,1894,1765,2807,4248,3248,7201,4663,11062,6447,10026,5913,5762,15928,19910,9305,15920,192217,116134,34517,9762,120649,186,16,27,8
2021-04-14T23:59:59+02:00,10,7,5109,5976,9245,12616,10925,18311,15283,27389,21898,28082,30658,31861,38769,47104,12802,21649,5,2,1811,1711,2724,4179,3136,7107,4460,10897,6136,9776,5436,5348,15345,19221,9101,15564,185832,113502,34377,8303,117442,130,16,27,8
2021-04-13T23:59:59+02:00,10,7,5061,5922,9107,12488,10747,18144,14939,27113,21375,27620,28554,29408,37502,45505,12658,21442,5,2,1767,1694,2687,4136,3082,7045,4326,10757,5866,9563,5096,5045,14894,18770,8965,15360,178930,112080,34311,6922,114319,34,16,26,8
2021-04-12T23:59:59+02:00,10,7,4997,5873,8999,12350,10540,17996,14617,26832,20835,27163,26512,27138,36342,44038,12529,21241,5,2,1732,1650,2657,4115,3054,6992,4267,10689,5763,9462,4929,4899,14593,18402,8854,15160,173210,111231,34232,5937,110535,33,16,26,8
2021-04-11T23:59:59+02:00,10,7,4961,5830,8904,12271,10381,17894,14352,26655,20409,26839,25308,25847,35638,43252,12440,21090,5,2,1723,1644,2635,4094,3029,6964,4232,10642,5676,9394,4836,4844,14477,18277,8815,15107,171421,111020,34159,5326,106467,27,15,26,8
2021-04-10T23:59:59+02:00,10,7,4949,5817,8862,12243,10325,17859,14284,26605,20313,26759,24993,25471,35291,42832,12433,21069,5,2,1719,1638,2626,4086,3015,6947,4202,10611,5617,9355,4758,4767,14348,18111,8768,15022,170205,110222,33434,5325,106442,27,15,26,8
2021-04-09T23:59:59+02:00,10,7,4902,5785,8778,12163,10200,17735,14115,26430,20052,26516,24151,24316,34334,41620,12400,20995,4,2,1691,1609,2569,4052,2943,6887,4052,10501,5360,9129,4342,4391,13778,17394,8538,14653,166829,106532,31918,5317,105726,27,11,25,8
2021-04-08T23:59:59+02:00,10,7,4827,5720,8631,12055,9987,17563,13718,26116,19450,26047,22441,22324,32639,39647,12250,20758,4,2,1661,1593,2515,4007,2859,6802,3905,10364,5066,8864,3882,3964,12783,16148,8053,13891,161062,101535,31012,4786,102080,23,11,25,8
2021-04-07T23:59:59+02:00,10,6,4780,5667,8447,11977,9760,17413,13399,25889,18978,25685,20631,20209,30875,37383,12132,20544,4,2,1628,1577,2461,3954,2798,6720,3797,10219,4877,8675,3616,3672,12092,15342,7677,13331,155014,98202,29834,4208,98906,14,10,21,8
2021-04-06T23:59:59+02:00,10,6,4731,5622,8304,11865,9600,17246,13079,25621,18458,25298,18776,18139,28949,34892,11929,20198,4,2,1592,1558,2437,3928,2764,6682,3735,10174,4794,8583,3505,3547,11616,14694,7390,12916,148160,95881,28870,4009,95663,13,10,20,8
2021-04-05T23:59:59+02:00,10,6,4700,5581,8208,11774,9461,17148,12866,25410,18056,24953,17049,16209,27323,32740,11781,19970,4,2,1570,1546,2406,3910,2734,6633,3692,10115,4706,8467,3392,3438,11274,14325,7232,12634,142744,94483,28435,3567,92038,12,10,18,8
2021-04-04T23:59:59+02:00,10,6,4693,5575,8199,11764,9447,17133,12840,25389,18028,24928,16917,16033,27128,32494,11772,19956,4,2,1568,1545,2404,3907,2731,6629,3690,10111,4701,8464,3383,3427,11263,14313,7228,12626,142025,94401,28342,3567,91921,12,8,16,8
2021-04-03T23:59:59+02:00,10,6,4689,5567,8185,11757,9428,17113,12801,25358,17950,24864,16837,15943,27081,32437,11767,19949,4,2,1565,1543,2395,3899,2713,6615,3667,10083,4618,8409,3266,3312,11182,14239,7222,12616,141494,93755,28315,3567,91909,12,8,16,8
2021-04-02T23:59:59+02:00,10,6,4664,5547,8126,11703,9363,17044,12661,25251,17714,24663,16384,15466,26605,31860,11735,19894,4,2,1563,1534,2380,3894,2706,6599,3646,10051,4548,8316,3197,3243,10944,13936,7071,12413,140281,92457,26900,3563,91491,12,8,16,7
2021-04-01T23:59:59+02:00,9,6,4621,5486,8014,11560,9233,16885,12387,24965,17269,24263,15631,14739,25846,30898,11608,19711,4,2,1546,1514,2351,3861,2683,6570,3607,10012,4480,8251,3084,3112,10007,12818,6455,11563,138036,88439,26234,3457,88840,11,6,15,7
2021-03-31T23:59:59+02:00,9,6,4409,5406,7902,11437,9092,16719,12168,24687,16915,23899,14934,13974,25012,29887,11499,19511,4,2,1537,1509,2337,3841,2656,6541,3557,9964,4408,8179,2992,3022,9431,12114,6090,11066,136231,85995,24770,3231,86445,11,6,14,7
2021-03-30T23:59:59+02:00,9,6,4378,5354,7826,11310,9005,16562,12007,24497,16629,23587,14333,13330,24252,28901,11360,19266,4,2,1523,1499,2316,3816,2630,6511,3516,9899,4341,8108,2865,2874,8835,11454,5737,10570,134740,83657,23553,2824,84299,6,6,14,7
2021-03-29T23:59:59+02:00,9,6,4338,5301,7726,11198,8897,16396,11845,24223,16300,23239,13790,12730,23488,27925,11200,19017,4,2,1504,1486,2297,3800,2607,6483,3482,9839,4277,8033,2812,2806,8543,11066,5548,10257,132889,82262,22791,2565,81928,6,6,14,7
2021-03-28T23:59:59+02:00,9,6,4303,5217,7641,11090,8817,16242,11710,23993,16040,22966,13461,12419,22916,27231,11026,18732,4,2,1494,1479,2275,3784,2592,6454,3442,9789,4240,7974,2764,2755,8464,10960,5503,10190,132389,81910,22265,2237,79145,5,6,14,7
2021-03-27T23:59:59+01:00,9,6,4289,5206,7615,11058,8751,16169,11611,23898,15894,22850,13256,12206,22713,27017,10991,18703,4,2,1493,1477,2272,3782,2591,6453,3428,9762,4230,7951,2756,2749,8406,10896,5468,10150,131505,81615,21619,2237,79098,5,6,14,7
2021-03-26T23:59:59+01:00,9,6,4245,5138,7505,10924,8576,15984,11276,23594,15281,22347,12336,11376,21921,26173,10844,18474,2,2,1488,1463,2267,3761,2578,6430,3411,9736,4189,7915,2726,2710,8225,10677,5347,9979,127440,80765,20008,2123,78541,5,6,14,7
2021-03-25T23:59:59+01:00,9,5,4190,4976,7342,10645,8332,15575,10892,22970,14636,21647,11663,10713,21050,25104,10525,17928,2,2,1468,1450,2234,3734,2543,6392,3374,9689,4118,7833,2591,2570,7247,9417,4729,9061,124148,76553,19227,1884,74809,5,5,13,7
2021-03-24T23:59:59+01:00,9,5,4114,4837,7205,10356,8116,15162,10628,22420,14164,21036,11057,10154,20113,24014,10192,17360,2,2,1447,1421,2207,3696,2499,6355,3332,9624,4039,7733,2490,2473,6596,8650,4343,8479,121542,73915,18032,1461,71355,3,2,11,7
2021-03-23T23:59:59+01:00,9,5,4074,4745,7098,10116,7963,14820,10365,21915,13762,20543,10589,9713,19386,23160,9877,16893,2,2,1436,1403,2181,3675,2480,6327,3272,9570,3945,7657,2396,2372,5868,7719,3889,7786,120077,70837,16923,1132,68021,3,1,11,7
2021-03-22T23:59:59+01:00,9,5,4021,4666,6969,9875,7802,14498,10105,21447,13411,20042,10196,9356,18814,22449,9684,16545,2,1,1427,1396,2174,3661,2468,6311,3248,9547,3915,7623,2335,2321,5411,7108,3528,7294,119178,68717,16520,1042,64184,3,1,11,7
2021-03-21T23:59:59+01:00,9,5,3974,4564,6837,9610,7634,14139,9883,20905,13068,19516,9876,9077,18277,21847,9494,16232,2,1,1424,1392,2173,3650,2464,6303,3242,9538,3905,7609,2321,2302,5294,6976,3470,7193,118971,68206,16123,1042,59841,3,1,11,7
2021-03-20T23:59:59+01:00,9,5,3963,4544,6801,9555,7576,14065,9799,20795,12962,19426,9789,8984,18137,21669,9443,16145,2,1,1421,1387,2169,3646,2459,6298,3228,9528,3885,7599,2286,2270,4966,6602,3281,6951,118138,66926,16028,1042,59489,3,1,11,7
2021-03-19T23:59:59+01:00,8,5,3789,4403,6509,9305,7135,13639,8887,20065,11232,18098,6927,6629,15880,19464,9080,15582,2,1,1417,1383,2164,3639,2447,6285,3215,9502,3833,7553,2219,2229,4591,6128,3012,6626,108826,65227,11304,1009,56495,3,1,11,6
2021-03-18T23:59:59+01:00,8,4,3685,4272,6332,8997,6867,13200,8497,19407,10594,17358,6209,5977,14655,17991,8562,14756,2,1,1413,1377,2141,3612,2429,6248,3186,9460,3793,7520,2174,2195,4169,5595,2730,6211,103681,63345,10299,901,53379,3,1,11,6
2021-03-17T23:59:59+01:00,8,4,3606,4198,6204,8850,6695,13023,8199,19097,10190,16968,5800,5591,13837,17067,8162,14167,2,1,1403,1364,2125,3592,2399,6216,3155,9432,3756,7483,2119,2135,3759,5149,2477,5822,100435,61612,8611,767,52608,3,1,11,6
2021-03-16T23:59:59+01:00,8,4,3528,4066,6049,8580,6488,12654,7887,18515,9641,16313,5271,5135,13017,16103,7823,13667,2,1,1394,1355,2116,3575,2383,6201,3139,9413,3731,7457,2092,2098,3239,4508,2137,5309,98101,59377,7200,763,49436,3,1,11,6
2021-03-15T23:59:59+01:00,8,4,3480,3920,5862,8305,6269,12241,7610,17943,9206,15689,4954,4850,12358,15361,7558,13205,2,1,1394,1345,2100,3560,2363,6177,3120,9364,3707,7418,2055,2047,2871,4045,1850,4914,96600,57579,6220,745,45992,3,0,11,6
2021-03-14T23:59:59+01:00,8,4,3434,3787,5632,7974,5979,11795,7302,17223,8745,14938,4630,4576,12069,15105,7509,13105,2,1,1387,1340,2084,3531,2350,6128,3102,9305,3689,7379,2048,2036,2793,3937,1797,4828,96473,57178,5604,550,41727,3,0,11,6
2021-03-13T23:59:59+01:00,8,4,3417,3746,5591,7858,5918,11673,7217,17075,8596,14783,4479,4426,11979,15020,7503,13094,2,1,1387,1340,2084,3531,2349,6128,3101,9303,3688,7379,2045,2028,2740,3881,1763,4774,95780,56966,5604,550,40992,2,0,11,6
2021-03-12T23:59:59+01:00,8,4,3397,3676,5534,7720,5858,11521,7130,16848,8460,14550,4373,4329,11705,14695,7347,12876,2,1,1387,1340,2080,3525,2348,6120,3096,9297,3686,7374,2043,2026,2652,3770,1679,4685,94353,56553,5596,550,40072,2,0,10,6
2021-03-11T23:59:59+01:00,8,4,3319,3483,5325,7423,5627,11103,6791,16179,8022,13911,4029,3993,10625,13435,6688,11963,2,1,1382,1338,2069,3511,2329,6095,3073,9262,3662,7341,2013,2001,2412,3504,1523,4466,90146,55460,5161,517,36611,2,0,10,5
2021-03-10T23:59:59+01:00,8,4,3223,3365,5106,7151,5415,10740,6520,15632,7682,13364,3804,3764,9979,12642,6300,11427,2,1,1377,1327,2042,3473,2300,6005,3025,9139,3605,7221,1969,1924,2196,3267,1391,4271,87668,54245,4785,283,33663,2,0,10,5
2021-03-09T23:59:59+01:00,7,4,3149,3237,4939,6964,5211,10455,6288,15196,7385,12855,3620,3557,9342,11939,5922,10902,2,1,1370,1316,2008,3413,2269,5903,2963,8997,3537,7139,1939,1898,1916,2949,1219,4024,85378,52821,4520,35,31064,2,0,10,5
2021-03-08T23:59:59+01:00,7,4,3085,3081,4708,6700,4969,10102,6027,14682,7023,12269,3418,3364,8948,11496,5724,10584,2,1,1367,1298,1994,3335,2238,5806,2925,8851,3504,7045,1924,1876,1713,2717,1095,3829,83897,51482,4148,33,28136,0,0,10,5
2021-03-07T23:59:59+01:00,7,4,3052,3021,4635,6585,4885,9989,5922,14518,6905,12122,3367,3317,8859,11387,5683,10517,2,1,1361,1293,1988,3323,2230,5781,2918,8812,3492,7026,1916,1864,1658,2649,1044,3760,83535,51080,3970,33,27260,0,0,10,5
2021-03-06T23:59:59+01:00,6,4,3038,2963,4593,6492,4848,9922,5864,14399,6857,12010,3343,3294,8802,11321,5648,10474,2,1,1359,1280,1983,3309,2218,5754,2915,8785,3481,7007,1906,1840,1630,2625,1038,3751,83210,50846,3970,33,26688,0,0,10,5
2021-03-05T23:59:59+01:00,6,4,3014,2870,4534,6380,4784,9824,5801,14246,6754,11857,3298,3239,8616,11093,5525,10298,2,1,1350,1247,1951,3254,2193,5648,2875,8651,3437,6869,1862,1794,1566,2555,1016,3723,82302,49956,3962,33,25869,0,0,10,5
2021-03-04T23:59:59+01:00,4,4,2962,2681,4377,6141,4565,9510,5594,13829,6441,11468,3122,3063,7595,9797,4890,9380,2,1,1331,1198,1914,3131,2161,5466,2829,8374,3380,6636,1790,1704,1530,2503,1011,3705,78128,48629,3688,32,23597,0,0,10,5
2021-03-03T23:59:59+01:00,3,4,2923,2610,4237,5950,4398,9242,5390,13450,6185,11049,2996,2930,6945,9020,4492,8771,2,1,1319,1162,1887,3058,2139,5355,2799,8195,3327,6478,1722,1662,1489,2433,991,3650,75396,47633,3445,32,21744,0,0,10,4
2021-03-02T23:59:59+01:00,3,4,2863,2519,4050,5731,4194,8971,5192,13069,5916,10673,2848,2768,6183,8059,4019,8061,2,1,1286,1120,1860,2986,2115,5213,2749,7922,3278,6280,1649,1602,1423,2353,967,3599,72229,46369,2989,32,19895,0,0,10,4
2021-03-01T23:59:59+01:00,3,3,2824,2456,3886,5578,4008,8752,5003,12750,5677,10280,2747,2653,5688,7402,3653,7550,2,1,1280,1084,1837,2885,2089,5019,2708,7672,3218,6044,1606,1566,1374,2292,937,3556,70057,45134,2680,32,18166,0,0,10,4
2021-02-28T23:59:59+01:00,3,3,2782,2408,3728,5460,3784,8562,4820,12499,5490,9974,2691,2580,5566,7247,3591,7449,2,1,1276,1079,1832,2872,2080,4995,2701,7636,3208,6027,1597,1559,1369,2284,934,3546,69578,44963,2459,31,16590,0,0,10,4
2021-02-27T23:59:59+01:00,3,2,2769,2347,3702,5380,3750,8488,4786,12405,5455,9900,2650,2546,5231,6858,3390,7197,2,1,1269,1071,1825,2860,2067,4960,2682,7571,3192,5971,1579,1550,1363,2273,932,3545,68255,44679,2459,30,16135,0,0,10,4
2021-02-26T23:59:59+01:00,3,2,2749,2306,3662,5292,3684,8384,4723,12294,5368,9812,2573,2493,4847,6375,3111,6863,2,1,1212,1021,1775,2754,2018,4779,2626,7296,3119,5761,1518,1499,1340,2252,918,3536,66432,43394,2332,29,15768,0,0,9,4
2021-02-25T23:59:59+01:00,3,2,2577,2199,3475,5110,3499,8157,4520,12007,5149,9537,2484,2427,4398,5820,2822,6435,2,1,1196,964,1744,2645,1964,4505,2557,6899,3024,5474,1472,1456,1319,2237,915,3527,64565,41871,2005,26,14042,0,0,9,4
2021-02-24T23:59:59+01:00,3,2,2424,2066,3285,4916,3353,7951,4322,11751,4928,9286,2347,2307,3938,5308,2559,6036,1,1,1181,935,1721,2560,1928,4365,2497,6643,2971,5268,1441,1425,1301,2216,911,3504,62784,40847,1526,18,12463,0,0,9,4
2021-02-23T23:59:59+01:00,3,2,2295,1928,3106,4689,3200,7712,4147,11480,4744,9038,2258,2214,3381,4644,2216,5518,1,1,1167,887,1688,2465,1889,4174,2429,6344,2873,5008,1383,1369,1272,2172,895,3477,60570,39475,1173,15,10823,0,0,9,4
2021-02-22T23:59:59+01:00,3,2,2255,1877,3022,4596,3130,7603,4053,11293,4636,8913,2206,2173,3010,4176,1928,5132,1,1,1155,828,1656,2339,1847,3928,2353,5949,2748,4711,1320,1315,1249,2139,887,3452,58886,37869,1086,5,10027,0,0,9,4
2021-02-21T23:59:59+01:00,3,2,2219,1846,2970,4527,3050,7490,3972,11148,4570,8796,2191,2150,2926,4061,1872,5044,1,1,1152,810,1639,2287,1820,3821,2320,5794,2685,4585,1289,1292,1239,2125,880,3437,58453,37168,1053,5,9322,0,0,9,4
2021-02-20T23:59:59+01:00,3,2,2207,1843,2947,4514,3034,7454,3946,11115,4549,8774,2188,2142,2872,4004,1837,4989,1,1,1152,807,1639,2285,1819,3812,2319,5789,2684,4581,1288,1289,1238,2122,879,3436,58237,37132,1052,5,9122,0,0,9,4
2021-02-19T23:59:59+01:00,2,2,2195,1829,2911,4462,3009,7368,3901,11033,4495,8711,2180,2136,2781,3890,1752,4895,1,1,1102,798,1600,2277,1808,3803,2309,5768,2676,4568,1282,1278,1227,2117,874,3429,57815,36910,1020,4,8708,0,0,9,4
2021-02-18T23:59:59+01:00,2,2,2064,1734,2754,4279,2885,7170,3764,10746,4356,8506,2146,2102,2538,3618,1596,4672,1,1,1023,762,1528,2178,1758,3680,2236,5611,2619,4483,1268,1258,1220,2103,861,3411,56742,35993,952,4,7232,0,0,8,4
2021-02-17T23:59:59+01:00,2,2,2020,1686,2663,4148,2775,6958,3612,10405,4214,8263,2087,2018,2320,3389,1469,4479,1,1,871,697,1415,2052,1681,3489,2139,5383,2547,4310,1234,1212,1194,2058,845,3366,55670,34488,806,3,6026,0,0,8,4
2021-02-16T23:59:59+01:00,2,2,1850,1575,2489,3940,2635,6683,3451,10051,4036,7957,2042,1991,2038,3069,1295,4226,1,1,844,675,1345,1974,1612,3348,2044,5209,2452,4176,1172,1166,1134,1969,812,3263,54329,33191,770,2,4225,0,0,8,4
2021-02-15T23:59:59+01:00,2,2,1815,1520,2401,3769,2558,6411,3329,9683,3921,7687,2016,1962,1819,2828,1169,4033,1,1,826,663,1316,1927,1570,3279,1987,5037,2388,4075,1113,1125,1067,1877,793,3159,53219,32199,754,1,2944,0,0,8,4
2021-02-14T23:59:59+01:00,2,2,1725,1490,2353,3708,2516,6317,3258,9579,3874,7609,2005,1952,1761,2768,1119,3973,1,1,811,653,1300,1904,1543,3256,1953,4996,2362,4019,1103,1115,1060,1868,790,3147,52880,31878,725,1,2398,0,0,8,3
2021-02-13T23:59:59+01:00,2,2,1724,1478,2343,3701,2510,6303,3255,9563,3867,7599,1996,1932,1737,2748,1115,3963,1,1,811,653,1300,1904,1543,3256,1953,4996,2362,4019,1103,1115,1060,1868,790,3147,52723,31878,725,1,2382,0,0,8,3
2021-02-12T23:59:59+01:00,2,2,1645,1393,2242,3587,2431,6130,3150,9325,3743,7334,1948,1874,1673,2677,1092,3934,1,1,804,645,1288,1881,1530,3237,1945,4965,2346,3999,1098,1110,1059,1849,790,3116,51780,31661,725,0,1669,0,0,8,3
2021-02-11T23:59:59+01:00,2,2,1450,1258,2061,3375,2303,5838,2999,8891,3586,6986,1875,1772,1631,2613,1072,3911,1,1,775,597,1193,1702,1403,2959,1805,4603,2180,3709,1045,1046,1015,1771,749,2973,50380,29526,684,0,553,0,0,8,1
2021-02-10T23:59:59+01:00,2,2,1357,1211,1977,3248,2234,5666,2917,8612,3475,6754,1805,1725,1583,2546,1053,3848,1,1,565,513,971,1477,1261,2648,1620,4143,1976,3327,925,918,882,1513,657,2631,49202,26028,645,0,161,0,0,7,1
2021-02-09T23:59:59+01:00,2,2,1322,1162,1942,3154,2206,5481,2850,8272,3405,6496,1731,1663,1521,2485,1034,3806,1,1,303,380,756,1211,1075,2270,1413,3604,1726,2871,759,756,708,1206,523,2126,47933,21688,515,0,80,0,0,6,1
2021-02-08T23:59:59+01:00,2,2,1315,1127,1910,3037,2169,5259,2798,7993,3346,6260,1688,1629,1472,2430,1017,3783,1,1,267,341,653,1058,970,2054,1254,3211,1530,2555,657,636,606,1018,451,1840,46807,19102,345,0,79,0,0,6,1
2021-02-07T23:59:59+01:00,2,2,1289,1111,1880,2985,2143,5177,2768,7890,3304,6194,1672,1613,1457,2411,1005,3768,1,1,233,286,604,968,909,1899,1163,2983,1433,2383,616,616,584,983,441,1809,46521,17912,144,0,0,0,0,6,0
2021-02-06T23:59:59+01:00,2,2,1284,1105,1874,2973,2134,5149,2755,7846,3293,6149,1659,1605,1452,2401,1002,3767,1,1,214,255,582,930,881,1834,1120,2864,1376,2300,600,597,577,983,441,1809,46302,17365,144,0,0,0,0,6,0
2021-02-05T23:59:59+01:00,2,2,1225,1053,1825,2865,2082,4953,2694,7550,3216,5933,1596,1552,1435,2378,994,3761,1,1,197,222,546,879,845,1754,1082,2744,1323,2200,566,573,565,959,429,1784,44966,16670,144,0,0,0,0,6,0
2021-02-04T23:59:59+01:00,2,2,1213,990,1784,2717,2010,4641,2612,7102,3116,5604,1551,1519,1418,2361,989,3750,1,1,168,170,472,759,746,1613,969,2505,1209,1986,520,520,517,903,408,1664,43340,15131,36,0,0,0,0,5,0
2021-02-03T23:59:59+01:00,2,2,1195,961,1754,2636,1971,4493,2546,6840,3064,5390,1514,1487,1388,2326,970,3720,1,1,139,141,397,646,630,1375,823,2127,1011,1694,400,384,373,681,288,1259,42218,12370,36,0,0,0,0,5,0
2021-02-02T23:59:59+01:00,2,2,1178,905,1720,2535,1930,4273,2473,6508,2958,5118,1460,1440,1364,2295,960,3695,1,1,116,116,321,524,524,1137,678,1796,822,1385,299,280,292,499,225,947,40775,9963,36,0,0,0,0,5,0
2021-02-01T23:59:59+01:00,1,2,1165,845,1685,2411,1879,4028,2396,6117,2836,4822,1392,1357,1334,2249,947,3666,0,0,83,76,221,353,351,744,430,1159,480,863,186,170,171,298,126,562,39091,6273,36,0,0,0,0,5,0
2021-01-31T23:59:59+01:00,1,2,1161,827,1668,2354,1854,3906,2364,5933,2769,4701,1361,1334,1323,2233,940,3650,0,0,72,70,187,281,273,577,341,905,398,696,160,155,159,289,122,548,38343,5233,33,0,0,0,0,5,0
2021-01-30T23:59:59+01:00,1,2,1161,824,1667,2349,1852,3895,2362,5922,2766,4691,1360,1330,1322,2232,940,3649,0,0,69,63,154,234,245,509,306,787,355,621,159,148,154,285,122,547,38288,4758,32,0,0,0,0,5,0
2021-01-29T23:59:59+01:00,1,2,1110,815,1628,2341,1841,3888,2354,5907,2758,4680,1356,1327,1318,2232,940,3649,0,0,61,45,117,179,201,353,250,639,310,493,148,139,143,275,119,546,38112,4018,30,0,0,0,0,5,0
2021-01-28T23:59:59+01:00,1,2,1035,789,1573,2278,1808,3819,2307,5836,2725,4628,1344,1315,1308,2226,928,3635,0,0,39,20,75,106,132,206,155,383,202,296,115,106,117,221,107,496,37525,2776,27,0,0,0,0,5,0
2021-01-27T23:59:59+01:00,1,2,888,737,1478,2203,1740,3706,2234,5707,2667,4502,1314,1269,1279,2187,912,3599,0,0,30,13,63,88,106,162,122,326,175,250,107,88,104,201,103,459,36403,2397,18,0,0,0,0,4,0
2021-01-26T23:59:59+01:00,1,2,873,717,1415,2128,1679,3576,2146,5535,2579,4390,1255,1229,1229,2114,887,3538,0,0,29,12,60,85,102,156,118,311,174,240,104,82,97,180,92,409,35276,2251,13,0,0,0,0,4,0
2021-01-25T23:59:59+01:00,1,2,861,696,1384,2066,1646,3479,2100,5365,2522,4298,1201,1204,1174,2054,870,3472,0,0,27,12,57,85,99,154,117,309,173,240,103,81,96,179,90,406,34387,2228,4,0,0,0,0,4,0
2021-01-24T23:59:59+01:00,1,2,858,695,1378,2055,1641,3462,2092,5340,2510,4266,1197,1196,1169,2047,869,3466,0,0,27,12,57,85,98,153,117,309,173,239,103,81,96,179,90,405,34237,2224,4,0,0,0,0,3,0
2021-01-23T23:59:59+01:00,1,2,858,695,1378,2055,1640,3462,2092,5340,2510,4266,1197,1196,1169,2047,869,3466,0,0,27,12,57,85,98,153,117,309,172,239,103,81,96,179,90,405,34237,2223,3,0,0,0,0,3,0
2021-01-22T23:59:59+01:00,1,2,857,685,1364,2032,1625,3438,2079,5306,2494,4246,1195,1191,1168,2024,868,3432,0,0,27,12,57,85,98,153,117,309,171,239,103,81,96,179,90,405,34001,2222,3,0,0,0,0,3,0
2021-01-21T23:59:59+01:00,1,2,825,649,1287,1877,1524,3245,1983,5034,2384,4046,1154,1131,1139,1955,830,3311,0,0,25,11,53,80,90,144,107,280,157,216,89,72,85,155,74,345,32373,1983,3,0,0,0,0,1,0
2021-01-20T23:59:59+01:00,1,2,626,551,1093,1661,1386,2971,1806,4629,2179,3705,1025,1012,1009,1714,753,3007,0,0,23,11,52,76,87,143,99,267,146,197,78,65,79,130,62,307,29126,1822,3,0,0,0,0,1,0
2021-01-19T23:59:59+01:00,1,2,341,407,844,1404,1182,2623,1570,4100,1915,3256,850,842,838,1425,631,2565,0,0,19,8,37,53,58,78,73,180,103,134,58,50,51,96,47,238,24793,1283,2,0,0,0,0,1,0
2021-01-18T23:59:59+01:00,1,2,300,371,731,1215,1064,2369,1377,3599,1674,2875,709,690,677,1169,527,2120,0,0,8,4,12,18,20,26,24,52,25,47,13,11,13,33,11,72,21468,389,1,0,0,0,0,1,0
2021-01-17T23:59:59+01:00,1,2,258,319,664,1119,984,2198,1279,3326,1560,2663,663,660,648,1109,499,2052,0,0,0,0,1,0,3,2,2,1,2,2,1,4,1,0,0,1,20003,20,1,0,0,0,0,0,0
2021-01-16T23:59:59+01:00,1,2,241,289,648,1083,960,2136,1237,3215,1509,2589,647,642,640,1109,499,2051,0,0,0,0,0,0,1,2,1,1,1,2,0,1,1,0,0,1,19497,11,1,0,0,0,0,0,0
2021-01-15T23:59:59+01:00,1,2,225,255,618,1031,933,2058,1203,3097,1457,2492,616,616,633,1088,492,2039,0,0,0,0,0,0,0,0,0,0,0,0,0,0,0,0,0,0,18856,0,0,0,0,0,0,0,0
2021-01-14T23:59:59+01:00,1,2,195,206,557,908,844,1913,1108,2875,1342,2307,572,572,593,1042,485,1993,0,0,0,0,0,0,0,0,0,0,0,0,0,0,0,0,0,0,17515,0,0,0,0,0,0,0,0
2021-01-13T23:59:59+01:00,1,2,166,185,508,836,771,1787,1009,2638,1187,2082,456,453,451,824,369,1552,0,0,0,0,0,0,0,0,0,0,0,0,0,0,0,0,0,0,15277,0,0,0,0,0,0,0,0
2021-01-12T23:59:59+01:00,1,2,142,164,477,767,719,1632,920,2435,1079,1850,366,344,351,591,270,1115,0,0,0,0,0,0,0,0,0,0,0,0,0,0,0,0,0,0,13225,0,0,0,0,0,0,0,0
2021-01-11T23:59:59+01:00,0,1,113,127,401,637,629,1378,757,1977,847,1462,228,203,201,357,153,673,0,0,0,0,0,0,0,0,0,0,0,0,0,0,0,0,0,0,10144,0,0,0,0,0,0,0,0
2021-01-10T23:59:59+01:00,0,1,87,92,310,458,473,1000,548,1449,623,1065,190,179,184,344,147,659,0,0,0,0,0,0,0,0,0,0,0,0,0,0,0,0,0,0,7809,0,0,0,0,0,0,0,0
2021-01-09T23:59:59+01:00,0,1,77,84,263,396,402,867,481,1232,547,908,183,169,179,339,147,657,0,0,0,0,0,0,0,0,0,0,0,0,0,0,0,0,0,0,6932,0,0,0,0,0,0,0,0
2021-01-08T23:59:59+01:00,0,1,64,64,190,288,304,585,367,934,440,689,175,164,163,327,145,657,0,0,0,0,0,0,0,0,0,0,0,0,0,0,0,0,0,0,5557,0,0,0,0,0,0,0,0
2021-01-07T23:59:59+01:00,0,0,45,25,81,122,140,231,165,421,222,344,130,128,144,277,131,602,0,0,0,0,0,0,0,0,0,0,0,0,0,0,0,0,0,0,3208,0,0,0,0,0,0,0,0
2021-01-06T23:59:59+01:00,0,0,33,18,70,93,119,180,137,344,193,279,111,99,115,227,112,517,0,0,0,0,0,0,0,0,0,0,0,0,0,0,0,0,0,0,2647,0,0,0,0,0,0,0,0
2021-01-05T23:59:59+01:00,0,0,30,13,60,89,108,166,121,329,179,256,109,94,114,220,109,499,0,0,0,0,0,0,0,0,0,0,0,0,0,0,0,0,0,0,2496,0,0,0,0,0,0,0,0
2021-01-04T23:59:59+01:00,0,0,27,12,57,86,100,158,116,314,177,244,108,90,107,206,99,461,0,0,0,0,0,0,0,0,0,0,0,0,0,0,0,0,0,0,2362,0,0,0,0,0,0,0,0
2021-01-03T23:59:59+01:00,0,0,27,12,57,86,100,158,116,314,177,244,108,90,106,205,99,461,0,0,0,0,0,0,0,0,0,0,0,0,0,0,0,0,0,0,2360,0,0,0,0,0,0,0,0
2021-01-02T23:59:59+01:00,0,0,27,12,57,86,100,158,116,314,176,244,108,90,106,205,99,461,0,0,0,0,0,0,0,0,0,0,0,0,0,0,0,0,0,0,2359,0,0,0,0,0,0,0,0
2021-01-01T23:59:59+01:00,0,0,27,12,57,86,100,158,116,314,174,243,108,90,106,205,99,461,0,0,0,0,0,0,0,0,0,0,0,0,0,0,0,0,0,0,2356,0,0,0,0,0,0,0,0
2020-12-31T23:59:59+01:00,0,0,27,12,57,86,100,158,116,314,174,243,108,90,106,205,99,461,0,0,0,0,0,0,0,0,0,0,0,0,0,0,0,0,0,0,2356,0,0,0,0,0,0,0,0
2020-12-30T23:59:59+01:00,0,0,26,12,57,85,99,155,116,313,174,243,108,90,106,205,99,461,0,0,0,0,0,0,0,0,0,0,0,0,0,0,0,0,0,0,2349,0,0,0,0,0,0,0,0
2020-12-29T23:59:59+01:00,0,0,20,9,42,60,76,91,86,218,128,191,83,77,77,171,80,373,0,0,0,0,0,0,0,0,0,0,0,0,0,0,0,0,0,0,1782,0,0,0,0,0,0,0,0
2020-12-28T23:59:59+01:00,0,0,9,6,18,30,31,45,40,113,53,103,36,42,39,98,43,211,0,0,0,0,0,0,0,0,0,0,0,0,0,0,0,0,0,0,917,0,0,0,0,0,0,0,0
2020-12-27T23:59:59+01:00,0,0,2,2,4,5,7,11,10,24,6,23,6,7,7,25,5,56,0,0,0,0,0,0,0,0,0,0,0,0,0,0,0,0,0,0,200,0,0,0,0,0,0,0,0
