Datum,<15_m,<15_w,15-24_1_m,15-24_1_w,25-34_1_m,25-34_1_w,35-44_1_m,35-44_1_w,45-54_1_m,45-54_1_w,55-64_1_m,55-64_1_w,65-74_1_m,65-74_1_w,75-84_1_m,75-84_1_w,>84_1_m,>84_1_w,<24_2_m,<24_2_w,25-34_2_m,25-34_2_w,35-44_2_m,35-44_2_w,45-54_2_m,45-54_2_w,55-64_2_m,55-64_2_w,65-74_2_m,65-74_2_w,75-84_2_m,75-84_2_w,>84_2_m,>84_2_w,bp_1,bp_2,mo_1,mo_2,az_1,az_2,ja,unb_1,unb_2
2021-09-06T23:59:59+02:00,8595,8005,56065,52924,62717,58278,71876,72812,93476,95668,105390,104558,72758,79128,51096,62779,14374,24791,50874,48166,58924,54014,68192,68563,89539,91206,101541,100834,70840,76949,49835,61080,13995,23958,802616,758479,69701,67071,181973,175180,40972,28,50
2021-09-05T23:59:59+02:00,8567,7967,55998,52831,62656,58220,71830,72757,93431,95621,105363,104517,72738,79105,51085,62760,14367,24785,50782,48080,58859,53951,68136,68508,89497,91152,101501,100787,70822,76923,49823,61064,13990,23950,802109,757870,69691,67061,181954,175170,40816,28,50
2021-09-04T23:59:59+02:00,8561,7962,55978,52823,62646,58211,71823,72750,93424,95617,105359,104511,72737,79104,51085,62760,14367,24785,50768,48065,58843,53939,68132,68502,89490,91147,101496,100783,70821,76921,49822,61064,13990,23950,802053,757810,69688,67056,181953,175169,40781,28,50
2021-09-03T23:59:59+02:00,8493,7892,55849,52738,62576,58110,71743,72673,93349,95556,105290,104450,72707,79071,51067,62728,14360,24775,50652,47975,58766,53873,68073,68434,89430,91089,101433,100732,70793,76886,49802,61040,13987,23941,801136,757047,69680,67039,181946,175160,40637,28,50
2021-09-02T23:59:59+02:00,8400,7797,55654,52588,62452,58011,71649,72549,93232,95446,105187,104366,72650,79017,51037,62682,14349,24755,50426,47807,58625,53762,67969,68322,89303,90988,101318,100638,70736,76844,49780,61012,13980,23925,800025,755918,69634,67000,181933,175112,40201,28,50
2021-09-01T23:59:59+02:00,8323,7705,55507,52442,62325,57884,71568,72429,93141,95360,105109,104299,72613,78974,51018,62647,14342,24737,50254,47604,58497,53624,67894,68214,89204,90890,101214,100544,70697,76804,49755,60972,13973,23910,798946,754716,69611,66963,181921,175063,39917,28,50
2021-08-31T23:59:59+02:00,8215,7613,55352,52286,62217,57775,71492,72332,93061,95279,105029,104220,72571,78934,50996,62618,14332,24727,50049,47401,58378,53491,67784,68094,89113,90789,101105,100465,70651,76753,49736,60942,13961,23895,797893,753390,69604,66947,181912,175040,39612,28,50
2021-08-30T23:59:59+02:00,8140,7533,55184,52125,62105,57648,71377,72215,92936,95151,104910,104126,72520,78895,50979,62586,14311,24705,49850,47191,58262,53351,67687,67987,88995,90679,100993,100363,70601,76719,49709,60914,13949,23877,796728,752217,69564,66880,181880,174987,39246,28,50
2021-08-29T23:59:59+02:00,8101,7487,55093,52049,62050,57571,71312,72170,92885,95089,104861,104091,72501,78873,50964,62571,14305,24696,49734,47089,58179,53253,67620,67912,88940,90625,100935,100312,70578,76703,49694,60902,13943,23874,796211,751581,69562,66870,181870,174945,38998,28,50
2021-08-28T23:59:59+02:00,8084,7473,55054,52012,62021,57550,71286,72154,92867,95073,104848,104080,72496,78871,50962,62567,14305,24696,49696,47070,58155,53238,67602,67899,88920,90602,100928,100299,70572,76699,49692,60901,13943,23874,796006,751436,69561,66864,181868,174945,38936,28,50
2021-08-27T23:59:59+02:00,8001,7396,54874,51874,61912,57413,71188,72032,92745,94954,104740,103995,72451,78821,50939,62530,14293,24690,49570,46984,58081,53158,67519,67831,88844,90536,100873,100251,70537,76667,49678,60890,13941,23874,794702,750752,69556,66858,181858,174939,38704,28,50
2021-08-26T23:59:59+02:00,7939,7323,54721,51730,61793,57303,71095,71925,92643,94827,104634,103914,72409,78770,50916,62510,14288,24676,49410,46831,57964,53055,67426,67741,88741,90458,100806,100183,70496,76632,49655,60868,13936,23865,793665,749937,69545,66821,181847,174907,38331,28,50
2021-08-25T23:59:59+02:00,7876,7270,54578,51579,61685,57155,70990,71811,92540,94730,104536,103834,72353,78719,50889,62478,14275,24662,49213,46639,57840,52919,67310,67621,88632,90348,100710,100098,70442,76586,49630,60830,13930,23850,792677,748815,69520,66790,181836,174873,37899,28,50
2021-08-24T23:59:59+02:00,7781,7191,54454,51394,61566,57023,70892,71695,92429,94625,104446,103750,72306,78681,50860,62439,14267,24647,49003,46425,57704,52756,67205,67495,88536,90263,100621,100020,70408,76537,49608,60805,13926,23835,791442,747489,69503,66770,181826,174852,37647,28,50
2021-08-23T23:59:59+02:00,7720,7118,54283,51221,61435,56899,70778,71585,92305,94520,104349,103654,72254,78621,50827,62397,14260,24636,48818,46252,57592,52630,67102,67398,88439,90175,100540,99943,70369,76487,49582,60767,13922,23823,790253,746498,69475,66746,181811,174800,37295,28,50
2021-08-22T23:59:59+02:00,7693,7094,54199,51145,61381,56836,70740,71528,92264,94478,104306,103626,72235,78607,50818,62384,14259,24630,48701,46143,57502,52539,67030,67338,88376,90117,100497,99902,70342,76465,49567,60749,13919,23816,789832,745834,69466,66737,181791,174750,37106,28,50
2021-08-21T23:59:59+02:00,7687,7091,54174,51130,61363,56824,70724,71514,92251,94461,104296,103616,72230,78605,50818,62383,14259,24629,48682,46126,57482,52531,67014,67319,88358,90102,100488,99893,70342,76462,49567,60748,13919,23816,789763,745746,69423,66722,181788,174744,37053,28,50
2021-08-20T23:59:59+02:00,7656,7057,54087,51055,61293,56763,70658,71453,92188,94399,104242,103581,72205,78576,50806,62358,14251,24619,48589,46051,57415,52469,66950,67268,88302,90043,100428,99856,70320,76441,49560,60733,13911,23812,789234,745245,69353,66713,181785,174721,36847,28,50
2021-08-19T23:59:59+02:00,7591,6978,53952,50936,61153,56653,70544,71343,92076,94311,104151,103490,72158,78521,50777,62318,14242,24599,48456,45949,57300,52382,66862,67191,88210,89963,100332,99791,70288,76413,49540,60709,13907,23803,788223,744607,69316,66680,181768,174676,36458,28,50
2021-08-18T23:59:59+02:00,7517,6921,53806,50802,61030,56544,70432,71248,91967,94226,104051,103410,72100,78470,50744,62282,14232,24578,48339,45823,57186,52287,66772,67116,88096,89877,100258,99719,70243,76375,49521,60686,13901,23786,787239,743908,69288,66656,181761,174626,36044,28,50
2021-08-17T23:59:59+02:00,7434,6842,53644,50639,60930,56419,70316,71128,91863,94123,103945,103311,72050,78428,50716,62257,14224,24567,48144,45646,57056,52151,66654,67011,87970,89783,100150,99625,70191,76326,49497,60668,13894,23774,786173,742893,69266,66625,181756,174570,35613,28,50
2021-08-16T23:59:59+02:00,7361,6781,53516,50508,60833,56309,70217,71033,91772,94018,103854,103212,72006,78378,50688,62214,14216,24559,48005,45531,56952,52082,66559,66927,87873,89701,100067,99529,70149,76290,49473,60642,13887,23769,785310,742273,69219,66589,181743,174504,35175,28,49
2021-08-15T23:59:59+02:00,7313,6742,53436,50425,60764,56241,70153,70969,91717,93969,103803,103166,71971,78351,50681,62198,14212,24550,47899,45435,56857,51996,66491,66863,87800,89639,100012,99483,70112,76257,49461,60622,13882,23757,784839,741792,69207,66561,181733,174424,34854,28,49
2021-08-14T23:59:59+02:00,7292,6726,53363,50356,60717,56201,70118,70922,91679,93930,103764,103130,71950,78343,50672,62187,14210,24548,47656,45163,56695,51810,66343,66710,87667,89517,99898,99375,70063,76214,49450,60599,13878,23752,784361,739969,69200,66555,181733,174415,34786,28,49
2021-08-13T23:59:59+02:00,7252,6691,53255,50261,60634,56120,70065,70854,91603,93875,103713,103085,71927,78322,50660,62175,14208,24541,47148,44661,56455,51542,66113,66461,87395,89267,99702,99172,69976,76115,49411,60539,13872,23732,783611,736494,69196,66547,181733,174340,34673,28,49
2021-08-12T23:59:59+02:00,7223,6665,53152,50191,60573,56045,69995,70808,91533,93818,103652,103040,71896,78290,50646,62159,14206,24527,46651,44218,56176,51240,65855,66240,87140,89048,99363,98900,69871,75982,49357,60475,13861,23704,783182,733448,69171,66524,181718,173891,34320,28,48
2021-08-11T23:59:59+02:00,7159,6595,52988,50020,60443,55927,69909,70715,91425,93714,103552,102933,71835,78225,50615,62119,14200,24512,45973,43597,55799,50860,65598,65947,86845,88785,99030,98533,69731,75838,49298,60376,13850,23676,782012,729345,69150,66490,181709,173457,33987,28,48
2021-08-10T23:59:59+02:00,7084,6511,52791,49835,60306,55809,69806,70595,91301,93585,103432,102829,71784,78168,50585,62088,14192,24503,45018,42688,55134,50211,65109,65497,86387,88304,98545,98075,69531,75641,49206,60279,13830,23639,780671,723101,69141,66461,181703,172953,33661,28,48
2021-08-09T23:59:59+02:00,7042,6466,52680,49746,60232,55738,69752,70535,91234,93516,103364,102771,71741,78132,50579,62072,14188,24495,44004,41625,54424,49522,64637,65069,85944,87867,98035,97608,69351,75419,49126,60156,13805,23603,780123,716642,69073,66418,181692,172393,33367,28,48
2021-08-08T23:59:59+02:00,6997,6427,52615,49680,60188,55707,69719,70512,91182,93469,103311,102730,71720,78111,50565,62052,14182,24490,43950,41562,54357,49478,64581,65036,85877,87810,97971,97559,69327,75391,49107,60132,13797,23596,779847,716373,69068,66404,181678,172314,33036,28,48
2021-08-07T23:59:59+02:00,6959,6387,52505,49554,60120,55633,69664,70447,91112,93408,103260,102683,71703,78094,50555,62046,14182,24489,42984,40534,53798,48901,64148,64633,85506,87417,97653,97213,69184,75248,49051,60051,13780,23578,779072,709998,69063,66389,181678,172306,32960,28,46
2021-08-06T23:59:59+02:00,6919,6326,52367,49425,60044,55567,69598,70363,91034,93333,103200,102630,71679,78071,50544,62028,14180,24484,42302,39923,53551,48636,63926,64394,85273,87198,97425,97013,69101,75157,49009,60011,13774,23565,778202,706396,69060,66309,181677,172169,32825,28,46
2021-08-05T23:59:59+02:00,6811,6219,52114,49201,59875,55381,69456,70220,90877,93188,103061,102496,71619,78009,50518,61988,14167,24466,41469,39226,53036,48175,63560,64048,84823,86801,96808,96499,68918,74974,48944,59913,13756,23534,776600,701877,69009,66262,181647,171043,32382,28,46
2021-08-04T23:59:59+02:00,6724,6134,51919,48973,59727,55204,69345,70071,90742,93073,102943,102381,71559,77946,50492,61942,14156,24437,40624,38435,52663,47776,63244,63735,84454,86472,96396,96098,68755,74804,48868,59817,13741,23500,775207,697308,68968,66246,181633,170248,31932,28,46
2021-08-03T23:59:59+02:00,6650,6077,51752,48836,59602,55083,69254,69982,90643,92976,102848,102300,71508,77911,50472,61918,14148,24422,39632,37480,51868,47104,62704,63215,83937,85990,95690,95468,68515,74591,48777,59703,13720,23456,774182,691085,68959,66227,181626,169073,31587,28,46
2021-08-02T23:59:59+02:00,6601,6034,51618,48696,59512,55004,69172,69913,90590,92905,102772,102239,71469,77869,50452,61896,14141,24409,38352,36303,50903,46295,61997,62637,83333,85424,94893,94771,68263,74335,48691,59571,13700,23418,773491,683456,68911,66183,181598,167760,31264,28,46
2021-08-01T23:59:59+02:00,6559,5981,51446,48536,59366,54894,69079,69799,90482,92815,102685,102147,71429,77832,50430,61855,14137,24393,38169,36167,50749,46204,61868,62545,83154,85285,94443,94368,68147,74227,48652,59522,13690,23398,772452,682822,68883,66128,181580,166449,30922,28,46
2021-07-31T23:59:59+02:00,6516,5948,51351,48416,59312,54824,69031,69757,90442,92786,102659,102123,71418,77820,50422,61852,14137,24390,36557,34652,49840,45336,61332,61981,82649,84772,93962,93935,67957,74022,48573,59427,13672,23365,771850,673659,68879,66121,181580,166334,30867,28,46
2021-07-30T23:59:59+02:00,6481,5895,51200,48280,59231,54741,68961,69700,90368,92706,102604,102085,71401,77797,50413,61829,14134,24386,35091,33240,48865,44384,60605,61295,81965,84154,93280,93357,67724,73789,48468,59277,13653,23334,771094,664133,68855,66110,181574,166030,30661,28,46
2021-07-29T23:59:59+02:00,6366,5776,50768,47911,59019,54474,68770,69509,90179,92517,102444,101948,71326,77714,50381,61774,14119,24368,34361,32621,48241,43940,60206,60950,81543,83802,92513,92685,67528,73635,48406,59190,13633,23305,768783,660291,68802,65974,181531,164391,30219,28,46
2021-07-28T23:59:59+02:00,6294,5712,50512,47715,58888,54325,68645,69415,90055,92395,102337,101854,71269,77657,50357,61736,14110,24351,34033,32325,47927,43710,59982,60738,81368,83638,92277,92487,67454,73570,48377,59156,13620,23295,767475,658625,68772,65886,181504,163873,29848,28,45
2021-07-27T23:59:59+02:00,6243,5666,50351,47576,58753,54233,68552,69328,89956,92286,102230,101779,71227,77604,50328,61703,14103,24338,32569,30914,46655,42610,59151,59952,80763,83113,91261,91638,67179,73286,48290,59029,13590,23254,766592,649951,68748,65820,181481,162089,29407,28,45
2021-07-26T23:59:59+02:00,6220,5637,50229,47487,58653,54148,68477,69275,89867,92226,102166,101729,71189,77568,50304,61683,14098,24329,31196,29648,45332,41485,58049,58967,80061,82480,90095,90611,66871,73014,48200,58913,13567,23212,766055,640868,68682,65729,181443,159790,29078,27,45
2021-07-25T23:59:59+02:00,6200,5619,50115,47380,58565,54082,68416,69218,89803,92170,102108,101682,71156,77532,50287,61660,14095,24319,30988,29489,45068,41290,57795,58742,79790,82277,89138,89759,66664,72841,48133,58840,13556,23188,765646,639704,68670,65614,181419,157334,28645,27,45
2021-07-24T23:59:59+02:00,6165,5590,49996,47287,58500,54018,68367,69163,89757,92127,102068,101641,71151,77526,50284,61657,14094,24315,29374,27885,43902,40196,57099,58029,79173,81704,88496,89196,66485,72649,48062,58739,13542,23165,765040,629593,68662,65602,181411,157195,28566,27,45
2021-07-23T23:59:59+02:00,6081,5503,49818,47110,58405,53912,68259,69061,89652,92025,101978,101546,71115,77469,50263,61626,14090,24309,27668,26347,42640,39111,56171,57140,78484,81091,87788,88532,66215,72377,47984,58638,13521,23135,763664,619015,68658,65440,181392,156726,28481,27,45
2021-07-22T23:59:59+02:00,5943,5389,49522,46828,58204,53712,68087,68893,89469,91873,101823,101414,71050,77387,50223,61574,14079,24290,26845,25513,41720,38298,55228,56312,77741,80464,86117,87027,65842,71978,47876,58506,13490,23083,761739,610507,68615,64944,181361,155252,28018,27,45
2021-07-21T23:59:59+02:00,5666,5105,48986,46299,57897,53399,67856,68616,89192,91626,101552,101147,70923,77256,50164,61509,14070,24264,26589,25291,41299,38017,54792,55927,77375,80185,85308,86422,65676,71849,47821,58440,13472,23058,758129,608552,68590,64673,181337,153475,27444,27,45
2021-07-20T23:59:59+02:00,5589,5031,48700,46021,57726,53194,67680,68472,89012,91474,101389,101003,70846,77190,50125,61462,14061,24236,25417,24136,39998,36983,53455,54726,76475,79415,83947,85079,65373,71507,47714,58303,13444,23013,756449,598157,68584,64527,181293,151891,26858,27,45
2021-07-19T23:59:59+02:00,5509,4946,48372,45695,57511,52984,67513,68270,88827,91298,101241,100841,70771,77108,50084,61412,14052,24207,24584,23293,38689,35860,51724,53226,75212,78368,82836,84099,65083,71250,47623,58185,13420,22973,754652,588121,68574,64382,181265,150106,26123,27,45
2021-07-18T23:59:59+02:00,5501,4945,48301,45641,57413,52906,67447,68202,88736,91231,101169,100776,70738,77067,50058,61379,14050,24195,24443,23190,38418,35642,51397,52941,74960,78176,81935,83334,64897,71073,47567,58112,13415,22951,754383,587068,68551,64223,181225,147878,25569,27,45
2021-07-17T23:59:59+02:00,5475,4909,48202,45563,57340,52844,67387,68146,88677,91170,101126,100757,70731,77052,50053,61373,14050,24194,23048,21714,37023,34340,50149,51749,74360,77623,81300,82739,64768,70925,47501,58051,13406,22931,753826,576165,68549,64199,181220,147741,25427,27,45
2021-07-16T23:59:59+02:00,5371,4831,47958,45330,57216,52738,67272,68036,88541,91076,101021,100655,70686,77002,50030,61355,14044,24187,21786,20465,35718,33090,48697,50427,73354,76689,80599,82079,64549,70705,47420,57951,13387,22898,752386,564507,68549,64140,181214,147539,25173,27,45
2021-07-15T23:59:59+02:00,5229,4704,47559,45004,57007,52538,67081,67853,88330,90876,100833,100489,70589,76901,49981,61281,14034,24158,21178,19961,34788,32394,47462,49490,72176,75777,78444,79951,63951,70108,47277,57774,13368,22835,750326,555178,68533,63113,181167,145693,24394,27,45
2021-07-14T23:59:59+02:00,4857,4377,46967,44429,56776,52271,66878,67650,88118,90633,100615,100292,70483,76791,49916,61198,14023,24134,20969,19813,34532,32238,47096,49192,71648,75388,77778,79417,63628,69832,47196,57690,13346,22800,746876,553386,68519,62931,181116,143790,23870,27,43
2021-07-13T23:59:59+02:00,4768,4298,46764,44275,56609,52118,66715,67503,87962,90506,100469,100166,70411,76729,49877,61152,14019,24118,20404,19274,33507,31424,45482,47735,69893,73728,76179,77862,63255,69441,47068,57520,13317,22748,745515,542471,68502,62160,181042,142178,23373,27,43
2021-07-12T23:59:59+02:00,4703,4222,46578,44085,56459,51976,66560,67377,87789,90367,100313,100028,70336,76646,49840,61099,14012,24100,19924,18836,32718,30801,43820,46282,67518,71653,74289,76361,62724,68857,46925,57358,13289,22698,744255,531367,68481,61598,180942,139604,22785,27,43
2021-07-11T23:59:59+02:00,4698,4218,46506,44032,56401,51926,66511,67341,87729,90318,100241,99969,70299,76603,49830,61084,14010,24086,19718,18689,32380,30554,43376,45910,67061,71296,73509,75665,62326,68480,46855,57268,13274,22665,744117,529599,68472,61275,180876,137131,22310,27,43
2021-07-10T23:59:59+02:00,4572,4084,46223,43721,56215,51731,66364,67167,87597,90179,100142,99863,70243,76546,49809,61058,14007,24077,19154,18128,31428,29687,41625,44326,65579,70015,72875,75048,62161,68329,46802,57216,13267,22651,742026,518956,68467,61259,180865,137087,22213,27,43
2021-07-09T23:59:59+02:00,4445,3967,45950,43467,56047,51540,66207,67008,87446,90017,100010,99757,70190,76473,49773,61017,14002,24065,18556,17552,30456,28729,39662,42394,63279,67890,71714,73908,61889,68004,46726,57090,13250,22626,739982,505238,68456,60877,180859,136681,22057,27,43
2021-07-08T23:59:59+02:00,4413,3941,45811,43354,55927,51422,66079,66906,87325,89895,99887,99660,70138,76419,49752,60978,13991,24052,17614,16745,29057,27692,37944,40947,61148,66071,68357,70757,60997,67035,46485,56749,13205,22531,739251,489976,68400,58811,180789,134100,21483,27,43
2021-07-07T23:59:59+02:00,4402,3936,45743,43311,55850,51378,65998,66864,87272,89855,99844,99609,70122,76397,49743,60960,13987,24042,16648,15885,27677,26683,36423,39718,59532,64616,65133,67286,59983,65996,46249,56428,13155,22458,738962,474679,68357,56910,180735,131954,21232,27,43
2021-07-06T23:59:59+02:00,4348,3888,45599,43184,55721,51238,65893,66755,87165,89766,99766,99525,70084,76338,49725,60932,13984,24028,15874,15139,26600,25772,34587,38013,56135,61595,62486,64834,59230,65207,45977,56094,13114,22355,737842,456804,68337,56096,180674,129826,21060,26,43
2021-07-05T23:59:59+02:00,4287,3844,45423,43009,55573,51142,65777,66647,87049,89672,99682,99431,70021,76274,49704,60905,13981,24013,15214,14509,25641,24957,33362,36882,53037,58626,59714,62372,58393,64398,45727,55783,13069,22278,736674,440731,68304,55739,180597,127347,20833,26,43
2021-07-04T23:59:59+02:00,4279,3838,45376,42983,55513,51116,65737,66626,87011,89640,99650,99404,69998,76254,49698,60890,13976,24003,15005,14303,25204,24607,32767,36354,52372,58099,58732,61509,57734,63768,45545,55581,13050,22231,736501,436649,68274,55535,180530,124667,20661,26,41
2021-07-03T23:59:59+02:00,4059,3661,44840,42418,55192,50744,65447,66351,86766,89380,99453,99206,69925,76182,49675,60844,13972,23992,14718,13981,24853,24255,31787,35434,50628,56546,57864,60772,57561,63573,45478,55496,13038,22206,732698,428063,68261,55519,180523,124625,20599,26,41
2021-07-02T23:59:59+02:00,3750,3374,44186,41825,54866,50413,65164,66049,86495,89128,99218,98981,69821,76069,49623,60775,13966,23975,14297,13531,24152,23647,30628,34372,48000,54383,55734,58983,57167,63147,45319,55339,13022,22168,728361,415558,68244,54468,180510,123896,20538,25,21
2021-07-01T23:59:59+02:00,3612,3264,43834,41472,54664,50238,65009,65890,86343,88990,99065,98861,69750,76001,49592,60741,13958,23960,13605,12836,22855,22559,28953,32856,45993,52639,53240,56705,55746,61578,44824,54722,12949,22040,726230,402015,68181,52153,180461,120075,20347,25,20
2021-06-30T23:59:59+02:00,3601,3248,43565,41275,54483,50113,64897,65803,86257,88926,98996,98811,69723,75978,49580,60719,13954,23949,12852,12230,21686,21665,27363,31491,44150,50923,49600,52745,54417,60247,44468,54283,12893,21912,725116,386264,68136,50255,180439,116633,20163,24,20
2021-06-29T23:59:59+02:00,3383,3028,42649,40432,53876,49521,64466,65377,85850,88474,98650,98481,69595,75829,49523,60649,13935,23918,12251,11623,20889,20901,26014,30288,41532,48521,47732,51202,53446,59139,44061,53747,12799,21759,719133,374245,68085,48746,180425,113253,19969,24,20
2021-06-28T23:59:59+02:00,3166,2848,41685,39426,53219,48877,64008,64995,85466,88085,98317,98137,69457,75668,49458,60549,13917,23895,11747,11172,20237,20312,25053,29393,39440,46581,46106,49838,52341,58094,43699,53242,12720,21639,712972,364771,67979,47719,180416,109576,19782,24,20
2021-06-27T23:59:59+02:00,3161,2845,41650,39394,53177,48846,63973,64963,85414,88050,98265,98110,69440,75656,49449,60535,13912,23892,11553,10978,19911,19995,24476,28835,38417,45733,44946,48746,51310,57085,43265,52736,12638,21503,712777,360187,67954,47278,180379,105263,19598,24,20
2021-06-26T23:59:59+02:00,2679,2372,40251,38021,52442,48093,63419,64400,84928,87535,97841,97678,69249,75480,49376,60431,13893,23869,11437,10876,19742,19842,24279,28619,37940,45296,44580,48396,51196,56940,43219,52688,12633,21488,704036,357244,67930,47272,180379,105245,19588,24,20
2021-06-25T23:59:59+02:00,2272,2039,39395,37201,52091,47730,63091,64075,84646,87222,97589,97412,69145,75367,49329,60369,13878,23847,11133,10564,19360,19418,23756,28001,35245,42995,42399,46482,50858,56561,43120,52559,12609,21458,698952,345677,67795,46825,180372,104597,19555,24,20
2021-06-24T23:59:59+02:00,2218,1988,38905,36740,51742,47397,62877,63871,84414,87029,97404,97261,69064,75300,49294,60323,13872,23831,10532,9979,18298,18549,22337,26754,33144,41161,39969,44189,49377,54915,42549,51857,12492,21255,696015,332820,67771,44220,180350,101047,19370,24,20
2021-06-23T23:59:59+02:00,2206,1964,38675,36504,51579,47235,62772,63769,84320,86935,97328,97176,69033,75269,49277,60302,13869,23820,10075,9549,17670,18002,21402,25903,31216,39534,36004,39728,48085,53555,42164,51351,12411,21089,694801,317311,67744,43599,180335,97744,19131,22,20
2021-06-22T23:59:59+02:00,2128,1902,37686,35562,50832,46562,62295,63329,83942,86526,96965,96864,68884,75127,49211,60221,13856,23787,9601,9103,16806,17316,20179,24832,28094,36765,33700,37854,47131,52585,41755,50793,12271,20853,688656,305145,67703,40859,180325,94671,18973,22,20
2021-06-21T23:59:59+02:00,1982,1763,36326,34328,49811,45682,61576,62671,83445,86056,96526,96462,68715,74956,49145,60126,13844,23752,9284,8804,16345,16952,19552,24351,26351,35201,32167,36559,46082,51507,41301,50244,12165,20661,680677,297799,67677,40217,180309,91028,18481,22,20
2021-06-20T23:59:59+02:00,1971,1754,36241,34275,49674,45570,61444,62544,83367,85998,96458,96404,68681,74928,49130,60108,13844,23741,9137,8702,16131,16784,19237,24093,25535,34549,31230,35611,45887,51304,41270,50192,12156,20641,680069,294021,67640,39627,180291,90698,18110,22,20
2021-06-19T23:59:59+02:00,1602,1453,34618,32715,48763,44747,60954,62035,82898,85519,96049,96050,68531,74762,49064,60025,13829,23717,9097,8623,16030,16663,19119,23943,25429,34391,31102,35473,45791,51208,41252,50167,12152,20631,671307,292688,67627,39624,180285,90665,18090,22,19
2021-06-18T23:59:59+02:00,1407,1280,32964,31115,47548,43554,60017,61118,82092,84774,95432,95472,68312,74542,48974,59886,13813,23687,9022,8534,15872,16512,18934,23753,25178,34152,30817,35155,45499,50864,41167,50091,12139,20617,660139,290515,67502,39508,180284,90239,18040,22,19
2021-06-17T23:59:59+02:00,1331,1221,32031,30266,46674,42848,59213,60272,81354,84126,95021,95090,68170,74398,48931,59810,13799,23658,8481,8165,15185,15951,18109,22930,24074,33027,29337,33801,44173,49361,40682,49479,12019,20429,653186,281573,67391,38684,180252,87580,17362,22,19
2021-06-16T23:59:59+02:00,1248,1157,31334,29562,45875,42099,58294,59402,80574,83358,94602,94713,68031,74238,48874,59719,13780,23632,7989,7840,14571,15440,17342,22207,22941,32074,28160,32695,42283,47246,40139,48899,11911,20244,646118,271860,67275,38085,180231,85186,16846,22,19
2021-06-15T23:59:59+02:00,1106,1038,29443,27758,44122,40559,56711,57763,79187,82042,93846,94044,67744,73946,48762,59561,13747,23567,7812,7709,14266,15202,16980,21908,22426,31694,27634,32272,41347,46230,39756,48477,11788,20024,631141,268804,67230,37582,180192,82772,16361,22,19
2021-06-14T23:59:59+02:00,1013,924,27890,26278,42511,39043,55053,56114,78087,80937,93150,93418,67493,73705,48666,59439,13727,23523,7626,7535,13888,14871,16457,21470,21739,31113,26956,31677,40965,45807,39374,48028,11657,19819,617885,266141,67175,37173,180164,79935,15725,22,19
2021-06-13T23:59:59+02:00,989,899,27688,26095,42129,38714,54515,55595,77740,80633,92958,93228,67402,73625,48629,59382,13712,23498,7482,7364,13620,14578,16074,21078,21311,30625,26423,31177,40567,45403,38916,47464,11478,19534,615185,264063,67041,37104,180135,76871,15048,22,19
2021-06-12T23:59:59+02:00,860,784,26152,24490,40957,37628,53840,54862,77207,80138,92407,92703,67247,73447,48560,59305,13699,23477,7436,7313,13499,14469,15941,20967,21127,30478,26307,31080,40550,45387,38908,47454,11478,19533,605588,263287,67037,37102,180129,76543,14987,22,19
2021-06-11T23:59:59+02:00,746,675,24522,22951,39597,36433,52613,53654,76238,79287,91830,92128,67011,73213,48498,59197,13680,23442,7379,7224,13328,14286,15730,20776,20858,30223,26038,30823,40242,45011,38823,47340,11461,19505,593783,261404,66959,36957,180121,75848,14830,22,19
2021-06-10T23:59:59+02:00,645,587,23524,21937,38373,35249,51011,52152,74919,78095,90218,90583,66657,72818,48371,59024,13655,23387,7098,6997,12808,13850,15098,20209,20095,29469,25245,30151,39541,44150,38473,46924,11348,19322,580867,257964,66483,36924,180068,72117,13765,22,19
2021-06-09T23:59:59+02:00,575,538,23070,21545,37714,34725,49901,51115,73680,76899,89628,90078,66531,72672,48321,58939,13640,23357,6822,6685,12209,13248,14318,19400,19180,28448,24261,28994,36973,41235,37908,46279,11200,19082,573701,247657,66026,36848,180028,68579,13151,22,18
2021-06-08T23:59:59+02:00,469,427,21550,20068,36097,33357,47793,49156,71542,74966,88157,88597,66216,72286,48186,58779,13608,23313,6692,6506,11834,12881,13839,18915,18579,27846,23706,28460,36689,40982,37619,45912,11092,18926,556309,246017,65751,36771,179995,65193,12490,22,18
2021-06-07T23:59:59+02:00,354,333,20541,19081,34551,32019,45517,47132,69406,73089,87179,87746,65993,72021,48112,58644,13588,23278,6539,6343,11414,12532,13301,18439,17852,27260,23073,27865,36370,40678,37200,45431,10979,18730,541096,244033,65581,36707,179941,61315,11944,22,18
2021-06-06T23:59:59+02:00,331,312,20358,18936,34158,31736,44912,46566,68789,72608,86968,87579,65938,71962,48101,58617,13581,23266,6406,6174,11093,12120,12873,17869,17215,26450,22376,27060,35903,40204,36720,44876,10823,18462,537991,241597,65258,36658,179898,56813,11549,22,18
2021-06-05T23:59:59+02:00,259,247,19107,17651,32817,30519,43681,45389,68215,72092,86438,87069,65847,71860,48053,58568,13574,23254,6355,6093,10990,11966,12750,17698,17047,26241,22206,26877,35841,40126,36698,44852,10821,18457,527957,241009,65258,36245,179874,56228,11529,22,18
2021-06-04T23:59:59+02:00,178,177,17907,16494,31498,29222,42123,43892,66872,70774,85627,86317,65660,71647,47976,58476,13558,23226,6252,5951,10814,11759,12535,17445,16690,25856,21686,26439,34957,39272,36382,44552,10804,18435,515087,239180,65191,35917,179866,53268,11458,22,17
2021-06-03T23:59:59+02:00,123,124,17267,15917,30511,28397,40668,42606,65099,69245,83373,84033,65236,71195,47848,58314,13540,23188,6081,5743,10507,11408,12218,16983,16244,25194,21140,25859,34291,38484,36208,44350,10771,18385,501301,236860,64498,35531,179826,50433,11037,22,16
2021-06-02T23:59:59+02:00,94,81,16922,15604,30203,28137,40001,41985,63511,67855,82433,83233,65094,71031,47788,58231,13537,23173,5965,5651,10337,11255,11995,16773,15951,24892,20798,25468,31052,34863,35981,44127,10742,18331,493793,228195,64497,35200,179825,50004,10776,22,16
2021-06-01T23:59:59+02:00,38,46,16127,14928,28707,27047,37643,39926,59954,64676,80004,80913,64744,70666,47660,58042,13503,23118,5690,5365,9823,10823,11465,16185,15292,24102,20059,24715,30707,34566,35783,43948,10714,18269,475457,226738,62941,34695,179756,46502,9566,22,15
2021-05-31T23:59:59+02:00,30,38,15556,14450,27772,26350,35679,38259,56514,61652,77971,79207,64411,70310,47516,57867,13470,23066,5528,5150,9415,10460,11036,15708,14758,23419,19434,24009,30420,34314,35600,43754,10678,18212,459679,226065,62224,34309,179690,43012,8503,22,15
2021-05-30T23:59:59+02:00,29,35,15410,14324,27493,26123,35228,37853,55803,61033,77652,78933,64349,70252,47491,57832,13466,23056,5425,4957,9088,10093,10625,15223,14309,22619,18907,23240,29744,33600,35373,43560,10656,18151,456713,225613,61790,34229,179641,37526,8196,22,15
2021-05-29T23:59:59+02:00,27,34,15012,13924,26637,25303,33467,36258,54319,59734,77063,78367,64198,70103,47438,57779,13459,23042,5391,4881,9026,9982,10535,15110,14202,22473,18777,23103,29714,33577,35367,43552,10655,18148,446557,225140,61758,34229,179636,36927,8191,22,15
2021-05-28T23:59:59+02:00,24,33,14600,13518,25819,24554,31614,34492,52145,57728,76007,77372,63993,69852,47386,57702,13449,23019,5306,4764,8853,9837,10382,14941,14044,22238,18569,22801,29645,33530,35350,43536,10654,18144,434568,224480,61288,34223,179548,36004,7881,22,15
2021-05-27T23:59:59+02:00,20,28,13974,13049,24754,23832,30369,33564,50538,56353,72905,74387,63551,69315,47251,57540,13425,22965,5192,4523,8525,9501,9983,14513,13605,21606,18069,22203,29423,33326,35240,43424,10632,18116,422415,223848,59328,34154,178919,32737,7136,22,15
2021-05-26T23:59:59+02:00,19,26,13485,12619,23843,23180,29451,32868,49450,55426,69944,71195,62939,68706,47116,57369,13395,22919,5106,4358,8270,9185,9685,14126,13247,21007,17635,21606,29231,33159,35142,43320,10606,18066,411589,223246,57151,34036,178421,29694,6767,22,15
2021-05-25T23:59:59+02:00,19,21,13138,12318,23263,22774,28400,32012,46853,53191,67681,69067,62587,68339,47003,57220,13377,22868,5025,4234,8063,8928,9431,13753,12935,20487,17254,21059,29072,33005,35058,43217,10580,18011,399734,222708,56086,33955,177799,26954,6490,22,14
2021-05-24T23:59:59+02:00,18,20,12839,12036,22763,22391,27782,31562,44231,50760,65227,66880,62280,68041,46893,57094,13344,22812,4953,4126,7813,8696,9114,13376,12607,19976,16869,20502,28930,32867,34984,43145,10558,17965,388081,222143,55604,33891,177133,24309,6133,22,14
2021-05-23T23:59:59+02:00,18,20,12778,11966,22668,22308,27702,31486,43975,50530,64640,66330,62200,67952,46868,57076,13342,22810,4933,4111,7776,8666,9056,13345,12529,19916,16794,20448,28921,32854,34980,43139,10558,17963,385877,221870,55524,33884,177119,24103,6127,22,14
2021-05-22T23:59:59+02:00,18,20,12554,11726,22346,22003,26698,30598,42140,48948,63785,65592,62038,67761,46802,56985,13332,22787,4917,4056,7749,8604,9015,13282,12499,19833,16764,20383,28911,32844,34976,43133,10557,17962,377383,221783,55513,33884,177114,23712,6101,22,14
2021-05-21T23:59:59+02:00,18,19,12249,11473,21776,21565,25889,29911,39751,47057,61813,63927,61777,67490,46718,56897,13317,22762,4898,4028,7695,8516,8947,13193,12421,19739,16691,20299,28895,32819,34969,43123,10555,17961,366981,221584,54454,33870,176924,23262,6028,22,14
2021-05-20T23:59:59+02:00,17,19,11627,10894,20657,20679,24748,28891,38246,45779,59471,61860,60959,66591,46519,56639,13283,22707,4617,3849,7293,8223,8508,12797,11967,19228,16274,19779,28774,32723,34918,43072,10551,17951,356509,221187,52100,33761,175649,20265,5306,22,14
2021-05-19T23:59:59+02:00,17,19,11187,10579,19870,20134,23900,28297,37344,45094,56236,58223,60267,65887,46410,56504,13261,22660,4464,3682,7037,7978,8231,12468,11639,18801,15905,19356,28676,32610,34876,42998,10541,17936,346056,220713,50483,33645,174512,18019,4816,22,14
2021-05-18T23:59:59+02:00,17,19,10854,10292,19297,19683,23255,27741,35945,43870,54826,57096,59896,65463,46280,56342,13236,22635,4356,3557,6791,7746,7971,12183,11407,18400,15560,18926,28593,32520,34846,42959,10537,17929,340692,220428,48643,33565,173030,15923,4360,22,14
2021-05-17T23:59:59+02:00,16,18,10634,10109,18864,19398,22825,27433,34744,42874,53517,56063,59647,65216,46217,56243,13220,22602,4284,3470,6582,7528,7722,11889,11149,18004,15249,18522,28501,32433,34822,42917,10531,17916,336628,220133,47650,33498,171510,14053,3830,22,14
2021-05-16T23:59:59+02:00,16,17,10444,9977,18569,19196,22489,27194,34108,42415,52281,54894,59454,65052,46181,56189,13209,22582,4216,3394,6362,7362,7429,11635,10881,17651,14954,18159,28435,32371,34806,42899,10524,17912,334203,219885,46772,33435,169888,12284,3382,22,13
2021-05-15T23:59:59+02:00,16,17,10346,9876,18417,19049,22320,27053,33723,42046,51887,54518,59337,64905,46133,56144,13206,22566,4175,3359,6278,7297,7336,11532,10779,17532,14846,18029,28340,32253,34715,42806,10520,17907,331807,218796,46771,33433,169753,12265,3206,22,13
2021-05-14T23:59:59+02:00,15,17,10061,9667,17983,18808,21921,26768,31365,40269,49737,52663,59119,64678,46085,56060,13190,22544,4045,3274,5992,7135,7028,11308,10430,17181,14500,17702,27766,31547,34594,42614,10502,17878,322648,215495,46718,33428,169139,12145,2424,21,13
2021-05-13T23:59:59+02:00,15,17,9598,9290,17189,18244,21049,26090,30246,39284,47495,50492,58272,63705,45876,55777,13151,22472,3540,3075,5655,6880,6716,10999,10023,16791,14123,17268,26871,30347,34170,42097,10471,17816,314153,210900,44854,32874,167119,10948,2116,20,13
2021-05-12T23:59:59+02:00,15,17,9305,9099,16754,17988,20579,25804,29718,38899,44492,46846,57698,63064,45792,55664,13133,22447,3399,2987,5424,6769,6438,10854,9741,16582,13884,17003,26226,29526,34006,41902,10445,17782,304979,207877,44031,32848,166827,10780,1459,18,13
2021-05-11T23:59:59+02:00,15,15,8863,8813,15982,17473,19719,25188,27976,37454,42560,45343,57320,62618,45707,55529,13113,22419,3279,2856,5194,6427,6136,10439,9376,16021,13446,16447,24801,27858,33496,41280,10394,17697,299488,201908,40973,32665,164338,9281,1290,18,12
2021-05-10T23:59:59+02:00,15,14,8601,8660,15469,17222,19090,24872,26984,36765,41101,44195,57059,62346,45628,55426,13093,22388,3169,2728,4962,6196,5882,10113,9048,15545,13083,16029,23754,26527,33009,40694,10358,17639,296207,197261,40066,32639,161662,7858,976,17,10
2021-05-09T23:59:59+02:00,15,14,8442,8576,15161,17038,18712,24622,26316,36340,39319,42536,56761,62068,45575,55368,13085,22370,3048,2674,4781,6059,5712,9940,8851,15338,12915,15855,23480,26195,32864,40519,10348,17624,293251,196063,39693,32598,158655,6838,702,17,10
2021-05-08T23:59:59+02:00,15,14,8367,8500,14984,16893,18502,24424,26090,36102,39088,42347,56634,61919,45538,55331,13082,22360,3041,2656,4749,6023,5670,9894,8774,15273,12829,15785,23112,25768,32578,40208,10340,17608,291699,194875,39238,31893,158534,6836,702,17,10
2021-05-07T23:59:59+02:00,14,13,8193,8401,14659,16711,18120,24191,25668,35814,38635,41969,56360,61564,45489,55284,13077,22350,2737,2522,4397,5836,5401,9632,8460,14961,12434,15389,22015,24396,31932,39377,10312,17558,289173,191423,38807,30394,158208,5233,307,17,10
2021-05-06T23:59:59+02:00,13,13,7541,8040,13764,16111,17066,23344,24330,34702,36488,40307,55232,60244,45247,54978,13042,22284,2610,2409,4223,5639,5192,9322,8117,14519,12002,14933,20710,22714,31078,38372,10261,17447,278543,185808,37527,29435,156390,4034,269,17,10
2021-05-05T23:59:59+02:00,11,13,7000,7733,12980,15560,16039,22580,22950,33678,34664,38822,53395,58206,44930,54632,13009,22218,2520,2349,4049,5481,5003,9110,7772,14179,11634,14576,19322,20933,29888,36958,10221,17346,267107,179688,36604,28265,154602,3296,90,17,10
2021-05-04T23:59:59+02:00,11,12,6811,7637,12623,15388,15556,22309,22309,33333,33703,38128,52538,57246,44809,54506,12991,22177,2464,2278,3896,5311,4828,8852,7431,13771,11206,14116,17672,19009,28794,35630,10127,17226,263352,172882,35738,27328,152945,2363,36,16,10
2021-05-03T23:59:59+02:00,11,12,6664,7488,12248,15172,15051,21999,21601,32929,32551,37238,52240,56929,44713,54398,12976,22145,2405,2207,3803,5131,4686,8615,7215,13422,10885,13708,16469,17516,27915,34532,10063,17119,260067,167318,35279,26977,150977,1368,26,16,10
2021-05-02T23:59:59+02:00,11,12,6584,7398,12037,15000,14757,21766,21126,32609,31400,36292,51957,56638,44651,54307,12959,22114,2391,2200,3782,5099,4657,8579,7149,13350,10803,13618,16158,17123,27619,34226,10051,17107,257642,165758,35208,26866,148727,1263,25,16,8
2021-05-01T23:59:59+02:00,11,12,6566,7373,11975,14955,14680,21707,21025,32536,31273,36200,51951,56622,44647,54306,12957,22112,2388,2191,3759,5082,4615,8554,7112,13313,10743,13563,15960,16900,27503,34089,10048,17097,257084,164792,35207,26839,148576,1261,25,16,8
2021-04-30T23:59:59+02:00,11,12,6529,7335,11885,14866,14575,21590,20830,32350,31035,36009,51679,56262,44602,54252,12952,22100,2359,2170,3697,5020,4519,8445,6961,13128,10466,13299,15149,15874,26633,33015,10007,17008,255312,161588,35164,24948,148358,1190,24,16,8
2021-04-29T23:59:59+02:00,11,12,6324,7211,11565,14679,14222,21354,20311,32062,30281,35518,51028,55437,44511,54138,12928,22025,2322,2124,3605,4931,4394,8309,6767,12911,10190,13014,14178,14641,25330,31472,9946,16916,252147,155896,35070,24202,146361,929,23,16,8
2021-04-28T23:59:59+02:00,11,12,6057,7046,11188,14344,13733,20889,19674,31457,29114,34391,48363,52434,44220,53813,12865,21947,2283,2084,3536,4871,4279,8193,6607,12727,9943,12795,13035,13161,23841,29594,9885,16813,242221,149930,34941,22997,144369,710,11,16,7
2021-04-27T23:59:59+02:00,11,12,5955,6954,11039,14223,13533,20728,19397,31246,28554,34005,48157,52214,44164,53762,12857,21925,2241,2050,3445,4777,4186,8084,6441,12543,9664,12519,11823,11599,22189,27439,9809,16668,240860,143123,34894,21812,142956,533,11,15,6
2021-04-26T23:59:59+02:00,11,12,5907,6909,10922,14158,13372,20607,19170,31036,27723,33436,47820,51848,44110,53697,12848,21896,2218,2022,3392,4734,4124,8015,6340,12410,9474,12343,10908,10438,20908,25691,9751,16582,240142,137851,34867,21069,140448,423,11,14,4
2021-04-25T23:59:59+02:00,11,12,5861,6862,10818,14063,13212,20453,18926,30753,26963,32699,47322,51336,44027,53597,12834,21876,2191,2011,3362,4715,4106,7996,6307,12369,9417,12283,10747,10246,20666,25368,9741,16568,238444,136997,34824,20725,138332,364,11,14,4
2021-04-24T23:59:59+02:00,11,12,5840,6814,10743,13978,13116,20312,18794,30576,26802,32520,47221,51213,43934,53502,12830,21871,2184,2001,3338,4688,4067,7950,6235,12296,9287,12166,10589,10065,20534,25237,9725,16550,236981,136474,34806,20085,138277,346,11,14,4
2021-04-23T23:59:59+02:00,11,12,5776,6722,10613,13779,12917,20059,18485,30200,26410,32159,46277,50079,43780,53257,12807,21839,2166,1979,3297,4653,4019,7895,6140,12206,9122,12038,10322,9767,20210,24816,9677,16470,232595,135352,34749,19083,137813,335,11,14,4
2021-04-22T23:59:59+02:00,11,12,5673,6607,10405,13584,12567,19729,17976,29728,25782,31567,44547,47926,43208,52528,12761,21738,2152,1968,3257,4600,3942,7821,6012,12106,8863,11873,9891,9360,19758,24228,9627,16392,226358,133234,34639,18305,135327,303,11,14,4
2021-04-21T23:59:59+02:00,11,11,5577,6469,10176,13382,12239,19416,17473,29234,25067,30839,40277,43062,42732,51993,12695,21634,2140,1959,3222,4564,3887,7763,5933,12013,8687,11713,9561,8977,19258,23637,9567,16297,214263,131591,34573,17299,133426,280,11,14,4
2021-04-20T23:59:59+02:00,11,11,5497,6379,9982,13166,11963,19153,17053,28826,24514,30278,38522,41050,42080,51218,12625,21496,2115,1946,3183,4539,3820,7718,5800,11916,8515,11585,9278,8657,18788,22971,9470,16156,208047,130228,34483,15995,131270,226,11,13,4
2021-04-19T23:59:59+02:00,11,10,5417,6301,9823,13039,11762,18948,16691,28445,23972,29809,36968,39258,41493,50493,12569,21407,2099,1927,3148,4504,3779,7674,5761,11846,8431,11494,9041,8374,18382,22405,9424,16065,203029,128537,34427,15604,128938,205,11,11,4
2021-04-18T23:59:59+02:00,11,9,5355,6250,9692,12956,11563,18811,16413,28247,23569,29497,35662,37896,41145,50087,12537,21344,2087,1911,3119,4482,3753,7658,5716,11800,8380,11445,8941,8283,18229,22217,9411,16042,201495,128050,34385,15216,125142,200,11,11,4
2021-04-17T23:59:59+02:00,11,9,5349,6234,9657,12925,11518,18771,16336,28180,23505,29439,35353,37558,41037,49990,12531,21333,2077,1903,3092,4470,3695,7613,5645,11749,8294,11393,8831,8174,18124,22100,9390,16029,200268,127247,34376,15126,125070,198,11,11,4
2021-04-16T23:59:59+02:00,11,9,5284,6195,9568,12865,11385,18659,16123,28020,23156,29091,34271,36299,40627,49464,12511,21299,1944,1815,2865,4290,3336,7298,4876,11217,6801,10300,6327,6127,16320,20418,9200,15732,196106,117944,34288,10718,124421,196,11,11,4
2021-04-15T23:59:59+02:00,11,9,5217,6104,9368,12695,11089,18411,15627,27627,22467,28492,32372,33979,39586,48255,12435,21135,1899,1783,2800,4226,3219,7179,4659,11035,6424,9989,5866,5729,15729,19735,9014,15403,190288,114825,34237,9667,120332,189,11,11,4
2021-04-14T23:59:59+02:00,11,8,5155,6058,9200,12566,10870,18234,15226,27314,21820,28012,30449,31729,38370,46839,12361,20950,1817,1728,2717,4160,3110,7086,4454,10868,6118,9737,5384,5316,15145,19046,8812,15053,183922,112202,34100,8208,117128,133,11,11,4
2021-04-13T23:59:59+02:00,11,8,5108,6005,9063,12436,10691,18064,14884,27039,21298,27547,28351,29281,37113,45246,12221,20746,1772,1711,2679,4117,3055,7025,4323,10728,5848,9527,5044,5012,14698,18598,8680,14852,177046,110784,34034,6841,114010,36,11,11,4
2021-04-12T23:59:59+02:00,10,8,5046,5955,8953,12299,10486,17916,14562,26759,20756,27091,26312,27012,35955,43782,12094,20549,1739,1668,2650,4098,3028,6972,4263,10661,5745,9427,4883,4867,14399,18228,8569,14653,171330,109945,33957,5862,110236,35,11,11,4
2021-04-11T23:59:59+02:00,10,8,5007,5912,8862,12220,10328,17815,14299,26581,20332,26767,25114,25726,35250,42997,12006,20401,1730,1662,2629,4078,3006,6947,4230,10615,5658,9359,4791,4812,14284,18106,8531,14601,169549,109747,33886,5257,106178,27,11,11,4
2021-04-10T23:59:59+02:00,10,8,4996,5898,8821,12193,10273,17780,14231,26532,20236,26687,24800,25352,34905,42578,11999,20380,1725,1656,2620,4070,2991,6931,4201,10586,5601,9320,4713,4733,14158,17944,8484,14517,168337,108959,33164,5256,106156,27,11,11,4
2021-04-09T23:59:59+02:00,10,8,4949,5865,8736,12115,10150,17656,14063,26356,19975,26445,23965,24198,33952,41370,11966,20307,1697,1626,2566,4035,2919,6869,4050,10473,5347,9095,4293,4359,13597,17229,8258,14152,164976,105284,31650,5248,105441,27,8,11,4
2021-04-08T23:59:59+02:00,10,8,4872,5800,8588,12004,9936,17479,13667,26043,19369,25977,22263,22217,32266,39404,11821,20073,1667,1610,2512,3988,2838,6782,3902,10335,5053,8830,3840,3934,12611,15984,7786,13394,159229,100311,30745,4727,101804,22,8,11,4
2021-04-07T23:59:59+02:00,10,7,4825,5748,8406,11927,9708,17329,13347,25816,18900,25617,20452,20105,30509,37146,11706,19862,1634,1594,2456,3936,2776,6702,3793,10189,4864,8640,3579,3645,11928,15179,7417,12849,153191,97009,29571,4155,98642,12,7,9,4
2021-04-06T23:59:59+02:00,10,7,4778,5703,8262,11815,9547,17164,13029,25550,18381,25231,18601,18043,28592,34660,11511,19519,1599,1575,2433,3910,2743,6665,3728,10145,4782,8550,3471,3523,11451,14533,7135,12442,146368,94705,28611,3964,95409,11,7,8,4
2021-04-05T23:59:59+02:00,10,7,4747,5661,8166,11726,9408,17064,12818,25338,17980,24884,16874,16108,26964,32516,11367,19297,1578,1564,2403,3891,2714,6617,3685,10086,4697,8435,3360,3416,11113,14164,6979,12163,140956,93315,28176,3535,91790,10,7,6,4
2021-04-04T23:59:59+02:00,10,7,4739,5655,8158,11715,9395,17051,12793,25318,17952,24859,16742,15934,26768,32269,11358,19284,1577,1563,2401,3888,2712,6614,3683,10083,4693,8432,3350,3403,11102,14152,6976,12155,140236,93235,28084,3535,91677,10,6,4,4
2021-04-03T23:59:59+02:00,10,7,4735,5647,8144,11707,9375,17031,12754,25287,17874,24796,16662,15845,26723,32212,11353,19277,1574,1561,2392,3880,2694,6600,3659,10055,4610,8377,3232,3288,11020,14078,6970,12145,139708,92586,28056,3535,91665,10,6,4,4
2021-04-02T23:59:59+02:00,10,7,4709,5627,8087,11653,9312,16963,12615,25181,17639,24596,16211,15368,26248,31638,11321,19224,1572,1551,2379,3874,2687,6584,3638,10023,4541,8284,3163,3220,10783,13779,6818,11943,138505,91294,26647,3531,91247,10,6,4,4
2021-04-01T23:59:59+02:00,9,7,4666,5566,7975,11511,9181,16803,12342,24896,17194,24197,15463,14642,25493,30679,11195,19041,1555,1529,2348,3842,2665,6554,3598,9984,4472,8219,3052,3091,9853,12663,6207,11097,136271,87291,25983,3427,88598,9,4,4,4
2021-03-31T23:59:59+02:00,9,7,4456,5486,7865,11389,9040,16638,12124,24620,16841,23832,14767,13880,24661,29670,11090,18849,1546,1524,2334,3822,2639,6526,3550,9935,4401,8148,2962,3001,9283,11968,5844,10602,134475,84873,24525,3201,86216,9,4,4,4
2021-03-30T23:59:59+02:00,9,7,4425,5432,7792,11262,8954,16479,11961,24430,16562,23523,14175,13238,23905,28692,10952,18608,1532,1514,2315,3797,2613,6497,3511,9870,4335,8077,2838,2855,8700,11314,5494,10115,132996,82568,23315,2803,84087,4,4,4,4
2021-03-29T23:59:59+02:00,9,7,4384,5374,7692,11149,8847,16316,11802,24158,16233,23175,13634,12638,23145,27721,10799,18363,1514,1501,2296,3781,2591,6468,3476,9813,4271,8002,2785,2787,8413,10929,5304,9806,131158,81187,22561,2544,81719,4,4,4,4
2021-03-28T23:59:59+02:00,9,7,4349,5289,7607,11041,8770,16164,11667,23929,15974,22902,13310,12329,22579,27030,10625,18084,1505,1495,2274,3767,2576,6439,3436,9763,4233,7944,2737,2736,8335,10825,5261,9741,130659,80844,22042,2217,78956,4,4,4,4
2021-03-27T23:59:59+01:00,9,7,4335,5278,7581,11011,8704,16093,11567,23834,15832,22786,13104,12116,22378,26819,10590,18055,1504,1493,2271,3765,2575,6438,3423,9739,4222,7922,2727,2729,8278,10760,5227,9701,129778,80551,21399,2217,78914,4,4,4,4
2021-03-26T23:59:59+01:00,9,7,4292,5208,7472,10879,8528,15910,11233,23533,15219,22281,12184,11294,21594,25981,10449,17831,1499,1479,2265,3744,2562,6415,3406,9713,4181,7885,2697,2690,8099,10542,5110,9533,125744,79710,19790,2102,78362,4,4,4,4
2021-03-25T23:59:59+01:00,9,6,4233,5048,7311,10601,8285,15505,10849,22911,14578,21583,11514,10634,20729,24915,10136,17294,1479,1465,2233,3718,2527,6376,3369,9665,4109,7804,2563,2551,7125,9289,4504,8628,122476,75532,19017,1866,74641,4,3,4,4
2021-03-24T23:59:59+01:00,9,6,4157,4907,7172,10316,8071,15091,10587,22363,14110,20976,10911,10075,19799,23829,9812,16733,1458,1435,2207,3680,2482,6340,3327,9601,4031,7705,2464,2452,6482,8529,4123,8049,119889,72912,17831,1450,71199,2,1,4,4
2021-03-23T23:59:59+01:00,9,6,4117,4812,7065,10080,7917,14752,10329,21859,13708,20484,10446,9633,19080,22979,9502,16272,1446,1417,2181,3659,2462,6313,3266,9547,3938,7631,2371,2350,5753,7600,3677,7362,118431,69846,16729,1125,67886,2,0,4,4
2021-03-22T23:59:59+01:00,9,6,4065,4731,6938,9840,7757,14432,10073,21394,13359,19987,10054,9277,18518,22272,9316,15932,1437,1410,2172,3645,2450,6297,3243,9524,3908,7597,2310,2299,5301,6994,3330,6873,117550,67749,16332,1038,64074,2,0,4,4
2021-03-21T23:59:59+01:00,9,6,4018,4626,6806,9575,7589,14077,9850,20854,13019,19461,9733,8998,17989,21669,9126,15625,1434,1406,2171,3634,2447,6290,3237,9515,3898,7583,2296,2280,5184,6862,3272,6772,117354,67240,15938,1038,59734,2,0,4,4
2021-03-20T23:59:59+01:00,9,6,4007,4604,6771,9521,7530,14006,9766,20749,12913,19372,9646,8904,17854,21495,9075,15538,1431,1401,2167,3631,2442,6285,3224,9505,3879,7573,2261,2248,4861,6489,3088,6530,116529,65974,15843,1038,59390,2,0,4,4
2021-03-19T23:59:59+01:00,8,6,3832,4463,6481,9269,7089,13583,8853,20019,11184,18044,6795,6563,15622,19297,8722,14977,1427,1397,2162,3624,2430,6272,3212,9481,3829,7527,2194,2207,4492,6017,2825,6215,107260,64302,11136,1006,56407,2,0,4,4
2021-03-18T23:59:59+01:00,8,5,3727,4330,6303,8960,6824,13143,8461,19360,10544,17307,6084,5910,14409,17830,8215,14162,1423,1391,2139,3597,2412,6236,3184,9440,3789,7493,2149,2173,4073,5489,2544,5806,102155,62437,10133,898,53290,2,0,4,4
2021-03-17T23:59:59+01:00,8,5,3649,4256,6171,8816,6657,12965,8167,19050,10143,16916,5679,5527,13593,16900,7822,13587,1413,1379,2123,3578,2382,6203,3153,9412,3752,7457,2093,2113,3667,5043,2295,5423,98930,60720,8451,763,52526,2,0,4,4
2021-03-16T23:59:59+01:00,7,5,3571,4121,6019,8545,6451,12598,7853,18464,9596,16260,5157,5074,12781,15937,7492,13096,1404,1370,2114,3561,2367,6188,3137,9392,3727,7431,2065,2077,3148,4403,1961,4917,96620,58500,7050,759,49353,2,0,4,4
2021-03-15T23:59:59+01:00,7,5,3523,3973,5833,8268,6233,12190,7579,17891,9160,15636,4842,4793,12128,15195,7230,12639,1404,1360,2098,3546,2347,6163,3119,9343,3703,7392,2029,2027,2785,3943,1676,4525,95130,56713,6080,744,45911,2,0,4,4
2021-03-14T23:59:59+01:00,7,5,3477,3841,5606,7939,5947,11746,7272,17174,8699,14884,4528,4521,11839,14939,7185,12540,1397,1354,2082,3517,2333,6113,3101,9285,3685,7353,2022,2016,2707,3836,1624,4441,95013,56313,5474,550,41658,2,0,4,4
2021-03-13T23:59:59+01:00,7,5,3461,3800,5567,7826,5888,11628,7190,17030,8552,14732,4376,4371,11747,14853,7179,12529,1397,1354,2082,3517,2332,6113,3100,9284,3684,7353,2019,2008,2654,3781,1590,4387,94323,56102,5474,550,40940,2,0,4,4
2021-03-12T23:59:59+01:00,7,5,3443,3728,5511,7690,5826,11481,7106,16806,8417,14499,4269,4275,11478,14530,7025,12314,1397,1354,2078,3511,2331,6105,3096,9278,3683,7347,2017,2006,2568,3671,1510,4301,92907,55700,5466,550,40033,2,0,4,4
2021-03-11T23:59:59+01:00,7,5,3365,3533,5302,7392,5595,11061,6768,16140,7985,13861,3934,3941,10407,13275,6377,11412,1392,1351,2068,3498,2312,6080,3073,9244,3659,7314,1988,1981,2330,3408,1360,4082,88737,54620,5049,517,36570,2,0,4,4
2021-03-10T23:59:59+01:00,7,5,3270,3415,5089,7122,5382,10704,6498,15595,7650,13315,3714,3714,9766,12483,5993,10879,1387,1340,2040,3460,2282,5990,3025,9122,3601,7195,1944,1905,2114,3171,1231,3894,86275,53416,4680,282,33642,2,0,4,4
2021-03-09T23:59:59+01:00,6,5,3196,3285,4934,6933,5188,10425,6269,15164,7353,12811,3531,3509,9137,11782,5621,10362,1380,1330,2004,3400,2251,5888,2964,8978,3533,7114,1914,1879,1839,2855,1063,3649,84012,52003,4425,35,31070,2,0,4,4
2021-03-08T23:59:59+01:00,6,5,3130,3124,4708,6668,4950,10072,6010,14654,6991,12223,3332,3317,8750,11339,5424,10050,1377,1311,1990,3322,2220,5794,2925,8832,3500,7021,1899,1857,1639,2624,945,3459,82544,50681,4064,33,28141,0,0,4,4
2021-03-07T23:59:59+01:00,6,5,3098,3065,4634,6556,4866,9959,5905,14491,6875,12078,3282,3275,8666,11235,5386,9983,1371,1306,1983,3310,2212,5767,2918,8793,3488,7002,1891,1845,1583,2556,893,3392,82194,50276,3899,33,27268,0,0,4,4
2021-03-06T23:59:59+01:00,6,5,3084,3007,4590,6466,4832,9896,5847,14377,6827,11969,3258,3252,8609,11169,5352,9940,1369,1293,1978,3296,2200,5740,2915,8765,3477,6983,1882,1821,1556,2532,888,3383,81877,50044,3899,33,26706,0,0,4,4
2021-03-05T23:59:59+01:00,6,5,3060,2914,4532,6357,4770,9798,5785,14226,6727,11816,3214,3197,8424,10939,5233,9768,1360,1260,1948,3241,2175,5633,2873,8631,3433,6845,1839,1776,1492,2461,866,3357,80978,49156,3891,33,25898,0,0,4,4
2021-03-04T23:59:59+01:00,4,5,3007,2719,4373,6118,4552,9487,5579,13806,6416,11427,3036,3020,7410,9648,4614,8856,1340,1210,1910,3118,2143,5450,2827,8354,3377,6613,1768,1686,1456,2412,862,3339,76833,47832,3621,32,23619,0,0,4,4
2021-03-03T23:59:59+01:00,3,5,2968,2646,4232,5927,4387,9219,5376,13429,6162,11007,2915,2889,6766,8879,4221,8254,1328,1172,1883,3046,2121,5339,2795,8176,3324,6455,1699,1642,1415,2342,842,3286,74123,46833,3391,32,21767,0,0,4,3
2021-03-02T23:59:59+01:00,3,5,2907,2557,4048,5711,4180,8946,5179,13053,5894,10633,2769,2732,5999,7914,3759,7549,1295,1129,1856,2974,2097,5200,2746,7903,3275,6257,1627,1582,1351,2264,822,3243,70964,45589,2945,32,19925,0,0,4,3
2021-03-01T23:59:59+01:00,3,4,2867,2494,3882,5560,3993,8726,4991,12731,5655,10246,2669,2618,5510,7260,3406,7044,1289,1093,1832,2873,2070,5007,2705,7653,3215,6021,1584,1546,1303,2205,796,3204,68815,44364,2646,32,18194,0,0,4,3
2021-02-28T23:59:59+01:00,3,4,2826,2444,3724,5441,3772,8536,4808,12481,5468,9941,2612,2546,5387,7104,3344,6943,1285,1088,1828,2859,2061,4983,2698,7617,3205,6004,1576,1539,1297,2196,794,3194,68336,44193,2428,31,16616,0,0,4,3
2021-02-27T23:59:59+01:00,3,3,2811,2379,3698,5361,3738,8466,4774,12390,5433,9867,2571,2512,5058,6717,3148,6692,1278,1080,1821,2847,2048,4948,2679,7552,3189,5948,1558,1530,1291,2185,791,3193,67028,43908,2428,30,16161,0,0,4,3
2021-02-26T23:59:59+01:00,3,3,2791,2338,3658,5276,3672,8364,4713,12281,5348,9780,2494,2459,4681,6236,2878,6369,1219,1030,1771,2738,1999,4767,2625,7278,3116,5736,1497,1479,1268,2163,777,3184,65236,42619,2302,29,15802,0,0,4,2
2021-02-25T23:59:59+01:00,3,3,2617,2229,3474,5095,3490,8141,4509,11995,5128,9506,2407,2394,4233,5684,2590,5948,1203,972,1740,2630,1946,4493,2554,6884,3021,5450,1452,1436,1248,2148,775,3175,63380,41103,1980,26,14082,0,0,4,1
2021-02-24T23:59:59+01:00,3,3,2462,2091,3284,4903,3342,7935,4312,11741,4909,9258,2270,2275,3780,5174,2333,5555,1188,943,1717,2544,1912,4354,2494,6627,2969,5244,1421,1405,1230,2128,771,3156,61617,40086,1511,18,12498,0,0,4,1
2021-02-23T23:59:59+01:00,3,3,2325,1953,3104,4675,3187,7701,4140,11468,4727,9012,2184,2181,3226,4509,1995,5043,1174,895,1686,2449,1873,4161,2426,6328,2871,4984,1363,1350,1201,2085,758,3131,59415,38722,1164,14,10853,0,0,4,1
2021-02-22T23:59:59+01:00,3,3,2285,1902,3020,4582,3117,7593,4046,11282,4620,8887,2134,2140,2862,4046,1708,4657,1162,836,1654,2323,1830,3915,2350,5934,2745,4686,1301,1295,1178,2052,751,3110,57742,37119,1080,4,10061,0,0,4,1
2021-02-21T23:59:59+01:00,3,3,2249,1870,2969,4513,3035,7479,3965,11135,4554,8770,2120,2117,2778,3932,1653,4569,1158,818,1637,2270,1805,3806,2317,5779,2682,4562,1269,1272,1168,2038,744,3097,57311,36419,1047,4,9352,0,0,4,1
2021-02-20T23:59:59+01:00,3,3,2238,1867,2947,4500,3019,7443,3939,11102,4533,8749,2117,2109,2724,3875,1618,4514,1158,815,1637,2268,1804,3797,2316,5774,2681,4558,1268,1269,1167,2035,743,3096,57096,36383,1046,4,9154,0,0,4,1
2021-02-19T23:59:59+01:00,2,3,2226,1854,2911,4448,2994,7355,3894,11020,4479,8686,2109,2103,2636,3762,1538,4421,1106,806,1598,2260,1794,3788,2306,5753,2672,4546,1262,1258,1156,2030,738,3089,56684,36159,1015,4,8738,0,0,4,1
2021-02-18T23:59:59+01:00,2,3,2094,1758,2754,4263,2870,7157,3757,10732,4340,8481,2077,2069,2396,3496,1386,4199,1027,771,1523,2162,1744,3665,2233,5595,2615,4459,1248,1238,1151,2016,728,3071,55626,35243,948,4,7256,0,0,4,1
2021-02-17T23:59:59+01:00,2,3,2050,1709,2662,4130,2761,6943,3604,10391,4199,8238,2019,1986,2177,3267,1262,4012,873,708,1414,2036,1669,3475,2139,5370,2541,4288,1214,1193,1126,1971,713,3031,54563,33759,803,3,6045,0,0,4,1
2021-02-16T23:59:59+01:00,2,3,1877,1596,2487,3923,2622,6668,3443,10036,4023,7931,1975,1959,1902,2948,1092,3760,846,686,1342,1961,1601,3333,2045,5198,2444,4157,1154,1146,1068,1881,681,2938,53235,32480,767,2,4241,0,0,4,1
2021-02-15T23:59:59+01:00,2,3,1842,1540,2399,3754,2544,6395,3320,9669,3908,7662,1949,1931,1687,2710,971,3574,828,673,1313,1915,1560,3265,1990,5026,2381,4057,1089,1106,1004,1790,662,2845,52142,31504,754,1,2960,0,0,4,1
2021-02-14T23:59:59+01:00,2,3,1752,1509,2354,3693,2502,6305,3250,9565,3862,7584,1938,1921,1629,2650,921,3515,813,663,1296,1890,1533,3242,1956,4985,2356,4002,1079,1097,997,1780,659,2833,51807,31181,725,1,2419,0,0,4,1
2021-02-13T23:59:59+01:00,2,3,1751,1497,2344,3686,2496,6291,3246,9549,3855,7574,1929,1901,1606,2630,918,3505,813,663,1296,1890,1533,3242,1956,4985,2356,4002,1079,1097,997,1780,659,2833,51652,31181,725,1,2402,0,0,4,1
2021-02-12T23:59:59+01:00,2,3,1671,1411,2245,3574,2416,6117,3141,9311,3731,7309,1882,1844,1543,2558,895,3478,807,656,1284,1868,1518,3223,1948,4954,2340,3982,1074,1092,996,1761,659,2803,50712,30966,725,0,1690,0,0,4,1
2021-02-11T23:59:59+01:00,2,3,1468,1273,2062,3359,2287,5825,2989,8878,3572,6963,1810,1742,1501,2497,881,3455,779,605,1189,1688,1392,2949,1809,4595,2174,3695,1024,1029,953,1688,626,2672,49317,28868,684,0,562,0,0,4,1
2021-02-10T23:59:59+01:00,2,3,1372,1224,1974,3232,2218,5651,2907,8599,3461,6733,1739,1694,1456,2430,865,3398,565,521,966,1463,1253,2641,1624,4132,1971,3316,906,902,831,1435,547,2356,48149,25430,644,0,161,0,0,4,1
2021-02-09T23:59:59+01:00,2,3,1336,1174,1937,3140,2191,5470,2840,8258,3391,6474,1665,1632,1395,2370,848,3361,302,384,747,1200,1066,2266,1414,3593,1722,2863,737,738,663,1148,437,1911,46889,21192,515,0,80,0,0,3,1
2021-02-08T23:59:59+01:00,2,3,1329,1139,1905,3021,2153,5248,2788,7978,3332,6238,1624,1598,1350,2315,832,3341,266,343,645,1045,960,2048,1254,3201,1524,2546,634,619,559,969,380,1661,45769,18655,345,0,79,0,0,3,1
2021-02-07T23:59:59+01:00,2,3,1302,1123,1876,2969,2128,5166,2759,7875,3290,6173,1608,1582,1335,2296,821,3326,232,287,597,955,900,1893,1161,2975,1425,2374,594,599,538,936,370,1632,45487,17470,144,0,0,0,0,3,0
2021-02-06T23:59:59+01:00,2,3,1297,1117,1870,2957,2119,5138,2746,7831,3279,6128,1595,1574,1330,2286,818,3325,213,253,575,918,872,1827,1119,2857,1368,2292,578,581,531,936,370,1632,45268,16924,144,0,0,0,0,3,0
2021-02-05T23:59:59+01:00,2,3,1236,1065,1821,2846,2067,4942,2687,7535,3202,5912,1532,1520,1311,2260,810,3318,197,223,540,871,838,1747,1081,2740,1315,2193,544,557,520,912,360,1607,43922,16247,144,0,0,0,0,3,0
2021-02-04T23:59:59+01:00,2,3,1224,1001,1780,2697,1996,4630,2604,7090,3102,5585,1487,1487,1293,2244,806,3310,169,169,467,753,739,1608,970,2501,1202,1979,497,505,477,858,343,1494,42303,14733,36,0,0,0,0,2,0
2021-02-03T23:59:59+01:00,2,3,1206,972,1750,2616,1957,4484,2537,6828,3050,5369,1450,1455,1264,2209,788,3281,138,140,392,641,623,1371,824,2123,1005,1688,378,370,342,644,240,1133,41183,12054,36,0,0,0,0,2,0
2021-02-02T23:59:59+01:00,2,3,1188,916,1717,2516,1914,4261,2464,6496,2943,5096,1396,1409,1241,2179,779,3257,117,116,316,520,520,1136,679,1793,815,1378,280,270,264,472,188,849,39739,9715,36,0,0,0,0,2,0
2021-02-01T23:59:59+01:00,1,3,1175,856,1682,2391,1864,4015,2387,6103,2821,4800,1329,1328,1211,2133,768,3232,84,76,216,349,347,741,431,1156,479,859,174,165,152,279,100,496,38061,6104,36,0,0,0,0,2,0
2021-01-31T23:59:59+01:00,1,3,1170,838,1665,2333,1840,3892,2355,5920,2754,4681,1298,1305,1200,2118,761,3220,73,70,183,279,270,575,342,903,397,692,148,149,144,271,96,482,37319,5074,33,0,0,0,0,2,0
2021-01-30T23:59:59+01:00,1,3,1170,835,1664,2328,1838,3881,2353,5909,2751,4671,1297,1301,1199,2117,761,3219,70,63,151,232,242,507,307,785,354,617,147,142,139,267,96,481,37264,4600,32,0,0,0,0,2,0
2021-01-29T23:59:59+01:00,1,3,1117,826,1625,2321,1827,3874,2345,5895,2743,4659,1293,1298,1195,2117,761,3219,62,45,114,177,198,353,250,636,310,489,136,133,127,256,93,481,37088,3860,30,0,0,0,0,1,0
2021-01-28T23:59:59+01:00,1,3,1042,801,1567,2261,1794,3805,2298,5824,2710,4605,1281,1286,1188,2111,752,3205,40,20,72,105,129,206,155,380,202,292,103,101,102,205,83,434,36506,2629,27,0,0,0,0,1,0
2021-01-27T23:59:59+01:00,1,3,892,750,1476,2185,1727,3690,2227,5694,2652,4481,1253,1242,1164,2072,740,3173,29,12,62,86,104,162,122,323,175,247,95,84,91,186,79,403,35403,2260,18,0,0,0,0,1,0
2021-01-26T23:59:59+01:00,1,3,878,731,1411,2111,1664,3560,2140,5522,2564,4370,1198,1202,1118,2001,716,3124,28,11,59,83,100,156,118,309,174,237,93,79,84,165,68,357,34301,2121,12,0,0,0,0,1,0
2021-01-25T23:59:59+01:00,1,3,865,710,1379,2051,1633,3463,2095,5356,2507,4280,1147,1177,1071,1944,698,3065,26,11,56,83,97,154,117,307,173,237,92,78,83,164,66,354,33441,2098,3,0,0,0,0,1,0
2021-01-24T23:59:59+01:00,1,3,862,709,1373,2040,1628,3446,2087,5330,2496,4248,1143,1170,1066,1937,697,3060,26,11,56,83,96,153,117,307,173,236,92,78,83,164,66,354,33292,2095,3,0,0,0,0,1,0
2021-01-23T23:59:59+01:00,1,3,862,709,1373,2040,1628,3446,2087,5330,2496,4248,1143,1170,1066,1937,697,3060,26,11,56,83,96,153,117,307,172,236,92,78,83,164,66,354,33292,2094,3,0,0,0,0,1,0
2021-01-22T23:59:59+01:00,1,3,862,699,1359,2018,1612,3422,2074,5296,2480,4228,1141,1165,1065,1914,696,3027,26,11,56,83,96,153,117,307,171,236,92,78,83,164,66,354,33058,2093,3,0,0,0,0,1,0
2021-01-21T23:59:59+01:00,1,3,831,662,1281,1863,1512,3232,1978,5024,2370,4031,1103,1107,1038,1849,665,2922,24,10,52,78,88,145,107,278,157,213,79,70,74,144,54,301,31468,1874,3,0,0,0,0,1,0
2021-01-20T23:59:59+01:00,1,3,628,563,1087,1644,1378,2958,1801,4619,2166,3694,977,989,920,1620,600,2652,22,10,51,74,85,144,99,265,146,194,69,64,69,122,45,269,28296,1728,3,0,0,0,0,1,0
2021-01-19T23:59:59+01:00,1,3,341,417,835,1387,1177,2618,1566,4090,1906,3244,810,821,756,1347,502,2247,18,7,36,52,56,78,73,178,102,131,52,49,48,91,34,208,24065,1213,2,0,0,0,0,1,0
2021-01-18T23:59:59+01:00,1,3,299,376,723,1199,1056,2364,1374,3592,1668,2864,682,672,611,1103,428,1863,7,3,11,17,19,27,24,50,25,46,12,11,13,33,7,61,20876,366,1,0,0,0,0,1,0
2021-01-17T23:59:59+01:00,1,3,258,321,657,1105,978,2193,1276,3318,1553,2653,637,643,584,1047,407,1805,0,0,1,0,2,2,2,1,2,2,1,4,1,0,0,1,19438,19,1,0,0,0,0,0,0
2021-01-16T23:59:59+01:00,1,3,241,289,641,1072,954,2130,1235,3208,1502,2580,621,626,576,1047,407,1804,0,0,0,0,1,2,1,1,1,2,0,1,1,0,0,1,18936,11,1,0,0,0,0,0,0
2021-01-15T23:59:59+01:00,1,3,226,256,612,1024,927,2052,1201,3092,1450,2484,590,600,569,1026,400,1792,0,0,0,0,0,0,0,0,0,0,0,0,0,0,0,0,18305,0,0,0,0,0,0,0,0
2021-01-14T23:59:59+01:00,1,2,196,204,552,902,838,1909,1108,2869,1335,2301,546,557,531,982,394,1750,0,0,0,0,0,0,0,0,0,0,0,0,0,0,0,0,16977,0,0,0,0,0,0,0,0
2021-01-13T23:59:59+01:00,1,2,165,185,503,833,766,1783,1010,2636,1181,2077,433,440,404,777,296,1353,0,0,0,0,0,0,0,0,0,0,0,0,0,0,0,0,14845,0,0,0,0,0,0,0,0
2021-01-12T23:59:59+01:00,1,2,143,164,471,764,716,1628,920,2433,1074,1843,344,332,313,557,214,965,0,0,0,0,0,0,0,0,0,0,0,0,0,0,0,0,12884,0,0,0,0,0,0,0,0
2021-01-11T23:59:59+01:00,0,1,114,127,395,634,626,1375,756,1975,847,1457,213,194,174,329,116,568,0,0,0,0,0,0,0,0,0,0,0,0,0,0,0,0,9901,0,0,0,0,0,0,0,0
2021-01-10T23:59:59+01:00,0,1,88,92,305,458,471,995,549,1448,623,1061,176,171,162,316,111,555,0,0,0,0,0,0,0,0,0,0,0,0,0,0,0,0,7582,0,0,0,0,0,0,0,0
2021-01-09T23:59:59+01:00,0,1,78,84,259,395,401,863,482,1231,547,903,169,161,157,311,111,553,0,0,0,0,0,0,0,0,0,0,0,0,0,0,0,0,6706,0,0,0,0,0,0,0,0
2021-01-08T23:59:59+01:00,0,1,65,64,186,287,304,584,367,933,441,684,161,156,141,299,109,553,0,0,0,0,0,0,0,0,0,0,0,0,0,0,0,0,5335,0,0,0,0,0,0,0,0
2021-01-07T23:59:59+01:00,0,0,46,24,78,121,137,230,165,419,223,340,116,121,123,251,98,504,0,0,0,0,0,0,0,0,0,0,0,0,0,0,0,0,2996,0,0,0,0,0,0,0,0
2021-01-06T23:59:59+01:00,0,0,32,17,69,92,116,180,137,342,194,276,97,93,97,205,83,429,0,0,0,0,0,0,0,0,0,0,0,0,0,0,0,0,2459,0,0,0,0,0,0,0,0
2021-01-05T23:59:59+01:00,0,0,29,12,59,87,106,166,121,327,180,253,96,88,95,198,81,411,0,0,0,0,0,0,0,0,0,0,0,0,0,0,0,0,2309,0,0,0,0,0,0,0,0
2021-01-04T23:59:59+01:00,0,0,26,11,56,84,98,157,116,312,178,241,95,85,88,184,71,380,0,0,0,0,0,0,0,0,0,0,0,0,0,0,0,0,2182,0,0,0,0,0,0,0,0
2021-01-03T23:59:59+01:00,0,0,26,11,56,84,98,157,116,312,178,241,95,85,87,183,71,380,0,0,0,0,0,0,0,0,0,0,0,0,0,0,0,0,2180,0,0,0,0,0,0,0,0
2021-01-02T23:59:59+01:00,0,0,26,11,56,84,98,157,116,312,177,241,95,85,87,183,71,380,0,0,0,0,0,0,0,0,0,0,0,0,0,0,0,0,2179,0,0,0,0,0,0,0,0
2021-01-01T23:59:59+01:00,0,0,26,11,56,84,98,157,116,312,175,240,95,85,87,183,71,380,0,0,0,0,0,0,0,0,0,0,0,0,0,0,0,0,2176,0,0,0,0,0,0,0,0
2020-12-31T23:59:59+01:00,0,0,26,11,56,84,98,157,116,312,175,240,95,85,87,183,71,380,0,0,0,0,0,0,0,0,0,0,0,0,0,0,0,0,2176,0,0,0,0,0,0,0,0
2020-12-30T23:59:59+01:00,0,0,25,11,56,83,97,154,116,311,175,240,95,85,87,183,71,380,0,0,0,0,0,0,0,0,0,0,0,0,0,0,0,0,2169,0,0,0,0,0,0,0,0
2020-12-29T23:59:59+01:00,0,0,18,8,41,59,74,91,86,216,128,188,73,73,65,151,56,304,0,0,0,0,0,0,0,0,0,0,0,0,0,0,0,0,1631,0,0,0,0,0,0,0,0
2020-12-28T23:59:59+01:00,0,0,8,5,17,28,31,45,40,111,53,101,30,40,37,91,29,175,0,0,0,0,0,0,0,0,0,0,0,0,0,0,0,0,841,0,0,0,0,0,0,0,0
2020-12-27T23:59:59+01:00,0,0,2,2,4,5,7,11,10,23,6,22,5,7,6,25,3,48,0,0,0,0,0,0,0,0,0,0,0,0,0,0,0,0,186,0,0,0,0,0,0,0,0
