Datum,<15_m,<15_w,15-24_1_m,15-24_1_w,25-34_1_m,25-34_1_w,35-44_1_m,35-44_1_w,45-54_1_m,45-54_1_w,55-64_1_m,55-64_1_w,65-74_1_m,65-74_1_w,75-84_1_m,75-84_1_w,>84_1_m,>84_1_w,<24_2_m,<24_2_w,25-34_2_m,25-34_2_w,35-44_2_m,35-44_2_w,45-54_2_m,45-54_2_w,55-64_2_m,55-64_2_w,65-74_2_m,65-74_2_w,75-84_2_m,75-84_2_w,>84_2_m,>84_2_w,bp_1,bp_2,mo_1,mo_2,az_1,az_2,ja,unb_1,unb_2
2021-09-07T23:59:59+02:00,8658,8071,56211,53092,62851,58440,71982,72944,93580,95778,105475,104647,72815,79176,51130,62806,14384,24807,51028,48309,59058,54173,68310,68689,89631,91307,101646,100927,70896,76998,49859,61106,14002,23967,803845,759658,69728,67116,182002,175206,41242,30,51
2021-09-06T23:59:59+02:00,8596,8006,56069,52929,62719,58286,71879,72820,93482,95673,105396,104562,72763,79130,51099,62779,14373,24791,50879,48174,58928,54026,68199,68571,89551,91215,101551,100844,70850,76951,49837,61081,13995,23959,802663,758562,69701,67076,181975,175186,40983,30,51
2021-09-05T23:59:59+02:00,8568,7968,56002,52836,62658,58226,71833,72765,93437,95626,105369,104521,72743,79107,51088,62760,14366,24785,50787,48088,58863,53962,68143,68516,89509,91161,101511,100797,70832,76925,49825,61065,13990,23951,802156,757953,69691,67066,181955,175176,40826,30,51
2021-09-04T23:59:59+02:00,8562,7963,55982,52828,62648,58217,71826,72758,93430,95622,105365,104515,72742,79106,51088,62760,14366,24785,50773,48073,58847,53948,68139,68510,89502,91156,101506,100793,70831,76923,49824,61065,13990,23951,802100,757891,69688,67061,181954,175175,40791,30,51
2021-09-03T23:59:59+02:00,8494,7893,55853,52743,62578,58116,71746,72681,93355,95561,105296,104454,72712,79073,51070,62728,14359,24775,50657,47983,58770,53882,68080,68442,89442,91098,101443,100742,70803,76888,49804,61041,13987,23942,801183,757127,69680,67044,181947,175166,40647,30,51
2021-09-02T23:59:59+02:00,8401,7798,55658,52593,62454,58017,71652,72557,93238,95451,105193,104370,72655,79019,51040,62682,14348,24755,50431,47815,58629,53770,67976,68330,89315,90996,101328,100648,70746,76846,49782,61013,13980,23926,800072,755996,69634,67005,181934,175118,40211,30,51
2021-09-01T23:59:59+02:00,8324,7706,55512,52448,62329,57890,71572,72437,93147,95365,105115,104302,72617,78976,51020,62647,14341,24737,50260,47612,58503,53632,67902,68222,89216,90898,101224,100554,70707,76806,49757,60973,13973,23911,798991,754793,69611,66968,181922,175069,39931,30,51
2021-08-31T23:59:59+02:00,8216,7614,55357,52293,62221,57781,71496,72340,93067,95284,105035,104223,72575,78936,50998,62618,14331,24727,50055,47410,58384,53499,67792,68102,89125,90797,101115,100475,70661,76755,49738,60943,13961,23896,797938,753467,69604,66952,181913,175046,39627,30,51
2021-08-30T23:59:59+02:00,8141,7534,55189,52132,62109,57654,71381,72223,92942,95156,104916,104129,72524,78897,50981,62586,14311,24705,49856,47200,58268,53359,67695,67995,89007,90687,101003,100373,70611,76721,49711,60915,13949,23878,796774,752293,69564,66885,181881,174993,39261,30,51
2021-08-29T23:59:59+02:00,8102,7488,55098,52056,62054,57577,71316,72178,92891,95094,104867,104094,72505,78875,50966,62571,14305,24696,49740,47098,58185,53261,67628,67920,88952,90633,100945,100321,70588,76705,49696,60903,13943,23875,796257,751655,69562,66875,181871,174951,39013,30,51
2021-08-28T23:59:59+02:00,8085,7474,55059,52019,62025,57556,71290,72162,92873,95078,104854,104083,72500,78873,50964,62567,14305,24696,49702,47079,58161,53246,67610,67907,88932,90610,100938,100308,70582,76701,49694,60902,13943,23875,796052,751510,69561,66869,181869,174951,38951,30,51
2021-08-27T23:59:59+02:00,8002,7397,54879,51881,61916,57419,71192,72040,92751,94959,104746,103998,72455,78823,50941,62530,14293,24690,49576,46993,58087,53166,67527,67839,88856,90544,100883,100260,70547,76669,49680,60891,13941,23875,794748,750826,69556,66863,181859,174945,38719,30,51
2021-08-26T23:59:59+02:00,7940,7324,54726,51737,61797,57309,71099,71933,92649,94832,104640,103917,72413,78772,50918,62510,14288,24676,49416,46840,57970,53063,67434,67749,88753,90466,100816,100192,70506,76634,49657,60869,13936,23866,793711,750011,69545,66826,181848,174913,38346,30,51
2021-08-25T23:59:59+02:00,7877,7271,54583,51586,61689,57161,70994,71819,92546,94735,104542,103837,72357,78721,50891,62478,14275,24662,49219,46648,57846,52927,67318,67629,88644,90356,100720,100107,70452,76588,49632,60831,13930,23851,792723,748889,69520,66795,181837,174879,37914,30,51
2021-08-24T23:59:59+02:00,7782,7191,54458,51401,61569,57029,70896,71701,92435,94629,104452,103753,72310,78683,50862,62439,14267,24647,49009,46434,57710,52764,67213,67502,88548,90271,100631,100029,70418,76539,49610,60806,13926,23836,791483,747563,69503,66775,181827,174858,37661,30,51
2021-08-23T23:59:59+02:00,7721,7118,54287,51228,61438,56905,70782,71591,92311,94524,104355,103656,72258,78623,50829,62397,14260,24636,48824,46261,57598,52638,67110,67405,88451,90183,100550,99952,70379,76489,49584,60768,13922,23824,790293,746571,69475,66751,181812,174806,37309,30,51
2021-08-22T23:59:59+02:00,7694,7094,54203,51152,61384,56842,70744,71534,92270,94482,104312,103628,72239,78609,50820,62384,14259,24630,48707,46152,57508,52547,67038,67345,88388,90125,100507,99911,70352,76467,49569,60750,13919,23817,789872,745907,69466,66742,181792,174756,37120,30,51
2021-08-21T23:59:59+02:00,7688,7091,54178,51137,61366,56830,70728,71520,92257,94465,104302,103618,72234,78607,50820,62383,14259,24629,48688,46135,57488,52539,67022,67326,88370,90110,100498,99902,70352,76464,49569,60749,13919,23817,789803,745819,69423,66727,181789,174750,37067,30,51
2021-08-20T23:59:59+02:00,7657,7057,54091,51062,61296,56769,70662,71459,92194,94403,104248,103583,72209,78578,50808,62358,14251,24619,48595,46060,57421,52477,66958,67275,88314,90051,100438,99865,70330,76443,49562,60734,13911,23813,789274,745318,69353,66718,181786,174727,36861,30,51
2021-08-19T23:59:59+02:00,7592,6978,53956,50943,61156,56659,70548,71349,92082,94315,104157,103492,72162,78523,50779,62318,14242,24599,48462,45958,57306,52390,66870,67198,88222,89971,100342,99800,70298,76415,49542,60710,13907,23804,788263,744680,69316,66685,181769,174682,36472,30,51
2021-08-18T23:59:59+02:00,7518,6921,53810,50809,61033,56550,70436,71254,91973,94230,104057,103412,72104,78472,50746,62282,14232,24578,48345,45832,57192,52295,66780,67123,88108,89885,100268,99728,70253,76377,49523,60687,13901,23787,787279,743981,69288,66661,181762,174632,36058,30,51
2021-08-17T23:59:59+02:00,7435,6842,53648,50646,60933,56425,70320,71134,91869,94127,103951,103313,72054,78430,50718,62257,14224,24567,48150,45655,57062,52159,66662,67018,87982,89791,100159,99634,70201,76328,49499,60669,13894,23775,786213,742965,69266,66630,181757,174576,35627,30,51
2021-08-16T23:59:59+02:00,7362,6781,53520,50514,60836,56314,70221,71039,91777,94022,103860,103214,72010,78380,50690,62214,14216,24559,48011,45540,56958,52089,66567,66934,87885,89709,100076,99538,70159,76292,49475,60643,13887,23770,785348,742345,69219,66594,181744,174510,35188,30,50
2021-08-15T23:59:59+02:00,7314,6742,53440,50431,60767,56246,70157,70975,91722,93973,103809,103168,71975,78353,50683,62198,14212,24550,47905,45444,56863,52003,66499,66870,87812,89647,100021,99492,70122,76259,49463,60623,13882,23758,784877,741864,69207,66566,181734,174430,34867,30,50
2021-08-14T23:59:59+02:00,7293,6726,53367,50362,60720,56205,70122,70928,91684,93934,103770,103132,71954,78345,50674,62187,14210,24548,47662,45172,56701,51817,66350,66717,87679,89525,99907,99384,70073,76216,49452,60600,13878,23753,784398,740040,69200,66560,181734,174421,34799,30,50
2021-08-13T23:59:59+02:00,7252,6691,53259,50267,60636,56124,70069,70860,91608,93879,103719,103087,71931,78324,50662,62175,14208,24541,47154,44670,56460,51549,66120,66468,87407,89275,99711,99181,69986,76117,49413,60540,13872,23733,783647,736566,69196,66552,181734,174346,34685,30,50
2021-08-12T23:59:59+02:00,7223,6665,53156,50197,60575,56049,69999,70814,91538,93822,103658,103042,71900,78292,50648,62159,14206,24527,46656,44227,56181,51247,65862,66247,87152,89056,99372,98909,69881,75984,49359,60476,13861,23705,783218,733519,69171,66529,181719,173897,34332,30,49
2021-08-11T23:59:59+02:00,7159,6595,52992,50026,60445,55931,69913,70721,91430,93718,103558,102935,71839,78227,50617,62119,14200,24512,45978,43606,55804,50867,65605,65954,86857,88793,99039,98542,69741,75840,49300,60377,13850,23677,782048,729416,69150,66495,181710,173463,33999,30,49
2021-08-10T23:59:59+02:00,7084,6511,52795,49841,60308,55813,69810,70601,91306,93589,103438,102831,71788,78170,50587,62088,14192,24503,45023,42696,55138,50218,65116,65504,86399,88311,98553,98084,69541,75643,49208,60280,13830,23640,780707,723168,69141,66466,181704,172959,33673,30,49
2021-08-09T23:59:59+02:00,7042,6466,52684,49752,60234,55741,69756,70541,91239,93520,103370,102773,71745,78134,50581,62072,14188,24495,44009,41633,54428,49529,64644,65076,85956,87874,98042,97617,69361,75421,49128,60157,13805,23604,780158,716708,69073,66423,181693,172399,33379,30,49
2021-08-08T23:59:59+02:00,6997,6427,52619,49686,60190,55710,69723,70518,91187,93473,103317,102732,71724,78113,50567,62052,14182,24490,43955,41570,54361,49485,64588,65043,85889,87817,97978,97568,69337,75393,49109,60133,13797,23597,779882,716439,69068,66409,181679,172320,33048,30,49
2021-08-07T23:59:59+02:00,6959,6387,52509,49560,60122,55636,69668,70453,91117,93412,103266,102685,71707,78096,50557,62046,14182,24489,42989,40542,53802,48908,64155,64640,85518,87424,97660,97222,69194,75250,49053,60052,13780,23579,779107,710064,69063,66394,181679,172312,32972,30,47
2021-08-06T23:59:59+02:00,6919,6326,52371,49431,60046,55569,69602,70369,91039,93337,103206,102631,71683,78073,50546,62028,14180,24484,42307,39930,53555,48643,63933,64401,85285,87205,97432,97021,69111,75159,49011,60012,13774,23566,778236,706461,69060,66314,181678,172175,32836,30,47
2021-08-05T23:59:59+02:00,6811,6219,52118,49207,59877,55383,69460,70226,90882,93192,103067,102497,71623,78011,50520,61988,14167,24466,41475,39233,53040,48182,63567,64055,84835,86808,96815,96507,68928,74976,48946,59914,13756,23535,776634,701943,69009,66267,181648,171049,32393,30,47
2021-08-04T23:59:59+02:00,6724,6134,51923,48979,59729,55206,69349,70077,90747,93077,102949,102382,71563,77948,50494,61942,14156,24437,40630,38442,52667,47783,63251,63742,84466,86479,96403,96106,68765,74806,48870,59818,13741,23501,775241,697374,68968,66251,181634,170254,31943,30,47
2021-08-03T23:59:59+02:00,6650,6077,51756,48842,59604,55085,69258,69988,90648,92980,102854,102301,71512,77913,50474,61918,14148,24422,39638,37486,51872,47111,62711,63222,83949,85997,95697,95476,68525,74593,48779,59704,13720,23457,774216,691150,68959,66232,181627,169079,31598,30,47
2021-08-02T23:59:59+02:00,6601,6034,51622,48702,59514,55006,69176,69919,90595,92909,102778,102240,71473,77871,50454,61896,14141,24409,38358,36309,50907,46301,62003,62644,83345,85431,94900,94779,68273,74337,48693,59572,13700,23419,773525,683518,68911,66188,181599,167766,31275,30,47
2021-08-01T23:59:59+02:00,6559,5981,51450,48542,59368,54896,69083,69804,90487,92819,102691,102148,71433,77834,50432,61855,14137,24393,38175,36173,50753,46210,61874,62552,83166,85292,94450,94376,68157,74229,48654,59523,13690,23399,772485,682884,68883,66133,181581,166455,30933,30,47
2021-07-31T23:59:59+02:00,6516,5948,51355,48422,59314,54826,69035,69762,90447,92790,102665,102124,71422,77822,50424,61852,14137,24390,36562,34658,49844,45341,61338,61988,82660,84778,93970,93943,67967,74024,48575,59428,13672,23366,771883,673718,68879,66126,181581,166340,30878,30,47
2021-07-30T23:59:59+02:00,6481,5895,51204,48286,59233,54743,68965,69705,90373,92710,102610,102086,71405,77799,50415,61829,14134,24386,35096,33246,48868,44389,60611,61302,81976,84160,93288,93365,67734,73791,48470,59278,13653,23335,771127,664191,68855,66115,181575,166036,30672,30,47
2021-07-29T23:59:59+02:00,6366,5776,50772,47917,59021,54476,68774,69514,90184,92521,102450,101949,71330,77716,50383,61774,14119,24368,34366,32627,48244,43945,60211,60955,81554,83808,92521,92693,67538,73637,48408,59191,13633,23306,768816,660346,68802,65979,181532,164397,30230,30,47
2021-07-28T23:59:59+02:00,6294,5712,50516,47721,58890,54327,68649,69420,90060,92399,102343,101855,71273,77659,50359,61736,14110,24351,34038,32331,47930,43715,59987,60743,81379,83644,92285,92495,67464,73572,48379,59157,13620,23296,767508,658680,68772,65891,181505,163879,29859,30,46
2021-07-27T23:59:59+02:00,6243,5666,50355,47582,58754,54235,68556,69333,89961,92290,102236,101780,71231,77606,50330,61703,14103,24338,32573,30920,46658,42615,59155,59957,80773,83118,91269,91646,67189,73288,48292,59030,13590,23255,766624,650002,68748,65825,181482,162095,29418,30,46
2021-07-26T23:59:59+02:00,6220,5637,50233,47493,58654,54150,68481,69280,89872,92230,102172,101730,71192,77570,50306,61683,14098,24329,31200,29654,45335,41490,58053,58972,80071,82485,90103,90619,66880,73016,48202,58914,13567,23213,766087,640919,68682,65734,181444,159796,29088,29,46
2021-07-25T23:59:59+02:00,6200,5619,50119,47386,58566,54084,68420,69223,89808,92174,102113,101683,71159,77534,50289,61660,14095,24319,30992,29495,45071,41295,57798,58747,79800,82282,89146,89766,66673,72843,48135,58841,13556,23189,765677,639754,68670,65619,181420,157339,28655,29,46
2021-07-24T23:59:59+02:00,6165,5590,50000,47293,58501,54020,68371,69168,89762,92131,102073,101642,71154,77528,50286,61657,14094,24315,29378,27891,43905,40201,57102,58034,79183,81709,88504,89203,66494,72651,48064,58740,13542,23166,765071,629643,68662,65607,181412,157200,28576,29,46
2021-07-23T23:59:59+02:00,6081,5503,49822,47116,58406,53914,68263,69066,89657,92029,101983,101547,71118,77471,50265,61626,14090,24309,27671,26354,42643,39116,56174,57145,78494,81096,87796,88539,66224,72379,47986,58639,13521,23136,763695,619065,68658,65445,181393,156731,28491,29,46
2021-07-22T23:59:59+02:00,5943,5389,49526,46834,58205,53714,68091,68898,89474,91877,101828,101415,71053,77389,50225,61574,14079,24290,26848,25520,41723,38303,55231,56317,77751,80469,86125,87034,65851,71980,47878,58507,13490,23084,761770,610557,68615,64949,181362,155257,28028,29,46
2021-07-21T23:59:59+02:00,5666,5105,48990,46305,57898,53401,67860,68621,89197,91630,101557,101148,70926,77258,50166,61509,14070,24264,26592,25298,41302,38022,54795,55932,77385,80190,85316,86429,65684,71851,47823,58441,13472,23059,758160,608601,68590,64678,181338,153480,27454,29,46
2021-07-20T23:59:59+02:00,5589,5031,48704,46028,57727,53196,67684,68477,89017,91478,101394,101004,70849,77192,50127,61462,14061,24236,25420,24141,40001,36988,53458,54731,76485,79420,83955,85086,65381,71509,47716,58304,13444,23014,756481,598204,68584,64532,181294,151896,26868,29,46
2021-07-19T23:59:59+02:00,5509,4946,48376,45702,57512,52986,67517,68275,88832,91302,101246,100842,70774,77110,50086,61412,14052,24207,24587,23298,38692,35865,51727,53231,75222,78373,82844,84106,65091,71252,47625,58186,13420,22974,754684,588168,68574,64387,181266,150111,26133,29,46
2021-07-18T23:59:59+02:00,5501,4945,48303,45646,57413,52907,67451,68205,88741,91235,101174,100777,70740,77069,50060,61379,14050,24195,24444,23193,38420,35646,51400,52944,74970,78181,81943,83341,64904,71075,47569,58113,13415,22952,754415,587115,68551,64228,181226,147883,25570,29,46
2021-07-17T23:59:59+02:00,5475,4909,48204,45568,57340,52845,67391,68150,88682,91174,101131,100758,70733,77054,50055,61373,14050,24194,23049,21717,37025,34343,50152,51752,74370,77628,81308,82746,64775,70927,47503,58052,13406,22932,753859,576211,68549,64204,181221,147746,25428,29,46
2021-07-16T23:59:59+02:00,5371,4831,47960,45335,57216,52739,67276,68040,88546,91080,101026,100655,70688,77004,50032,61355,14044,24187,21787,20468,35720,33093,48700,50430,73364,76694,80607,82086,64556,70707,47422,57952,13387,22899,752418,564553,68549,64145,181215,147544,25174,29,46
2021-07-15T23:59:59+02:00,5229,4704,47561,45009,57007,52539,67085,67857,88335,90880,100838,100489,70591,76903,49983,61281,14034,24158,21179,19964,34790,32397,47465,49493,72185,75781,78452,79958,63958,70110,47279,57775,13368,22836,750358,555222,68533,63118,181168,145698,24395,29,46
2021-07-14T23:59:59+02:00,4857,4377,46969,44434,56776,52272,66882,67654,88123,90637,100620,100292,70485,76793,49918,61198,14023,24134,20970,19816,34534,32241,47099,49195,71657,75392,77786,79424,63635,69834,47198,57691,13346,22801,746908,553430,68519,62936,181117,143795,23871,29,44
2021-07-13T23:59:59+02:00,4768,4298,46766,44280,56610,52119,66719,67507,87967,90510,100474,100166,70413,76731,49879,61152,14019,24118,20405,19277,33508,31427,45485,47738,69902,73731,76185,77869,63262,69443,47070,57521,13317,22749,745548,542512,68502,62164,181043,142183,23374,29,44
2021-07-12T23:59:59+02:00,4703,4222,46580,44090,56460,51977,66564,67381,87794,90371,100318,100028,70338,76648,49842,61099,14012,24100,19925,18839,32719,30804,43823,46284,67527,71656,74295,76368,62731,68859,46927,57359,13289,22699,744288,531407,68481,61602,180943,139609,22786,29,44
2021-07-11T23:59:59+02:00,4698,4218,46508,44037,56402,51927,66515,67345,87734,90322,100246,99969,70301,76605,49832,61084,14010,24086,19719,18692,32381,30557,43379,45912,67070,71299,73514,75671,62333,68482,46857,57269,13274,22666,744150,529637,68472,61279,180877,137136,22311,29,44
2021-07-10T23:59:59+02:00,4572,4084,46225,43726,56216,51732,66368,67171,87602,90183,100147,99863,70245,76548,49811,61058,14007,24077,19155,18131,31429,29690,41627,44328,65587,70018,72880,75054,62168,68331,46804,57217,13267,22652,742059,518992,68467,61263,180866,137092,22214,29,44
2021-07-09T23:59:59+02:00,4445,3967,45952,43472,56048,51541,66211,67012,87451,90021,100015,99757,70192,76475,49775,61017,14002,24065,18557,17555,30457,28732,39664,42396,63287,67893,71719,73914,61896,68006,46728,57091,13250,22627,740015,505274,68456,60881,180860,136686,22058,29,44
2021-07-08T23:59:59+02:00,4413,3941,45813,43359,55928,51423,66083,66910,87330,89899,99892,99660,70139,76421,49754,60978,13991,24052,17615,16748,29058,27695,37946,40949,61156,66074,68362,70762,61003,67037,46487,56750,13205,22532,739284,490011,68400,58815,180790,134105,21483,29,44
2021-07-07T23:59:59+02:00,4402,3936,45745,43316,55851,51379,66002,66868,87277,89859,99849,99609,70123,76399,49745,60960,13987,24042,16649,15888,27678,26686,36424,39720,59540,64619,65138,67290,59989,65998,46251,56429,13155,22459,738995,474712,68357,56914,180736,131959,21232,29,44
2021-07-06T23:59:59+02:00,4348,3888,45601,43189,55722,51239,65897,66759,87170,89770,99771,99525,70085,76340,49727,60932,13984,24028,15875,15142,26601,25775,34588,38015,56142,61598,62491,64837,59236,65209,45979,56095,13114,22356,737875,456835,68337,56100,180675,129831,21060,28,44
2021-07-05T23:59:59+02:00,4287,3844,45425,43014,55574,51143,65781,66651,87054,89676,99687,99431,70022,76276,49706,60905,13981,24013,15215,14511,25642,24960,33363,36884,53043,58628,59719,62375,58399,64400,45729,55784,13069,22279,736707,440759,68304,55743,180598,127352,20833,28,44
2021-07-04T23:59:59+02:00,4279,3838,45378,42988,55514,51117,65741,66630,87016,89644,99655,99404,69999,76256,49700,60890,13976,24003,15006,14305,25205,24610,32768,36356,52378,58101,58737,61512,57740,63770,45547,55582,13050,22232,736534,436677,68274,55539,180531,124672,20661,28,42
2021-07-03T23:59:59+02:00,4059,3661,44842,42423,55193,50745,65451,66355,86771,89384,99458,99206,69926,76184,49677,60844,13972,23992,14719,13983,24854,24258,31788,35436,50634,56548,57869,60775,57567,63575,45480,55497,13038,22207,732731,428091,68261,55523,180524,124630,20599,28,42
2021-07-02T23:59:59+02:00,3750,3374,44187,41831,54867,50414,65168,66053,86500,89132,99223,98981,69822,76071,49625,60775,13966,23975,14298,13533,24153,23650,30629,34374,48006,54385,55739,58987,57173,63149,45321,55340,13022,22169,728394,415586,68244,54472,180511,123901,20538,27,23
2021-07-01T23:59:59+02:00,3612,3264,43835,41478,54665,50239,65012,65893,86348,88994,99070,98861,69751,76003,49594,60741,13958,23960,13606,12838,22856,22562,28954,32858,45999,52641,53245,56709,55752,61580,44826,54723,12949,22041,726261,402043,68181,52157,180462,120080,20347,27,22
2021-06-30T23:59:59+02:00,3601,3248,43566,41281,54484,50114,64900,65806,86262,88930,99001,98811,69724,75980,49582,60719,13954,23949,12853,12232,21687,21667,27364,31493,44156,50925,49604,52749,54423,60248,44470,54284,12893,21913,725147,386289,68136,50259,180440,116638,20163,26,22
2021-06-29T23:59:59+02:00,3383,3028,42650,40438,53877,49522,64469,65380,85855,88478,98655,98481,69596,75831,49525,60649,13935,23918,12252,11625,20890,20903,26015,30290,41538,48523,47736,51206,53452,59140,44063,53748,12799,21760,719164,374270,68085,48750,180426,113258,19969,26,22
2021-06-28T23:59:59+02:00,3166,2848,41686,39432,53220,48878,64011,64998,85471,88089,98322,98137,69458,75670,49460,60549,13917,23895,11748,11174,20238,20314,25054,29395,39446,46583,46110,49842,52347,58095,43701,53243,12720,21640,713003,364796,67979,47723,180417,109581,19782,26,22
2021-06-27T23:59:59+02:00,3161,2845,41651,39400,53178,48847,63976,64966,85419,88054,98270,98110,69441,75658,49451,60535,13912,23892,11554,10980,19912,19997,24477,28837,38423,45735,44949,48750,51316,57086,43267,52737,12638,21504,712808,360211,67954,47282,180380,105268,19598,26,22
2021-06-26T23:59:59+02:00,2679,2372,40252,38026,52443,48094,63422,64403,84933,87538,97845,97678,69250,75482,49378,60431,13893,23869,11438,10878,19743,19844,24280,28621,37946,45298,44583,48400,51202,56941,43221,52689,12633,21489,704064,357268,67930,47276,180380,105250,19588,26,22
2021-06-25T23:59:59+02:00,2272,2039,39396,37205,52092,47731,63094,64078,84651,87225,97593,97412,69146,75369,49331,60369,13878,23847,11134,10566,19361,19420,23757,28003,35250,42997,42402,46486,50864,56562,43122,52560,12609,21459,698979,345700,67795,46829,180373,104602,19555,26,22
2021-06-24T23:59:59+02:00,2218,1988,38906,36744,51743,47398,62880,63874,84419,87032,97408,97261,69065,75302,49296,60323,13872,23831,10533,9980,18299,18551,22338,26756,33149,41163,39972,44193,49383,54916,42551,51858,12492,21256,696042,332842,67771,44224,180351,101052,19370,26,22
2021-06-23T23:59:59+02:00,2206,1964,38676,36508,51580,47236,62775,63772,84325,86938,97332,97176,69034,75271,49279,60302,13869,23820,10076,9549,17671,18004,21403,25905,31220,39536,36007,39732,48091,53556,42166,51352,12411,21090,694828,317331,67744,43603,180336,97749,19131,24,22
2021-06-22T23:59:59+02:00,2128,1902,37687,35566,50833,46563,62298,63332,83948,86529,96969,96864,68885,75129,49213,60221,13856,23787,9602,9104,16807,17318,20180,24833,28096,36767,33703,37858,47136,52586,41757,50793,12271,20854,688684,305162,67703,40863,180326,94675,18973,24,22
2021-06-21T23:59:59+02:00,1982,1763,36327,34332,49812,45683,61579,62674,83451,86059,96530,96462,68716,74958,49147,60126,13844,23752,9284,8805,16346,16954,19553,24353,26352,35203,32170,36563,46087,51508,41303,50244,12165,20662,680705,297815,67677,40221,180310,91032,18481,24,22
2021-06-20T23:59:59+02:00,1971,1754,36242,34279,49675,45571,61447,62547,83373,86001,96462,96404,68682,74930,49132,60108,13844,23741,9137,8703,16132,16786,19238,24095,25537,34551,31233,35615,45892,51305,41272,50192,12156,20642,680097,294038,67640,39631,180292,90702,18110,24,22
2021-06-19T23:59:59+02:00,1602,1453,34619,32719,48764,44748,60957,62038,82903,85522,96054,96050,68532,74764,49066,60025,13829,23717,9097,8624,16031,16665,19120,23945,25431,34393,31105,35477,45796,51209,41254,50167,12152,20632,671335,292705,67627,39628,180286,90669,18090,24,21
2021-06-18T23:59:59+02:00,1407,1280,32965,31119,47549,43555,60020,61121,82097,84777,95437,95472,68313,74544,48976,59886,13813,23687,9022,8535,15873,16514,18935,23755,25180,34154,30820,35159,45504,50865,41169,50091,12139,20618,660167,290532,67502,39512,180285,90243,18040,24,21
2021-06-17T23:59:59+02:00,1331,1221,32032,30270,46675,42849,59216,60275,81359,84129,95026,95090,68171,74400,48933,59810,13799,23658,8481,8166,15186,15953,18110,22932,24076,33029,29340,33805,44178,49362,40684,49479,12019,20430,653214,281590,67391,38688,180253,87584,17362,24,21
2021-06-16T23:59:59+02:00,1248,1157,31335,29566,45876,42100,58297,59405,80579,83361,94607,94713,68032,74240,48876,59719,13780,23632,7989,7841,14572,15441,17343,22209,22943,32076,28163,32699,42287,47247,40141,48899,11911,20245,646146,271875,67275,38089,180232,85190,16846,24,21
2021-06-15T23:59:59+02:00,1106,1038,29444,27761,44123,40560,56713,57766,79192,82045,93851,94044,67745,73948,48764,59561,13747,23567,7812,7710,14267,15203,16981,21910,22428,31696,27637,32276,41351,46231,39757,48477,11788,20025,631167,268818,67230,37586,180193,82776,16361,24,21
2021-06-14T23:59:59+02:00,1013,924,27891,26281,42512,39044,55055,56117,78092,80940,93155,93418,67494,73707,48668,59439,13727,23523,7626,7536,13889,14872,16458,21472,21741,31115,26959,31681,40969,45808,39375,48028,11657,19820,617911,266155,67175,37177,180165,79939,15725,24,21
2021-06-13T23:59:59+02:00,989,899,27689,26098,42130,38715,54517,55598,77745,80636,92963,93228,67403,73627,48631,59382,13712,23498,7482,7365,13621,14579,16075,21080,21313,30627,26426,31181,40571,45404,38917,47464,11478,19535,615211,264077,67041,37108,180136,76875,15048,24,21
2021-06-12T23:59:59+02:00,860,784,26153,24493,40958,37629,53842,54864,77212,80141,92412,92704,67248,73449,48562,59305,13699,23477,7436,7314,13500,14470,15942,20969,21129,30480,26310,31083,40554,45388,38909,47454,11478,19534,605613,263301,67037,37106,180131,76546,14987,24,21
2021-06-11T23:59:59+02:00,746,675,24523,22954,39598,36434,52615,53656,76243,79290,91835,92129,67012,73215,48500,59197,13680,23442,7379,7225,13329,14287,15731,20778,20860,30225,26041,30826,40246,45012,38824,47340,11461,19506,593808,261418,66959,36961,180123,75851,14830,24,21
2021-06-10T23:59:59+02:00,645,587,23525,21940,38374,35250,51013,52154,74924,78098,90223,90584,66658,72820,48373,59024,13655,23387,7098,6998,12809,13851,15099,20211,20097,29471,25248,30154,39545,44151,38474,46924,11348,19323,580892,257978,66483,36928,180070,72120,13765,24,21
2021-06-09T23:59:59+02:00,575,538,23071,21548,37715,34726,49903,51117,73685,76902,89633,90079,66532,72674,48323,58939,13640,23357,6822,6686,12210,13249,14319,19402,19182,28450,24264,28997,36977,41236,37909,46279,11200,19083,573726,247671,66026,36852,180030,68582,13151,24,20
2021-06-08T23:59:59+02:00,469,427,21551,20071,36098,33358,47795,49158,71547,74969,88162,88598,66217,72288,48188,58779,13608,23313,6692,6507,11835,12882,13840,18916,18581,27848,23709,28463,36693,40983,37620,45912,11092,18927,556334,246031,65751,36775,179997,65195,12490,24,20
2021-06-07T23:59:59+02:00,354,333,20542,19084,34552,32020,45519,47134,69411,73092,87184,87747,65994,72023,48114,58644,13588,23278,6539,6344,11415,12533,13302,18440,17854,27262,23076,27868,36374,40679,37201,45431,10979,18731,541121,244047,65581,36711,179943,61317,11944,24,20
2021-06-06T23:59:59+02:00,331,312,20359,18939,34159,31737,44914,46568,68794,72611,86973,87580,65939,71964,48103,58617,13581,23266,6406,6175,11094,12121,12874,17870,17217,26452,22379,27063,35907,40205,36721,44876,10823,18463,538016,241611,65258,36662,179900,56815,11549,24,20
2021-06-05T23:59:59+02:00,259,247,19108,17654,32818,30520,43683,45391,68220,72095,86443,87070,65848,71862,48055,58568,13574,23254,6355,6094,10991,11967,12751,17699,17049,26243,22209,26880,35845,40127,36699,44852,10821,18458,527982,241023,65258,36249,179876,56230,11529,24,20
2021-06-04T23:59:59+02:00,178,177,17908,16497,31499,29223,42125,43894,66877,70777,85632,86318,65661,71649,47978,58476,13558,23226,6252,5952,10815,11760,12536,17446,16692,25858,21689,26442,34961,39273,36383,44552,10804,18436,515112,239194,65191,35921,179868,53270,11458,24,19
2021-06-03T23:59:59+02:00,123,124,17268,15920,30512,28398,40670,42608,65104,69248,83378,84034,65237,71197,47850,58314,13540,23188,6081,5744,10508,11409,12219,16984,16246,25196,21142,25862,34295,38485,36209,44350,10771,18386,501326,236874,64498,35534,179828,50435,11037,24,18
2021-06-02T23:59:59+02:00,94,81,16923,15607,30204,28138,40003,41987,63516,67858,82438,83234,65095,71033,47790,58231,13537,23173,5965,5652,10338,11256,11996,16774,15953,24894,20800,25471,31056,34864,35982,44127,10742,18332,493818,228209,64497,35203,179827,50006,10776,24,18
2021-06-01T23:59:59+02:00,38,46,16128,14931,28707,27048,37645,39928,59958,64678,80008,80914,64745,70668,47662,58042,13503,23118,5690,5366,9824,10824,11466,16186,15294,24104,20061,24718,30711,34567,35784,43948,10714,18270,475478,226752,62941,34698,179758,46504,9566,24,17
2021-05-31T23:59:59+02:00,30,38,15557,14452,27772,26351,35681,38261,56517,61653,77975,79208,64412,70312,47518,57867,13470,23066,5528,5151,9416,10461,11037,15709,14760,23421,19435,24012,30424,34315,35601,43754,10678,18213,459697,226078,62224,34312,179692,43014,8503,24,17
2021-05-30T23:59:59+02:00,29,35,15411,14326,27493,26124,35230,37855,55806,61034,77656,78935,64350,70254,47493,57832,13466,23056,5425,4958,9089,10094,10626,15224,14311,22621,18908,23242,29748,33601,35374,43560,10656,18152,456732,225625,61790,34232,179643,37528,8196,24,17
2021-05-29T23:59:59+02:00,27,34,15013,13926,26637,25304,33468,36260,54322,59735,77067,78369,64199,70105,47440,57779,13459,23042,5391,4882,9027,9983,10536,15111,14204,22475,18778,23105,29718,33578,35368,43552,10655,18149,446575,225152,61758,34232,179638,36929,8191,24,17
2021-05-28T23:59:59+02:00,24,33,14601,13520,25819,24555,31615,34494,52148,57729,76011,77374,63994,69854,47388,57702,13449,23019,5306,4765,8854,9838,10383,14942,14046,22240,18570,22803,29649,33531,35351,43536,10654,18145,434586,224492,61288,34226,179550,36006,7881,24,17
2021-05-27T23:59:59+02:00,20,28,13975,13051,24754,23833,30370,33566,50541,56354,72909,74389,63552,69317,47253,57540,13425,22965,5192,4524,8526,9502,9984,14514,13607,21608,18070,22205,29427,33327,35241,43424,10632,18117,422433,223860,59328,34157,178921,32739,7136,24,17
2021-05-26T23:59:59+02:00,19,26,13486,12621,23843,23181,29452,32870,49453,55427,69948,71197,62940,68708,47118,57369,13395,22919,5106,4359,8271,9186,9686,14127,13249,21009,17636,21608,29235,33160,35143,43320,10606,18067,411607,223258,57151,34039,178423,29696,6767,24,17
2021-05-25T23:59:59+02:00,19,21,13139,12320,23263,22776,28401,32014,46855,53192,67686,69070,62588,68341,47005,57220,13377,22868,5025,4235,8064,8928,9432,13754,12937,20489,17255,21061,29076,33006,35059,43217,10580,18012,399751,222720,56086,33958,177804,26955,6490,24,16
2021-05-24T23:59:59+02:00,18,20,12840,12038,22763,22393,27783,31564,44233,50761,65232,66883,62281,68043,46895,57094,13344,22812,4953,4127,7814,8696,9114,13376,12609,19978,16870,20504,28934,32868,34985,43145,10558,17966,388098,222153,55604,33894,177138,24310,6133,24,16
2021-05-23T23:59:59+02:00,18,20,12779,11968,22668,22310,27703,31488,43977,50531,64644,66333,62201,67954,46870,57076,13342,22810,4933,4112,7777,8666,9056,13345,12531,19918,16795,20450,28925,32855,34981,43139,10558,17964,385893,221880,55524,33887,177124,24104,6127,24,16
2021-05-22T23:59:59+02:00,18,20,12555,11728,22346,22005,26699,30600,42142,48949,63789,65595,62039,67763,46804,56985,13332,22787,4917,4057,7750,8604,9015,13282,12501,19835,16765,20384,28915,32845,34977,43133,10557,17963,377399,221792,55513,33887,177119,23713,6101,24,16
2021-05-21T23:59:59+02:00,18,19,12250,11475,21776,21567,25890,29913,39753,47058,61817,63930,61778,67492,46720,56897,13317,22762,4898,4029,7696,8516,8947,13193,12423,19741,16692,20300,28899,32820,34970,43123,10555,17962,366997,221593,54454,33873,176929,23263,6028,24,16
2021-05-20T23:59:59+02:00,17,19,11628,10896,20657,20681,24749,28893,38248,45780,59475,61863,60960,66593,46521,56639,13283,22707,4617,3850,7294,8223,8508,12797,11969,19230,16275,19780,28778,32724,34919,43072,10551,17952,356525,221196,52100,33764,175654,20266,5306,24,16
2021-05-19T23:59:59+02:00,17,19,11188,10581,19870,20136,23901,28299,37345,45095,56239,58226,60268,65889,46412,56504,13261,22660,4464,3683,7038,7978,8231,12468,11641,18802,15906,19357,28680,32611,34877,42998,10541,17937,346070,220721,50483,33648,174517,18020,4816,24,16
2021-05-18T23:59:59+02:00,17,19,10855,10294,19297,19685,23256,27743,35946,43871,54829,57099,59897,65465,46282,56342,13236,22635,4356,3558,6792,7746,7971,12183,11408,18401,15561,18927,28597,32521,34847,42959,10537,17930,340706,220435,48643,33568,173035,15924,4360,24,16
2021-05-17T23:59:59+02:00,16,18,10635,10111,18864,19400,22826,27435,34745,42875,53520,56066,59648,65218,46219,56243,13220,22602,4284,3471,6583,7528,7722,11889,11150,18005,15250,18523,28505,32434,34823,42917,10531,17917,336642,220140,47650,33501,171515,14054,3830,24,16
2021-05-16T23:59:59+02:00,16,17,10445,9979,18569,19198,22490,27196,34109,42416,52284,54897,59455,65054,46183,56189,13209,22582,4216,3395,6363,7362,7429,11635,10882,17652,14955,18160,28439,32372,34807,42899,10524,17913,334217,219892,46772,33438,169893,12285,3382,24,15
2021-05-15T23:59:59+02:00,16,17,10347,9878,18417,19051,22321,27055,33724,42047,51890,54521,59338,64907,46135,56144,13206,22566,4175,3359,6279,7297,7336,11532,10780,17533,14847,18030,28344,32254,34716,42806,10520,17908,331821,218802,46771,33436,169758,12266,3206,24,15
2021-05-14T23:59:59+02:00,15,17,10062,9669,17983,18810,21922,26770,31366,40270,49740,52666,59120,64680,46087,56060,13190,22544,4045,3274,5993,7135,7028,11308,10431,17182,14500,17703,27770,31548,34595,42614,10502,17879,322662,215500,46718,33431,169144,12146,2424,23,15
2021-05-13T23:59:59+02:00,15,17,9599,9292,17189,18246,21050,26092,30247,39285,47498,50495,58273,63707,45878,55777,13151,22472,3540,3075,5656,6880,6716,10999,10024,16792,14123,17269,26875,30348,34171,42097,10471,17817,314167,210905,44854,32877,167124,10949,2116,22,15
2021-05-12T23:59:59+02:00,15,17,9306,9101,16754,17989,20580,25806,29719,38900,44495,46849,57699,63066,45794,55664,13133,22447,3399,2987,5425,6769,6438,10854,9742,16583,13884,17004,26229,29527,34007,41902,10445,17783,304992,207881,44031,32851,166832,10781,1459,20,15
2021-05-11T23:59:59+02:00,15,15,8863,8815,15982,17474,19720,25190,27977,37455,42563,45346,57321,62620,45709,55529,13113,22419,3279,2856,5195,6427,6136,10439,9377,16022,13446,16448,24804,27859,33497,41280,10394,17698,299500,201912,40973,32668,164343,9282,1290,20,14
2021-05-10T23:59:59+02:00,15,14,8601,8662,15469,17223,19091,24874,26985,36766,41104,44198,57060,62348,45630,55426,13093,22388,3169,2728,4963,6196,5882,10113,9049,15546,13083,16030,23757,26528,33010,40694,10358,17640,296219,197265,40066,32642,161667,7859,976,19,12
2021-05-09T23:59:59+02:00,15,14,8442,8578,15161,17039,18713,24624,26317,36341,39322,42539,56762,62070,45577,55368,13085,22370,3048,2674,4782,6059,5712,9940,8852,15339,12915,15856,23483,26196,32865,40519,10348,17625,293263,196067,39693,32601,158660,6839,702,19,12
2021-05-08T23:59:59+02:00,15,14,8367,8502,14984,16894,18503,24426,26091,36103,39091,42350,56635,61921,45540,55331,13082,22360,3041,2656,4750,6023,5670,9894,8775,15274,12829,15786,23115,25769,32579,40208,10340,17609,291711,194879,39238,31896,158539,6837,702,19,12
2021-05-07T23:59:59+02:00,14,13,8193,8402,14659,16712,18121,24193,25669,35815,38638,41972,56361,61566,45491,55284,13077,22350,2737,2522,4398,5836,5401,9632,8461,14962,12434,15390,22018,24397,31933,39377,10312,17559,289184,191427,38807,30397,158213,5234,307,19,12
2021-05-06T23:59:59+02:00,13,13,7541,8041,13764,16112,17067,23346,24331,34703,36491,40310,55233,60246,45249,54978,13042,22284,2610,2409,4224,5639,5192,9322,8118,14520,12002,14934,20713,22715,31079,38372,10261,17448,278554,185812,37527,29438,156395,4035,269,19,12
2021-05-05T23:59:59+02:00,11,13,7000,7734,12980,15561,16040,22582,22951,33679,34667,38825,53396,58208,44931,54632,13009,22218,2520,2349,4050,5481,5003,9110,7773,14180,11634,14577,19325,20934,29889,36958,10221,17347,267118,179692,36604,28268,154606,3297,90,19,12
2021-05-04T23:59:59+02:00,11,12,6811,7638,12623,15389,15557,22311,22310,33334,33706,38131,52539,57248,44809,54506,12991,22177,2464,2278,3897,5311,4828,8852,7432,13772,11206,14117,17675,19010,28795,35630,10127,17227,263362,172886,35738,27331,152949,2364,36,18,12
2021-05-03T23:59:59+02:00,11,12,6664,7489,12248,15173,15052,22001,21602,32930,32554,37241,52241,56931,44713,54398,12976,22145,2405,2207,3804,5131,4686,8615,7216,13423,10885,13709,16472,17517,27916,34532,10063,17120,260077,167322,35279,26980,150981,1369,26,18,12
2021-05-02T23:59:59+02:00,11,12,6584,7399,12037,15001,14758,21768,21127,32610,31403,36295,51958,56640,44651,54307,12959,22114,2391,2200,3783,5099,4657,8579,7150,13351,10803,13619,16161,17124,27620,34226,10051,17108,257652,165762,35208,26869,148731,1264,25,18,10
2021-05-01T23:59:59+02:00,11,12,6566,7374,11975,14956,14681,21709,21026,32537,31275,36203,51952,56624,44647,54306,12957,22112,2388,2191,3760,5082,4615,8554,7113,13314,10743,13564,15963,16901,27504,34089,10048,17098,257093,164796,35207,26842,148580,1262,25,18,10
2021-04-30T23:59:59+02:00,11,12,6529,7336,11885,14867,14576,21592,20831,32351,31037,36012,51680,56264,44602,54252,12952,22100,2359,2170,3698,5020,4519,8445,6962,13129,10466,13300,15151,15875,26634,33015,10007,17009,255321,161592,35164,24950,148362,1191,24,18,10
2021-04-29T23:59:59+02:00,11,12,6324,7212,11565,14680,14223,21356,20312,32063,30283,35521,51029,55439,44511,54138,12928,22025,2322,2124,3606,4931,4394,8309,6768,12912,10190,13015,14180,14642,25331,31472,9946,16917,252156,155900,35070,24204,146365,930,23,18,10
2021-04-28T23:59:59+02:00,11,12,6057,7047,11188,14345,13734,20891,19675,31458,29115,34394,48364,52436,44220,53813,12865,21947,2283,2084,3537,4871,4279,8193,6608,12728,9943,12796,13037,13162,23842,29594,9885,16814,242230,149934,34941,22999,144372,711,11,18,9
2021-04-27T23:59:59+02:00,11,12,5955,6955,11039,14224,13534,20730,19398,31247,28555,34008,48158,52216,44164,53762,12857,21925,2241,2050,3446,4777,4186,8084,6442,12544,9664,12520,11825,11600,22190,27439,9809,16669,240869,143127,34894,21814,142959,534,11,17,8
2021-04-26T23:59:59+02:00,11,12,5907,6910,10922,14159,13373,20609,19171,31037,27724,33439,47821,51849,44110,53697,12848,21896,2218,2022,3393,4734,4124,8015,6341,12411,9474,12344,10910,10440,20909,25691,9751,16583,240150,137856,34867,21071,140451,424,11,16,6
2021-04-25T23:59:59+02:00,11,12,5861,6863,10818,14064,13213,20455,18927,30754,26964,32701,47323,51337,44027,53597,12834,21876,2191,2011,3363,4715,4106,7996,6308,12370,9417,12284,10749,10248,20667,25368,9741,16569,238451,137002,34824,20727,138335,365,11,16,6
2021-04-24T23:59:59+02:00,11,12,5840,6814,10743,13979,13117,20314,18795,30577,26803,32522,47222,51214,43934,53502,12830,21871,2184,2001,3339,4688,4067,7950,6236,12297,9287,12167,10591,10067,20535,25237,9725,16551,236987,136479,34806,20087,138280,347,11,16,6
2021-04-23T23:59:59+02:00,11,12,5776,6722,10613,13780,12918,20061,18486,30201,26410,32161,46278,50080,43780,53257,12807,21839,2166,1979,3298,4653,4019,7895,6141,12207,9122,12039,10324,9769,20211,24816,9677,16471,232600,135357,34749,19085,137816,336,11,16,6
2021-04-22T23:59:59+02:00,11,12,5673,6607,10405,13585,12568,19731,17977,29729,25782,31569,44548,47927,43208,52528,12761,21738,2152,1968,3258,4600,3942,7821,6013,12107,8863,11874,9893,9362,19759,24228,9627,16393,226363,133239,34639,18307,135330,304,11,16,6
2021-04-21T23:59:59+02:00,11,11,5577,6469,10176,13383,12240,19418,17474,29235,25067,30841,40278,43063,42732,51993,12695,21634,2140,1959,3223,4564,3887,7763,5934,12014,8687,11714,9563,8979,19259,23637,9567,16298,214268,131596,34573,17301,133429,281,11,16,6
2021-04-20T23:59:59+02:00,11,11,5497,6379,9982,13167,11964,19155,17054,28827,24514,30280,38523,41051,42080,51218,12625,21496,2115,1946,3184,4539,3820,7718,5801,11917,8515,11586,9280,8659,18789,22971,9470,16157,208052,130233,34483,15997,131273,227,11,15,6
2021-04-19T23:59:59+02:00,11,10,5417,6301,9823,13040,11762,18950,16692,28446,23972,29811,36969,39259,41493,50493,12569,21407,2099,1927,3149,4504,3779,7674,5762,11847,8431,11495,9043,8376,18383,22405,9424,16066,203033,128542,34427,15606,128941,206,11,13,6
2021-04-18T23:59:59+02:00,11,9,5355,6250,9692,12957,11563,18813,16414,28247,23569,29499,35663,37897,41145,50087,12537,21344,2087,1911,3120,4482,3753,7658,5717,11801,8380,11446,8943,8285,18230,22217,9411,16043,201498,128055,34385,15218,125145,201,11,13,6
2021-04-17T23:59:59+02:00,11,9,5349,6234,9657,12926,11518,18773,16337,28180,23505,29441,35354,37559,41037,49990,12531,21333,2077,1903,3093,4470,3695,7613,5646,11750,8294,11394,8833,8176,18125,22100,9390,16030,200271,127252,34376,15128,125073,199,11,13,6
2021-04-16T23:59:59+02:00,11,9,5284,6195,9568,12866,11385,18661,16124,28020,23156,29093,34272,36300,40627,49464,12511,21299,1944,1815,2865,4290,3336,7298,4876,11218,6801,10301,6328,6127,16321,20418,9200,15733,196109,117946,34288,10719,124424,196,11,13,6
2021-04-15T23:59:59+02:00,11,9,5217,6104,9368,12696,11089,18413,15628,27627,22467,28494,32373,33980,39586,48255,12435,21135,1899,1783,2800,4226,3219,7179,4659,11036,6424,9990,5867,5729,15730,19735,9014,15404,190291,114827,34237,9668,120335,189,11,13,6
2021-04-14T23:59:59+02:00,11,8,5155,6058,9200,12567,10870,18236,15227,27314,21820,28014,30450,31730,38370,46839,12361,20950,1817,1728,2717,4160,3110,7086,4454,10869,6118,9738,5385,5316,15146,19046,8812,15053,183925,112204,34100,8208,117131,133,11,13,6
2021-04-13T23:59:59+02:00,11,8,5108,6005,9063,12437,10691,18066,14884,27039,21298,27549,28352,29282,37113,45246,12221,20746,1772,1711,2679,4117,3055,7025,4323,10729,5848,9528,5045,5012,14699,18598,8680,14852,177048,110786,34034,6841,114013,36,11,13,6
2021-04-12T23:59:59+02:00,10,8,5046,5955,8953,12300,10486,17918,14562,26759,20756,27093,26313,27013,35955,43782,12094,20549,1739,1667,2650,4098,3028,6972,4263,10662,5745,9428,4884,4867,14400,18228,8569,14653,171332,109946,33957,5862,110239,35,11,13,6
2021-04-11T23:59:59+02:00,10,8,5007,5912,8862,12221,10328,17817,14299,26581,20332,26769,25115,25727,35250,42997,12006,20401,1730,1661,2629,4078,3006,6947,4230,10616,5658,9360,4792,4812,14285,18106,8531,14601,169551,109748,33886,5257,106181,27,11,13,6
2021-04-10T23:59:59+02:00,10,8,4996,5898,8821,12194,10273,17782,14231,26532,20236,26689,24801,25353,34905,42578,11999,20380,1725,1655,2620,4070,2991,6931,4201,10587,5601,9321,4714,4733,14159,17944,8484,14517,168339,108960,33164,5256,106159,27,11,13,6
2021-04-09T23:59:59+02:00,10,8,4949,5865,8736,12116,10150,17658,14063,26356,19975,26447,23966,24199,33952,41370,11966,20307,1697,1625,2566,4035,2919,6869,4050,10474,5347,9096,4294,4359,13598,17229,8258,14152,164978,105285,31650,5248,105444,27,8,13,6
2021-04-08T23:59:59+02:00,10,8,4872,5800,8588,12005,9936,17481,13667,26043,19369,25979,22264,22218,32266,39404,11821,20073,1667,1609,2512,3988,2838,6782,3902,10336,5053,8831,3841,3934,12612,15984,7786,13394,159231,100312,30745,4727,101807,22,8,13,6
2021-04-07T23:59:59+02:00,10,7,4825,5748,8406,11928,9708,17331,13347,25816,18900,25619,20453,20106,30509,37146,11706,19862,1634,1593,2456,3936,2776,6702,3793,10190,4864,8641,3580,3645,11929,15179,7417,12849,153193,97010,29571,4155,98645,12,7,11,6
2021-04-06T23:59:59+02:00,10,7,4778,5703,8262,11816,9547,17166,13029,25550,18381,25233,18602,18044,28592,34660,11511,19519,1599,1574,2433,3910,2743,6665,3728,10146,4782,8551,3472,3523,11452,14533,7135,12442,146370,94706,28611,3964,95412,11,7,10,6
2021-04-05T23:59:59+02:00,10,7,4747,5661,8166,11727,9408,17066,12818,25338,17980,24886,16875,16110,26964,32516,11367,19297,1578,1563,2403,3891,2714,6617,3685,10087,4697,8436,3361,3416,11114,14164,6979,12163,140959,93316,28176,3535,91793,10,7,8,6
2021-04-04T23:59:59+02:00,10,7,4739,5655,8158,11716,9395,17053,12793,25318,17952,24861,16743,15936,26768,32269,11358,19284,1577,1562,2401,3888,2712,6614,3683,10084,4693,8433,3351,3403,11103,14152,6976,12155,140239,93236,28084,3535,91680,10,6,6,6
2021-04-03T23:59:59+02:00,10,7,4735,5647,8144,11708,9375,17033,12754,25287,17874,24798,16663,15847,26723,32212,11353,19277,1574,1560,2392,3880,2694,6600,3659,10056,4610,8378,3233,3288,11021,14078,6970,12145,139711,92587,28056,3535,91668,10,6,6,6
2021-04-02T23:59:59+02:00,10,7,4709,5627,8087,11654,9312,16965,12615,25181,17639,24598,16212,15370,26248,31639,11321,19224,1572,1551,2379,3874,2687,6584,3638,10024,4541,8285,3164,3220,10784,13779,6818,11943,138509,91296,26647,3531,91250,10,6,6,6
2021-04-01T23:59:59+02:00,9,7,4666,5566,7975,11512,9181,16805,12342,24896,17194,24199,15464,14644,25493,30680,11195,19041,1555,1529,2348,3842,2665,6554,3598,9985,4472,8220,3053,3091,9853,12663,6207,11097,136275,87292,25983,3427,88601,9,4,6,6
2021-03-31T23:59:59+02:00,9,7,4456,5486,7865,11390,9040,16640,12124,24620,16841,23834,14768,13882,24661,29671,11090,18849,1546,1524,2334,3822,2639,6526,3550,9936,4401,8149,2963,3001,9283,11968,5844,10602,134479,84874,24525,3201,86219,9,4,6,6
2021-03-30T23:59:59+02:00,9,7,4425,5432,7792,11263,8954,16481,11961,24430,16562,23525,14176,13240,23905,28693,10952,18608,1532,1514,2315,3797,2613,6497,3511,9871,4335,8078,2839,2855,8700,11314,5494,10115,133000,82569,23315,2803,84090,4,4,6,6
2021-03-29T23:59:59+02:00,9,7,4384,5374,7692,11150,8847,16318,11802,24158,16233,23177,13635,12640,23145,27722,10799,18363,1514,1501,2296,3781,2591,6468,3476,9814,4271,8003,2786,2787,8413,10929,5304,9806,131162,81188,22561,2544,81722,4,4,6,6
2021-03-28T23:59:59+02:00,9,7,4349,5289,7607,11042,8770,16166,11667,23929,15974,22904,13311,12331,22579,27031,10625,18084,1505,1495,2274,3767,2576,6439,3436,9764,4233,7945,2738,2736,8335,10825,5261,9741,130663,80845,22042,2217,78959,4,4,6,6
2021-03-27T23:59:59+01:00,9,7,4335,5278,7581,11012,8704,16095,11567,23834,15832,22788,13105,12118,22378,26820,10590,18055,1504,1493,2271,3765,2575,6438,3423,9740,4222,7923,2728,2729,8278,10760,5227,9701,129782,80552,21399,2217,78917,4,4,6,6
2021-03-26T23:59:59+01:00,9,7,4292,5208,7472,10880,8528,15912,11233,23533,15219,22283,12185,11294,21594,25982,10449,17831,1499,1479,2265,3744,2562,6415,3406,9714,4181,7886,2698,2690,8099,10542,5110,9533,125746,79711,19790,2102,78365,4,4,6,6
2021-03-25T23:59:59+01:00,9,6,4233,5048,7311,10602,8285,15507,10849,22911,14578,21585,11515,10634,20729,24916,10136,17294,1479,1465,2233,3718,2527,6376,3369,9666,4109,7805,2564,2551,7125,9289,4504,8628,122478,75533,19017,1866,74644,4,3,6,6
2021-03-24T23:59:59+01:00,9,6,4157,4907,7172,10317,8071,15093,10587,22363,14110,20978,10912,10075,19799,23830,9812,16733,1458,1435,2207,3680,2482,6340,3327,9602,4031,7706,2465,2452,6482,8529,4123,8049,119891,72913,17831,1450,71202,2,1,6,6
2021-03-23T23:59:59+01:00,9,6,4117,4812,7065,10081,7917,14754,10329,21859,13708,20486,10447,9633,19080,22980,9502,16272,1446,1417,2181,3659,2462,6313,3266,9548,3938,7632,2372,2350,5753,7600,3677,7362,118433,69847,16729,1125,67889,2,0,6,6
2021-03-22T23:59:59+01:00,9,6,4065,4731,6938,9841,7757,14433,10073,21394,13359,19989,10055,9277,18518,22273,9316,15932,1437,1410,2172,3645,2450,6297,3243,9525,3908,7598,2311,2299,5301,6994,3330,6873,117552,67750,16332,1038,64076,2,0,6,6
2021-03-21T23:59:59+01:00,9,6,4018,4626,6806,9576,7589,14078,9850,20854,13019,19463,9734,8998,17989,21670,9126,15625,1434,1406,2171,3634,2447,6290,3237,9516,3898,7584,2297,2280,5184,6862,3272,6772,117356,67241,15938,1038,59736,2,0,6,6
2021-03-20T23:59:59+01:00,9,6,4007,4604,6771,9522,7530,14007,9766,20749,12913,19373,9647,8904,17854,21496,9075,15538,1431,1401,2167,3631,2442,6285,3224,9506,3879,7574,2262,2248,4861,6489,3088,6530,116531,65975,15843,1038,59391,2,0,6,6
2021-03-19T23:59:59+01:00,8,6,3832,4463,6481,9270,7089,13584,8853,20019,11184,18045,6796,6563,15622,19298,8722,14977,1427,1397,2162,3624,2430,6272,3212,9482,3829,7528,2195,2207,4492,6017,2825,6215,107262,64303,11136,1006,56408,2,0,6,6
2021-03-18T23:59:59+01:00,8,5,3727,4330,6303,8961,6824,13144,8461,19360,10544,17308,6085,5910,14409,17831,8215,14162,1423,1391,2139,3597,2412,6236,3184,9441,3789,7494,2150,2173,4073,5489,2544,5806,102157,62438,10133,898,53291,2,0,6,6
2021-03-17T23:59:59+01:00,8,5,3649,4256,6171,8817,6657,12966,8167,19050,10143,16917,5680,5527,13593,16901,7822,13587,1413,1379,2123,3578,2382,6203,3153,9413,3752,7458,2094,2113,3667,5043,2295,5423,98932,60721,8451,763,52527,2,0,6,6
2021-03-16T23:59:59+01:00,7,5,3571,4121,6019,8546,6451,12599,7853,18464,9596,16261,5158,5074,12781,15938,7492,13096,1404,1370,2114,3561,2367,6188,3137,9393,3727,7432,2066,2077,3148,4403,1961,4917,96622,58501,7050,759,49354,2,0,6,6
2021-03-15T23:59:59+01:00,7,5,3523,3973,5833,8269,6233,12191,7579,17891,9160,15637,4843,4793,12128,15196,7230,12639,1404,1360,2098,3546,2347,6163,3119,9344,3703,7393,2030,2027,2785,3943,1676,4525,95132,56714,6080,744,45912,2,0,6,6
2021-03-14T23:59:59+01:00,7,5,3477,3841,5606,7940,5947,11747,7272,17174,8699,14885,4529,4521,11839,14940,7185,12540,1397,1354,2082,3517,2333,6113,3101,9286,3685,7354,2023,2016,2707,3836,1624,4441,95015,56314,5474,550,41659,2,0,6,6
2021-03-13T23:59:59+01:00,7,5,3461,3800,5567,7827,5888,11629,7190,17030,8552,14733,4377,4371,11747,14854,7179,12529,1397,1354,2082,3517,2332,6113,3100,9285,3684,7354,2020,2008,2654,3781,1590,4387,94325,56103,5474,550,40941,2,0,6,6
2021-03-12T23:59:59+01:00,7,5,3443,3728,5511,7691,5826,11482,7106,16806,8417,14500,4270,4275,11478,14530,7025,12314,1397,1354,2078,3511,2331,6105,3096,9279,3683,7348,2018,2006,2568,3671,1510,4301,92908,55701,5466,550,40034,2,0,6,6
2021-03-11T23:59:59+01:00,7,5,3365,3533,5302,7393,5595,11062,6768,16140,7985,13862,3935,3941,10407,13275,6377,11412,1392,1351,2068,3498,2312,6080,3073,9245,3659,7315,1989,1981,2330,3408,1360,4082,88738,54621,5049,517,36571,2,0,6,6
2021-03-10T23:59:59+01:00,7,5,3270,3415,5089,7123,5382,10705,6498,15595,7650,13316,3715,3714,9766,12483,5993,10879,1387,1340,2040,3460,2282,5990,3025,9123,3601,7196,1945,1905,2114,3171,1231,3894,86276,53417,4680,282,33643,2,0,6,6
2021-03-09T23:59:59+01:00,6,5,3196,3285,4934,6934,5188,10426,6269,15164,7353,12812,3532,3509,9137,11782,5621,10362,1380,1330,2004,3400,2251,5888,2964,8979,3533,7115,1915,1879,1839,2855,1063,3649,84013,52004,4425,35,31071,2,0,6,6
2021-03-08T23:59:59+01:00,6,5,3130,3124,4708,6669,4950,10073,6010,14654,6991,12224,3333,3317,8750,11339,5424,10050,1377,1311,1990,3322,2220,5794,2925,8833,3500,7022,1900,1857,1639,2624,945,3459,82545,50682,4064,33,28142,0,0,6,6
2021-03-07T23:59:59+01:00,6,5,3098,3065,4634,6557,4866,9960,5905,14491,6875,12079,3283,3275,8666,11235,5386,9983,1371,1306,1983,3310,2212,5767,2918,8794,3488,7003,1892,1845,1583,2556,893,3392,82195,50277,3899,33,27269,0,0,6,6
2021-03-06T23:59:59+01:00,6,5,3084,3007,4590,6467,4832,9897,5847,14377,6827,11970,3259,3252,8609,11169,5352,9940,1369,1293,1978,3296,2200,5740,2915,8766,3477,6984,1883,1821,1556,2532,888,3383,81878,50045,3899,33,26707,0,0,6,6
2021-03-05T23:59:59+01:00,6,5,3060,2914,4532,6358,4770,9799,5785,14226,6727,11817,3215,3197,8424,10939,5233,9768,1360,1260,1948,3241,2175,5633,2873,8632,3433,6846,1840,1776,1492,2461,866,3357,80979,49157,3891,33,25899,0,0,6,6
2021-03-04T23:59:59+01:00,4,5,3007,2719,4373,6119,4552,9488,5579,13806,6416,11428,3037,3020,7410,9648,4614,8856,1340,1210,1910,3118,2143,5450,2827,8355,3377,6614,1769,1686,1456,2412,862,3339,76834,47833,3621,32,23620,0,0,6,6
2021-03-03T23:59:59+01:00,3,5,2968,2646,4232,5928,4387,9220,5376,13429,6162,11008,2916,2889,6766,8879,4221,8254,1328,1172,1883,3046,2121,5339,2795,8177,3324,6456,1700,1642,1415,2342,842,3286,74124,46834,3391,32,21768,0,0,6,5
2021-03-02T23:59:59+01:00,3,5,2907,2557,4048,5711,4180,8947,5179,13053,5894,10634,2770,2732,5999,7914,3759,7549,1295,1129,1856,2974,2097,5200,2746,7904,3275,6258,1628,1582,1351,2264,822,3243,70965,45590,2945,32,19925,0,0,6,5
2021-03-01T23:59:59+01:00,3,4,2867,2494,3882,5560,3993,8727,4991,12731,5655,10247,2670,2618,5510,7260,3406,7044,1289,1093,1832,2873,2070,5007,2705,7654,3215,6022,1585,1546,1303,2205,796,3204,68816,44365,2646,32,18194,0,0,6,5
2021-02-28T23:59:59+01:00,3,4,2826,2444,3724,5441,3772,8537,4808,12481,5468,9942,2613,2546,5387,7104,3344,6943,1285,1088,1828,2859,2061,4983,2698,7618,3205,6005,1577,1539,1297,2196,794,3194,68337,44194,2428,31,16616,0,0,6,5
2021-02-27T23:59:59+01:00,3,3,2811,2379,3698,5361,3738,8467,4774,12390,5433,9868,2572,2512,5058,6717,3148,6692,1278,1080,1821,2847,2048,4948,2679,7553,3189,5949,1559,1530,1291,2185,791,3193,67029,43909,2428,30,16161,0,0,6,5
2021-02-26T23:59:59+01:00,3,3,2791,2338,3658,5276,3672,8365,4713,12281,5348,9781,2495,2459,4681,6236,2878,6369,1219,1030,1771,2738,1999,4767,2625,7279,3116,5737,1498,1479,1268,2163,777,3184,65237,42620,2302,29,15802,0,0,6,4
2021-02-25T23:59:59+01:00,3,3,2617,2229,3474,5095,3490,8142,4509,11995,5128,9507,2408,2394,4233,5684,2590,5948,1203,972,1740,2630,1946,4493,2554,6885,3021,5451,1453,1436,1248,2148,775,3175,63381,41104,1980,26,14082,0,0,6,3
2021-02-24T23:59:59+01:00,3,3,2462,2091,3284,4903,3342,7936,4312,11741,4909,9259,2271,2275,3780,5174,2333,5555,1188,943,1717,2544,1912,4354,2494,6628,2969,5245,1422,1405,1230,2128,771,3156,61618,40087,1511,18,12498,0,0,6,3
2021-02-23T23:59:59+01:00,3,3,2325,1953,3104,4675,3187,7702,4140,11468,4727,9013,2185,2181,3226,4509,1995,5043,1174,895,1686,2449,1873,4161,2426,6329,2871,4985,1364,1350,1201,2085,758,3131,59416,38723,1164,14,10853,0,0,6,3
2021-02-22T23:59:59+01:00,3,3,2285,1902,3020,4582,3117,7594,4046,11282,4620,8888,2135,2140,2862,4046,1708,4657,1162,836,1654,2323,1830,3915,2350,5935,2745,4687,1302,1295,1178,2052,751,3110,57743,37120,1080,4,10061,0,0,6,3
2021-02-21T23:59:59+01:00,3,3,2249,1870,2969,4513,3035,7480,3965,11135,4554,8771,2121,2117,2778,3932,1653,4569,1158,818,1637,2270,1805,3806,2317,5780,2682,4563,1270,1272,1168,2038,744,3097,57312,36420,1047,4,9352,0,0,6,3
2021-02-20T23:59:59+01:00,3,3,2238,1867,2947,4500,3019,7444,3939,11102,4533,8750,2118,2109,2724,3875,1618,4514,1158,815,1637,2268,1804,3797,2316,5775,2681,4559,1269,1269,1167,2035,743,3096,57097,36384,1046,4,9154,0,0,6,3
2021-02-19T23:59:59+01:00,2,3,2226,1854,2911,4448,2994,7356,3894,11020,4479,8687,2110,2103,2636,3762,1538,4421,1106,806,1598,2260,1794,3788,2306,5754,2672,4547,1263,1258,1156,2030,738,3089,56685,36160,1015,4,8738,0,0,6,3
2021-02-18T23:59:59+01:00,2,3,2094,1758,2754,4263,2870,7158,3757,10732,4340,8482,2078,2069,2396,3496,1386,4199,1027,771,1523,2162,1744,3665,2233,5596,2615,4460,1249,1238,1151,2016,728,3071,55627,35244,948,4,7256,0,0,6,3
2021-02-17T23:59:59+01:00,2,3,2050,1709,2662,4130,2761,6944,3604,10391,4199,8239,2020,1986,2177,3267,1262,4012,873,708,1414,2036,1669,3475,2139,5371,2541,4289,1215,1193,1126,1971,713,3031,54564,33760,803,3,6045,0,0,6,3
2021-02-16T23:59:59+01:00,2,3,1877,1596,2487,3923,2622,6669,3443,10036,4023,7932,1976,1959,1902,2948,1092,3760,846,686,1342,1961,1601,3333,2045,5199,2444,4158,1155,1146,1068,1881,681,2938,53236,32481,767,2,4241,0,0,6,3
2021-02-15T23:59:59+01:00,2,3,1842,1540,2399,3754,2544,6396,3320,9669,3908,7663,1950,1931,1687,2710,971,3574,828,673,1313,1915,1560,3265,1990,5027,2381,4058,1090,1106,1004,1790,662,2845,52143,31505,754,1,2960,0,0,6,3
2021-02-14T23:59:59+01:00,2,3,1752,1509,2354,3693,2502,6306,3250,9565,3862,7585,1939,1921,1629,2650,921,3515,813,663,1296,1890,1533,3242,1956,4986,2356,4003,1080,1097,997,1780,659,2833,51808,31182,725,1,2419,0,0,6,3
2021-02-13T23:59:59+01:00,2,3,1751,1497,2344,3686,2496,6292,3246,9549,3855,7575,1930,1901,1606,2630,918,3505,813,663,1296,1890,1533,3242,1956,4986,2356,4003,1080,1097,997,1780,659,2833,51653,31182,725,1,2402,0,0,6,3
2021-02-12T23:59:59+01:00,2,3,1671,1411,2245,3574,2416,6118,3141,9311,3731,7310,1883,1844,1543,2558,895,3478,807,656,1284,1868,1518,3223,1948,4955,2340,3983,1075,1092,996,1761,659,2803,50713,30967,725,0,1690,0,0,6,3
2021-02-11T23:59:59+01:00,2,3,1468,1273,2062,3359,2287,5826,2989,8878,3572,6964,1811,1742,1501,2497,881,3455,779,605,1189,1688,1392,2949,1809,4596,2174,3695,1024,1029,953,1688,626,2672,49318,28869,684,0,562,0,0,6,1
2021-02-10T23:59:59+01:00,2,3,1372,1224,1974,3232,2218,5652,2907,8599,3461,6734,1740,1694,1456,2430,865,3398,565,521,966,1463,1253,2641,1624,4133,1971,3316,906,902,831,1435,547,2356,48150,25431,644,0,161,0,0,6,1
2021-02-09T23:59:59+01:00,2,3,1336,1174,1937,3140,2191,5471,2840,8258,3391,6475,1666,1632,1395,2370,848,3361,302,384,747,1200,1066,2266,1414,3594,1722,2863,737,738,663,1148,437,1911,46890,21193,515,0,80,0,0,5,1
2021-02-08T23:59:59+01:00,2,3,1329,1139,1905,3021,2153,5249,2788,7978,3332,6239,1625,1598,1350,2315,832,3341,266,343,645,1045,960,2048,1254,3202,1524,2546,634,619,559,969,380,1661,45770,18656,345,0,79,0,0,5,1
2021-02-07T23:59:59+01:00,2,3,1302,1123,1876,2969,2128,5167,2759,7875,3290,6174,1609,1582,1335,2296,821,3326,232,287,597,955,900,1893,1161,2976,1425,2374,594,599,538,936,370,1632,45488,17471,144,0,0,0,0,5,0
2021-02-06T23:59:59+01:00,2,3,1297,1117,1870,2957,2119,5139,2746,7831,3279,6129,1596,1574,1330,2286,818,3325,213,253,575,918,872,1827,1119,2858,1368,2292,578,581,531,936,370,1632,45269,16925,144,0,0,0,0,5,0
2021-02-05T23:59:59+01:00,2,3,1236,1065,1821,2846,2067,4943,2687,7535,3202,5913,1533,1520,1311,2260,810,3318,197,223,540,871,838,1747,1081,2741,1315,2193,544,557,520,912,360,1607,43923,16248,144,0,0,0,0,5,0
2021-02-04T23:59:59+01:00,2,3,1224,1001,1780,2697,1996,4631,2604,7090,3102,5586,1488,1487,1293,2244,806,3310,169,169,467,753,739,1608,970,2502,1202,1979,497,505,477,858,343,1494,42304,14734,36,0,0,0,0,4,0
2021-02-03T23:59:59+01:00,2,3,1206,972,1750,2616,1957,4485,2537,6828,3050,5370,1451,1455,1264,2209,788,3281,138,140,392,641,623,1371,824,2124,1005,1688,378,370,342,644,240,1133,41184,12055,36,0,0,0,0,4,0
2021-02-02T23:59:59+01:00,2,3,1188,916,1717,2516,1914,4262,2464,6496,2943,5097,1397,1409,1241,2179,779,3257,117,116,316,520,520,1136,679,1794,815,1378,280,270,264,472,188,849,39740,9716,36,0,0,0,0,4,0
2021-02-01T23:59:59+01:00,1,3,1175,856,1682,2391,1864,4016,2387,6103,2821,4801,1330,1328,1211,2133,768,3232,84,76,216,349,347,741,431,1157,479,859,174,165,152,279,100,496,38062,6105,36,0,0,0,0,4,0
2021-01-31T23:59:59+01:00,1,3,1170,838,1665,2333,1840,3893,2355,5920,2754,4682,1299,1305,1200,2118,761,3220,73,70,183,279,270,575,342,904,397,692,148,149,144,271,96,482,37320,5075,33,0,0,0,0,4,0
2021-01-30T23:59:59+01:00,1,3,1170,835,1664,2328,1838,3882,2353,5909,2751,4672,1298,1301,1199,2117,761,3219,70,63,151,232,242,507,307,786,354,617,147,142,139,267,96,481,37265,4601,32,0,0,0,0,4,0
2021-01-29T23:59:59+01:00,1,3,1117,826,1625,2321,1827,3875,2345,5895,2743,4660,1294,1298,1195,2117,761,3219,62,45,114,177,198,353,250,637,310,489,136,133,127,256,93,481,37089,3861,30,0,0,0,0,3,0
2021-01-28T23:59:59+01:00,1,3,1042,801,1567,2261,1794,3806,2298,5824,2710,4606,1282,1286,1188,2111,752,3205,40,20,72,105,129,206,155,381,202,292,103,101,102,205,83,434,36507,2630,27,0,0,0,0,3,0
2021-01-27T23:59:59+01:00,1,3,892,750,1476,2185,1727,3691,2227,5694,2652,4482,1254,1242,1164,2072,740,3173,29,12,62,86,104,162,122,324,175,247,95,84,91,186,79,403,35404,2261,18,0,0,0,0,3,0
2021-01-26T23:59:59+01:00,1,3,878,731,1411,2111,1664,3561,2140,5522,2564,4371,1199,1202,1118,2001,716,3124,28,11,59,83,100,156,118,309,174,237,93,79,84,165,68,357,34302,2121,12,0,0,0,0,3,0
2021-01-25T23:59:59+01:00,1,3,865,710,1379,2051,1633,3464,2095,5356,2507,4281,1148,1177,1071,1944,698,3065,26,11,56,83,97,154,117,307,173,237,92,78,83,164,66,354,33442,2098,3,0,0,0,0,3,0
2021-01-24T23:59:59+01:00,1,3,862,709,1373,2040,1628,3447,2087,5330,2496,4249,1144,1170,1066,1937,697,3060,26,11,56,83,96,153,117,307,173,236,92,78,83,164,66,354,33293,2095,3,0,0,0,0,3,0
2021-01-23T23:59:59+01:00,1,3,862,709,1373,2040,1628,3447,2087,5330,2496,4249,1144,1170,1066,1937,697,3060,26,11,56,83,96,153,117,307,172,236,92,78,83,164,66,354,33293,2094,3,0,0,0,0,3,0
2021-01-22T23:59:59+01:00,1,3,862,699,1359,2018,1612,3423,2074,5296,2480,4229,1142,1165,1065,1914,696,3027,26,11,56,83,96,153,117,307,171,236,92,78,83,164,66,354,33059,2093,3,0,0,0,0,3,0
2021-01-21T23:59:59+01:00,1,3,831,662,1281,1863,1512,3233,1978,5024,2370,4031,1103,1107,1038,1849,665,2922,24,10,52,78,88,145,107,278,157,213,79,70,74,144,54,301,31469,1874,3,0,0,0,0,1,0
2021-01-20T23:59:59+01:00,1,3,628,563,1087,1644,1378,2959,1801,4619,2166,3694,977,989,920,1620,600,2652,22,10,51,74,85,144,99,265,146,194,69,64,69,122,45,269,28297,1728,3,0,0,0,0,1,0
2021-01-19T23:59:59+01:00,1,3,341,417,835,1387,1177,2618,1566,4090,1906,3244,810,821,756,1347,502,2247,18,7,36,52,56,78,73,178,102,131,52,49,48,91,34,208,24065,1213,2,0,0,0,0,1,0
2021-01-18T23:59:59+01:00,1,3,299,376,723,1199,1056,2364,1374,3592,1668,2864,682,672,611,1103,428,1863,7,3,11,17,19,27,24,50,25,46,12,11,13,33,7,61,20876,366,1,0,0,0,0,1,0
2021-01-17T23:59:59+01:00,1,3,258,321,657,1105,978,2193,1276,3318,1553,2653,637,643,584,1047,407,1805,0,0,1,0,2,2,2,1,2,2,1,4,1,0,0,1,19438,19,1,0,0,0,0,0,0
2021-01-16T23:59:59+01:00,1,3,241,289,641,1072,954,2130,1235,3208,1502,2580,621,626,576,1047,407,1804,0,0,0,0,1,2,1,1,1,2,0,1,1,0,0,1,18936,11,1,0,0,0,0,0,0
2021-01-15T23:59:59+01:00,1,3,226,256,612,1024,927,2052,1201,3092,1450,2484,590,600,569,1026,400,1792,0,0,0,0,0,0,0,0,0,0,0,0,0,0,0,0,18305,0,0,0,0,0,0,0,0
2021-01-14T23:59:59+01:00,1,2,196,204,552,902,838,1909,1108,2869,1335,2301,546,557,531,982,394,1750,0,0,0,0,0,0,0,0,0,0,0,0,0,0,0,0,16977,0,0,0,0,0,0,0,0
2021-01-13T23:59:59+01:00,1,2,165,185,503,833,766,1783,1010,2636,1181,2077,433,440,404,777,296,1353,0,0,0,0,0,0,0,0,0,0,0,0,0,0,0,0,14845,0,0,0,0,0,0,0,0
2021-01-12T23:59:59+01:00,1,2,143,164,471,764,716,1628,920,2433,1074,1843,344,332,313,557,214,965,0,0,0,0,0,0,0,0,0,0,0,0,0,0,0,0,12884,0,0,0,0,0,0,0,0
2021-01-11T23:59:59+01:00,0,1,114,127,395,634,626,1375,756,1975,847,1457,213,194,174,329,116,568,0,0,0,0,0,0,0,0,0,0,0,0,0,0,0,0,9901,0,0,0,0,0,0,0,0
2021-01-10T23:59:59+01:00,0,1,88,92,305,458,471,995,549,1448,623,1061,176,171,162,316,111,555,0,0,0,0,0,0,0,0,0,0,0,0,0,0,0,0,7582,0,0,0,0,0,0,0,0
2021-01-09T23:59:59+01:00,0,1,78,84,259,395,401,863,482,1231,547,903,169,161,157,311,111,553,0,0,0,0,0,0,0,0,0,0,0,0,0,0,0,0,6706,0,0,0,0,0,0,0,0
2021-01-08T23:59:59+01:00,0,1,65,64,186,287,304,584,367,933,441,684,161,156,141,299,109,553,0,0,0,0,0,0,0,0,0,0,0,0,0,0,0,0,5335,0,0,0,0,0,0,0,0
2021-01-07T23:59:59+01:00,0,0,46,24,78,121,137,230,165,419,223,340,116,121,123,251,98,504,0,0,0,0,0,0,0,0,0,0,0,0,0,0,0,0,2996,0,0,0,0,0,0,0,0
2021-01-06T23:59:59+01:00,0,0,32,17,69,92,116,180,137,342,194,276,97,93,97,205,83,429,0,0,0,0,0,0,0,0,0,0,0,0,0,0,0,0,2459,0,0,0,0,0,0,0,0
2021-01-05T23:59:59+01:00,0,0,29,12,59,87,106,166,121,327,180,253,96,88,95,198,81,411,0,0,0,0,0,0,0,0,0,0,0,0,0,0,0,0,2309,0,0,0,0,0,0,0,0
2021-01-04T23:59:59+01:00,0,0,26,11,56,84,98,157,116,312,178,241,95,85,88,184,71,380,0,0,0,0,0,0,0,0,0,0,0,0,0,0,0,0,2182,0,0,0,0,0,0,0,0
2021-01-03T23:59:59+01:00,0,0,26,11,56,84,98,157,116,312,178,241,95,85,87,183,71,380,0,0,0,0,0,0,0,0,0,0,0,0,0,0,0,0,2180,0,0,0,0,0,0,0,0
2021-01-02T23:59:59+01:00,0,0,26,11,56,84,98,157,116,312,177,241,95,85,87,183,71,380,0,0,0,0,0,0,0,0,0,0,0,0,0,0,0,0,2179,0,0,0,0,0,0,0,0
2021-01-01T23:59:59+01:00,0,0,26,11,56,84,98,157,116,312,175,240,95,85,87,183,71,380,0,0,0,0,0,0,0,0,0,0,0,0,0,0,0,0,2176,0,0,0,0,0,0,0,0
2020-12-31T23:59:59+01:00,0,0,26,11,56,84,98,157,116,312,175,240,95,85,87,183,71,380,0,0,0,0,0,0,0,0,0,0,0,0,0,0,0,0,2176,0,0,0,0,0,0,0,0
2020-12-30T23:59:59+01:00,0,0,25,11,56,83,97,154,116,311,175,240,95,85,87,183,71,380,0,0,0,0,0,0,0,0,0,0,0,0,0,0,0,0,2169,0,0,0,0,0,0,0,0
2020-12-29T23:59:59+01:00,0,0,18,8,41,59,74,91,86,216,128,188,73,73,65,151,56,304,0,0,0,0,0,0,0,0,0,0,0,0,0,0,0,0,1631,0,0,0,0,0,0,0,0
2020-12-28T23:59:59+01:00,0,0,8,5,17,28,31,45,40,111,53,101,30,40,37,91,29,175,0,0,0,0,0,0,0,0,0,0,0,0,0,0,0,0,841,0,0,0,0,0,0,0,0
2020-12-27T23:59:59+01:00,0,0,2,2,4,5,7,11,10,23,6,22,5,7,6,25,3,48,0,0,0,0,0,0,0,0,0,0,0,0,0,0,0,0,186,0,0,0,0,0,0,0,0
