Datum,<15_1_m,<15_1_w,15-24_1_m,15-24_1_w,25-34_1_m,25-34_1_w,35-44_1_m,35-44_1_w,45-54_1_m,45-54_1_w,55-64_1_m,55-64_1_w,65-74_1_m,65-74_1_w,75-84_1_m,75-84_1_w,>84_1_m,>84_1_w,<15_2_m,<15_2_w,15-24_2_m,15-24_2_w,25-34_2_m,25-34_2_w,35-44_2_m,35-44_2_w,45-54_2_m,45-54_2_w,55-64_2_m,55-64_2_w,65-74_2_m,65-74_2_w,75-84_2_m,75-84_2_w,>84_2_m,>84_2_w,bp_1,bp_2,mo_1,mo_2,az_1,az_2,ja,unb_1,unb_2
2021-11-19T23:59:59+01:00,14279,13421,67499,62426,73890,68835,81464,81752,101812,103183,111532,109877,75306,81755,52670,64767,15260,26396,10919,10171,59388,55795,66239,61620,74678,75201,95461,96893,106431,105229,73369,79562,51428,63136,14744,25324,897948,827811,73335,69325,182823,176314,52067,59,71
2021-11-18T23:59:59+01:00,14087,13238,67351,62303,73759,68693,81342,81629,101698,103065,111436,109771,75265,81698,52653,64733,15254,26385,10864,10131,59284,55713,66104,61507,74583,75123,95363,96814,106341,105183,73341,79517,51417,63116,14739,25316,896383,826805,73189,69252,182823,176314,52014,59,71
2021-11-17T23:59:59+01:00,13916,13067,67167,62136,73521,68481,81183,81471,101523,102936,111305,109650,75211,81639,52624,64681,15240,26360,10805,10075,59144,55596,65959,61378,74457,75005,95229,96711,106239,105114,73305,79468,51392,63084,14736,25298,894301,825441,73073,69210,182821,176309,51964,59,71
2021-11-16T23:59:59+01:00,13722,12893,66937,61932,73268,68227,80961,81260,101342,102783,111170,109530,75151,81572,52590,64619,15225,26330,10756,10023,59016,55493,65824,61251,74330,74896,95115,96618,106156,105045,73268,79428,51372,63058,14730,25281,891816,824182,73002,69178,182821,176308,51921,59,71
2021-11-15T23:59:59+01:00,13561,12726,66679,61722,73015,67955,80745,81047,101154,102592,111032,109394,75099,81522,52570,64589,15213,26305,10711,9987,58911,55397,65716,61153,74231,74810,95047,96541,106080,104972,73228,79389,51353,63032,14723,25272,889361,823146,72918,69151,182810,176306,51879,59,71
2021-11-14T23:59:59+01:00,13290,12477,66289,61412,72691,67639,80466,80815,100931,102376,110874,109267,75043,81464,52548,64553,15206,26283,10658,9927,58773,55289,65610,61059,74127,74698,94956,96460,106003,104897,73177,79350,51334,63016,14718,25264,886225,821989,72817,69129,182806,176303,51824,59,71
2021-11-13T23:59:59+01:00,13150,12336,65993,61172,72445,67412,80247,80627,100764,102200,110749,109185,75009,81427,52531,64535,15200,26278,10638,9904,58702,55220,65546,61006,74081,74652,94894,96416,105979,104863,73169,79338,51329,63013,14718,25262,883935,821437,72766,69117,182805,176303,51802,59,71
2021-11-12T23:59:59+01:00,12986,12156,65654,60889,72161,67177,80026,80409,100591,101999,110623,109064,74986,81392,52519,64511,15197,26275,10605,9860,58587,55111,65427,60913,73970,74563,94800,96336,105921,104825,73151,79316,51320,63001,14714,25254,881387,820441,72696,69084,182804,176302,51776,59,71
2021-11-11T23:59:59+01:00,12754,11931,65248,60561,71800,66836,79682,80106,100343,101754,110433,108891,74935,81318,52490,64472,15191,26260,10520,9782,58436,54977,65297,60798,73862,74439,94705,96230,105824,104747,73114,79270,51304,62975,14704,25242,878030,819087,72508,69054,182800,176300,51714,59,71
2021-11-10T23:59:59+01:00,12612,11809,64997,60314,71491,66538,79434,79887,100157,101587,110292,108751,74875,81243,52456,64431,15184,26245,10459,9731,58330,54864,65163,60668,73755,74344,94594,96137,105747,104683,73081,79221,51282,62953,14699,25235,875504,817934,72433,69032,182792,176288,51621,59,71
2021-11-09T23:59:59+01:00,12456,11654,64586,60023,71102,66217,79136,79621,99897,101348,110087,108605,74807,81187,52433,64387,15178,26229,10399,9676,58204,54738,65044,60543,73667,74241,94500,96042,105664,104611,73038,79182,51257,62925,14692,25214,872328,816749,72367,69019,182780,176273,51525,59,71
2021-11-08T23:59:59+01:00,12347,11550,64213,59779,70730,65919,78859,79388,99663,101155,109940,108462,74755,81127,52413,64341,15173,26209,10351,9642,58093,54644,64958,60425,73581,74147,94407,95945,105595,104549,73008,79138,51241,62895,14688,25198,869570,815727,72288,68993,182766,176268,51446,59,71
2021-11-07T23:59:59+01:00,12266,11472,63924,59581,70439,65667,78585,79209,99469,101004,109815,108347,74719,81067,52394,64321,15169,26197,10313,9594,57985,54570,64873,60331,73491,74077,94329,95878,105535,104492,72989,79114,51229,62875,14686,25189,867402,814908,72183,68965,182758,176257,51349,59,71
2021-11-06T23:59:59+01:00,12162,11374,63729,59371,70199,65436,78405,79061,99297,100840,109708,108258,74704,81044,52381,64312,15167,26194,10299,9584,57934,54534,64829,60280,73465,74049,94301,95849,105515,104470,72977,79103,51225,62871,14685,25187,865455,814545,72155,68964,182757,176255,51322,59,71
2021-11-05T23:59:59+01:00,12026,11253,63497,59165,69950,65193,78184,78854,99134,100674,109600,108161,74674,81018,52375,64301,15166,26192,10260,9540,57848,54484,64765,60219,73411,73999,94259,95798,105476,104433,72961,79085,51217,62862,14685,25184,863449,813961,71979,68922,182755,176252,51280,59,71
2021-11-04T23:59:59+01:00,11938,11157,63264,58972,69668,64954,77981,78652,98942,100512,109472,108044,74634,80987,52365,64283,15161,26168,10198,9472,57719,54402,64678,60113,73323,73917,94190,95726,105416,104368,72932,79059,51194,62838,14677,25168,861464,813012,71810,68886,182751,176246,51175,59,71
2021-11-03T23:59:59+01:00,11856,11097,63042,58816,69440,64777,77791,78511,98787,100401,109369,107978,74611,80961,52351,64265,15157,26158,10133,9419,57591,54282,64566,59991,73229,73834,94105,95660,105359,104319,72904,79025,51174,62811,14670,25152,859857,811969,71730,68863,182750,176245,51076,59,71
2021-11-02T23:59:59+01:00,11778,11019,62818,58655,69150,64555,77569,78347,98597,100250,109246,107879,74589,80924,52337,64240,15151,26147,10073,9351,57436,54183,64455,59877,73126,73754,94012,95580,105302,104252,72869,78984,51166,62784,14662,25136,857940,810889,71647,68844,182748,176241,50957,59,71
2021-11-01T23:59:59+01:00,11685,10937,62544,58473,68890,64363,77365,78202,98426,100119,109137,107793,74562,80900,52327,64219,15146,26136,10005,9281,57306,54076,64322,59781,73036,73652,93938,95509,105243,104199,72832,78951,51153,62753,14654,25115,856116,809848,71572,68798,182727,176238,50851,58,71
2021-10-31T23:59:59+01:00,11674,10925,62511,58457,68866,64342,77340,78178,98408,100109,109125,107786,74560,80900,52327,64219,15146,26135,9988,9263,57287,54062,64310,59765,73025,73639,93934,95504,105238,104195,72832,78949,51153,62752,14653,25115,855939,809735,71558,68792,182725,176238,50828,58,71
2021-10-30T23:59:59+02:00,11668,10921,62495,58439,68840,64325,77322,78158,98393,100097,109118,107784,74558,80900,52327,64219,15145,26134,9985,9263,57273,54053,64303,59762,73014,73630,93928,95498,105235,104194,72832,78948,51152,62752,14653,25114,855805,809687,71549,68787,182725,176238,50806,58,71
2021-10-29T23:59:59+02:00,11602,10862,62307,58319,68630,64176,77139,78035,98222,99971,109008,107725,74535,80886,52316,64203,15141,26126,9953,9236,57163,53972,64213,59685,72950,73568,93856,95453,105195,104171,72815,78930,51147,62740,14649,25108,854315,809038,71509,68759,182723,176238,50698,58,71
2021-10-28T23:59:59+02:00,11517,10790,62079,58163,68379,63980,76933,77880,98029,99814,108904,107640,74510,80843,52301,64192,15136,26118,9895,9184,57006,53822,64080,59574,72850,73471,93788,95376,105113,104102,72791,78898,51134,62727,14645,25098,852543,807982,71440,68729,182719,176224,50548,58,71
2021-10-27T23:59:59+02:00,11448,10706,61914,58009,68179,63826,76770,77755,97900,99713,108833,107587,74490,80810,52293,64174,15134,26105,9834,9127,56888,53705,63974,59475,72746,73383,93717,95311,105052,104067,72768,78867,51121,62704,14641,25083,851202,807026,71326,68706,182716,176216,50444,58,71
2021-10-26T23:59:59+02:00,11363,10607,61772,57852,68001,63660,76611,77646,97785,99610,108753,107528,74461,80782,52272,64142,15121,26081,9773,9052,56738,53588,63870,59360,72672,73312,93643,95246,105006,104022,72745,78843,51098,62677,14634,25075,849765,806049,71265,68679,182710,176206,50349,58,71
2021-10-25T23:59:59+02:00,11339,10587,61715,57802,67954,63622,76564,77603,97749,99589,108731,107510,74452,80770,52271,64137,15118,26080,9749,9029,56677,53546,63834,59331,72644,73274,93616,95227,104989,104005,72743,78838,51096,62673,14634,25073,849346,805703,71255,68674,182710,176206,50324,58,71
2021-10-24T23:59:59+02:00,11296,10547,61603,57724,67852,63532,76483,77529,97672,99542,108695,107481,74438,80756,52265,64135,15116,26079,9700,8989,56601,53467,63756,59249,72580,73226,93566,95173,104959,103966,72719,78822,51087,62663,14631,25071,848665,805088,71204,68661,182710,176197,50208,58,71
2021-10-23T23:59:59+02:00,11292,10544,61593,57711,67834,63516,76471,77515,97658,99534,108690,107476,74437,80755,52265,64135,15116,26079,9695,8987,56592,53454,63742,59241,72573,73212,93557,95166,104956,103962,72717,78820,51087,62661,14631,25070,848579,805018,71190,68653,182709,176196,50185,58,71
2021-10-22T23:59:59+02:00,11229,10496,61436,57598,67653,63382,76329,77395,97530,99433,108613,107426,74420,80736,52261,64127,15115,26074,9641,8939,56477,53357,63659,59161,72498,73140,93488,95110,104919,103935,72700,78802,51082,62651,14631,25070,847381,804281,71113,68621,182708,176194,50093,58,71
2021-10-21T23:59:59+02:00,11151,10418,61278,57475,67492,63253,76194,77264,97406,99339,108524,107358,74393,80707,52248,64100,15110,26063,9567,8835,56346,53221,63531,59031,72416,73037,93390,95026,104862,103885,72665,78767,51072,62627,14625,25063,846066,803145,71081,68597,182707,176192,49961,58,71
2021-10-20T23:59:59+02:00,11109,10368,61176,57375,67385,63147,76104,77177,97322,99278,108474,107318,74378,80688,52237,64092,15106,26056,9484,8775,56214,53081,63424,58926,72340,72923,93321,94967,104793,103829,72639,78735,51059,62602,14622,25053,845175,802062,71059,68572,182703,176189,49893,58,71
2021-10-19T23:59:59+02:00,11058,10317,61105,57304,67309,63065,76031,77111,97271,99240,108434,107283,74353,80670,52223,64068,15095,26039,9400,8688,56074,52968,63309,58814,72253,72829,93239,94868,104726,103759,72590,78689,51041,62564,14615,25033,844453,800828,71036,68546,182700,176187,49827,58,71
2021-10-18T23:59:59+02:00,11012,10271,61027,57230,67225,62997,75971,77046,97222,99186,108392,107237,74337,80651,52217,64044,15091,26023,9347,8638,55956,52823,63182,58678,72162,72730,93155,94768,104669,103702,72547,78651,51014,62536,14604,25016,843733,799627,71011,68530,182700,176176,49774,58,71
2021-10-17T23:59:59+02:00,10984,10245,60978,57191,67189,62957,75940,77021,97181,99147,108381,107211,74327,80641,52214,64032,15087,26017,9291,8591,55860,52743,63101,58585,72098,72644,93097,94713,104631,103660,72520,78620,51002,62509,14598,24998,843359,798807,71005,68505,182694,176155,49723,58,71
2021-10-16T23:59:59+02:00,10980,10240,60972,57187,67180,62948,75933,77017,97175,99145,108380,107208,74326,80641,52214,64031,15087,26017,9284,8586,55856,52729,63095,58579,72093,72640,93094,94708,104629,103656,72519,78618,51002,62509,14598,24998,843313,798760,71002,68497,182694,176155,49710,58,71
2021-10-15T23:59:59+02:00,10942,10194,60879,57124,67119,62885,75873,76956,97124,99092,108341,107185,74315,80626,52212,64029,15085,26015,9236,8537,55736,52610,63018,58505,72025,72567,93026,94648,104581,103613,72502,78599,50992,62492,14597,24994,842693,797936,70981,68451,182694,176154,49666,58,71
2021-10-14T23:59:59+02:00,10894,10130,60768,57028,67054,62787,75809,76882,97060,99031,108305,107137,74300,80607,52200,64015,15081,26009,9130,8454,55570,52477,62901,58375,71954,72469,92922,94557,104521,103544,72467,78566,50970,62458,14587,24980,841917,796693,70960,68426,182685,176140,49572,58,71
2021-10-13T23:59:59+02:00,10837,10088,60677,56944,66986,62693,75738,76812,97001,98992,108254,107096,74280,80586,52185,63997,15077,25999,9062,8393,55435,52347,62798,58248,71857,72372,92845,94471,104442,103469,72429,78533,50950,62424,14576,24960,841155,795510,70946,68414,182682,176120,49496,58,71
2021-10-12T23:59:59+02:00,10778,10036,60569,56860,66884,62611,75669,76755,96955,98939,108216,107062,74256,80562,52176,63984,15072,25990,8987,8331,55303,52195,62688,58127,71772,72265,92788,94387,104369,103402,72389,78485,50926,62393,14571,24941,840366,794313,70936,68393,182679,176112,49430,58,71
2021-10-11T23:59:59+02:00,10724,9987,60467,56796,66794,62512,75592,76686,96893,98884,108163,107017,74230,80532,52158,63956,15057,25970,8926,8275,55179,52066,62560,57994,71694,72156,92710,94311,104293,103336,72343,78440,50898,62357,14558,24919,839528,793129,70916,68374,182672,176103,49338,58,71
2021-10-10T23:59:59+02:00,10694,9958,60405,56754,66734,62466,75550,76642,96860,98852,108136,106996,74218,80521,52155,63950,15052,25960,8874,8233,55078,51948,62467,57869,71610,72071,92636,94227,104232,103284,72312,78410,50877,62335,14552,24907,839111,792143,70907,68364,182666,176089,49255,58,71
2021-10-09T23:59:59+02:00,10693,9955,60396,56746,66721,62459,75545,76636,96855,98843,108131,106994,74218,80517,52155,63950,15052,25959,8862,8225,55061,51932,62456,57853,71599,72061,92629,94221,104225,103280,72309,78409,50877,62335,14552,24907,839052,792036,70902,68358,182665,176086,49242,58,71
2021-10-08T23:59:59+02:00,10642,9905,60301,56650,66646,62379,75487,76569,96807,98798,108096,106967,74208,80509,52148,63938,15047,25958,8820,8174,54958,51841,62378,57789,71531,71995,92580,94167,104197,103248,72301,78398,50870,62329,14550,24905,838363,791369,70876,68326,182663,176076,49189,58,71
2021-10-07T23:59:59+02:00,10578,9837,60150,56538,66554,62282,75399,76471,96734,98743,108032,106913,74183,80487,52138,63926,15040,25951,8712,8080,54827,51697,62274,57660,71420,71886,92493,94075,104111,103184,72249,78361,50847,62304,14538,24894,837410,790135,70865,68293,182662,176059,49055,58,70
2021-10-06T23:59:59+02:00,10522,9796,60011,56444,66469,62202,75321,76408,96674,98697,107984,106867,74163,80463,52121,63903,15037,25935,8637,8010,54687,51534,62180,57525,71324,71780,92388,93988,104021,103101,72211,78318,50822,62270,14528,24880,836567,788860,70854,68286,182660,176042,48946,58,70
2021-10-05T23:59:59+02:00,10455,9724,59872,56320,66369,62104,75240,76335,96598,98634,107937,106812,74141,80436,52112,63874,15031,25924,8550,7931,54503,51364,62066,57380,71211,71663,92279,93885,103950,103030,72157,78273,50798,62231,14520,24867,835619,787487,70839,68257,182657,176031,48813,58,70
2021-10-04T23:59:59+02:00,10394,9671,59719,56196,66226,61986,75134,76241,96500,98552,107873,106758,74120,80405,52092,63841,15027,25905,8475,7870,54327,51179,61950,57227,71078,71532,92196,93779,103852,102943,72122,78218,50753,62192,14510,24847,834491,786036,70826,68250,182652,176013,48681,58,70
2021-10-03T23:59:59+02:00,10351,9632,59665,56111,66158,61934,75075,76202,96470,98521,107839,106718,74108,80387,52082,63829,15026,25898,8418,7827,54211,51066,61867,57134,70991,71431,92130,93705,103787,102857,72088,78189,50734,62159,14503,24843,833985,785069,70821,68245,182640,175986,48570,58,70
2021-10-02T23:59:59+02:00,10345,9630,59655,56095,66143,61923,75067,76188,96465,98516,107837,106715,74107,80387,52081,63827,15026,25898,8413,7823,54196,51055,61855,57125,70988,71421,92126,93702,103785,102848,72085,78189,50733,62157,14502,24843,833909,784997,70810,68238,182640,175985,48556,58,70
2021-10-01T23:59:59+02:00,10290,9574,59497,55995,66064,61834,74987,76121,96411,98463,107778,106680,74091,80364,52070,63814,15025,25894,8351,7760,54080,50946,61799,57060,70941,71373,92071,93647,103750,102815,72072,78182,50728,62145,14500,24838,833067,784330,70791,68211,182638,175982,48465,58,70
2021-09-30T23:59:59+02:00,10216,9488,59354,55843,65929,61702,74884,76029,96304,98370,107686,106614,74062,80326,52055,63789,15021,25877,8272,7685,53930,50814,61702,56951,70848,71289,91986,93561,103677,102749,72036,78138,50707,62110,14500,24827,831926,783318,70762,68188,182634,175971,48235,58,70
2021-09-29T23:59:59+02:00,10138,9431,59201,55710,65809,61584,74798,75934,96204,98279,107621,106557,74024,80281,52047,63761,15016,25866,8193,7599,53771,50661,61590,56812,70751,71182,91891,93467,103581,102681,71986,78094,50682,62059,14493,24817,830894,782121,70733,68157,182631,175952,48010,58,70
2021-09-28T23:59:59+02:00,10053,9349,59060,55559,65646,61444,74691,75847,96097,98193,107539,106492,73973,80239,52027,63733,15009,25849,8118,7530,53619,50510,61453,56695,70657,71066,91814,93389,103505,102602,71946,78056,50659,62026,14489,24806,829730,781061,70720,68138,182627,175942,47729,58,70
2021-09-27T23:59:59+02:00,9993,9297,58903,55399,65504,61316,74600,75743,95993,98088,107448,106439,73927,80195,52008,63706,15003,25829,8052,7463,53466,50382,61326,56561,70564,70959,91712,93293,103418,102550,71897,78009,50637,61990,14482,24787,828679,780069,70697,68122,182622,175895,47392,58,70
2021-09-26T23:59:59+02:00,9951,9256,58816,55312,65419,61230,74542,75667,95929,98031,107401,106402,73902,80170,51996,63681,14996,25816,8004,7421,53367,50271,61238,56480,70486,70869,91640,93217,103363,102518,71868,77981,50615,61966,14476,24776,828037,779320,70679,68114,182606,175859,47193,58,70
2021-09-25T23:59:59+02:00,9942,9244,58799,55292,65402,61219,74531,75658,95923,98023,107392,106398,73902,80169,51995,63680,14996,25816,8003,7410,53341,50261,61224,56460,70473,70861,91634,93211,103353,102516,71868,77979,50615,61963,14476,24776,827958,779241,70672,68110,182604,175858,47145,58,70
2021-09-24T23:59:59+02:00,9890,9188,58689,55168,65304,61119,74440,75565,95837,97950,107333,106357,73873,80147,51987,63670,14995,25806,7949,7354,53236,50154,61148,56385,70400,70790,91563,93150,103280,102466,71841,77961,50604,61947,14471,24766,827074,778452,70654,68102,182598,175852,46989,58,70
2021-09-23T23:59:59+02:00,9799,9096,58450,54979,65129,60961,74316,75419,95692,97813,107224,106246,73827,80110,51967,63630,14983,25787,7882,7279,53056,50019,61029,56249,70285,70679,91445,93040,103187,102392,71806,77915,50586,61922,14458,24752,825658,777433,70601,68074,182594,175833,46571,58,70
2021-09-22T23:59:59+02:00,9715,9036,58262,54831,64968,60816,74201,75294,95565,97712,107123,106188,73784,80062,51941,63586,14963,25759,7807,7215,52912,49868,60909,56129,70194,70582,91352,92932,103124,102339,71765,77866,50555,61885,14444,24738,824402,776441,70579,68049,182584,175819,46237,58,70
2021-09-21T23:59:59+02:00,9645,8948,58113,54676,64821,60669,74062,75159,95427,97594,107031,106096,73750,80003,51924,63562,14955,25737,7714,7130,52765,49708,60791,55998,70093,70476,91245,92828,103029,102246,71726,77821,50529,61844,14435,24713,823119,775265,70562,68037,182580,175812,45907,58,70
2021-09-20T23:59:59+02:00,9584,8887,57975,54534,64663,60535,73943,75009,95300,97503,106942,106002,73688,79959,51898,63526,14942,25717,7658,7074,52646,49573,60668,55881,69984,70368,91145,92738,102952,102170,71673,77777,50505,61795,14428,24695,821912,774288,70548,68019,182573,175783,45570,58,70
2021-09-19T23:59:59+02:00,9532,8847,57856,54448,64554,60419,73855,74905,95228,97403,106880,105930,73671,79934,51885,63507,14940,25706,7622,7033,52537,49458,60577,55768,69891,70274,91078,92666,102873,102101,71639,77743,50484,61764,14422,24689,821132,773513,70529,68004,182561,175758,45274,58,70
2021-09-18T23:59:59+02:00,9515,8830,57830,54418,64519,60388,73827,74881,95212,97380,106868,105909,73668,79933,51882,63504,14940,25705,7613,7020,52507,49423,60546,55744,69870,70254,91058,92650,102860,102081,71636,77740,50484,61763,14421,24687,820911,773321,70519,67995,182561,175757,45214,58,70
2021-09-17T23:59:59+02:00,9428,8751,57661,54269,64389,60260,73702,74762,95108,97276,106784,105837,73633,79900,51870,63486,14933,25698,7550,6959,52341,49312,60424,55633,69778,70163,90976,92570,102787,102024,71603,77703,50469,61733,14412,24680,819763,772376,70474,67976,182560,175750,44945,58,70
2021-09-16T23:59:59+02:00,9350,8676,57450,54117,64215,60074,73523,74594,94959,97143,106630,105726,73563,79842,51847,63444,14926,25683,7486,6894,52176,49187,60278,55507,69651,70050,90865,92468,102683,101943,71558,77655,50448,61696,14405,24667,818295,771405,70457,67957,182537,175718,44467,58,70
2021-09-15T23:59:59+02:00,9257,8595,57245,53896,64032,59871,73342,74413,94813,96989,106484,105593,73503,79775,51802,63395,14916,25662,7427,6835,52017,49020,60150,55370,69525,69946,90762,92388,102577,101855,71512,77596,50414,61659,14395,24656,816536,770318,70438,67940,182533,175707,44069,58,70
2021-09-14T23:59:59+02:00,9149,8489,57055,53663,63853,59684,73196,74236,94681,96832,106359,105493,73430,79710,51773,63345,14900,25641,7352,6756,51846,48820,59996,55229,69403,69825,90653,92259,102483,101762,71461,77535,50386,61615,14387,24643,814780,768979,70426,67926,182512,175672,43764,57,70
2021-09-13T23:59:59+02:00,9087,8422,56838,53457,63696,59490,73037,74065,94532,96679,106224,105362,73377,79660,51735,63298,14880,25611,7306,6702,51680,48656,59868,55095,69321,69733,90535,92171,102388,101689,71417,77494,50358,61575,14377,24632,813090,767927,70415,67914,182497,175645,43441,57,70
2021-09-12T23:59:59+02:00,9041,8394,56716,53370,63606,59395,72960,73979,94458,96611,106162,105294,73349,79635,51721,63276,14875,25604,7259,6656,51548,48543,59766,54994,69245,69654,90459,92105,102316,101619,71381,77464,50343,61550,14372,24619,812369,767112,70398,67900,182480,175620,43192,57,69
2021-09-11T23:59:59+02:00,9035,8385,56699,53348,63588,59379,72947,73966,94450,96597,106157,105289,73348,79634,51721,63276,14875,25604,7252,6650,51528,48523,59746,54981,69229,69643,90449,92090,102313,101614,71376,77462,50343,61550,14372,24617,812290,767062,70390,67855,182477,175618,43134,57,69
2021-09-10T23:59:59+02:00,8963,8324,56539,53203,63474,59261,72840,73860,94332,96479,106081,105228,73311,79598,51706,63250,14871,25599,7220,6625,51401,48457,59682,54918,69168,69595,90384,92033,102276,101576,71355,77446,50334,61540,14368,24612,811174,766596,70357,67800,182471,175615,42910,57,69
2021-09-09T23:59:59+02:00,8892,8259,56340,53011,63308,59078,72682,73716,94183,96339,105957,105134,73252,79535,51675,63216,14867,25586,7154,6566,51215,48290,59527,54783,69034,69469,90265,91926,102162,101484,71312,77401,50306,61510,14362,24596,809817,765532,70336,67750,182452,175593,42418,56,69
2021-09-08T23:59:59+02:00,8806,8182,56159,52838,63155,58896,72537,73564,94021,96208,105863,105028,73187,79475,51646,63160,14862,25571,7078,6497,51038,48123,59402,54643,68909,69320,90139,91816,102077,101382,71256,77343,50282,61469,14358,24580,808415,764368,70308,67698,182416,175568,42009,56,69
2021-09-07T23:59:59+02:00,8719,8122,55995,52682,63037,58757,72420,73432,93917,96107,105758,104929,73136,79428,51619,63120,14854,25551,7000,6443,50869,47960,59270,54498,68783,69202,90034,91700,101977,101282,71208,77294,50260,61443,14353,24560,807164,763141,70302,67686,182413,175546,41694,56,69
2021-09-06T23:59:59+02:00,8657,8056,55848,52513,62899,58600,72312,73301,93814,95996,105676,104841,73084,79380,51587,63090,14843,25535,6934,6387,50720,47818,59131,54349,68668,69081,89952,91605,101880,101194,71159,77247,50238,61413,14346,24550,805944,762017,70276,67644,182381,175522,41420,56,69
2021-09-05T23:59:59+02:00,8627,8018,55780,52420,62837,58539,72264,73243,93767,95946,105648,104797,73063,79358,51577,63070,14836,25529,6885,6335,50629,47733,59067,54284,68605,69021,89906,91549,101839,101144,71139,77219,50225,61396,14340,24541,805423,761396,70267,67634,182359,175500,41258,56,69
2021-09-04T23:59:59+02:00,8620,8013,55760,52411,62828,58528,72256,73235,93760,95942,105645,104791,73062,79357,51577,63070,14836,25529,6881,6330,50615,47718,59051,54269,68600,69013,89898,91544,101835,101140,71138,77217,50224,61396,14340,24541,805362,761330,70264,67629,182358,175498,41224,56,69
2021-09-03T23:59:59+02:00,8554,7945,55626,52324,62756,58432,72177,73154,93682,95878,105575,104731,73032,79324,51558,63039,14829,25519,6822,6278,50499,47624,58972,54202,68541,68942,89837,91482,101771,101088,71110,77183,50203,61373,14337,24532,804441,760554,70257,67610,182351,175489,41074,56,69
2021-09-02T23:59:59+02:00,8459,7849,55434,52167,62632,58325,72083,73025,93561,95764,105470,104646,72975,79268,51526,62991,14818,25499,6727,6188,50275,47451,58826,54083,68438,68827,89704,91378,101654,100993,71053,77135,50179,61345,14329,24516,803306,759404,70212,67567,182337,175438,40623,56,69
2021-09-01T23:59:59+02:00,8383,7755,55281,52019,62501,58193,71994,72900,93468,95676,105392,104575,72937,79225,51503,62955,14811,25481,6641,6079,50100,47242,58701,53943,68358,68715,89602,91275,101549,100899,71014,77093,50154,61304,14322,24500,802190,758174,70188,67528,182323,175388,40333,56,68
2021-08-31T23:59:59+02:00,8275,7662,55119,51865,62395,58076,71914,72797,93380,95592,105307,104497,72896,79184,51481,62925,14801,25467,6526,5961,49893,47040,58581,53799,68244,68589,89504,91169,101440,100819,70968,77041,50134,61268,14310,24484,801106,756812,70180,67510,182313,175362,40018,56,68
2021-08-30T23:59:59+02:00,8199,7582,54943,51704,62283,57948,71799,72680,93257,95464,105189,104402,72846,79141,51464,62892,14780,25444,6429,5876,49695,46827,58456,53660,68145,68476,89388,91058,101327,100712,70918,77005,50107,61239,14296,24467,799922,755606,70140,67444,182281,175307,39656,56,68
2021-08-29T23:59:59+02:00,8157,7535,54851,51624,62224,57868,71732,72632,93203,95400,105141,104367,72826,79119,51449,62877,14774,25435,6375,5828,49577,46726,58367,53563,68075,68399,89331,90998,101266,100659,70893,76989,50093,61226,14290,24464,799387,754954,70138,67434,182271,175263,39400,56,68
2021-08-28T23:59:59+02:00,8139,7521,54813,51586,62193,57848,71705,72615,93185,95383,105127,104355,72821,79117,51447,62873,14774,25435,6369,5824,49539,46707,58341,53547,68054,68385,89311,90975,101259,100646,70887,76985,50091,61224,14290,24464,799179,754806,70137,67427,182269,175263,39334,56,68
2021-08-27T23:59:59+02:00,8054,7443,54631,51448,62081,57708,71608,72493,93062,95262,105016,104270,72776,79066,51424,62837,14762,25429,6334,5784,49414,46623,58262,53466,67972,68313,89231,90909,101202,100598,70852,76950,50077,61213,14288,24464,797862,754105,70132,67421,182257,175257,39101,56,68
2021-08-26T23:59:59+02:00,7990,7370,54476,51301,61963,57596,71510,72385,92957,95133,104909,104188,72734,79016,51401,62817,14757,25415,6284,5743,49251,46467,58142,53361,67875,68219,89125,90829,101133,100529,70811,76915,50053,61191,14283,24455,796817,753280,70122,67382,182247,175224,38712,56,68
2021-08-25T23:59:59+02:00,7926,7316,54331,51152,61852,57444,71402,72269,92849,95032,104808,104106,72678,78965,51373,62780,14744,25400,6215,5661,49055,46275,58017,53220,67756,68094,89009,90716,101035,100439,70754,76867,50027,61153,14277,24440,795810,752143,70096,67346,182236,175189,38264,56,68
2021-08-24T23:59:59+02:00,7814,7227,54190,50947,61726,57307,71295,72138,92732,94913,104703,104009,72625,78917,51338,62736,14736,25385,6133,5571,48836,46053,57879,53048,67646,67956,88907,90622,100943,100358,70716,76814,50002,61129,14273,24424,794402,750742,70079,67324,182226,175167,38010,56,67
2021-08-23T23:59:59+02:00,7752,7153,54015,50775,61596,57182,71181,72027,92605,94806,104604,103910,72573,78856,51304,62694,14729,25374,6073,5516,48654,45879,57759,52920,67539,67858,88802,90530,100856,100281,70676,76763,49974,61090,14269,24412,793200,749719,70049,67300,182211,175111,37654,56,67
2021-08-22T23:59:59+02:00,7724,7127,53931,50696,61543,57117,71142,71973,92562,94764,104559,103880,72553,78841,51295,62682,14728,25368,6035,5478,48535,45769,57668,52826,67464,67796,88731,90471,100812,100239,70646,76739,49959,61072,14266,24405,792770,749031,70041,67292,182190,175061,37460,56,67
2021-08-21T23:59:59+02:00,7718,7124,53906,50681,61525,57106,71126,71959,92549,94746,104548,103870,72548,78839,51295,62681,14728,25367,6030,5474,48516,45751,57648,52818,67445,67776,88713,90456,100802,100229,70644,76736,49959,61071,14266,24405,792698,748936,69999,67273,182186,175055,37408,56,67
2021-08-20T23:59:59+02:00,7687,7087,53814,50605,61451,57045,71055,71896,92484,94684,104496,103834,72523,78811,51283,62655,14719,25356,6007,5455,48424,45676,57573,52755,67377,67721,88656,90396,100743,100191,70621,76714,49953,61055,14257,24401,792153,748419,69927,67260,182183,175032,37197,56,67
2021-08-19T23:59:59+02:00,7621,7007,53682,50482,61301,56928,70937,71788,92370,94596,104400,103744,72474,78754,51253,62614,14710,25336,5980,5429,48290,45573,57454,52662,67285,67642,88565,90317,100645,100126,70588,76686,49933,61031,14253,24392,791110,747767,69890,67224,182166,174987,36806,56,67
2021-08-18T23:59:59+02:00,7546,6950,53538,50343,61174,56818,70826,71694,92261,94508,104298,103660,72416,78701,51218,62578,14700,25315,5946,5386,48172,45446,57335,52567,67195,67567,88449,90227,100569,100053,70544,76648,49913,61007,14247,24375,790107,747050,69860,67196,182155,174936,36397,56,67
2021-08-17T23:59:59+02:00,7463,6869,53375,50179,61069,56693,70710,71572,92156,94402,104190,103560,72363,78658,51190,62552,14692,25303,5896,5347,47978,45267,57205,52427,67071,67461,88318,90131,100460,99957,70488,76599,49888,60986,14240,24363,789023,746012,69838,67161,182150,174882,35960,56,67
2021-08-16T23:59:59+02:00,7389,6806,53246,50048,60972,56578,70609,71477,92063,94297,104097,103460,72320,78607,51160,62508,14684,25295,5872,5312,47838,45147,57097,52358,66975,67377,88220,90043,100376,99862,70445,76559,49864,60958,14233,24358,788149,745381,69790,67116,182135,174814,35517,56,66
2021-08-15T23:59:59+02:00,7340,6766,53168,49967,60903,56508,70543,71417,92004,94245,104042,103412,72285,78577,51151,62492,14680,25286,5851,5294,47733,45053,57005,52268,66905,67315,88141,89979,100320,99813,70408,76524,49848,60937,14228,24346,787674,744896,69776,67085,182121,174732,35190,56,65
2021-08-14T23:59:59+02:00,7318,6750,53095,49897,60854,56464,70507,71370,91967,94206,104003,103376,72264,78569,51142,62481,14678,25283,5775,5240,47496,44780,56837,52080,66751,67161,88006,89857,100205,99706,70359,76481,49837,60914,14224,24341,787190,743066,69769,67079,182121,174721,35119,56,65
2021-08-13T23:59:59+02:00,7277,6714,52984,49802,60770,56383,70455,71301,91891,94149,103953,103331,72241,78546,51130,62470,14676,25276,5547,5025,46991,44283,56596,51812,66522,66906,87733,89604,100009,99500,70272,76380,49798,60854,14218,24320,786433,739584,69765,67069,182121,174647,35005,56,65
2021-08-12T23:59:59+02:00,7246,6687,52885,49733,60712,56304,70380,71251,91821,94090,103892,103285,72207,78513,51116,62454,14674,25262,5327,4851,46494,43837,56321,51504,66263,66683,87477,89381,99669,99226,70162,76246,49744,60790,14207,24292,785999,736530,69739,67044,182105,174192,34644,56,64
2021-08-11T23:59:59+02:00,7179,6618,52718,49562,60582,56185,70297,71157,91712,93986,103791,103176,72146,78448,51084,62413,14668,25246,5051,4568,45816,43217,55947,51120,66001,66385,87182,89116,99333,98857,70022,76100,49684,60689,14196,24263,784818,732405,69718,67011,182096,173756,34311,56,64
2021-08-10T23:59:59+02:00,7102,6534,52520,49377,60435,56066,70188,71034,91587,93855,103668,103070,72093,78390,51053,62382,14660,25237,4828,4327,44860,42314,55276,50463,65504,65931,86719,88631,98841,98401,69817,75901,49584,60588,14175,24225,783454,726138,69709,66958,182088,173251,33974,56,64
2021-08-09T23:59:59+02:00,7058,6487,52409,49285,60357,55991,70130,70974,91518,93782,103596,103011,72050,78354,51047,62366,14656,25229,4588,4110,43853,41254,54559,49775,65028,65499,86272,88196,98325,97932,69629,75677,49494,60462,14147,24186,782886,719678,69639,66883,182076,172688,33673,56,64
2021-08-08T23:59:59+02:00,7012,6446,52344,49216,60318,55958,70092,70948,91461,93734,103543,102971,72030,78332,51033,62345,14650,25224,4573,4097,43798,41190,54499,49727,64962,65458,86200,88137,98258,97882,69604,75646,49473,60436,14139,24179,782598,719386,69632,66866,182062,172605,33337,56,64
2021-08-07T23:59:59+02:00,6973,6405,52233,49089,60237,55881,70034,70883,91392,93671,103493,102923,72013,78315,51024,62339,14650,25223,4260,3785,42831,40172,53945,49157,64527,65051,85824,87738,97938,97535,69460,75502,49417,60354,14122,24161,781806,713019,69628,66847,182062,172597,33254,56,62
2021-08-06T23:59:59+02:00,6930,6343,52100,48961,60163,55815,69968,70802,91312,93594,103433,102866,71989,78292,51013,62320,14648,25219,3952,3563,42147,39559,53700,48889,64303,64808,85587,87515,97709,97333,69376,75411,49375,60313,14116,24148,780934,709398,69623,66763,182061,172459,33122,56,62
2021-08-05T23:59:59+02:00,6819,6235,51844,48737,59987,55627,69825,70655,91150,93446,103291,102729,71928,78229,50986,62280,14635,25200,3759,3392,41311,38867,53182,48428,63932,64456,85128,87114,97086,96814,69189,75227,49309,60215,14097,24118,779308,704851,69570,66711,182026,171330,32670,56,62
2021-08-04T23:59:59+02:00,6730,6149,51648,48505,59840,55447,69716,70504,91014,93329,103173,102613,71867,78165,50960,62234,14624,25171,3385,3037,40466,38083,52811,48022,63612,64134,84756,86785,96674,96407,69025,75056,49232,60119,14081,24084,777900,700260,69534,66690,182013,170544,32213,56,62
2021-08-03T23:59:59+02:00,6657,6092,51478,48368,59715,55318,69624,70411,90913,93229,103076,102532,71813,78129,50941,62208,14616,25155,3255,2935,39463,37136,52012,47337,63068,63598,84237,86299,95960,95777,68782,74840,49140,60002,14060,24040,776859,693998,69525,66666,182006,169359,31856,56,62
2021-08-02T23:59:59+02:00,6609,6049,51342,48228,59623,55239,69540,70342,90858,93155,102996,102470,71773,78087,50920,62186,14609,25142,3086,2757,38190,35981,51050,46527,62354,63012,83631,85733,95159,95075,68529,74582,49052,59869,14040,24001,776158,686380,69477,66612,181977,168047,31527,56,62
2021-08-01T23:59:59+02:00,6566,5994,51172,48066,59470,55124,69447,70227,90750,93064,102908,102377,71731,78050,50898,62146,14604,25126,3062,2739,38005,35847,50891,46428,62223,62917,83453,85589,94706,94670,68412,74472,49013,59820,14029,23981,775106,685729,69448,66552,181959,166736,31178,56,62
2021-07-31T23:59:59+02:00,6523,5960,51077,47946,59414,55052,69397,70183,90710,93034,102881,102352,71720,78038,50890,62142,14604,25123,2658,2357,36394,34335,49981,45556,61686,62351,82949,85075,94226,94236,68225,74267,48934,59725,14011,23948,774493,676569,69444,66541,181959,166621,31121,56,62
2021-07-30T23:59:59+02:00,6487,5907,50927,47806,59328,54971,69328,70122,90637,92954,102825,102314,71703,78014,50881,62118,14601,25119,2381,2128,34939,32929,49009,44607,60954,61656,82261,84451,93544,93659,67990,74031,48829,59575,13992,23917,773726,667030,69419,66529,181953,166316,30915,56,62
2021-07-29T23:59:59+02:00,6372,5787,50496,47437,59109,54698,69137,69931,90449,92765,102662,102177,71628,77931,50848,62063,14586,25101,2304,2062,34206,32312,48383,44156,60547,61300,81835,84101,92770,92984,67794,73873,48766,59488,13972,23886,771400,663153,69365,66382,181910,164669,30473,56,62
2021-07-28T23:59:59+02:00,6300,5724,50242,47242,58976,54543,69009,69834,90318,92641,102553,102083,71572,77874,50821,62023,14577,25084,2280,2043,33879,32013,48059,43916,60314,61074,81653,83930,92531,92784,67720,73806,48732,59455,13959,23876,770081,661428,69329,66293,181883,164148,30094,56,61
2021-07-27T23:59:59+02:00,6247,5677,50081,47098,58834,54445,68914,69744,90216,92531,102448,102006,71527,77821,50791,61990,14569,25071,2138,1928,32410,30614,46782,42822,59479,60277,81048,83396,91507,91934,67444,73521,48644,59329,13927,23836,769170,652750,69302,66221,181859,162353,29651,55,61
2021-07-26T23:59:59+02:00,6224,5648,49962,47011,58735,54356,68835,69689,90128,92470,102382,101954,71486,77785,50769,61970,14563,25062,2004,1813,31039,29359,45459,41695,58374,59287,80336,82761,90339,90901,67133,73247,48554,59212,13903,23794,768633,643659,69235,66122,181821,160055,29313,54,61
2021-07-25T23:59:59+02:00,6204,5631,49849,46906,58646,54289,68771,69630,90063,92414,102320,101905,71453,77749,50750,61947,14560,25052,1988,1805,30828,29200,45187,41495,58110,59051,80061,82550,89373,90045,66926,73073,48485,59139,13891,23770,768219,642442,69223,65999,181795,157599,28876,53,61
2021-07-24T23:59:59+02:00,6169,5602,49729,46816,58577,54226,68723,69573,90017,92369,102279,101864,71448,77742,50747,61944,14559,25048,1730,1586,29236,27614,44042,40409,57412,58335,79444,81972,88727,89477,66746,72882,48414,59037,13877,23746,767610,632388,69213,65981,181787,157460,28796,53,61
2021-07-23T23:59:59+02:00,6084,5515,49553,46639,58482,54121,68613,69469,89911,92265,102189,101767,71412,77686,50726,61913,14555,25042,1501,1366,27539,26095,42784,39317,56477,57445,78752,81351,88019,88813,66476,72608,48335,58936,13856,23716,766229,621811,69209,65815,181767,156988,28711,53,61
2021-07-22T23:59:59+02:00,5944,5401,49258,46352,58285,53917,68442,69300,89725,92113,102033,101633,71345,77603,50684,61862,14544,25023,1417,1311,26718,25271,41875,38506,55534,56614,78006,80723,86352,87303,66101,72207,48224,58806,13825,23664,764290,613317,69164,65310,181734,155519,28250,53,61
2021-07-21T23:59:59+02:00,5668,5118,48724,45822,57981,53601,68211,69019,89447,91866,101765,101366,71218,77472,50625,61797,14535,24997,1385,1285,26463,25047,41450,38222,55088,56221,77632,80438,85544,86699,65932,72079,48168,58740,13807,23639,760678,611327,69138,65030,181712,153743,27678,53,61
2021-07-20T23:59:59+02:00,5591,5044,48441,45543,57809,53391,68036,68871,89267,91711,101599,101222,71142,77404,50586,61750,14526,24969,1294,1200,25284,23900,40157,37184,53746,55016,76724,79660,84177,85354,65625,71737,48060,58603,13779,23593,758995,600918,69131,64869,181667,152162,27083,53,61
2021-07-19T23:59:59+02:00,5511,4958,48116,45218,57585,53183,67869,68668,89080,91531,101451,101061,71069,77322,50543,61699,14517,24940,1214,1138,24457,23060,38844,36062,52013,53515,75451,78601,83062,84372,65331,71481,47960,58485,13754,23553,757191,590857,69121,64721,181639,150370,26344,53,61
2021-07-18T23:59:59+02:00,5503,4957,48041,45159,57487,53103,67797,68594,88986,91464,101378,100996,71032,77281,50518,61667,14515,24928,1199,1132,24314,22959,38571,35838,51677,53223,75199,78404,82157,83603,65139,71302,47905,58413,13749,23531,756907,589781,69097,64558,181599,148138,25777,53,61
2021-07-17T23:59:59+02:00,5476,4920,47942,45082,57413,53043,67734,68537,88926,91402,101333,100977,71023,77266,50513,61660,14515,24927,1005,944,22929,21499,37187,34538,50432,52028,74592,77847,81522,83006,65009,71154,47838,58351,13740,23511,756341,578902,69092,64531,181590,147998,25640,53,61
2021-07-16T23:59:59+02:00,5374,4841,47700,44850,57286,52936,67615,68424,88788,91305,101225,100873,70977,77215,50490,61641,14509,24921,809,782,21677,20261,35893,33294,48975,50707,73582,76912,80821,82345,64789,70931,47756,58250,13721,23479,754879,567269,69090,64467,181583,147795,25392,53,61
2021-07-15T23:59:59+02:00,5232,4712,47301,44528,57076,52741,67420,68238,88574,91105,101037,100704,70880,77113,50441,61567,14500,24892,750,739,21071,19759,34959,32592,47737,49758,72397,75993,78665,80210,64190,70333,47613,58071,13702,23416,752814,557901,69072,63436,181537,145950,24607,53,61
2021-07-14T23:59:59+02:00,4859,4388,46710,43952,56842,52474,67215,68033,88359,90861,100820,100507,70773,77003,50373,61484,14488,24868,734,723,20864,19614,34694,32431,47364,49455,71862,75602,77998,79673,63866,70055,47530,57988,13679,23382,749363,556086,69054,63247,181485,144046,24076,53,59
2021-07-13T23:59:59+02:00,4768,4308,46511,43798,56677,52315,67052,67886,88201,90734,100674,100380,70700,76941,50336,61437,14484,24852,705,684,20301,19077,33667,31611,45741,47999,70095,73934,76388,78109,63490,69663,47401,57816,13650,23330,748000,545133,69037,62471,181411,142423,23575,53,59
2021-07-12T23:59:59+02:00,4703,4230,46324,43606,56526,52173,66897,67760,88029,90595,100517,100240,70625,76853,50298,61381,14477,24834,681,663,19826,18645,32882,30988,44076,46542,67714,71860,74494,76604,62959,69077,47256,57654,13622,23279,746728,534025,69013,61902,181310,139851,22985,53,59
2021-07-11T23:59:59+02:00,4698,4227,46253,43553,56462,52123,66845,67721,87966,90542,100445,100180,70587,76810,50288,61366,14474,24820,673,658,19616,18500,32530,30743,43626,46164,67252,71500,73714,75906,62557,68698,47185,57564,13606,23246,746576,532221,69002,61577,181244,137376,22505,53,59
2021-07-10T23:59:59+02:00,4572,4091,45967,43245,56277,51925,66696,67545,87832,90402,100343,100074,70532,76753,50267,61340,14471,24811,641,626,19052,17951,31582,29883,41872,44583,65766,70217,73078,75286,62390,68547,47132,57512,13599,23232,744476,521595,68996,61561,181232,137328,22406,53,59
2021-07-09T23:59:59+02:00,4443,3973,45695,42992,56110,51729,66534,67379,87680,90237,100209,99969,70479,76680,50230,61299,14466,24799,594,577,18462,17378,30611,28919,39917,42653,63471,68090,71917,74145,62116,68221,47056,57386,13581,23207,742420,507898,68982,61180,181226,136922,22242,53,59
2021-07-08T23:59:59+02:00,4414,3947,45552,42877,55986,51609,66403,67278,87554,90114,100090,99872,70424,76627,50208,61261,14455,24785,547,533,17523,16575,29211,27883,38199,41198,61339,66265,68552,70990,61216,67247,46809,57042,13536,23111,741686,492626,68922,59100,181156,134338,21653,53,59
2021-07-07T23:59:59+02:00,4402,3941,45485,42833,55901,51553,66317,67233,87499,90074,100047,99821,70407,76604,50199,61243,14451,24775,469,480,16564,15722,27818,26869,36671,39962,59716,64806,65320,67511,60198,66203,46572,56720,13486,23038,741373,477315,68873,57183,181104,132185,21383,53,59
2021-07-06T23:59:59+02:00,4350,3893,45340,42702,55771,51413,66213,67124,87392,89982,99966,99736,70368,76544,50181,61216,14448,24761,402,416,15793,14984,26738,25958,34820,38247,56312,61780,62664,65048,59442,65413,46298,56386,13446,22935,740238,459404,68852,56356,181046,130050,21213,52,59
2021-07-05T23:59:59+02:00,4287,3848,45157,42526,55617,51309,66090,67013,87271,89888,99881,99638,70305,76480,50159,61188,14445,24746,368,364,15131,14363,25788,25143,33585,37112,53211,58803,59887,62583,58602,64601,46044,56074,13401,22857,739041,443313,68809,56007,180966,127557,20981,52,59
2021-07-04T23:59:59+02:00,4278,3842,45109,42492,55549,51274,66045,66985,87232,89856,99849,99611,70281,76459,50153,61173,14439,24735,349,344,14927,14158,25346,24783,32985,36584,52546,58274,58899,61720,57934,63967,45860,55870,13382,22807,738839,439223,68776,55805,180897,124849,20799,52,59
2021-07-03T23:59:59+02:00,4059,3663,44578,41930,55231,50898,65747,66705,86985,89595,99648,99415,70208,76387,50130,61127,14435,24723,331,328,14640,13835,24990,24428,32005,35663,50800,56725,58030,60984,57760,63769,45792,55785,13370,22782,735032,430638,68758,55787,180891,124801,20732,52,59
2021-07-02T23:59:59+02:00,3749,3377,43925,41335,54903,50559,65460,66400,86711,89344,99412,99189,70105,76274,50078,61057,14429,24706,304,291,14222,13389,24292,23816,30843,34596,48166,54555,55891,59194,57366,63338,45632,55626,13354,22744,730689,418111,68739,54735,180878,124070,20657,51,46
2021-07-01T23:59:59+02:00,3611,3267,43570,40986,54701,50383,65300,66236,86555,89202,99258,99068,70036,76206,50047,61023,14421,24691,261,250,13531,12706,22987,22733,29165,33081,46147,52809,53396,56913,55940,61764,45137,55011,13281,22616,728546,404564,68674,52421,180828,120235,20463,51,45
2021-06-30T23:59:59+02:00,3600,3250,43306,40789,54519,50247,65180,66136,86463,89137,99187,99017,70008,76182,50035,61001,14417,24680,199,211,12788,12104,21822,21833,27576,31711,44291,51094,49757,52949,54608,60428,44782,54571,13225,22488,727392,388802,68622,50514,180808,116794,20282,51,45
2021-06-29T23:59:59+02:00,3384,3030,42386,39958,53908,49641,64739,65703,86049,88684,98838,98689,69883,76033,49978,60930,14397,24650,170,159,12186,11504,21020,21062,26207,30503,41667,48678,47882,51400,53637,59317,44373,54034,13131,22335,721396,376751,68568,48989,180792,113407,20074,51,44
2021-06-28T23:59:59+02:00,3166,2850,41430,38965,53240,48987,64273,65311,85666,88292,98504,98345,69743,75873,49913,60830,14379,24626,127,127,11683,11052,20359,20473,25238,29605,39570,46733,46255,50032,52533,58271,44012,53528,13051,22213,715229,367256,68456,47950,180781,109735,19877,51,44
2021-06-27T23:59:59+02:00,3161,2847,41393,38929,53194,48948,64234,65275,85614,88257,98452,98317,69724,75860,49904,60816,14374,24623,109,110,11489,10858,20035,20158,24659,29040,38545,45880,45088,48938,51501,57258,43577,53019,12969,22070,715011,362651,68426,47507,180745,105411,19690,51,44
2021-06-26T23:59:59+02:00,2679,2373,40000,37566,52473,48205,63682,64711,85126,87736,98027,97884,69533,75685,49831,60712,14355,24600,99,99,11374,10756,19865,20002,24459,28823,38066,45442,44720,48586,51387,57113,43531,52971,12964,22055,706307,359694,68397,47502,180745,105393,19679,51,44
2021-06-25T23:59:59+02:00,2274,2037,39153,36757,52121,47847,63358,64387,84846,87425,97777,97618,69429,75568,49784,60650,14341,24578,75,81,11073,10445,19482,19575,23929,28199,35382,43136,42534,46671,51048,56734,43432,52840,12940,22024,701255,348114,68260,47056,180738,104739,19647,51,44
2021-06-24T23:59:59+02:00,2220,1984,38665,36298,51771,47519,63139,64176,84612,87230,97590,97461,69347,75503,49749,60604,14335,24563,62,58,10476,9862,18422,18688,22505,26943,33282,41296,40102,44377,49565,55082,42862,52139,12823,21821,698308,335216,68231,44457,180717,101188,19460,51,44
2021-06-23T23:59:59+02:00,2207,1960,38435,36072,51607,47348,63023,64065,84512,87134,97514,97377,69316,75472,49729,60583,14331,24552,35,32,10021,9430,17795,18129,21571,26083,31348,39659,36137,39909,48269,53718,42476,51632,12742,21655,697072,319671,68197,43831,180701,97876,19219,49,44
2021-06-22T23:59:59+02:00,2128,1899,37450,35143,50854,46675,62541,63617,84137,86723,97149,97065,69167,75329,49662,60502,14318,24519,13,17,9553,9000,16923,17439,20345,25004,28220,36896,33836,38030,47312,52745,42068,51073,12602,21420,690929,307496,68151,41091,180689,94805,19061,49,43
2021-06-21T23:59:59+02:00,1981,1760,36100,33927,49831,45808,61820,62954,83638,86251,96709,96658,68997,75158,49596,60407,14307,24484,9,10,9235,8704,16462,17075,19720,24522,26474,35330,32296,36737,46258,51662,41615,50524,12496,21228,682976,300127,68117,40450,180674,91165,18572,48,43
2021-06-20T23:59:59+02:00,1970,1751,36012,33874,49686,45685,61679,62816,83558,86190,96636,96597,68963,75130,49581,60389,14307,24473,8,9,9087,8601,16243,16905,19404,24264,25658,34678,31354,35784,46063,51459,41584,50472,12487,21208,682324,296339,68075,39858,180656,90833,18195,48,43
2021-06-19T23:59:59+02:00,1602,1451,34397,32327,48785,44862,61191,62311,83087,85714,96230,96245,68815,74964,49516,60308,14292,24449,7,8,9046,8527,16140,16782,19285,24111,25553,34519,31225,35641,45967,51363,41566,50447,12483,21198,673619,294999,68056,39855,180649,90796,18175,48,43
2021-06-18T23:59:59+02:00,1406,1278,32754,30744,47583,43676,60250,61391,82281,84965,95618,95667,68596,74742,49427,60170,14276,24419,7,8,8971,8441,15980,16626,19095,23917,25300,34278,30940,35322,45671,51016,41481,50370,12470,21184,662503,292798,67922,39738,180648,90376,18123,48,42
2021-06-17T23:59:59+02:00,1331,1220,31833,29907,46718,42969,59444,60541,81538,84317,95206,95284,68454,74598,49385,60093,14262,24390,7,8,8430,8075,15290,16070,18265,23089,24196,33152,29460,33961,44345,49511,40996,49759,12350,20995,655581,283855,67805,38910,180617,87712,17440,48,42
2021-06-16T23:59:59+02:00,1248,1156,31144,29209,45915,42219,58520,59661,80758,83546,94782,94904,68319,74438,49327,60001,14242,24364,7,8,7942,7751,14677,15552,17487,22361,23054,32194,28280,32849,42445,47390,40447,49180,12243,20810,648512,274096,67678,38311,180598,85310,16918,48,42
2021-06-15T23:59:59+02:00,1106,1037,29253,27431,44166,40698,56928,58027,79369,82228,94022,94232,68031,74145,49214,59844,14209,24299,7,6,7769,7624,14368,15312,17123,22059,22533,31807,27743,32419,41506,46372,40060,48754,12119,20589,633572,271016,67629,37804,180560,82877,16431,48,42
2021-06-14T23:59:59+02:00,1013,923,27706,25964,42562,39181,55272,56376,78269,81116,93327,93604,67782,73903,49120,59722,14189,24254,6,5,7586,7451,13991,14975,16593,21613,21839,31223,27063,31825,41121,45949,39676,48301,11988,20383,620338,268328,67573,37388,180531,80037,15794,48,41
2021-06-13T23:59:59+02:00,989,898,27504,25784,42178,38843,54725,55854,77923,80807,93134,93414,67692,73823,49083,59664,14174,24229,6,5,7445,7283,13719,14680,16204,21214,21410,30730,26523,31321,40723,45544,39211,47735,11810,20097,617626,266231,67431,37317,180503,76960,15111,48,41
2021-06-12T23:59:59+02:00,860,784,25994,24197,41024,37765,54051,55119,77393,80312,92584,92889,67536,73646,49014,59587,14161,24208,6,5,7399,7232,13593,14570,16072,21101,21226,30583,26404,31219,40705,45527,39201,47724,11810,20096,608108,265444,67425,37315,180497,76626,15047,48,41
2021-06-11T23:59:59+02:00,747,675,24380,22678,39677,36574,52823,53909,76424,79460,92011,92313,67302,73412,48952,59479,14142,24173,6,5,7344,7144,13421,14381,15853,20905,20953,30323,26131,30961,40399,45152,39116,47609,11792,20067,596363,263544,67345,37170,180488,75919,14888,48,41
2021-06-10T23:59:59+02:00,646,585,23383,21672,38458,35395,51216,52404,75105,78263,90404,90768,66947,73016,48826,59305,14117,24118,6,5,7061,6920,12894,13944,15213,20331,20188,29568,25339,30284,39693,44289,38763,47191,11678,19882,583466,260065,66861,37136,180436,72189,13818,48,41
2021-06-09T23:59:59+02:00,576,536,22932,21287,37796,34873,50110,51358,73860,77070,89813,90264,66820,72871,48776,59220,14102,24088,6,5,6791,6612,12303,13344,14427,19517,19269,28544,24354,29119,37127,41369,38196,46546,11530,19643,576304,249742,66399,37063,180399,68653,13203,48,41
2021-06-08T23:59:59+02:00,470,425,21412,19836,36193,33508,47998,49397,71722,75130,88337,88783,66505,72486,48640,59059,14070,24044,6,5,6660,6442,11917,12970,13943,19028,18666,27943,23796,28581,36841,41114,37904,46179,11422,19486,558940,248082,66121,36984,180367,65256,12540,48,41
2021-06-07T23:59:59+02:00,355,331,20406,18865,34648,32175,45722,47374,69586,73249,87358,87935,66281,72220,48566,58924,14050,24007,6,5,6505,6278,11492,12616,13399,18545,17938,27355,23160,27985,36522,40810,37485,45697,11309,19287,543753,246086,65949,36914,180314,61364,11989,48,41
2021-06-06T23:59:59+02:00,332,310,20226,18718,34254,31892,45114,46801,68966,72764,87146,87770,66224,72159,48554,58898,14044,23995,6,5,6373,6105,11166,12201,12967,17973,17299,26545,22463,27176,36053,40336,37003,45146,11153,19020,540631,243635,65622,36862,180270,56856,11597,48,40
2021-06-05T23:59:59+02:00,260,245,18984,17456,32932,30679,43890,45629,68392,72246,86613,87260,66133,72057,48506,58850,14037,23983,6,5,6321,6024,11063,12035,12839,17794,17127,26335,22292,26987,35988,40259,36981,45122,11151,19015,530656,243027,65622,36449,180252,56253,11575,48,40
2021-06-04T23:59:59+02:00,179,175,17793,16306,31624,29389,42338,44131,67050,70930,85806,86507,65946,71844,48430,58758,14021,23954,6,5,6218,5884,10886,11823,12624,17538,16772,25950,21771,26548,35097,39402,36665,44822,11134,18993,517831,241177,65555,36122,180245,53297,11503,48,39
2021-06-03T23:59:59+02:00,124,122,17153,15733,30639,28560,40879,42835,65275,69397,83555,84223,65521,71390,48302,58596,14003,23916,6,5,6048,5673,10576,11464,12306,17070,16320,25289,21219,25967,34432,38611,36489,44618,11101,18943,504040,238835,64857,35734,180207,50458,11072,48,38
2021-06-02T23:59:59+02:00,95,79,16810,15424,30326,28294,40211,42214,63685,68003,82616,83421,65380,71226,48242,58514,14000,23901,6,4,5930,5581,10398,11304,12077,16853,16024,24982,20872,25571,31183,34983,36261,44396,11072,18890,496528,230122,64853,35402,180206,50018,10807,48,38
2021-06-01T23:59:59+02:00,38,44,16019,14756,28829,27188,37842,40149,60114,64818,80185,81099,65029,70862,48114,58325,13966,23847,6,4,5657,5304,9872,10873,11538,16257,15354,24186,20138,24809,30840,34684,36065,44218,11043,18828,478161,228652,63294,34896,180140,46510,9582,47,36
2021-05-31T23:59:59+02:00,30,36,15455,14282,27891,26487,35881,38485,56671,61788,78153,79396,64697,70505,47970,58150,13934,23795,6,3,5494,5100,9465,10508,11107,15774,14816,23499,19513,24103,30554,34429,35880,44025,11008,18771,462391,227963,62571,34510,180075,43024,8522,47,36
2021-05-30T23:59:59+02:00,28,33,15311,14153,27603,26253,35429,38075,55958,61171,77832,79122,64635,70448,47945,58115,13930,23784,6,3,5392,4902,9137,10147,10694,15285,14362,22693,18984,23329,29874,33714,35653,43832,10986,18708,459405,227493,62133,34430,180029,37534,8211,47,33
2021-05-29T23:59:59+02:00,26,32,14914,13762,26753,25441,33668,36486,54474,59873,77243,78556,64485,70298,47892,58062,13923,23770,6,3,5359,4826,9071,10031,10600,15166,14252,22543,18853,23190,29845,33691,35647,43824,10985,18705,449280,227003,62100,34430,180025,36925,8206,47,33
2021-05-28T23:59:59+02:00,23,31,14507,13362,25941,24698,31818,34728,52303,57866,76192,77560,64280,70046,47840,57985,13913,23747,6,3,5273,4711,8892,9887,10444,14993,14091,22304,18640,22889,29775,33644,35630,43807,10984,18700,437331,226327,61632,34424,179935,35994,7895,47,33
2021-05-27T23:59:59+02:00,19,26,13876,12893,24872,23979,30568,33799,50691,56489,73087,74574,63838,69509,47706,57823,13890,23691,6,3,5160,4477,8558,9546,10040,14557,13644,21667,18132,22290,29553,33440,35519,43694,10963,18671,425167,225669,59668,34353,179305,32722,7143,47,33
2021-05-26T23:59:59+02:00,18,24,13389,12470,23959,23331,29645,33096,49603,55563,70129,71381,63223,68898,47571,57653,13859,23645,6,3,5072,4314,8302,9232,9736,14169,13286,21065,17700,21689,29356,33272,35422,43588,10936,18619,414339,225052,57488,34235,178807,29671,6776,47,33
2021-05-25T23:59:59+02:00,18,19,13045,12172,23378,22923,28586,32232,47001,53324,67866,69254,62871,68531,47457,57504,13841,23591,6,3,4993,4192,8089,8969,9481,13791,12975,20544,17313,21137,29197,33115,35338,43482,10909,18564,402468,224490,56418,34153,178183,26925,6497,47,33
2021-05-24T23:59:59+02:00,17,18,12748,11891,22879,22544,27964,31778,44380,50892,65405,67063,62562,68232,47346,57378,13805,23534,6,3,4922,4083,7838,8735,9161,13406,12645,20030,16926,20575,29051,32973,35264,43410,10885,18517,390807,223901,55935,34087,177514,24276,6133,47,33
2021-05-23T23:59:59+02:00,17,18,12686,11823,22783,22459,27884,31698,44123,50664,64817,66514,62482,68144,47321,57360,13803,23532,6,3,4900,4068,7803,8704,9100,13371,12565,19967,16848,20519,29042,32959,35260,43402,10885,18515,388600,223613,55854,34080,177500,24066,6127,47,31
2021-05-22T23:59:59+02:00,17,18,12462,11585,22462,22150,26881,30810,42286,49088,63961,65773,62319,67953,47255,57269,13793,23509,6,3,4884,4013,7776,8639,9058,13305,12533,19881,16818,20450,29031,32949,35256,43396,10884,18514,380108,223519,55843,34080,177495,23668,6098,47,31
2021-05-21T23:59:59+02:00,17,17,12160,11333,21890,21706,26063,30118,39894,47194,61986,64104,62056,67680,47171,57181,13778,23483,6,3,4865,3985,7719,8553,8992,13217,12457,19788,16743,20363,29015,32923,35249,43385,10882,18513,369668,223320,54787,34065,177303,23216,6026,47,31
2021-05-20T23:59:59+02:00,16,17,11550,10761,20763,20805,24911,29088,38385,45915,59638,62030,61233,66780,46970,56921,13744,23427,6,3,4590,3807,7316,8263,8550,12820,12004,19276,16320,19840,28894,32825,35198,43332,10878,18503,359155,222911,52432,33953,176018,20228,5302,47,31
2021-05-19T23:59:59+02:00,16,17,11107,10447,19977,20251,24062,28489,37481,45229,56405,58391,60542,66077,46862,56787,13721,23380,6,3,4437,3649,7062,8021,8273,12490,11670,18843,15949,19419,28794,32713,35155,43256,10867,18488,348678,222422,50809,33835,174890,17991,4817,47,30
2021-05-18T23:59:59+02:00,16,17,10777,10161,19396,19800,23406,27928,36070,43996,54990,57261,60170,65650,46732,56626,13696,23355,6,3,4332,3522,6814,7784,8010,12207,11435,18439,15601,18986,28709,32621,35125,43215,10863,18481,343275,222127,48954,33753,173411,15883,4360,47,30
2021-05-17T23:59:59+02:00,15,16,10557,9980,18958,19509,22970,27615,34869,43003,53675,56220,59920,65403,46668,56527,13681,23321,6,3,4262,3435,6606,7566,7757,11914,11178,18042,15289,18579,28617,32532,35100,43174,10857,18467,339184,221824,47959,33685,171892,14018,3827,45,30
2021-05-16T23:59:59+02:00,15,15,10367,9851,18663,19305,22637,27374,34230,42542,52436,55049,59727,65238,46631,56473,13670,23301,6,3,4194,3362,6389,7400,7469,11658,10908,17689,14993,18215,28551,32470,35084,43156,10850,18463,336743,221569,47081,33624,170274,12255,3382,44,30
2021-05-15T23:59:59+02:00,15,15,10271,9751,18511,19157,22465,27229,33848,42174,52040,54671,59612,65092,46583,56428,13667,23285,6,3,4153,3326,6305,7334,7376,11555,10806,17569,14888,18084,28457,32352,34990,43063,10846,18458,334342,220476,47080,33621,170140,12236,3208,44,30
2021-05-14T23:59:59+02:00,14,15,9988,9548,18084,18917,22063,26941,31500,40394,49890,52816,59390,64863,46535,56343,13650,23264,6,3,4025,3243,6019,7169,7070,11331,10459,17217,14539,17757,27883,31646,34867,42871,10827,18430,325189,217177,47027,33615,169529,12113,2427,43,30
2021-05-13T23:59:59+02:00,14,15,9526,9179,17290,18351,21195,26257,30380,39404,47646,50643,58541,63888,46325,56060,13611,23190,6,3,3525,3049,5680,6916,6758,11020,10047,16826,14162,17320,26982,30447,34441,42352,10796,18369,316684,212570,45166,33057,167504,10923,2119,42,30
2021-05-12T23:59:59+02:00,14,15,9235,8984,16857,18092,20721,25967,29848,39018,44646,46996,57968,63246,46241,55946,13593,23165,6,3,3385,2961,5448,6805,6475,10873,9765,16617,13925,17054,26335,29624,34275,42159,10770,18335,307488,209536,44348,33031,167211,10755,1463,42,30
2021-05-11T23:59:59+02:00,14,13,8802,8708,16085,17574,19855,25346,28111,37575,42712,45490,57592,62799,46157,55811,13572,23137,6,3,3265,2830,5215,6464,6177,10458,9398,16058,13488,16494,24912,27954,33764,41531,10719,18247,301997,203554,41291,32848,164727,9255,1296,42,30
2021-05-10T23:59:59+02:00,14,12,8540,8555,15572,17318,19223,25025,27119,36885,41250,44344,57325,62524,46078,55707,13552,23106,6,2,3155,2704,4984,6230,5922,10134,9074,15580,13125,16071,23863,26623,33275,40946,10682,18189,298688,198895,40384,32820,162052,7838,984,41,28
2021-05-09T23:59:59+02:00,14,12,8384,8470,15266,17136,18840,24768,26451,36456,39471,42677,57029,62245,46022,55649,13544,23085,6,2,3034,2648,4802,6088,5753,9958,8876,15373,12957,15898,23586,26290,33130,40773,10672,18174,295711,197696,40005,32776,159054,6811,709,40,28
2021-05-08T23:59:59+02:00,14,12,8309,8397,15083,16989,18632,24569,26223,36218,39237,42485,56902,62095,45984,55612,13541,23074,6,2,3026,2629,4771,6052,5709,9912,8799,15307,12870,15828,23216,25863,32844,40459,10664,18158,294146,196506,39550,32064,158931,6808,709,40,28
2021-05-07T23:59:59+02:00,13,11,8137,8301,14757,16805,18242,24332,25800,35927,38779,42106,56627,61740,45935,55565,13534,23064,6,2,2727,2495,4423,5867,5438,9652,8483,14996,12474,15432,22116,24488,32194,39624,10636,18108,291601,193043,39119,30563,158603,5216,313,39,26
2021-05-06T23:59:59+02:00,12,11,7490,7944,13856,16202,17183,23475,24456,34813,36633,40440,55500,60418,45692,55258,13499,22997,6,2,2602,2382,4249,5670,5230,9348,8137,14555,12040,14978,20808,22812,31339,38616,10582,17994,280948,187423,37836,29603,156782,4024,276,37,24
2021-05-05T23:59:59+02:00,10,11,6952,7636,13074,15659,16147,22706,23066,33785,34802,38950,53657,58378,45370,54912,13466,22931,6,2,2514,2324,4074,5513,5039,9136,7789,14216,11670,14618,19418,21029,30143,37200,10542,17891,269479,181283,36912,28429,154987,3291,97,37,24
2021-05-04T23:59:59+02:00,10,10,6762,7546,12707,15483,15659,22435,22417,33440,33840,38249,52803,57415,45247,54785,13448,22890,6,2,2459,2254,3920,5344,4862,8882,7445,13807,11244,14160,17766,19099,29040,35868,10446,17771,265701,174457,36043,27488,153323,2363,44,35,23
2021-05-03T23:59:59+02:00,10,10,6616,7396,12329,15262,15151,22124,21705,33033,32686,37357,52501,57095,45151,54678,13433,22858,6,2,2399,2184,3826,5164,4722,8647,7227,13458,10923,13752,16561,17600,28161,34765,10382,17663,262396,168877,35581,27139,151350,1370,33,35,23
2021-05-02T23:59:59+02:00,10,10,6535,7306,12115,15090,14850,21892,21228,32712,31535,36408,52217,56803,45089,54587,13415,22827,6,2,2384,2177,3804,5131,4691,8611,7160,13387,10838,13659,16249,17204,27863,34460,10370,17649,259959,167304,35507,27025,149097,1263,32,34,21
2021-05-01T23:59:59+02:00,10,10,6517,7282,12051,15040,14769,21829,21125,32640,31408,36314,52211,56788,45085,54586,13413,22825,6,2,2381,2169,3780,5114,4650,8586,7123,13350,10777,13604,16051,16981,27748,34323,10367,17639,259385,166338,35506,26999,148946,1261,32,34,21
2021-04-30T23:59:59+02:00,10,10,6479,7244,11958,14944,14663,21709,20929,32453,31168,36123,51940,56428,45040,54533,13407,22813,6,2,2352,2149,3718,5051,4553,8476,6973,13167,10500,13341,15236,15954,26877,33250,10326,17551,257598,163130,35462,25107,148726,1193,31,34,21
2021-04-29T23:59:59+02:00,10,10,6274,7116,11636,14754,14307,21469,20409,32162,30415,35634,51291,55601,44948,54414,13381,22733,6,2,2313,2103,3625,4962,4429,8340,6780,12949,10223,13054,14262,14719,25571,31702,10263,17455,254404,157420,35367,24357,146729,930,30,34,21
2021-04-28T23:59:59+02:00,10,10,6011,6950,11255,14416,13813,21001,19765,31555,29246,34501,48623,52593,44654,54090,13318,22655,6,2,2275,2062,3556,4900,4313,8223,6620,12766,9974,12835,13119,13237,24078,29821,10201,17352,244438,151440,35240,23153,144738,713,16,34,18
2021-04-27T23:59:59+02:00,10,10,5907,6859,11099,14294,13611,20837,19484,31344,28683,34113,48415,52371,44598,54036,13309,22633,6,2,2233,2027,3466,4806,4220,8114,6454,12579,9690,12559,11904,11672,22422,27663,10122,17206,243052,144609,35192,21968,143320,535,16,33,17
2021-04-26T23:59:59+02:00,10,10,5858,6818,10981,14226,13449,20713,19256,31132,27847,33546,48077,52001,44543,53970,13300,22604,6,2,2211,2000,3411,4761,4158,8047,6350,12446,9501,12383,10987,10513,21141,25903,10061,17116,242312,139322,35165,21220,140816,424,16,32,15
2021-04-25T23:59:59+02:00,10,10,5813,6771,10876,14131,13287,20556,19008,30848,27086,32804,47579,51490,44459,53871,13286,22584,6,2,2186,1990,3380,4742,4139,8028,6317,12405,9444,12322,10825,10319,20899,25579,10051,17102,240596,138469,35120,20870,138705,366,16,32,15
2021-04-24T23:59:59+02:00,10,10,5791,6723,10797,14039,13188,20411,18873,30668,26924,32622,47476,51367,44366,53775,13282,22579,6,2,2179,1979,3355,4714,4100,7981,6245,12333,9313,12204,10668,10139,20764,25447,10035,17084,239105,137941,35102,20229,138646,347,16,32,15
2021-04-23T23:59:59+02:00,10,10,5729,6634,10663,13840,12985,20157,18561,30287,26524,32260,46527,50229,44212,53530,13259,22547,6,2,2161,1957,3312,4677,4050,7927,6151,12242,9149,12076,10402,9838,20440,25026,9987,17001,234696,136816,35043,19221,138177,336,16,32,15
2021-04-22T23:59:59+02:00,10,10,5628,6520,10453,13642,12632,19819,18045,29812,25891,31667,44798,48076,43641,52801,13213,22447,5,2,2147,1946,3273,4624,3973,7853,6021,12142,8890,11911,9968,9432,19983,24434,9937,16923,228437,134688,34930,18442,135690,304,16,32,14
2021-04-21T23:59:59+02:00,10,9,5529,6385,10223,13440,12299,19505,17543,29318,25174,30933,40518,43205,43161,52266,13146,22342,5,2,2134,1937,3237,4587,3918,7794,5939,12049,8714,11751,9636,9047,19484,23841,9871,16826,216305,133038,34865,17429,133788,279,16,32,10
2021-04-20T23:59:59+02:00,10,9,5451,6294,10028,13222,12023,19238,17120,28909,24616,30364,38764,41188,42505,51486,13074,22201,5,2,2109,1924,3195,4563,3851,7750,5808,11950,8542,11624,9352,8727,19010,23170,9774,16686,210051,131666,34775,16125,131628,225,16,32,10
2021-04-19T23:59:59+02:00,10,8,5371,6218,9868,13092,11818,19029,16757,28527,24070,29891,37206,39397,41913,50765,13019,22114,5,2,2093,1907,3160,4528,3810,7704,5768,11880,8457,11532,9114,8442,18602,22603,9727,16593,205013,129967,34717,15730,129295,204,16,32,10
2021-04-18T23:59:59+02:00,10,7,5308,6167,9737,13007,11618,18888,16475,28329,23661,29577,35889,38031,41559,50359,12985,22050,5,2,2080,1892,3133,4506,3784,7688,5724,11833,8406,11483,9016,8353,18448,22415,9714,16568,203459,129485,34675,15340,125476,199,16,31,10
2021-04-17T23:59:59+02:00,10,7,5302,6151,9703,12976,11571,18848,16398,28262,23597,29518,35577,37689,41451,50261,12979,22039,5,2,2070,1884,3106,4493,3726,7643,5654,11782,8320,11431,8905,8243,18342,22297,9693,16555,202228,128677,34666,15250,125398,198,16,31,10
2021-04-16T23:59:59+02:00,10,7,5237,6112,9616,12915,11435,18737,16186,28103,23246,29168,34492,36430,41038,49736,12959,22005,5,2,1937,1797,2876,4313,3367,7325,4881,11246,6825,10337,6372,6161,16523,20598,9498,16256,198060,119287,34576,10811,124750,195,16,30,10
2021-04-15T23:59:59+02:00,10,7,5171,6022,9412,12742,11141,18490,15689,27709,22555,28564,32591,34115,39989,48528,12878,21837,5,2,1894,1765,2808,4249,3248,7203,4664,11063,6447,10027,5913,5762,15930,19912,9306,15921,192233,116146,34522,9762,120651,186,16,28,9
2021-04-14T23:59:59+02:00,10,7,5109,5976,9246,12616,10925,18313,15285,27392,21903,28084,30660,31862,38771,47106,12803,21650,5,2,1811,1711,2725,4180,3136,7109,4461,10898,6136,9777,5436,5348,15347,19223,9102,15565,185848,113514,34382,8303,117444,130,16,28,9
2021-04-13T23:59:59+02:00,10,7,5061,5922,9108,12488,10747,18146,14940,27115,21380,27622,28554,29409,37504,45507,12659,21443,5,2,1767,1694,2688,4137,3082,7047,4327,10758,5866,9564,5096,5045,14896,18772,8966,15361,178942,112092,34316,6922,114321,34,16,27,9
2021-04-12T23:59:59+02:00,10,7,4997,5873,9000,12349,10540,17998,14618,26834,20840,27165,26512,27139,36344,44040,12530,21242,5,2,1732,1650,2658,4116,3054,6994,4268,10690,5763,9463,4929,4899,14595,18404,8855,15161,173221,111243,34237,5937,110537,33,16,27,9
2021-04-11T23:59:59+02:00,10,7,4961,5830,8905,12270,10381,17896,14353,26657,20414,26841,25308,25848,35640,43254,12441,21091,5,2,1723,1644,2636,4095,3029,6966,4233,10643,5676,9395,4836,4844,14479,18279,8816,15108,171432,111032,34164,5326,106469,27,15,27,9
2021-04-10T23:59:59+02:00,10,7,4949,5817,8863,12242,10325,17861,14285,26607,20318,26761,24993,25472,35293,42834,12434,21070,5,2,1719,1638,2627,4087,3015,6949,4203,10612,5617,9356,4758,4767,14350,18113,8769,15023,170216,110234,33439,5325,106444,27,15,27,9
2021-04-09T23:59:59+02:00,10,7,4902,5785,8779,12162,10200,17737,14116,26432,20057,26518,24151,24317,34336,41622,12401,20996,4,2,1691,1609,2570,4053,2943,6889,4053,10502,5360,9130,4342,4391,13780,17396,8539,14654,166840,106544,31923,5317,105728,27,11,26,9
2021-04-08T23:59:59+02:00,10,7,4827,5720,8632,12054,9987,17565,13719,26118,19455,26049,22441,22325,32641,39649,12251,20759,4,2,1661,1593,2516,4008,2859,6804,3906,10365,5066,8865,3882,3964,12785,16150,8054,13892,161073,101547,31017,4786,102082,23,11,26,9
2021-04-07T23:59:59+02:00,10,6,4780,5667,8448,11976,9760,17415,13400,25890,18983,25687,20631,20210,30877,37386,12133,20545,4,2,1628,1577,2461,3955,2798,6722,3798,10220,4876,8676,3616,3672,12094,15344,7678,13332,155026,98212,29838,4208,98908,14,10,22,9
2021-04-06T23:59:59+02:00,10,6,4731,5622,8305,11864,9600,17248,13080,25622,18463,25300,18776,18140,28951,34895,11930,20199,4,2,1592,1558,2437,3929,2764,6682,3736,10175,4793,8584,3505,3547,11618,14696,7391,12917,148172,95890,28873,4009,95666,13,10,21,8
2021-04-05T23:59:59+02:00,10,6,4700,5581,8209,11773,9461,17150,12867,25410,18061,24955,17049,16210,27324,32743,11782,19971,4,2,1570,1546,2406,3911,2734,6633,3693,10116,4705,8468,3392,3438,11275,14327,7233,12635,142754,94491,28438,3567,92041,12,10,19,8
2021-04-04T23:59:59+02:00,10,6,4693,5575,8200,11763,9447,17135,12841,25389,18033,24930,16917,16034,27129,32497,11773,19957,4,2,1568,1545,2404,3908,2731,6629,3691,10112,4700,8465,3383,3427,11264,14315,7229,12627,142035,94409,28345,3567,91924,12,8,17,8
2021-04-03T23:59:59+02:00,10,6,4689,5567,8186,11756,9428,17115,12802,25357,17955,24866,16837,15944,27082,32440,11768,19950,4,2,1565,1543,2395,3900,2713,6615,3668,10084,4617,8410,3266,3312,11183,14241,7223,12617,141504,93763,28317,3567,91912,12,8,17,8
2021-04-02T23:59:59+02:00,10,6,4664,5547,8127,11702,9363,17046,12662,25250,17719,24665,16384,15467,26606,31863,11736,19895,4,2,1563,1534,2380,3895,2706,6599,3647,10052,4547,8317,3197,3243,10945,13938,7072,12414,140291,92465,26902,3563,91494,12,8,17,7
2021-04-01T23:59:59+02:00,9,6,4621,5486,8015,11559,9233,16887,12388,24964,17274,24265,15631,14740,25847,30901,11609,19712,4,2,1546,1514,2351,3862,2683,6570,3608,10013,4480,8252,3084,3112,10008,12820,6456,11564,138046,88448,26236,3457,88843,11,6,16,7
2021-03-31T23:59:59+02:00,9,6,4409,5406,7903,11436,9092,16721,12169,24686,16920,23900,14934,13975,25013,29890,11500,19512,4,2,1537,1509,2337,3842,2656,6541,3558,9965,4408,8180,2992,3022,9432,12116,6091,11067,136241,86004,24772,3231,86447,11,6,15,7
2021-03-30T23:59:59+02:00,9,6,4378,5354,7827,11309,9005,16564,12008,24496,16634,23588,14333,13331,24253,28904,11361,19267,4,2,1523,1499,2316,3817,2630,6511,3517,9900,4341,8109,2865,2874,8836,11456,5738,10571,134750,83666,23555,2824,84301,6,6,15,7
2021-03-29T23:59:59+02:00,9,6,4338,5301,7727,11197,8897,16398,11846,24223,16304,23240,13790,12731,23489,27928,11201,19018,4,2,1504,1486,2297,3801,2607,6483,3483,9840,4277,8034,2812,2806,8544,11068,5549,10258,132898,82271,22793,2565,81931,6,6,15,7
2021-03-28T23:59:59+02:00,9,6,4303,5217,7642,11089,8817,16244,11711,23993,16044,22967,13461,12420,22917,27234,11027,18733,4,2,1494,1479,2275,3785,2592,6454,3443,9790,4240,7975,2764,2755,8465,10962,5504,10191,132398,81919,22267,2237,79148,5,6,15,7
2021-03-27T23:59:59+01:00,9,6,4289,5206,7616,11057,8751,16171,11612,23898,15898,22851,13256,12207,22714,27020,10992,18704,4,2,1493,1477,2272,3783,2591,6453,3429,9763,4230,7952,2756,2749,8407,10898,5469,10151,131514,81624,21621,2237,79101,5,6,15,7
2021-03-26T23:59:59+01:00,9,6,4245,5138,7506,10923,8576,15986,11277,23594,15285,22348,12336,11377,21922,26176,10845,18475,2,2,1488,1463,2267,3762,2578,6430,3412,9737,4189,7916,2726,2710,8226,10679,5348,9980,127449,80774,20010,2123,78544,5,6,15,7
2021-03-25T23:59:59+01:00,9,5,4190,4976,7343,10644,8332,15577,10893,22970,14640,21648,11663,10714,21051,25107,10526,17929,2,2,1468,1450,2234,3735,2543,6392,3375,9690,4118,7834,2591,2570,7248,9418,4730,9062,124157,76561,19229,1884,74812,5,5,14,7
2021-03-24T23:59:59+01:00,9,5,4114,4837,7206,10355,8116,15164,10629,22420,14168,21037,11057,10155,20114,24017,10193,17361,2,2,1447,1421,2207,3697,2499,6355,3333,9625,4039,7734,2490,2473,6597,8650,4344,8480,121551,73922,18034,1461,71358,3,2,12,7
2021-03-23T23:59:59+01:00,9,5,4074,4745,7099,10115,7963,14822,10366,21915,13766,20544,10589,9714,19387,23163,9878,16894,2,2,1436,1403,2181,3676,2480,6327,3273,9571,3945,7658,2396,2372,5869,7719,3890,7787,120086,70844,16925,1132,68024,3,1,12,7
2021-03-22T23:59:59+01:00,9,5,4021,4666,6970,9874,7802,14500,10106,21447,13415,20043,10196,9357,18815,22452,9685,16546,2,1,1427,1396,2174,3662,2468,6311,3249,9548,3915,7624,2335,2321,5412,7108,3528,7294,119187,68722,16522,1042,64187,3,1,12,7
2021-03-21T23:59:59+01:00,9,5,3974,4564,6838,9609,7634,14141,9884,20905,13072,19517,9876,9078,18278,21850,9495,16233,2,1,1424,1392,2173,3651,2464,6303,3243,9539,3905,7610,2321,2302,5295,6976,3470,7193,118980,68211,16125,1042,59844,3,1,12,7
2021-03-20T23:59:59+01:00,9,5,3963,4544,6802,9554,7576,14067,9800,20795,12966,19427,9789,8985,18138,21672,9444,16146,2,1,1421,1387,2169,3647,2459,6298,3229,9529,3885,7600,2286,2270,4967,6602,3281,6951,118147,66931,16030,1042,59492,3,1,12,7
2021-03-19T23:59:59+01:00,8,5,3789,4403,6510,9304,7135,13641,8888,20065,11235,18099,6927,6630,15881,19467,9081,15583,2,1,1417,1383,2164,3640,2447,6285,3216,9503,3833,7554,2219,2229,4592,6128,3012,6626,108835,65232,11305,1009,56498,3,1,12,6
2021-03-18T23:59:59+01:00,8,4,3685,4272,6333,8996,6867,13202,8498,19407,10597,17359,6209,5978,14656,17994,8563,14757,2,1,1413,1377,2141,3613,2429,6248,3187,9461,3793,7521,2174,2195,4170,5595,2730,6211,103690,63350,10300,901,53382,3,1,12,6
2021-03-17T23:59:59+01:00,8,4,3606,4198,6203,8849,6695,13025,8199,19097,10192,16969,5800,5592,13838,17069,8163,14168,2,1,1403,1364,2125,3593,2399,6216,3156,9433,3756,7484,2119,2135,3760,5149,2477,5822,100441,61617,8610,767,52611,3,1,12,6
2021-03-16T23:59:59+01:00,8,4,3528,4066,6048,8579,6488,12655,7887,18515,9643,16314,5271,5136,13018,16106,7824,13668,2,1,1394,1355,2116,3576,2383,6201,3140,9414,3731,7458,2092,2098,3240,4508,2137,5309,98107,59382,7199,763,49439,3,1,12,6
2021-03-15T23:59:59+01:00,8,4,3480,3920,5861,8304,6269,12242,7610,17943,9208,15690,4954,4851,12359,15364,7559,13206,2,1,1394,1345,2100,3561,2363,6177,3121,9365,3707,7419,2055,2047,2872,4045,1850,4914,96606,57584,6219,745,45995,3,0,12,6
2021-03-14T23:59:59+01:00,8,4,3434,3787,5631,7974,5979,11796,7301,17223,8747,14939,4630,4576,12070,15108,7510,13106,2,1,1387,1340,2084,3532,2350,6128,3103,9306,3689,7380,2048,2036,2794,3937,1797,4828,96479,57183,5604,550,41728,3,0,12,6
2021-03-13T23:59:59+01:00,8,4,3417,3746,5590,7858,5918,11674,7216,17075,8598,14784,4479,4426,11980,15023,7504,13095,2,1,1387,1340,2084,3532,2349,6128,3102,9304,3688,7380,2045,2028,2741,3881,1763,4774,95786,56971,5604,550,40993,2,0,12,6
2021-03-12T23:59:59+01:00,8,4,3397,3676,5533,7720,5858,11522,7129,16848,8462,14551,4373,4329,11706,14698,7348,12877,2,1,1387,1340,2080,3526,2348,6120,3097,9298,3686,7375,2043,2026,2653,3770,1679,4685,94359,56558,5596,550,40073,2,0,11,6
2021-03-11T23:59:59+01:00,8,4,3319,3483,5324,7423,5627,11104,6790,16179,8023,13912,4029,3993,10626,13438,6689,11964,2,1,1382,1338,2069,3512,2329,6095,3074,9263,3662,7342,2013,2001,2413,3504,1523,4466,90152,55465,5161,517,36611,2,0,11,5
2021-03-10T23:59:59+01:00,8,4,3223,3365,5105,7151,5415,10741,6519,15633,7682,13364,3804,3764,9979,12645,6301,11428,2,1,1377,1327,2042,3474,2300,6005,3026,9140,3605,7222,1969,1924,2197,3267,1391,4271,87673,54250,4785,283,33662,2,0,11,5
2021-03-09T23:59:59+01:00,7,4,3149,3237,4938,6964,5211,10456,6287,15197,7385,12855,3620,3557,9342,11942,5923,10903,2,1,1370,1316,2008,3414,2269,5903,2964,8998,3537,7140,1939,1898,1917,2949,1219,4024,85383,52826,4520,35,31063,2,0,11,5
2021-03-08T23:59:59+01:00,7,4,3085,3081,4707,6700,4969,10102,6026,14683,7023,12269,3418,3364,8949,11499,5725,10585,2,1,1367,1298,1994,3336,2238,5806,2926,8852,3504,7045,1924,1876,1714,2717,1095,3829,83903,51486,4148,33,28135,0,0,10,5
2021-03-07T23:59:59+01:00,7,4,3052,3021,4634,6585,4885,9989,5921,14519,6905,12122,3367,3317,8860,11390,5684,10518,2,1,1361,1293,1988,3324,2230,5781,2919,8813,3492,7026,1916,1864,1659,2649,1044,3760,83541,51084,3970,33,27259,0,0,10,5
2021-03-06T23:59:59+01:00,6,4,3038,2963,4592,6492,4848,9922,5863,14400,6857,12010,3343,3294,8803,11324,5649,10475,2,1,1359,1280,1983,3310,2218,5754,2916,8786,3481,7007,1906,1840,1631,2625,1038,3751,83216,50850,3970,33,26687,0,0,10,5
2021-03-05T23:59:59+01:00,6,4,3014,2870,4533,6380,4784,9824,5800,14247,6754,11857,3298,3239,8617,11096,5526,10299,2,1,1350,1247,1951,3255,2193,5648,2876,8652,3437,6869,1862,1794,1567,2555,1016,3723,82308,49960,3962,33,25868,0,0,10,5
2021-03-04T23:59:59+01:00,4,4,2962,2681,4376,6141,4565,9510,5593,13830,6441,11468,3122,3063,7596,9800,4891,9380,2,1,1331,1198,1914,3132,2161,5466,2830,8375,3380,6636,1790,1704,1531,2503,1011,3705,78133,48633,3688,32,23596,0,0,10,5
2021-03-03T23:59:59+01:00,3,4,2923,2610,4236,5950,4398,9242,5389,13451,6185,11049,2996,2930,6946,9022,4493,8771,2,1,1319,1162,1887,3059,2139,5355,2800,8196,3327,6478,1722,1661,1489,2433,991,3650,75400,47635,3445,32,21743,0,0,10,4
2021-03-02T23:59:59+01:00,3,4,2863,2519,4049,5731,4194,8971,5191,13070,5916,10673,2848,2768,6184,8061,4020,8061,2,1,1286,1120,1860,2987,2115,5213,2750,7923,3278,6280,1649,1601,1423,2353,967,3599,72233,46371,2989,32,19894,0,0,10,4
2021-03-01T23:59:59+01:00,3,3,2824,2456,3885,5578,4008,8752,5002,12751,5677,10280,2747,2653,5689,7404,3654,7550,2,1,1280,1084,1837,2886,2089,5019,2709,7673,3218,6044,1606,1565,1374,2292,937,3556,70061,45136,2680,32,18165,0,0,10,4
2021-02-28T23:59:59+01:00,3,3,2782,2408,3727,5460,3784,8562,4819,12500,5490,9974,2691,2580,5567,7249,3592,7449,2,1,1276,1079,1832,2873,2080,4995,2702,7637,3208,6027,1597,1558,1369,2284,934,3546,69582,44965,2459,31,16589,0,0,10,4
2021-02-27T23:59:59+01:00,3,2,2769,2347,3701,5380,3750,8488,4785,12406,5455,9900,2650,2546,5232,6860,3391,7197,2,1,1269,1071,1825,2861,2067,4960,2683,7572,3192,5971,1579,1549,1363,2273,932,3545,68259,44681,2459,30,16134,0,0,10,4
2021-02-26T23:59:59+01:00,3,2,2749,2306,3661,5292,3684,8384,4722,12295,5368,9812,2573,2493,4848,6377,3112,6863,2,1,1212,1021,1775,2755,2018,4779,2627,7297,3119,5761,1518,1498,1340,2252,918,3536,66436,43396,2332,29,15767,0,0,9,4
2021-02-25T23:59:59+01:00,3,2,2577,2199,3474,5110,3499,8157,4519,12008,5149,9537,2484,2427,4399,5822,2823,6435,2,1,1196,964,1744,2646,1964,4505,2558,6900,3024,5474,1472,1455,1319,2237,915,3527,64569,41873,2005,26,14041,0,0,9,4
2021-02-24T23:59:59+01:00,3,2,2424,2066,3285,4916,3353,7951,4321,11752,4928,9286,2347,2307,3939,5310,2560,6036,1,1,1181,935,1721,2561,1928,4365,2498,6644,2971,5268,1441,1424,1301,2216,911,3504,62788,40849,1526,18,12463,0,0,9,4
2021-02-23T23:59:59+01:00,3,2,2295,1928,3106,4689,3200,7712,4146,11481,4744,9038,2258,2214,3381,4645,2216,5518,1,1,1167,887,1688,2466,1889,4174,2430,6345,2873,5008,1383,1368,1272,2172,895,3477,60571,39477,1173,15,10823,0,0,9,4
2021-02-22T23:59:59+01:00,3,2,2255,1877,3022,4596,3130,7603,4052,11294,4636,8913,2206,2173,3010,4177,1928,5132,1,1,1155,828,1656,2340,1847,3928,2354,5950,2748,4711,1320,1315,1249,2139,887,3452,58887,37872,1086,5,10027,0,0,9,4
2021-02-21T23:59:59+01:00,3,2,2219,1846,2970,4527,3050,7490,3971,11149,4570,8796,2191,2150,2926,4062,1872,5044,1,1,1152,810,1639,2288,1820,3821,2321,5795,2685,4585,1289,1292,1239,2125,880,3437,58454,37171,1053,5,9322,0,0,9,4
2021-02-20T23:59:59+01:00,3,2,2207,1843,2947,4514,3034,7454,3945,11116,4549,8774,2188,2142,2872,4005,1837,4989,1,1,1152,807,1639,2286,1819,3812,2320,5790,2684,4581,1288,1289,1238,2122,879,3436,58238,37135,1052,5,9122,0,0,9,4
2021-02-19T23:59:59+01:00,2,2,2195,1829,2911,4462,3009,7368,3900,11034,4495,8711,2180,2136,2781,3891,1752,4895,1,1,1102,798,1600,2278,1808,3803,2310,5769,2676,4568,1282,1278,1227,2117,874,3429,57816,36913,1020,4,8708,0,0,9,4
2021-02-18T23:59:59+01:00,2,2,2064,1734,2754,4279,2885,7170,3763,10747,4356,8506,2146,2102,2538,3619,1596,4672,1,1,1023,762,1528,2179,1758,3680,2237,5612,2619,4483,1268,1258,1220,2103,861,3411,56743,35996,952,4,7232,0,0,8,4
2021-02-17T23:59:59+01:00,2,2,2020,1686,2663,4148,2775,6958,3611,10406,4214,8263,2087,2018,2320,3390,1469,4479,1,1,871,697,1415,2053,1681,3489,2140,5384,2547,4310,1234,1212,1194,2058,845,3366,55671,34491,806,3,6026,0,0,8,4
2021-02-16T23:59:59+01:00,2,2,1850,1575,2489,3940,2635,6683,3450,10052,4036,7957,2042,1991,2038,3070,1295,4226,1,1,844,675,1345,1975,1612,3348,2045,5210,2452,4176,1172,1166,1134,1968,812,3263,54330,33193,770,2,4225,0,0,8,4
2021-02-15T23:59:59+01:00,2,2,1815,1520,2401,3769,2558,6411,3328,9684,3921,7687,2016,1962,1819,2829,1169,4033,1,1,826,663,1316,1928,1570,3279,1987,5037,2388,4075,1113,1125,1067,1877,793,3159,53220,32200,754,1,2944,0,0,8,4
2021-02-14T23:59:59+01:00,2,2,1725,1490,2353,3708,2516,6317,3257,9580,3874,7609,2005,1952,1761,2769,1119,3973,1,1,811,653,1300,1905,1543,3256,1953,4996,2362,4019,1103,1115,1060,1868,790,3147,52881,31879,725,1,2398,0,0,8,3
2021-02-13T23:59:59+01:00,2,2,1724,1478,2343,3701,2510,6303,3254,9564,3867,7599,1996,1932,1737,2749,1115,3963,1,1,811,653,1300,1905,1543,3256,1953,4996,2362,4019,1103,1115,1060,1868,790,3147,52724,31879,725,1,2382,0,0,8,3
2021-02-12T23:59:59+01:00,2,2,1645,1393,2242,3587,2431,6130,3149,9326,3743,7334,1948,1874,1673,2678,1092,3934,1,1,804,645,1288,1882,1530,3237,1945,4965,2346,3999,1098,1110,1059,1849,790,3116,51781,31662,725,0,1669,0,0,8,3
2021-02-11T23:59:59+01:00,2,2,1450,1258,2061,3375,2303,5838,2998,8892,3586,6986,1875,1772,1631,2614,1072,3911,1,1,775,597,1193,1703,1403,2959,1805,4603,2180,3709,1045,1046,1015,1771,749,2973,50381,29527,684,0,553,0,0,8,1
2021-02-10T23:59:59+01:00,2,2,1357,1211,1977,3248,2234,5666,2916,8613,3475,6754,1805,1725,1583,2547,1053,3848,1,1,565,513,971,1478,1261,2648,1620,4143,1976,3327,925,918,882,1513,657,2631,49203,26029,645,0,161,0,0,7,1
2021-02-09T23:59:59+01:00,2,2,1322,1162,1942,3154,2206,5481,2849,8273,3405,6496,1731,1663,1521,2486,1034,3806,1,1,303,380,756,1212,1075,2270,1413,3604,1726,2871,759,756,708,1206,523,2126,47934,21689,515,0,80,0,0,6,1
2021-02-08T23:59:59+01:00,2,2,1315,1127,1910,3037,2169,5259,2797,7994,3346,6260,1688,1629,1472,2431,1017,3783,1,1,267,341,653,1059,970,2054,1254,3211,1530,2555,657,636,606,1018,451,1840,46808,19103,345,0,79,0,0,6,1
2021-02-07T23:59:59+01:00,2,2,1289,1111,1880,2985,2143,5177,2767,7891,3304,6194,1672,1613,1457,2412,1005,3768,1,1,233,286,604,969,909,1899,1163,2983,1433,2383,616,616,584,983,441,1809,46522,17913,144,0,0,0,0,6,0
2021-02-06T23:59:59+01:00,2,2,1284,1105,1874,2973,2134,5149,2754,7847,3293,6149,1659,1605,1452,2402,1002,3767,1,1,214,255,582,930,881,1834,1120,2864,1376,2300,600,597,577,983,441,1809,46303,17365,144,0,0,0,0,6,0
2021-02-05T23:59:59+01:00,2,2,1225,1053,1825,2865,2082,4953,2693,7551,3216,5933,1596,1552,1435,2379,994,3761,1,1,197,222,546,879,845,1754,1082,2744,1323,2200,566,573,565,959,429,1784,44967,16670,144,0,0,0,0,6,0
2021-02-04T23:59:59+01:00,2,2,1213,990,1784,2717,2010,4641,2611,7103,3116,5604,1551,1519,1418,2362,989,3750,1,1,168,170,472,759,746,1613,969,2505,1209,1986,520,520,517,903,408,1664,43341,15131,36,0,0,0,0,5,0
2021-02-03T23:59:59+01:00,2,2,1195,961,1754,2636,1971,4493,2545,6841,3064,5390,1514,1487,1388,2327,970,3720,1,1,139,141,397,646,630,1375,823,2127,1011,1694,400,384,373,681,288,1259,42219,12370,36,0,0,0,0,5,0
2021-02-02T23:59:59+01:00,2,2,1178,905,1720,2535,1930,4273,2472,6509,2958,5118,1460,1440,1364,2296,960,3695,1,1,116,116,321,524,524,1137,678,1796,822,1385,299,280,292,499,225,947,40776,9963,36,0,0,0,0,5,0
2021-02-01T23:59:59+01:00,1,2,1165,845,1685,2411,1879,4028,2395,6118,2836,4822,1392,1357,1334,2250,947,3666,0,0,83,76,221,353,351,744,430,1159,480,863,186,170,171,298,126,562,39092,6273,36,0,0,0,0,5,0
2021-01-31T23:59:59+01:00,1,2,1161,827,1668,2354,1854,3906,2363,5934,2769,4701,1361,1334,1323,2234,940,3650,0,0,72,70,187,281,273,577,341,905,398,696,160,155,159,289,122,548,38344,5233,33,0,0,0,0,5,0
2021-01-30T23:59:59+01:00,1,2,1161,824,1667,2349,1852,3895,2361,5923,2766,4691,1360,1330,1322,2233,940,3649,0,0,69,63,154,234,245,509,306,787,355,621,159,148,154,285,122,547,38289,4758,32,0,0,0,0,5,0
2021-01-29T23:59:59+01:00,1,2,1110,815,1628,2341,1841,3888,2353,5908,2758,4680,1356,1327,1318,2233,940,3649,0,0,61,45,117,179,201,353,250,639,310,493,148,139,143,275,119,546,38113,4018,30,0,0,0,0,5,0
2021-01-28T23:59:59+01:00,1,2,1035,789,1573,2278,1808,3819,2306,5837,2725,4628,1344,1315,1308,2227,928,3635,0,0,39,20,75,106,132,206,155,383,202,296,115,106,117,221,107,496,37526,2776,27,0,0,0,0,5,0
2021-01-27T23:59:59+01:00,1,2,888,737,1478,2203,1740,3706,2233,5708,2667,4502,1314,1269,1279,2188,912,3599,0,0,30,13,63,88,106,162,122,326,175,250,107,88,104,201,103,459,36404,2397,18,0,0,0,0,4,0
2021-01-26T23:59:59+01:00,1,2,873,717,1415,2128,1679,3576,2145,5536,2579,4390,1255,1229,1229,2114,887,3538,0,0,29,12,60,85,102,156,118,311,174,240,104,82,97,180,92,409,35276,2251,13,0,0,0,0,4,0
2021-01-25T23:59:59+01:00,1,2,861,696,1384,2066,1646,3479,2099,5366,2522,4298,1201,1204,1174,2054,870,3472,0,0,27,12,57,85,99,154,117,309,173,240,103,81,96,179,90,406,34387,2228,4,0,0,0,0,4,0
2021-01-24T23:59:59+01:00,1,2,858,695,1378,2055,1641,3462,2091,5341,2510,4266,1197,1196,1169,2047,869,3466,0,0,27,12,57,85,98,153,117,309,173,239,103,81,96,179,90,405,34237,2224,4,0,0,0,0,3,0
2021-01-23T23:59:59+01:00,1,2,858,695,1378,2055,1640,3462,2091,5341,2510,4266,1197,1196,1169,2047,869,3466,0,0,27,12,57,85,98,153,117,309,172,239,103,81,96,179,90,405,34237,2223,3,0,0,0,0,3,0
2021-01-22T23:59:59+01:00,1,2,857,685,1364,2032,1625,3438,2078,5307,2494,4246,1195,1191,1168,2024,868,3432,0,0,27,12,57,85,98,153,117,309,171,239,103,81,96,179,90,405,34001,2222,3,0,0,0,0,3,0
2021-01-21T23:59:59+01:00,1,2,825,649,1287,1877,1524,3245,1982,5035,2384,4046,1154,1131,1139,1955,830,3311,0,0,25,11,53,80,90,144,107,280,157,216,89,72,85,155,74,345,32373,1983,3,0,0,0,0,1,0
2021-01-20T23:59:59+01:00,1,2,626,551,1093,1661,1386,2971,1805,4629,2179,3705,1025,1012,1009,1714,753,3007,0,0,23,11,52,76,87,143,99,267,146,197,78,65,79,130,62,307,29125,1822,3,0,0,0,0,1,0
2021-01-19T23:59:59+01:00,1,2,341,407,844,1404,1182,2623,1569,4100,1915,3256,850,842,838,1425,631,2565,0,0,19,8,37,53,58,78,73,180,103,134,58,50,51,96,47,238,24792,1283,2,0,0,0,0,1,0
2021-01-18T23:59:59+01:00,1,2,300,371,731,1215,1064,2369,1376,3599,1674,2875,709,690,677,1169,527,2120,0,0,8,4,12,18,20,26,24,52,25,47,13,11,13,33,11,72,21467,389,1,0,0,0,0,1,0
2021-01-17T23:59:59+01:00,1,2,258,319,664,1119,984,2198,1278,3326,1560,2663,663,660,648,1109,499,2052,0,0,0,0,1,0,3,2,2,1,2,2,1,4,1,0,0,1,20002,20,1,0,0,0,0,0,0
2021-01-16T23:59:59+01:00,1,2,241,289,648,1083,960,2136,1236,3215,1509,2589,647,642,640,1109,499,2051,0,0,0,0,0,0,1,2,1,1,1,2,0,1,1,0,0,1,19496,11,1,0,0,0,0,0,0
2021-01-15T23:59:59+01:00,1,2,225,255,618,1031,933,2058,1202,3097,1457,2492,616,616,633,1088,492,2039,0,0,0,0,0,0,0,0,0,0,0,0,0,0,0,0,0,0,18855,0,0,0,0,0,0,0,0
2021-01-14T23:59:59+01:00,1,2,195,206,557,908,844,1913,1107,2875,1342,2307,572,572,593,1042,485,1993,0,0,0,0,0,0,0,0,0,0,0,0,0,0,0,0,0,0,17514,0,0,0,0,0,0,0,0
2021-01-13T23:59:59+01:00,1,2,166,185,508,836,771,1787,1008,2638,1187,2082,456,453,451,824,369,1552,0,0,0,0,0,0,0,0,0,0,0,0,0,0,0,0,0,0,15276,0,0,0,0,0,0,0,0
2021-01-12T23:59:59+01:00,1,2,142,164,477,767,719,1632,919,2435,1079,1850,366,344,351,591,270,1115,0,0,0,0,0,0,0,0,0,0,0,0,0,0,0,0,0,0,13224,0,0,0,0,0,0,0,0
2021-01-11T23:59:59+01:00,0,1,113,127,401,637,629,1378,756,1977,847,1462,228,203,201,357,153,673,0,0,0,0,0,0,0,0,0,0,0,0,0,0,0,0,0,0,10143,0,0,0,0,0,0,0,0
2021-01-10T23:59:59+01:00,0,1,87,92,310,458,473,1000,547,1449,623,1065,190,179,184,344,147,659,0,0,0,0,0,0,0,0,0,0,0,0,0,0,0,0,0,0,7808,0,0,0,0,0,0,0,0
2021-01-09T23:59:59+01:00,0,1,77,84,263,396,402,867,480,1232,547,908,183,169,179,339,147,657,0,0,0,0,0,0,0,0,0,0,0,0,0,0,0,0,0,0,6931,0,0,0,0,0,0,0,0
2021-01-08T23:59:59+01:00,0,1,64,64,190,288,304,585,366,934,440,689,175,164,163,327,145,657,0,0,0,0,0,0,0,0,0,0,0,0,0,0,0,0,0,0,5556,0,0,0,0,0,0,0,0
2021-01-07T23:59:59+01:00,0,0,45,25,81,122,140,231,165,421,222,344,130,128,144,277,131,602,0,0,0,0,0,0,0,0,0,0,0,0,0,0,0,0,0,0,3208,0,0,0,0,0,0,0,0
2021-01-06T23:59:59+01:00,0,0,33,18,70,93,119,180,137,344,193,279,111,99,115,227,112,517,0,0,0,0,0,0,0,0,0,0,0,0,0,0,0,0,0,0,2647,0,0,0,0,0,0,0,0
2021-01-05T23:59:59+01:00,0,0,30,13,60,89,108,166,121,329,179,256,109,94,114,220,109,499,0,0,0,0,0,0,0,0,0,0,0,0,0,0,0,0,0,0,2496,0,0,0,0,0,0,0,0
2021-01-04T23:59:59+01:00,0,0,27,12,57,86,100,158,116,314,177,244,108,90,107,206,99,461,0,0,0,0,0,0,0,0,0,0,0,0,0,0,0,0,0,0,2362,0,0,0,0,0,0,0,0
2021-01-03T23:59:59+01:00,0,0,27,12,57,86,100,158,116,314,177,244,108,90,106,205,99,461,0,0,0,0,0,0,0,0,0,0,0,0,0,0,0,0,0,0,2360,0,0,0,0,0,0,0,0
2021-01-02T23:59:59+01:00,0,0,27,12,57,86,100,158,116,314,176,244,108,90,106,205,99,461,0,0,0,0,0,0,0,0,0,0,0,0,0,0,0,0,0,0,2359,0,0,0,0,0,0,0,0
2021-01-01T23:59:59+01:00,0,0,27,12,57,86,100,158,116,314,174,243,108,90,106,205,99,461,0,0,0,0,0,0,0,0,0,0,0,0,0,0,0,0,0,0,2356,0,0,0,0,0,0,0,0
2020-12-31T23:59:59+01:00,0,0,27,12,57,86,100,158,116,314,174,243,108,90,106,205,99,461,0,0,0,0,0,0,0,0,0,0,0,0,0,0,0,0,0,0,2356,0,0,0,0,0,0,0,0
2020-12-30T23:59:59+01:00,0,0,26,12,57,85,99,155,116,313,174,243,108,90,106,205,99,461,0,0,0,0,0,0,0,0,0,0,0,0,0,0,0,0,0,0,2349,0,0,0,0,0,0,0,0
2020-12-29T23:59:59+01:00,0,0,20,9,42,60,76,91,86,218,128,191,83,77,77,171,80,373,0,0,0,0,0,0,0,0,0,0,0,0,0,0,0,0,0,0,1782,0,0,0,0,0,0,0,0
2020-12-28T23:59:59+01:00,0,0,9,6,18,30,31,45,40,113,53,103,36,42,39,98,43,211,0,0,0,0,0,0,0,0,0,0,0,0,0,0,0,0,0,0,917,0,0,0,0,0,0,0,0
2020-12-27T23:59:59+01:00,0,0,2,2,4,5,7,11,10,24,6,23,6,7,7,25,5,56,0,0,0,0,0,0,0,0,0,0,0,0,0,0,0,0,0,0,200,0,0,0,0,0,0,0,0
