Datum,<15_m,<15_w,15-24_1_m,15-24_1_w,25-34_1_m,25-34_1_w,35-44_1_m,35-44_1_w,45-54_1_m,45-54_1_w,55-64_1_m,55-64_1_w,65-74_1_m,65-74_1_w,75-84_1_m,75-84_1_w,>84_1_m,>84_1_w,<24_2_m,<24_2_w,25-34_2_m,25-34_2_w,35-44_2_m,35-44_2_w,45-54_2_m,45-54_2_w,55-64_2_m,55-64_2_w,65-74_2_m,65-74_2_w,75-84_2_m,75-84_2_w,>84_2_m,>84_2_w,bp_1,bp_2,mo_1,mo_2,az_1,az_2,ja,unb_1,unb_2
2021-08-01T23:59:59+02:00,6512,5949,51242,48347,59171,54725,68903,69628,90255,92603,102409,101954,71287,77703,50358,61772,14127,24359,37928,35929,50489,45978,61600,62291,82838,84973,94024,94009,67905,73993,48523,59373,13667,23367,770608,680044,68683,65815,181312,166035,30682,19,40
2021-07-31T23:59:59+02:00,6469,5916,51147,48228,59116,54655,68856,69586,90215,92574,102383,101931,71277,77691,50350,61769,14127,24357,36331,34434,49592,45121,61067,61733,82335,84462,93544,93582,67718,73790,48446,59278,13650,23336,770006,670970,68679,65809,181312,165920,30631,19,40
2021-07-30T23:59:59+02:00,6434,5863,51004,48102,59046,54576,68796,69534,90157,92503,102339,101899,71261,77672,50344,61750,14124,24354,34876,33036,48630,44179,60355,61055,81669,83857,92877,93017,67493,73563,48345,59132,13632,23306,769253,661497,68655,65798,181306,165621,30525,19,40
2021-07-29T23:59:59+02:00,6319,5743,50574,47737,58834,54308,68605,69344,89969,92319,102179,101763,71185,77591,50312,61696,14109,24336,34154,32427,48014,43740,59958,60715,81248,83511,92122,92351,67300,73410,48283,59050,13612,23278,766951,657704,68602,65674,181264,163993,30087,19,40
2021-07-28T23:59:59+02:00,6248,5680,50319,47541,58703,54160,68484,69251,89846,92198,102075,101670,71128,77534,50288,61658,14100,24319,33831,32136,47707,43511,59738,60505,81080,83352,91889,92156,67226,73346,48254,59016,13599,23268,765655,656062,68572,65596,181237,163480,29719,19,40
2021-07-27T23:59:59+02:00,6197,5635,50163,47407,58574,54070,68394,69168,89751,92089,101970,101598,71087,77481,50259,61625,14093,24306,32381,30736,46445,42422,58911,59728,80487,82834,90880,91321,66951,73063,48167,58890,13569,23227,764800,647475,68548,65535,181213,161705,29287,19,40
2021-07-26T23:59:59+02:00,6174,5606,50043,47318,58475,53987,68320,69115,89664,92030,101906,101550,71050,77446,50235,61605,14088,24297,31014,29475,45127,41302,57813,58751,79789,82207,89717,90303,66646,72792,48078,58776,13547,23185,764272,638441,68483,65451,181175,159414,28960,19,40
2021-07-25T23:59:59+02:00,6156,5588,49930,47211,58389,53921,68260,69059,89600,91977,101849,101505,71018,77410,50218,61582,14085,24287,30809,29317,44868,41107,57561,58529,79521,82007,88761,89457,66440,72619,48011,58703,13536,23161,763870,637290,68472,65339,181153,156966,28531,19,40
2021-07-24T23:59:59+02:00,6125,5561,49818,47122,58328,53861,68215,69007,89555,91937,101812,101466,71014,77404,50215,61579,14084,24284,29203,27723,43713,40021,56867,57820,78907,81438,88123,88895,66262,72427,47940,58602,13522,23138,763299,627234,68464,65329,181150,156827,28455,19,40
2021-07-23T23:59:59+02:00,6041,5474,49641,46949,58235,53758,68108,68906,89451,91836,101722,101374,70978,77348,50195,61548,14080,24278,27511,26193,42459,38943,55945,56939,78222,80828,87418,88235,65991,72155,47862,58503,13501,23108,761941,616720,68460,65169,181131,156360,28371,19,40
2021-07-22T23:59:59+02:00,5903,5360,49347,46668,58037,53561,67938,68740,89269,91685,101570,101243,70913,77267,50155,61496,14069,24259,26692,25364,41541,38134,55006,56115,77482,80203,85750,86738,65620,71757,47755,58371,13470,23057,760033,608250,68419,64676,181100,154889,27909,19,40
2021-07-21T23:59:59+02:00,5628,5078,48812,46143,57730,53249,67709,68467,88995,91438,101302,100977,70787,77136,50097,61432,14060,24234,26438,25144,41122,37855,54573,55733,77116,79923,84948,86134,65454,71628,47700,58305,13452,23032,756444,606303,68395,64408,181079,153120,27337,19,40
2021-07-20T23:59:59+02:00,5551,5005,48531,45867,57561,53045,67537,68323,88818,91287,101140,100833,70713,77071,50058,61386,14051,24209,25279,23999,39833,36829,53245,54539,76219,79155,83597,84796,65155,71287,47596,58168,13424,22987,754784,595983,68390,64264,181038,151544,26755,19,40
2021-07-19T23:59:59+02:00,5473,4921,48207,45541,57346,52836,67372,68123,88633,91113,100993,100674,70637,76990,50018,61336,14042,24180,24452,23165,38536,35713,51520,53047,74963,78113,82492,83817,64868,71031,47504,58050,13400,22948,753002,586007,68382,64121,181011,149768,26021,19,40
2021-07-18T23:59:59+02:00,5466,4920,48143,45490,57259,52765,67310,68058,88555,91051,100924,100609,70605,76949,49992,61303,14040,24168,24318,23062,38278,35504,51197,52767,74722,77923,81598,83058,64683,70854,47448,57977,13395,22926,752751,584967,68359,63962,180972,147553,25506,19,40
2021-07-17T23:59:59+02:00,5441,4884,48049,45416,57190,52703,67250,68004,88500,90993,100881,100590,70598,76934,49987,61299,14040,24167,22927,21595,36885,34210,49953,51580,74125,77372,80967,82464,64555,70706,47382,57916,13386,22906,752218,574108,68357,63938,180969,147416,25363,19,40
2021-07-16T23:59:59+02:00,5339,4807,47810,45187,57068,52598,67135,67893,88364,90899,100779,100489,70555,76886,49966,61280,14034,24160,21678,20351,35591,32976,48512,50268,73131,76446,80274,81815,64338,70488,47304,57819,13368,22874,750800,562570,68357,63879,180963,147214,25110,19,40
2021-07-15T23:59:59+02:00,5201,4680,47417,44870,56863,52401,66946,67713,88153,90703,100594,100322,70458,76785,49919,61206,14024,24131,21075,19851,34669,32283,47285,49336,71965,75541,78132,79693,63744,69897,47162,57644,13349,22812,748773,553307,68341,62859,180918,145378,24335,19,40
2021-07-14T23:59:59+02:00,4829,4354,46828,44298,56634,52137,66745,67512,87943,90463,100379,100126,70351,76677,49854,61124,14013,24107,20873,19706,34416,32131,46921,49039,71440,75157,77468,79163,63424,69622,47081,57560,13328,22777,745347,551543,68327,62678,180867,143482,23814,19,40
2021-07-13T23:59:59+02:00,4742,4277,46635,44146,56476,51994,66585,67369,87793,90342,100243,100008,70280,76616,49817,61080,14009,24092,20325,19179,33398,31331,45323,47594,69700,73512,75880,77620,63050,69233,46953,57393,13299,22726,744053,540743,68313,61926,180801,141873,23318,19,40
2021-07-12T23:59:59+02:00,4681,4201,46455,43957,56328,51856,66432,67247,87624,90206,100092,99874,70205,76534,49780,61029,14002,24074,19849,18745,32611,30709,43667,46151,67339,71440,73997,76123,62521,68649,46811,57231,13271,22677,742826,529690,68292,61369,180710,139302,22731,18,40
2021-07-11T23:59:59+02:00,4676,4197,46383,43906,56271,51806,66384,67213,87565,90157,100021,99815,70168,76492,49770,61014,14000,24060,19644,18598,32273,30463,43226,45779,66883,71084,73223,75429,62124,68273,46741,57143,13256,22644,742691,527929,68285,61048,180647,136838,22257,18,40
2021-07-10T23:59:59+02:00,4549,4061,46099,43597,56086,51613,66238,67040,87435,90020,99923,99711,70113,76434,49750,60988,13997,24051,19086,18044,31326,29599,41485,44200,65412,69814,72593,74814,61960,68124,46688,57091,13249,22630,740609,517355,68281,61032,180636,136794,22161,18,40
2021-07-09T23:59:59+02:00,4422,3947,45826,43344,55918,51424,66083,66883,87285,89860,99793,99608,70063,76362,49714,60947,13992,24039,18490,17471,30357,28643,39526,42273,63121,67694,71434,73675,61689,67802,46613,56965,13232,22605,738587,503678,68270,60650,180630,136388,22005,18,40
2021-07-08T23:59:59+02:00,4392,3922,45693,43236,55800,51307,65954,66782,87166,89739,99674,99510,70012,76309,49694,60910,13981,24026,17552,16667,28963,27606,37815,40833,60991,65880,68091,70538,60806,66833,46372,56625,13187,22510,737881,488471,68214,58592,180561,133812,21433,18,40
2021-07-07T23:59:59+02:00,4381,3917,45626,43193,55725,51264,65873,66743,87112,89701,99631,99459,69996,76287,49685,60892,13977,24016,16587,15811,27587,26600,36298,39605,59376,64429,64883,67081,59794,65796,46136,56306,13137,22437,737599,473219,68171,56695,180508,131675,21182,18,40
2021-07-06T23:59:59+02:00,4327,3870,45483,43070,55598,51124,65770,66636,87010,89614,99554,99376,69958,76229,49667,60864,13974,24002,15817,15067,26512,25692,34467,37904,55985,61417,62247,64638,59043,65009,45864,55972,13096,22334,736493,455398,68153,55882,180452,129552,21010,18,40
2021-07-05T23:59:59+02:00,4267,3826,45308,42897,55454,51031,65656,66529,86897,89522,99470,99284,69895,76165,49646,60837,13971,23987,15158,14438,25558,24878,33248,36776,52895,58452,59483,62181,58207,64202,45615,55661,13051,22257,735338,439362,68124,55525,180378,127081,20784,18,40
2021-07-04T23:59:59+02:00,4259,3820,45263,42871,55394,51005,65617,66508,86859,89491,99438,99256,69872,76145,49640,60822,13966,23977,14950,14234,25121,24530,32652,36250,52231,57927,58503,61317,57549,63573,45433,55459,13032,22210,735167,435289,68094,55321,180310,124403,20614,18,38
2021-07-03T23:59:59+02:00,4041,3644,44728,42307,55075,50635,65328,66234,86614,89234,99243,99057,69799,76073,49617,60776,13962,23966,14664,13914,24770,24179,31675,35332,50495,56377,57639,60580,57377,63378,45366,55374,13020,22185,731378,426726,68079,55307,180305,124361,20553,18,38
2021-07-02T23:59:59+02:00,3733,3358,44077,41716,54750,50305,65048,65936,86346,88987,99008,98834,69695,75961,49565,60707,13956,23949,14251,13476,24074,23588,30526,34282,47883,54234,55516,58799,56985,62954,45208,55218,13004,22147,727064,414337,68063,54262,180292,123631,20495,17,15
2021-07-01T23:59:59+02:00,3595,3249,43725,41365,54549,50136,64894,65777,86198,88852,98858,98720,69628,75893,49535,60674,13948,23934,13562,12782,22785,22505,28859,32768,45879,52491,53026,56531,55567,61389,44713,54602,12931,22019,724959,400833,68003,51955,180244,119814,20307,17,15
2021-06-30T23:59:59+02:00,3584,3233,43456,41170,54368,50011,64782,65690,86112,88790,98790,98672,69601,75870,49523,60651,13944,23925,12807,12164,21617,21599,27271,31397,44039,50767,49400,52587,54240,60062,44357,54163,12875,21891,723848,385066,67960,50065,180224,116381,20123,17,15
2021-06-29T23:59:59+02:00,3367,3013,42543,40329,53768,49420,64353,65266,85707,88338,98444,98345,69474,75721,49466,60581,13925,23894,12208,11560,20820,20837,25928,30198,41423,48369,47538,51047,53272,58955,43950,53627,12781,21738,717889,373079,67909,48560,180210,113001,19929,17,15
2021-06-28T23:59:59+02:00,3150,2834,41581,39323,53112,48778,63898,64886,85324,87951,98113,98003,69338,75561,49401,60481,13907,23871,11708,11112,20170,20248,24971,29303,39334,46430,45916,49690,52168,57913,43588,53123,12702,21618,711747,363624,67804,47541,180201,109329,19743,17,15
2021-06-27T23:59:59+02:00,3145,2831,41548,39292,53071,48747,63863,64854,85271,87916,98063,97976,69321,75550,49392,60467,13902,23869,11515,10920,19849,19931,24396,28748,38314,45586,44762,48599,51144,56909,43155,52618,12620,21483,711557,359063,67780,47103,180165,105032,19559,17,15
2021-06-26T23:59:59+02:00,2665,2358,40149,37921,52337,47998,63309,64291,84785,87401,97641,97544,69130,75374,49319,60362,13883,23846,11401,10821,19680,19781,24201,28534,37841,45150,44398,48252,51031,56766,43109,52571,12615,21468,702825,356147,67757,47097,180165,105014,19549,17,15
2021-06-25T23:59:59+02:00,2261,2025,39294,37102,51987,47638,62980,63967,84506,87090,97390,97279,69027,75261,49273,60302,13868,23824,11097,10511,19298,19358,23682,27920,35150,42855,42222,46341,50694,56388,43010,52442,12591,21438,697758,344605,67624,46652,180159,104371,19516,17,15
2021-06-24T23:59:59+02:00,2207,1975,38805,36645,51639,47309,62768,63765,84276,86899,97206,97128,68946,75197,49238,60257,13862,23808,10497,9927,18238,18490,22265,26674,33052,41022,39793,44051,49218,54750,42441,51743,12474,21235,694842,331768,67603,44050,180137,100833,19331,17,15
2021-06-23T23:59:59+02:00,2195,1952,38581,36411,51477,47148,62664,63663,84182,86807,97134,97044,68915,75166,49221,60235,13859,23798,10044,9499,17612,17944,21333,25830,31127,39406,35840,39609,47928,53392,42056,51239,12393,21069,693644,316324,67576,43431,180123,97533,19092,17,15
2021-06-22T23:59:59+02:00,2119,1890,37596,35471,50733,46476,62187,63224,83812,86406,96772,96733,68769,75028,49155,60155,13846,23766,9571,9054,16749,17261,20117,24762,28011,36639,33542,37741,46976,52425,41648,50682,12253,20835,687537,304193,67536,40695,180114,94467,18934,17,15
2021-06-21T23:59:59+02:00,1973,1751,36236,34234,49715,45603,61470,62568,83319,85935,96334,96332,68600,74858,49091,60061,13834,23733,9259,8762,16290,16900,19489,24277,26273,35087,32017,36453,45930,51349,41195,50135,12148,20644,679573,296892,67513,40056,180099,90827,18445,17,15
2021-06-20T23:59:59+02:00,1962,1743,36152,34181,49578,45491,61339,62441,83242,85880,96267,96274,68566,74830,49076,60043,13834,23722,9112,8660,16076,16731,19171,24019,25456,34432,31082,35508,45735,51148,41164,50083,12139,20624,678969,293109,67478,39468,180082,90498,18075,17,15
2021-06-19T23:59:59+02:00,1596,1444,34534,32628,48670,44672,60850,61934,82773,85402,95859,95921,68416,74666,49011,59962,13819,23698,9070,8581,15976,16610,19052,23869,25351,34274,30955,35370,45640,51051,41146,50058,12135,20614,670242,291770,67465,39465,180076,90465,18055,17,14
2021-06-18T23:59:59+02:00,1401,1271,32880,31034,47458,43482,59914,61022,81972,84657,95242,95344,68198,74446,48922,59823,13803,23668,8995,8493,15819,16460,18868,23681,25103,34037,30670,35052,45349,50707,41060,49982,12122,20600,659099,289606,67340,39349,180075,90040,18006,17,14
2021-06-17T23:59:59+02:00,1325,1212,31947,30189,46587,42778,59111,60179,81234,84010,94835,94965,68060,74302,48880,59747,13788,23639,8458,8125,15134,15903,18045,22860,24001,32915,29192,33701,44027,49208,40575,49372,12003,20412,652172,280692,67229,38527,180042,87387,17328,17,14
2021-06-16T23:59:59+02:00,1242,1148,31252,29488,45791,42031,58194,59309,80459,83244,94417,94589,67923,74142,48823,59656,13769,23613,7967,7805,14522,15396,17283,22141,22871,31967,28022,32602,42145,47104,40033,48797,11895,20227,645121,271042,67114,37929,180026,84997,16812,17,14
2021-06-15T23:59:59+02:00,1100,1030,29367,27689,44040,40494,56612,57671,79073,81931,93665,93922,67636,73851,48713,59498,13736,23548,7790,7675,14223,15158,16923,21843,22356,31592,27499,32180,41211,46092,39653,48378,11772,20007,630167,268008,67071,37426,179991,82589,16330,17,14
2021-06-14T23:59:59+02:00,1008,917,27820,26211,42433,38978,54956,56024,77978,80826,92970,93297,67384,73611,48617,59375,13716,23504,7605,7501,13847,14828,16402,21407,21672,31013,26828,31588,40831,45672,39271,47930,11641,19802,616931,265364,67017,37017,179963,79759,15697,17,14
2021-06-13T23:59:59+02:00,984,892,27618,26029,42051,38649,54418,55506,77632,80523,92777,93107,67294,73531,48580,59319,13701,23479,7463,7331,13582,14536,16020,21016,21246,30525,26299,31090,40434,45270,38813,47366,11462,19517,614236,263295,66884,36950,179933,76704,15020,17,14
2021-06-12T23:59:59+02:00,856,777,26083,24424,40880,37564,53745,54772,77100,80029,92226,92583,67139,73353,48511,59242,13688,23458,7417,7280,13462,14427,15887,20907,21062,30378,26183,30994,40417,45254,38805,47356,11462,19516,604647,262521,66881,36948,179926,76378,14959,17,14
2021-06-11T23:59:59+02:00,742,668,24457,22889,39521,36372,52520,53566,76131,79178,91648,92008,66904,73119,48450,59134,13669,23423,7359,7191,13292,14247,15677,20716,20793,30123,25917,30740,40109,44878,38721,47242,11445,19488,592858,260647,66804,36803,179918,75685,14802,17,14
2021-06-10T23:59:59+02:00,642,581,23463,21875,38300,35190,50925,52068,74813,77988,90040,90467,66550,72725,48324,58962,13643,23369,7079,6968,12774,13813,15048,20151,20035,29373,25127,30070,39414,44018,38371,46828,11333,19305,579965,257223,66332,36769,179868,71971,13743,17,14
2021-06-09T23:59:59+02:00,572,532,23014,21484,37643,34669,49814,51031,73575,76794,89449,89963,66425,72582,48274,58877,13628,23339,6806,6657,12175,13211,14269,19346,19124,28355,24149,28916,36855,41121,37807,46185,11185,19065,572816,246961,65876,36695,179826,68440,13130,17,13
2021-06-08T23:59:59+02:00,466,421,21499,20009,36032,33304,47708,49075,71440,74862,87982,88488,66112,72196,48141,58718,13596,23295,6676,6479,11801,12846,13793,18863,18523,27756,23596,28386,36573,40868,37518,45819,11077,18909,555458,245326,65602,36620,179796,65066,12471,17,13
2021-06-07T23:59:59+02:00,351,328,20493,19023,34485,31965,45433,47051,69306,72985,87006,87637,65890,71932,48067,58582,13576,23260,6524,6316,11382,12499,13257,18387,17796,27170,22966,27791,36253,40563,37100,45339,10964,18713,540256,243351,65432,36556,179740,61188,11925,17,13
2021-06-06T23:59:59+02:00,328,307,20311,18878,34092,31683,44828,46487,68692,72505,86797,87469,65834,71873,48056,58555,13569,23248,6391,6147,11061,12088,12829,17817,17159,26363,22270,26988,35786,40092,36620,44787,10808,18445,537158,240920,65110,36509,179697,56692,11530,17,13
2021-06-05T23:59:59+02:00,256,242,19060,17595,32751,30466,43599,45311,68117,71984,86267,86959,65743,71771,48008,58507,13562,23236,6340,6068,10958,11936,12706,17647,16993,26160,22102,26806,35725,40013,36598,44762,10806,18440,527136,240334,65110,36095,179661,56121,11510,17,13
2021-06-04T23:59:59+02:00,175,174,17861,16440,31433,29171,42043,43816,66774,70667,85455,86208,65556,71557,47932,58417,13546,23208,6238,5926,10785,11730,12492,17397,16640,25776,21584,26369,34842,39167,36284,44463,10789,18417,514279,238517,65043,35770,179655,53172,11439,17,13
2021-06-03T23:59:59+02:00,120,121,17222,15865,30449,28346,40587,42531,65005,69138,83204,83926,65132,71105,47804,58255,13528,23170,6067,5720,10481,11379,12177,16940,16195,25120,21041,25791,34177,38379,36110,44261,10756,18367,500509,236209,64350,35387,179613,50345,11019,17,13
2021-06-02T23:59:59+02:00,92,78,16882,15557,30142,28087,39920,41910,63418,67751,82265,83126,64991,70942,47744,58172,13525,23155,5954,5629,10311,11228,11955,16730,15902,24818,20702,25401,30946,34767,35885,44038,10727,18313,493022,227567,64349,35061,179611,49918,10758,17,13
2021-06-01T23:59:59+02:00,38,43,16093,14887,28653,27002,37574,39857,59866,64577,79844,80813,64641,70577,47616,57987,13492,23100,5677,5342,9796,10796,11421,16139,15237,24030,19965,24649,30601,34471,35686,43859,10699,18251,474756,226081,62796,34564,179543,46425,9548,17,12
2021-05-31T23:59:59+02:00,30,35,15523,14410,27719,26307,35610,38193,56431,61552,77814,79109,64307,70221,47473,57812,13459,23047,5515,5127,9389,10434,10994,15663,14704,23350,19340,23943,30315,34221,35504,43665,10663,18194,458989,225416,62085,34179,179476,42939,8485,17,12
2021-05-30T23:59:59+02:00,29,32,15377,14284,27440,26081,35158,37787,55720,60934,77492,78835,64247,70163,47448,57777,13455,23037,5412,4936,9062,10067,10585,15179,14257,22552,18816,23174,29639,33508,35278,43471,10641,18133,456020,224970,61652,34099,179429,37461,8178,17,12
2021-05-29T23:59:59+02:00,27,31,14980,13886,26587,25261,33398,36193,54241,59641,76903,78268,64096,70015,47395,57724,13448,23023,5378,4860,9000,9956,10497,15066,14151,22407,18686,23038,29609,33485,35272,43463,10640,18130,445882,224502,61621,34099,179424,36862,8173,17,12
2021-05-28T23:59:59+02:00,23,30,14569,13480,25770,24513,31548,34428,52070,57637,75848,77273,63891,69766,47343,57647,13438,23000,5293,4743,8828,9810,10346,14898,13993,22174,18479,22736,29540,33439,35255,43447,10639,18126,433906,223850,61151,34093,179336,35937,7864,17,12
2021-05-27T23:59:59+02:00,19,26,13944,13010,24707,23791,30304,33502,50466,56264,72755,74294,63453,69229,47208,57485,13414,22946,5179,4503,8500,9475,9949,14473,13556,21544,17981,22141,29321,33235,35146,43335,10617,18098,421769,223226,59199,34022,178712,32683,7120,17,12
2021-05-26T23:59:59+02:00,18,24,13455,12580,23796,23141,29389,32808,49378,55339,69799,71107,62841,68620,47073,57315,13384,22900,5093,4338,8245,9161,9653,14086,13201,20946,17546,21544,29130,33068,35048,43231,10591,18048,410957,222625,57024,33904,178216,29645,6753,17,12
2021-05-25T23:59:59+02:00,18,21,13112,12280,23219,22737,28341,31954,46783,53109,67536,68982,62490,68253,46960,57166,13367,22849,5013,4217,8039,8905,9399,13716,12889,20426,17168,20999,28973,32917,34965,43129,10565,17993,399126,222098,55959,33823,177597,26912,6478,17,12
2021-05-24T23:59:59+02:00,17,20,12814,11999,22718,22355,27725,31505,44163,50678,65085,66796,62183,67955,46850,57041,13334,22794,4940,4112,7790,8675,9085,13339,12563,19916,16783,20444,28831,32779,34891,43058,10543,17947,387482,221538,55477,33760,176934,24274,6122,17,12
2021-05-23T23:59:59+02:00,17,20,12755,11929,22623,22272,27645,31429,43907,50450,64500,66247,62104,67867,46825,57023,13332,22792,4920,4097,7753,8645,9027,13308,12485,19856,16709,20390,28822,32767,34888,43052,10543,17946,385284,221268,55398,33754,176922,24068,6116,17,12
2021-05-22T23:59:59+02:00,17,20,12531,11690,22302,21969,26642,30541,42074,48868,63646,65509,61943,67676,46759,56932,13322,22769,4904,4042,7726,8583,8987,13245,12455,19774,16681,20326,28812,32757,34884,43046,10542,17945,376799,221184,55387,33754,176917,23679,6090,17,12
2021-05-21T23:59:59+02:00,17,19,12226,11437,21732,21531,25834,29857,39688,46980,61676,63845,61682,67405,46675,56844,13307,22744,4885,4014,7672,8496,8920,13158,12377,19680,16608,20242,28796,32732,34877,43036,10540,17944,366409,220989,54329,33740,176727,23229,6017,17,12
2021-05-20T23:59:59+02:00,16,19,11605,10859,20616,20645,24696,28839,38184,45703,59338,61781,60866,66506,46476,56588,13273,22689,4604,3834,7272,8204,8481,12762,11924,19170,16192,19723,28675,32637,34826,42985,10536,17934,355954,220594,51978,33632,175455,20236,5295,17,12
2021-05-19T23:59:59+02:00,16,19,11166,10546,19829,20100,23851,28245,37285,45020,56114,58154,60176,65803,46367,56454,13251,22642,4451,3668,7017,7960,8204,12432,11597,18743,15823,19300,28578,32524,34784,42911,10526,17919,345528,220117,50366,33519,174322,17994,4805,17,12
2021-05-18T23:59:59+02:00,16,19,10834,10260,19255,19649,23211,27689,35888,43797,54712,57032,59809,65382,46238,56292,13226,22617,4344,3543,6772,7728,7947,12150,11365,18348,15478,18872,28494,32435,34754,42872,10522,17912,340179,219836,48528,33442,172851,15905,4351,17,12
2021-05-17T23:59:59+02:00,15,18,10614,10078,18823,19364,22783,27383,34690,42802,53408,56002,59563,65136,46175,56193,13210,22584,4272,3456,6564,7510,7696,11860,11109,17954,15170,18469,28404,32349,34730,42831,10516,17899,336122,219555,47542,33376,171341,14037,3819,17,12
2021-05-16T23:59:59+02:00,15,17,10424,9946,18529,19163,22448,27143,34055,42344,52173,54833,59370,64972,46139,56139,13199,22564,4204,3380,6346,7345,7404,11608,10843,17602,14877,18106,28340,32287,34714,42813,10509,17895,333695,219314,46666,33315,169722,12270,3373,17,11
2021-05-15T23:59:59+02:00,15,17,10326,9845,18378,19017,22280,27003,33670,41975,51779,54458,59254,64824,46091,56094,13196,22548,4163,3345,6262,7280,7310,11505,10741,17483,14769,17977,28246,32169,34623,42720,10505,17890,331304,218225,46665,33314,169587,12251,3197,17,11
2021-05-14T23:59:59+02:00,14,17,10043,9637,17946,18777,21881,26720,31314,40204,49635,52606,59037,64598,46043,56011,13180,22526,4034,3262,5977,7118,7002,11281,10395,17136,14425,17651,27673,31464,34503,42528,10487,17861,322169,214939,46612,33310,168974,12130,2417,17,11
2021-05-13T23:59:59+02:00,14,17,9581,9260,17153,18214,21009,26042,30195,39222,47395,50434,58191,63627,45834,55728,13141,22454,3530,3064,5640,6864,6690,10974,9988,16748,14050,17219,26778,30270,34081,42015,10456,17799,313682,210361,44749,32758,166956,10937,2109,15,11
2021-05-12T23:59:59+02:00,14,17,9288,9069,16721,17958,20541,25758,29667,38836,44397,46795,57617,62988,45750,55616,13123,22429,3389,2976,5411,6753,6412,10829,9706,16540,13812,16956,26134,29453,33916,41820,10430,17765,304529,207343,43925,32735,166664,10769,1453,13,11
2021-05-11T23:59:59+02:00,14,15,8846,8785,15949,17443,19681,25143,27927,37391,42466,45294,57239,62541,45665,55481,13103,22401,3270,2845,5181,6411,6111,10415,9345,15980,13374,16400,24710,27788,33408,41198,10379,17680,299041,201387,40867,32552,164178,9270,1285,13,10
2021-05-10T23:59:59+02:00,14,14,8584,8632,15437,17193,19052,24828,26937,36709,41009,44149,56980,62269,45586,55378,13082,22372,3161,2717,4950,6180,5855,10091,9018,15504,13012,15982,23664,26461,32923,40612,10344,17622,295776,196747,39960,32526,161504,7850,973,12,8
2021-05-09T23:59:59+02:00,14,14,8427,8548,15130,17010,18677,24579,26269,36284,39228,42493,56684,61991,45533,55320,13074,22354,3041,2663,4770,6043,5686,9918,8822,15299,12844,15808,23390,26129,32779,40437,10334,17607,292829,195555,39588,32485,158501,6831,699,12,8
2021-05-08T23:59:59+02:00,14,14,8353,8473,14953,16865,18468,24382,26043,36046,38997,42304,56557,61842,45497,55283,13071,22344,3034,2645,4737,6007,5643,9872,8745,15235,12758,15738,23022,25703,32497,40126,10326,17591,291280,194369,39135,31782,158380,6829,699,12,8
2021-05-07T23:59:59+02:00,13,13,8179,8376,14630,16685,18087,24151,25622,35761,38549,41926,56284,61490,45448,55237,13066,22334,2730,2511,4387,5823,5375,9611,8433,14925,12367,15342,21930,24333,31853,39298,10298,17541,288772,190933,38708,30289,158054,5230,305,12,8
2021-05-06T23:59:59+02:00,12,13,7526,8014,13736,16087,17036,23306,24285,34652,36402,40265,55157,60172,45205,54932,13031,22268,2603,2398,4214,5627,5166,9301,8090,14483,11935,14890,20629,22654,31003,38296,10247,17430,278150,185335,37431,29332,156238,4031,268,12,8
2021-05-05T23:59:59+02:00,10,13,6987,7708,12952,15536,16012,22542,22907,33629,34582,38781,53320,58139,44889,54587,12998,22202,2513,2338,4040,5470,4978,9089,7745,14144,11570,14534,19244,20874,29816,36884,10207,17328,266722,179226,36516,28166,154455,3293,89,12,8
2021-05-04T23:59:59+02:00,10,12,6798,7613,12595,15366,15529,22272,22268,33285,33623,38087,52466,57179,44768,54461,12980,22161,2457,2267,3887,5300,4804,8833,7407,13737,11143,14075,17596,18953,28725,35557,10113,17208,262976,172430,35652,27237,152799,2360,35,11,8
2021-05-03T23:59:59+02:00,10,12,6651,7466,12221,15150,15024,21963,21560,32881,32475,37198,52168,56863,44672,54354,12965,22129,2398,2196,3794,5120,4665,8598,7192,13389,10822,13667,16397,17461,27849,34459,10049,17101,259695,166881,35193,26886,150838,1365,25,11,8
2021-05-02T23:59:59+02:00,10,12,6571,7376,12013,14978,14731,21730,21085,32561,31325,36253,51885,56573,44610,54264,12949,22098,2385,2189,3773,5088,4636,8562,7127,13318,10740,13578,16086,17068,27553,34154,10037,17089,257275,165325,35123,26776,148591,1260,24,11,6
2021-05-01T23:59:59+02:00,10,12,6553,7351,11951,14933,14654,21671,20986,32489,31198,36161,51879,56557,44606,54263,12947,22096,2382,2180,3750,5071,4594,8537,7090,13281,10680,13523,15888,16845,27437,34017,10034,17079,256719,164359,35123,26749,148440,1258,24,11,6
2021-04-30T23:59:59+02:00,10,12,6516,7313,11861,14844,14549,21556,20791,32303,30960,35971,51607,56198,44561,54209,12942,22084,2354,2160,3688,5009,4500,8429,6939,13098,10405,13260,15080,15820,26570,32946,9993,16991,254950,161168,35081,24866,148222,1187,23,11,6
2021-04-29T23:59:59+02:00,10,12,6312,7190,11542,14657,14197,21320,20273,32017,30206,35481,50961,55373,44470,54094,12918,22009,2317,2114,3596,4920,4375,8294,6746,12881,10131,12975,14109,14589,25267,31404,9932,16899,251794,155480,34988,24120,146227,929,22,11,6
2021-04-28T23:59:59+02:00,10,12,6045,7025,11166,14325,13709,20857,19639,31414,29041,34354,48300,52383,44180,53770,12855,21931,2278,2074,3527,4860,4260,8179,6586,12697,9885,12757,12971,13112,23781,29531,9871,16796,241895,149531,34863,22917,144237,709,10,11,6
2021-04-27T23:59:59+02:00,10,12,5943,6933,11017,14205,13509,20696,19361,31204,28482,33970,48095,52163,44124,53720,12847,21909,2236,2040,3436,4766,4167,8070,6421,12513,9607,12481,11763,11551,22130,27379,9795,16651,240537,142733,34816,21733,142826,532,10,11,6
2021-04-26T23:59:59+02:00,10,12,5895,6889,10902,14140,13350,20576,19134,30995,27653,33401,47758,51798,44072,53655,12838,21880,2215,2011,3384,4723,4104,8000,6319,12381,9419,12306,10849,10394,20853,25633,9737,16565,239827,137470,34792,20995,140318,422,10,11,4
2021-04-25T23:59:59+02:00,10,12,5849,6842,10799,14045,13190,20424,18890,30712,26895,32665,47261,51286,43989,53556,12824,21861,2188,2000,3354,4704,4086,7981,6286,12341,9362,12246,10688,10202,20612,25310,9727,16551,238135,136616,34751,20653,138203,363,10,11,4
2021-04-24T23:59:59+02:00,10,12,5828,6794,10724,13961,13094,20283,18759,30538,26733,32487,47161,51163,43896,53462,12820,21856,2181,1990,3330,4677,4047,7935,6214,12268,9232,12129,10531,10021,20480,25179,9711,16533,236677,136094,34735,20013,138148,345,10,11,4
2021-04-23T23:59:59+02:00,10,12,5764,6702,10594,13762,12896,20031,18454,30164,26342,32127,46217,50031,43742,53217,12798,21824,2163,1969,3288,4642,3999,7880,6120,12179,9067,12001,10264,9723,20156,24761,9662,16453,232299,134973,34679,19014,137688,334,10,11,4
2021-04-22T23:59:59+02:00,10,12,5661,6587,10386,13567,12546,19700,17946,29692,25714,31535,44487,47879,43169,52487,12752,21723,2150,1958,3248,4590,3924,7806,5992,12079,8809,11836,9835,9316,19705,24172,9612,16375,226062,132861,34569,18237,135201,302,10,11,4
2021-04-21T23:59:59+02:00,10,11,5565,6449,10157,13365,12218,19387,17444,29198,24999,30806,40222,43019,42694,51952,12686,21619,2138,1949,3213,4554,3869,7748,5914,11986,8634,11676,9506,8933,19206,23582,9553,16280,213977,131222,34503,17233,133300,279,10,11,4
2021-04-20T23:59:59+02:00,10,11,5486,6359,9964,13150,11944,19124,17024,28790,24447,30245,38467,41010,42042,51177,12616,21481,2113,1936,3174,4528,3803,7703,5783,11890,8463,11548,9224,8613,18737,22918,9456,16139,207771,129864,34413,15932,131143,225,10,10,4
2021-04-19T23:59:59+02:00,10,10,5406,6281,9806,13023,11743,18920,16662,28409,23905,29777,36913,39220,41454,50451,12560,21392,2097,1918,3139,4494,3763,7659,5744,11820,8380,11457,8988,8330,18334,22352,9410,16049,202754,128179,34358,15543,128812,205,10,8,4
2021-04-18T23:59:59+02:00,10,9,5344,6230,9676,12940,11545,18783,16384,28211,23502,29466,35608,37858,41106,50045,12528,21330,2085,1902,3110,4473,3737,7643,5699,11774,8329,11408,8888,8239,18181,22164,9397,16026,201222,127693,34319,15155,125016,200,10,8,4
2021-04-17T23:59:59+02:00,10,9,5338,6214,9641,12909,11500,18743,16308,28145,23438,29408,35299,37520,40999,49948,12522,21319,2075,1894,3083,4461,3679,7598,5628,11724,8243,11357,8778,8130,18078,22048,9376,16013,199997,126895,34310,15065,124945,198,10,8,4
2021-04-16T23:59:59+02:00,10,9,5275,6175,9552,12850,11368,18633,16099,27987,23095,29062,34221,36263,40592,49428,12502,21286,1942,1806,2858,4284,3325,7284,4867,11197,6768,10276,6305,6114,16291,20383,9187,15716,195867,117704,34226,10696,124296,196,10,8,4
2021-04-15T23:59:59+02:00,10,9,5208,6085,9352,12680,11072,18385,15603,27594,22405,28464,32324,33945,39551,48219,12426,21122,1897,1774,2793,4220,3210,7165,4650,11017,6395,9966,5846,5719,15702,19699,9001,15388,190054,114598,34175,9648,120207,189,10,8,4
2021-04-14T23:59:59+02:00,10,8,5147,6039,9183,12551,10853,18208,15202,27281,21760,27985,30402,31695,38335,46804,12352,20937,1816,1719,2711,4154,3101,7073,4448,10851,6091,9715,5366,5307,15118,19011,8799,15040,183690,111989,34038,8191,117006,133,10,8,4
2021-04-13T23:59:59+02:00,10,8,5099,5985,9046,12421,10674,18039,14862,27007,21238,27520,28305,29248,37078,45212,12212,20733,1771,1703,2674,4111,3046,7012,4318,10710,5821,9505,5026,5002,14671,18562,8667,14841,176817,110574,33974,6823,113888,36,10,8,4
2021-04-12T23:59:59+02:00,9,8,5038,5937,8937,12284,10472,17891,14543,26727,20698,27064,26267,26981,35922,43748,12085,20536,1737,1660,2644,4092,3020,6959,4258,10643,5717,9405,4866,4858,14373,18193,8556,14642,171110,109736,33900,5845,110119,34,10,8,4
2021-04-11T23:59:59+02:00,9,8,4999,5894,8846,12205,10314,17790,14282,26550,20275,26740,25070,25696,35217,42964,11997,20389,1728,1654,2623,4072,2998,6934,4225,10597,5631,9338,4775,4804,14258,18071,8518,14590,169332,109539,33830,5240,106065,29,10,8,4
2021-04-10T23:59:59+02:00,9,8,4988,5880,8805,12179,10259,17756,14214,26501,20179,26660,24756,25322,34874,42545,11990,20368,1723,1649,2614,4063,2984,6918,4196,10568,5574,9299,4697,4725,14132,17909,8472,14506,168122,108752,33110,5240,106043,29,10,8,4
2021-04-09T23:59:59+02:00,9,8,4942,5850,8720,12101,10137,17633,14046,26326,19919,26419,23925,24171,33923,41341,11957,20295,1695,1619,2560,4028,2912,6856,4045,10455,5323,9074,4278,4351,13572,17197,8246,14142,164775,105086,31601,5233,105331,29,7,8,4
2021-04-08T23:59:59+02:00,9,8,4865,5785,8573,11991,9923,17457,13650,26013,19316,25951,22225,22193,32241,39379,11811,20061,1665,1603,2506,3981,2831,6770,3897,10317,5030,8811,3826,3926,12590,15955,7776,13385,159035,100127,30696,4713,101705,24,7,8,4
2021-04-07T23:59:59+02:00,9,7,4818,5733,8393,11915,9695,17308,13330,25786,18848,25591,20415,20081,30487,37122,11696,19850,1632,1587,2452,3929,2770,6690,3788,10171,4842,8622,3565,3638,11907,15150,7407,12840,153002,96826,29522,4146,98545,13,7,8,4
2021-04-06T23:59:59+02:00,9,7,4771,5688,8249,11803,9534,17143,13013,25521,18331,25206,18563,18020,28572,34635,11501,19508,1598,1568,2429,3903,2737,6653,3723,10127,4762,8533,3458,3515,11431,14506,7127,12434,146181,94530,28566,3957,95312,12,7,8,4
2021-04-05T23:59:59+02:00,9,7,4740,5646,8153,11714,9396,17043,12801,25310,17931,24859,16838,16086,26947,32492,11357,19286,1578,1557,2399,3884,2708,6605,3681,10068,4677,8418,3348,3408,11094,14138,6971,12155,140775,93144,28131,3528,91696,12,7,6,4
2021-04-04T23:59:59+02:00,9,7,4732,5640,8145,11703,9383,17030,12776,25290,17903,24834,16706,15912,26751,32245,11348,19273,1577,1556,2397,3881,2706,6602,3679,10065,4673,8415,3338,3395,11083,14126,6969,12147,140055,93065,28039,3528,91583,12,6,4,4
2021-04-03T23:59:59+02:00,9,7,4728,5632,8131,11695,9363,17010,12737,25259,17825,24772,16626,15823,26706,32188,11343,19266,1574,1554,2388,3873,2688,6588,3655,10037,4591,8360,3220,3280,11001,14052,6963,12137,139528,92417,28011,3528,91571,12,6,4,4
2021-04-02T23:59:59+02:00,9,7,4702,5612,8074,11641,9300,16942,12598,25153,17591,24572,16175,15346,26231,31616,11311,19213,1572,1545,2375,3867,2681,6572,3634,10005,4522,8267,3151,3212,10764,13753,6811,11936,138327,91127,26603,3524,91153,12,6,4,4
2021-04-01T23:59:59+02:00,8,7,4659,5551,7962,11500,9169,16782,12325,24868,17146,24173,15427,14621,25477,30658,11186,19032,1555,1523,2344,3835,2659,6542,3594,9966,4454,8202,3040,3084,9836,12640,6203,11090,136098,87135,25939,3420,88506,10,4,4,4
2021-03-31T23:59:59+02:00,8,7,4450,5471,7852,11378,9029,16617,12107,24592,16795,23808,14731,13859,24645,29651,11081,18840,1546,1518,2330,3815,2633,6514,3546,9917,4384,8132,2950,2994,9266,11945,5840,10595,134305,84718,24485,3195,86123,10,4,4,4
2021-03-30T23:59:59+02:00,8,7,4419,5418,7780,11251,8943,16459,11945,24402,16518,23499,14140,13217,23889,28674,10944,18599,1532,1508,2310,3790,2607,6485,3506,9852,4315,8061,2826,2849,8684,11292,5490,10109,132833,82410,23275,2798,83996,6,4,4,4
2021-03-29T23:59:59+02:00,8,7,4378,5360,7680,11139,8836,16297,11787,24130,16192,23153,13599,12620,23130,27703,10791,18354,1514,1495,2291,3774,2586,6456,3471,9796,4252,7986,2773,2781,8397,10907,5300,9801,130999,81032,22525,2540,81632,6,4,4,4
2021-03-28T23:59:59+02:00,8,7,4344,5275,7595,11032,8759,16145,11652,23900,15934,22880,13275,12311,22565,27013,10617,18075,1505,1490,2269,3760,2572,6427,3431,9746,4214,7930,2725,2730,8319,10803,5257,9736,130501,80693,22007,2213,78871,6,4,4,4
2021-03-27T23:59:59+01:00,8,7,4330,5264,7569,11002,8694,16074,11552,23804,15792,22764,13069,12098,22365,26803,10582,18046,1504,1488,2266,3758,2571,6426,3418,9723,4203,7908,2715,2723,8263,10738,5223,9696,129622,80402,21364,2213,78829,6,4,4,4
2021-03-26T23:59:59+01:00,8,7,4287,5195,7460,10871,8519,15891,11220,23505,15183,22260,12156,11283,21584,25969,10441,17823,1499,1474,2261,3737,2558,6403,3401,9697,4162,7871,2685,2684,8086,10521,5106,9529,125608,79565,19767,2099,78279,6,4,4,4
2021-03-25T23:59:59+01:00,8,6,4228,5036,7299,10593,8276,15488,10838,22884,14545,21563,11487,10624,20719,24903,10129,17288,1479,1460,2229,3711,2524,6364,3364,9649,4092,7790,2551,2546,7112,9274,4501,8624,122350,75397,18994,1864,74563,6,3,4,4
2021-03-24T23:59:59+01:00,8,6,4153,4896,7161,10308,8062,15075,10576,22340,14078,20957,10885,10065,19789,23818,9806,16727,1458,1430,2203,3674,2479,6328,3322,9586,4014,7691,2452,2447,6470,8514,4120,8045,119767,72779,17809,1448,71129,5,1,4,4
2021-03-23T23:59:59+01:00,8,6,4113,4802,7054,10074,7909,14737,10321,21837,13678,20466,10421,9623,19070,22968,9496,16266,1446,1412,2177,3653,2458,6302,3261,9532,3923,7617,2360,2345,5744,7589,3675,7358,118313,69724,16707,1123,67825,5,0,4,4
2021-03-22T23:59:59+01:00,8,6,4061,4722,6927,9833,7750,14417,10065,21373,13330,19969,10030,9267,18507,22259,9309,15926,1437,1405,2168,3639,2446,6286,3238,9509,3894,7584,2299,2294,5292,6985,3328,6869,117432,67631,16310,1036,64013,5,0,4,4
2021-03-21T23:59:59+01:00,8,6,4014,4617,6795,9568,7582,14062,9842,20835,12989,19445,9710,8989,17978,21656,9119,15619,1434,1402,2167,3628,2443,6279,3232,9500,3884,7570,2285,2275,5175,6853,3270,6768,117237,67123,15916,1036,59677,5,0,4,4
2021-03-20T23:59:59+01:00,8,6,4003,4595,6760,9514,7524,13991,9758,20730,12885,19356,9623,8895,17843,21483,9069,15532,1431,1398,2163,3625,2438,6274,3219,9490,3865,7560,2250,2243,4852,6480,3086,6527,116417,65859,15821,1036,59333,5,0,4,4
2021-03-19T23:59:59+01:00,8,6,3829,4454,6470,9262,7083,13569,8846,20000,11160,18029,6781,6557,15617,19289,8717,14971,1427,1394,2158,3619,2426,6261,3207,9466,3815,7514,2183,2202,4483,6008,2824,6212,107164,64189,11125,1004,56355,5,0,4,4
2021-03-18T23:59:59+01:00,8,5,3724,4321,6294,8953,6818,13130,8456,19344,10521,17292,6073,5904,14405,17822,8210,14158,1423,1388,2133,3592,2408,6225,3177,9423,3774,7479,2138,2168,4065,5480,2543,5803,102072,62318,10122,896,53240,4,0,4,4
2021-03-17T23:59:59+01:00,8,5,3647,4247,6162,8809,6652,12952,8162,19034,10122,16900,5668,5521,13589,16892,7817,13583,1413,1376,2117,3573,2378,6193,3146,9395,3737,7443,2082,2109,3659,5034,2294,5420,98847,60602,8442,762,52477,4,0,4,4
2021-03-16T23:59:59+01:00,7,5,3569,4112,6011,8538,6445,12585,7848,18450,9577,16244,5148,5068,12777,15931,7487,13093,1404,1367,2108,3557,2363,6179,3131,9375,3711,7417,2054,2073,3141,4395,1960,4915,96538,58388,7042,758,49311,3,0,4,4
2021-03-15T23:59:59+01:00,7,5,3522,3964,5826,8261,6227,12176,7574,17878,9141,15620,4834,4787,12124,15188,7224,12636,1404,1357,2092,3542,2343,6154,3113,9327,3687,7378,2018,2023,2780,3936,1676,4523,95048,56605,6072,744,45870,3,0,4,4
2021-03-14T23:59:59+01:00,7,5,3476,3832,5599,7932,5942,11732,7269,17159,8680,14869,4521,4515,11834,14932,7179,12537,1397,1351,2076,3513,2328,6104,3095,9269,3670,7339,2011,2012,2702,3829,1624,4439,94930,56206,5467,550,41619,2,0,4,4
2021-03-13T23:59:59+01:00,7,5,3460,3792,5560,7822,5883,11616,7188,17020,8537,14719,4369,4366,11742,14845,7173,12526,1397,1351,2076,3513,2327,6104,3094,9268,3669,7339,2008,2004,2650,3774,1590,4385,94241,55996,5467,550,40918,2,0,4,4
2021-03-12T23:59:59+01:00,7,5,3442,3720,5504,7686,5821,11469,7105,16796,8403,14486,4262,4270,11472,14522,7019,12311,1397,1351,2072,3507,2326,6096,3090,9262,3668,7333,2006,2002,2564,3664,1510,4299,92825,55594,5459,550,40012,2,0,4,4
2021-03-11T23:59:59+01:00,7,5,3364,3525,5296,7388,5590,11051,6767,16131,7973,13849,3927,3936,10401,13268,6372,11410,1392,1348,2062,3494,2307,6071,3067,9228,3645,7301,1977,1977,2326,3402,1360,4081,88660,54518,5043,517,36553,2,0,4,4
2021-03-10T23:59:59+01:00,7,5,3268,3407,5083,7118,5377,10695,6497,15585,7638,13306,3707,3709,9760,12476,5988,10877,1388,1337,2035,3456,2277,5981,3019,9107,3587,7183,1934,1901,2110,3165,1231,3893,86200,53319,4675,282,33624,2,0,4,4
2021-03-09T23:59:59+01:00,6,5,3194,3277,4928,6929,5183,10416,6268,15153,7340,12803,3524,3504,9132,11775,5616,10360,1381,1327,1999,3396,2246,5879,2958,8963,3520,7102,1905,1875,1836,2849,1063,3648,83938,51909,4421,35,31050,2,0,4,4
2021-03-08T23:59:59+01:00,6,5,3128,3118,4702,6664,4946,10063,6009,14642,6978,12215,3325,3312,8745,11332,5419,10048,1378,1309,1985,3318,2215,5786,2919,8818,3487,7009,1890,1853,1636,2618,945,3458,82471,50590,4060,33,28122,0,0,4,4
2021-03-07T23:59:59+01:00,6,5,3096,3059,4628,6552,4863,9950,5904,14479,6863,12070,3275,3270,8661,11227,5381,9981,1372,1304,1978,3306,2207,5759,2912,8779,3475,6990,1882,1841,1580,2551,893,3391,82121,50186,3896,33,27249,0,0,4,4
2021-03-06T23:59:59+01:00,6,5,3082,3001,4584,6462,4829,9887,5846,14365,6815,11961,3251,3247,8605,11161,5347,9938,1370,1291,1973,3292,2195,5732,2909,8751,3464,6971,1874,1817,1553,2527,888,3382,81805,49955,3896,33,26687,0,0,4,4
2021-03-05T23:59:59+01:00,6,5,3058,2908,4526,6353,4767,9788,5783,14214,6715,11808,3207,3192,8421,10931,5228,9766,1361,1258,1943,3237,2171,5625,2867,8617,3420,6833,1831,1772,1489,2456,866,3356,80907,49068,3888,33,25877,0,0,4,4
2021-03-04T23:59:59+01:00,4,5,3005,2715,4367,6115,4549,9478,5577,13794,6404,11419,3029,3016,7407,9643,4610,8854,1341,1208,1905,3114,2141,5442,2821,8341,3364,6601,1761,1682,1453,2408,862,3338,76768,47749,3618,32,23601,0,0,4,4
2021-03-03T23:59:59+01:00,3,5,2966,2643,4226,5924,4384,9210,5375,13416,6151,10999,2908,2886,6763,8874,4217,8252,1329,1170,1878,3042,2119,5333,2789,8165,3311,6444,1692,1638,1412,2338,842,3285,74059,46755,3389,32,21750,0,0,4,3
2021-03-02T23:59:59+01:00,3,5,2905,2554,4042,5708,4176,8938,5177,13041,5883,10625,2762,2729,5997,7910,3755,7547,1296,1127,1851,2970,2095,5195,2740,7893,3262,6246,1621,1578,1348,2259,822,3242,70903,45513,2943,32,19907,0,0,4,3
2021-03-01T23:59:59+01:00,3,4,2865,2492,3876,5557,3989,8718,4989,12719,5645,10238,2662,2615,5508,7256,3403,7043,1290,1091,1828,2869,2068,5002,2700,7643,3202,6010,1578,1542,1300,2200,796,3203,68755,44290,2645,32,18178,0,0,4,3
2021-02-28T23:59:59+01:00,3,4,2824,2443,3718,5439,3769,8529,4806,12469,5458,9934,2605,2543,5385,7100,3341,6942,1286,1086,1824,2855,2059,4978,2693,7607,3192,5993,1570,1535,1294,2191,794,3193,68279,44119,2427,31,16602,0,0,4,3
2021-02-27T23:59:59+01:00,3,3,2809,2378,3692,5359,3735,8460,4772,12379,5423,9861,2564,2509,5056,6713,3145,6692,1279,1078,1817,2843,2046,4943,2674,7542,3176,5937,1552,1526,1288,2180,791,3192,66973,43834,2427,30,16149,0,0,4,3
2021-02-26T23:59:59+01:00,3,3,2789,2337,3652,5275,3670,8358,4711,12271,5338,9773,2488,2456,4679,6232,2876,6369,1220,1028,1767,2734,1997,4762,2620,7268,3103,5726,1491,1475,1265,2158,777,3183,65182,42546,2302,29,15792,0,0,4,2
2021-02-25T23:59:59+01:00,3,3,2615,2228,3468,5094,3488,8135,4507,11985,5120,9499,2401,2391,4230,5680,2588,5948,1204,971,1736,2626,1944,4489,2549,6874,3009,5440,1447,1432,1245,2143,775,3174,63327,41034,1980,26,14072,0,0,4,1
2021-02-24T23:59:59+01:00,3,3,2460,2090,3278,4902,3340,7929,4310,11731,4901,9251,2264,2272,3777,5170,2331,5555,1189,942,1713,2540,1910,4350,2489,6618,2957,5234,1416,1401,1227,2123,771,3155,61564,40018,1511,18,12488,0,0,4,1
2021-02-23T23:59:59+01:00,3,3,2323,1952,3100,4674,3185,7698,4139,11458,4719,9005,2178,2178,3224,4505,1993,5043,1175,894,1682,2445,1871,4157,2421,6319,2859,4974,1359,1346,1198,2080,758,3130,59365,38655,1164,14,10847,0,0,4,1
2021-02-22T23:59:59+01:00,3,3,2283,1901,3015,4581,3115,7590,4045,11272,4612,8880,2128,2137,2860,4043,1707,4657,1163,835,1650,2319,1828,3912,2345,5925,2734,4676,1297,1291,1175,2047,752,3109,57694,37055,1080,4,10054,0,0,4,1
2021-02-21T23:59:59+01:00,3,3,2247,1869,2964,4512,3033,7476,3964,11126,4546,8763,2114,2114,2776,3929,1652,4569,1159,817,1633,2266,1803,3803,2312,5770,2671,4552,1265,1268,1165,2033,745,3096,57263,36355,1047,4,9346,0,0,4,1
2021-02-20T23:59:59+01:00,3,3,2236,1866,2942,4499,3017,7440,3938,11093,4525,8742,2111,2106,2722,3872,1617,4514,1159,814,1633,2264,1802,3794,2311,5765,2670,4548,1264,1265,1164,2030,744,3095,57048,36319,1046,4,9148,0,0,4,1
2021-02-19T23:59:59+01:00,2,3,2224,1853,2906,4447,2992,7352,3893,11011,4471,8679,2103,2100,2634,3759,1537,4421,1107,805,1594,2256,1792,3785,2301,5744,2661,4536,1258,1254,1153,2025,739,3088,56636,36095,1015,4,8732,0,0,4,1
2021-02-18T23:59:59+01:00,2,3,2092,1757,2749,4263,2868,7153,3756,10724,4332,8476,2071,2066,2394,3493,1385,4199,1028,770,1519,2158,1743,3663,2229,5586,2605,4449,1244,1234,1148,2011,729,3070,55580,35183,948,4,7251,0,0,4,1
2021-02-17T23:59:59+01:00,2,3,2048,1708,2657,4129,2759,6939,3603,10383,4191,8234,2014,1983,2175,3264,1261,4012,874,707,1410,2033,1668,3473,2135,5362,2532,4278,1210,1189,1123,1966,714,3030,54518,33702,803,3,6040,0,0,4,1
2021-02-16T23:59:59+01:00,2,3,1875,1595,2483,3922,2620,6664,3442,10029,4015,7927,1970,1956,1900,2945,1091,3760,847,685,1338,1958,1600,3331,2040,5190,2435,4147,1149,1142,1065,1876,682,2937,53192,32421,767,2,4236,0,0,4,1
2021-02-15T23:59:59+01:00,2,3,1841,1540,2395,3753,2542,6391,3319,9662,3900,7658,1944,1928,1685,2707,970,3574,829,672,1309,1912,1559,3263,1985,5018,2372,4047,1084,1102,1001,1786,663,2844,52099,31446,754,1,2957,0,0,4,1
2021-02-14T23:59:59+01:00,2,3,1752,1509,2350,3691,2500,6301,3249,9559,3854,7580,1933,1918,1628,2648,920,3515,814,662,1292,1887,1532,3240,1951,4978,2347,3992,1074,1093,994,1776,660,2832,51767,31124,725,1,2416,0,0,4,1
2021-02-13T23:59:59+01:00,2,3,1751,1497,2340,3684,2494,6287,3245,9543,3847,7570,1925,1898,1605,2628,917,3505,814,662,1292,1887,1532,3240,1951,4978,2347,3992,1074,1093,994,1776,660,2832,51613,31124,725,1,2399,0,0,4,1
2021-02-12T23:59:59+01:00,2,3,1671,1411,2241,3572,2414,6113,3140,9305,3725,7305,1878,1841,1542,2556,894,3478,808,655,1280,1866,1517,3221,1943,4947,2331,3972,1069,1088,993,1757,660,2802,50673,30909,725,1,1689,0,0,4,1
2021-02-11T23:59:59+01:00,2,3,1468,1273,2058,3357,2286,5821,2988,8873,3566,6959,1806,1739,1500,2496,880,3456,780,604,1186,1687,1392,2947,1804,4588,2168,3686,1019,1027,951,1686,627,2671,49281,28823,684,1,562,0,0,4,1
2021-02-10T23:59:59+01:00,2,3,1372,1224,1970,3230,2218,5649,2906,8596,3454,6728,1735,1691,1455,2429,864,3399,566,520,964,1462,1253,2639,1619,4126,1965,3308,902,900,830,1435,548,2355,48116,25393,644,0,161,0,0,4,1
2021-02-09T23:59:59+01:00,2,3,1337,1174,1933,3138,2191,5469,2839,8254,3384,6470,1662,1629,1394,2369,847,3362,303,383,746,1199,1066,2264,1409,3589,1717,2856,734,736,662,1148,438,1909,46859,21160,515,0,80,0,0,3,1
2021-02-08T23:59:59+01:00,2,3,1330,1139,1902,3018,2153,5247,2787,7974,3325,6234,1621,1595,1349,2314,831,3342,267,342,644,1044,960,2046,1249,3198,1520,2540,631,617,558,969,381,1659,45740,18626,344,0,79,0,0,3,1
2021-02-07T23:59:59+01:00,2,3,1303,1123,1873,2966,2128,5165,2758,7871,3283,6169,1605,1579,1334,2295,820,3327,233,286,596,954,900,1891,1157,2973,1423,2368,591,597,537,936,371,1630,45458,17445,143,0,0,0,0,3,0
2021-02-06T23:59:59+01:00,2,3,1298,1117,1867,2954,2119,5137,2745,7827,3272,6124,1592,1571,1329,2285,817,3326,214,252,574,917,872,1825,1115,2856,1366,2286,575,579,530,936,371,1630,45239,16900,143,0,0,0,0,3,0
2021-02-05T23:59:59+01:00,2,3,1237,1065,1818,2843,2067,4941,2686,7531,3195,5908,1529,1517,1310,2259,809,3319,198,223,539,870,838,1746,1076,2739,1313,2187,541,555,519,912,361,1605,43893,16224,143,0,0,0,0,3,0
2021-02-04T23:59:59+01:00,2,3,1225,1001,1777,2694,1996,4629,2603,7087,3095,5582,1484,1484,1292,2243,806,3311,170,169,466,753,739,1607,966,2500,1201,1972,494,503,476,858,343,1492,42277,14711,35,0,0,0,0,2,0
2021-02-03T23:59:59+01:00,2,3,1207,972,1746,2613,1957,4483,2536,6825,3043,5364,1447,1451,1263,2208,788,3282,139,140,393,641,623,1371,821,2122,1004,1685,378,369,341,644,240,1131,41153,12044,35,0,0,0,0,2,0
2021-02-02T23:59:59+01:00,2,3,1190,916,1714,2513,1914,4260,2462,6493,2936,5090,1394,1405,1240,2178,779,3258,118,116,316,520,520,1136,677,1792,814,1377,280,269,263,472,188,847,39710,9707,35,0,0,0,0,2,0
2021-02-01T23:59:59+01:00,1,3,1177,856,1679,2388,1864,4014,2385,6100,2816,4794,1327,1323,1209,2132,768,3233,85,76,216,349,347,741,429,1155,478,858,174,164,152,279,100,494,38032,6097,35,0,0,0,0,2,0
2021-01-31T23:59:59+01:00,1,3,1172,838,1662,2330,1840,3891,2353,5917,2749,4675,1296,1300,1198,2117,761,3221,74,70,183,279,270,575,340,902,396,691,148,148,144,271,96,480,37290,5067,32,0,0,0,0,2,0
2021-01-30T23:59:59+01:00,1,3,1172,835,1661,2325,1838,3880,2351,5906,2746,4665,1295,1296,1197,2116,761,3220,70,63,151,232,242,507,305,784,353,616,147,141,139,267,96,479,37235,4592,31,0,0,0,0,2,0
2021-01-29T23:59:59+01:00,1,3,1119,826,1622,2318,1827,3873,2343,5892,2738,4653,1291,1293,1193,2116,761,3220,62,45,114,177,198,353,248,635,309,488,136,132,127,256,93,479,37059,3852,29,0,0,0,0,1,0
2021-01-28T23:59:59+01:00,1,3,1044,801,1564,2258,1794,3804,2296,5821,2705,4599,1279,1281,1186,2110,752,3206,40,20,72,105,129,206,153,380,201,291,103,101,102,205,83,432,36477,2623,26,0,0,0,0,1,0
2021-01-27T23:59:59+01:00,1,3,894,750,1473,2183,1727,3689,2224,5691,2647,4474,1251,1237,1162,2071,740,3174,29,12,62,86,104,162,121,323,174,247,95,84,91,186,79,401,35373,2256,17,0,0,0,0,1,0
2021-01-26T23:59:59+01:00,1,3,880,731,1408,2109,1664,3559,2137,5519,2559,4363,1196,1197,1116,2000,716,3125,28,11,59,83,100,156,117,309,173,237,93,79,84,165,68,355,34271,2117,11,0,0,0,0,1,0
2021-01-25T23:59:59+01:00,1,3,867,710,1376,2049,1633,3462,2092,5353,2502,4273,1145,1172,1069,1943,698,3066,26,11,56,83,97,154,116,307,172,237,92,78,83,164,66,352,33411,2094,2,0,0,0,0,1,0
2021-01-24T23:59:59+01:00,1,3,864,709,1370,2038,1628,3445,2084,5327,2491,4241,1141,1166,1064,1936,697,3061,26,11,56,83,96,153,116,307,172,236,92,78,83,164,66,352,33263,2091,2,0,0,0,0,1,0
2021-01-23T23:59:59+01:00,1,3,864,709,1370,2038,1628,3445,2084,5327,2491,4241,1141,1166,1064,1936,697,3061,26,11,56,83,96,153,116,307,171,236,92,78,83,164,66,352,33263,2090,2,0,0,0,0,1,0
2021-01-22T23:59:59+01:00,1,3,864,699,1356,2016,1612,3421,2071,5293,2475,4221,1139,1161,1063,1913,696,3028,26,11,56,83,96,153,116,307,170,236,92,78,83,164,66,352,33029,2089,2,0,0,0,0,1,0
2021-01-21T23:59:59+01:00,1,3,833,662,1279,1861,1513,3231,1974,5021,2367,4023,1099,1102,1032,1833,658,2901,24,10,52,78,88,145,106,278,156,213,79,70,74,144,54,300,31390,1871,2,0,0,0,0,1,0
2021-01-20T23:59:59+01:00,1,3,630,563,1085,1643,1378,2957,1797,4617,2164,3686,974,984,914,1604,593,2631,22,10,51,74,85,144,99,265,145,194,69,64,69,122,45,268,28221,1726,2,0,0,0,0,1,0
2021-01-19T23:59:59+01:00,1,3,343,417,834,1386,1177,2618,1562,4088,1904,3237,807,816,750,1331,495,2226,18,7,36,52,56,78,73,178,101,131,52,49,48,91,34,207,23993,1211,1,0,0,0,0,1,0
2021-01-18T23:59:59+01:00,1,3,301,376,722,1198,1056,2364,1370,3591,1665,2857,679,667,605,1087,421,1841,7,3,11,17,19,27,24,50,25,46,12,11,13,33,7,61,20803,366,0,0,0,0,0,1,0
2021-01-17T23:59:59+01:00,1,3,260,321,656,1104,978,2193,1273,3316,1550,2646,634,638,578,1031,400,1783,0,0,1,0,2,2,2,1,2,2,1,4,1,0,0,1,19365,19,0,0,0,0,0,0,0
2021-01-16T23:59:59+01:00,1,3,243,289,640,1071,954,2130,1232,3206,1499,2573,618,621,571,1031,400,1782,0,0,0,0,1,2,1,1,1,2,0,1,1,0,0,1,18864,11,0,0,0,0,0,0,0
2021-01-15T23:59:59+01:00,1,3,228,256,611,1024,927,2052,1197,3090,1447,2477,587,595,564,1010,393,1770,0,0,0,0,0,0,0,0,0,0,0,0,0,0,0,0,18232,0,0,0,0,0,0,0,0
2021-01-14T23:59:59+01:00,1,2,198,204,551,902,838,1909,1104,2867,1332,2294,543,552,526,966,387,1728,0,0,0,0,0,0,0,0,0,0,0,0,0,0,0,0,16904,0,0,0,0,0,0,0,0
2021-01-13T23:59:59+01:00,1,2,166,185,502,833,766,1783,1006,2634,1178,2072,430,435,399,761,289,1331,0,0,0,0,0,0,0,0,0,0,0,0,0,0,0,0,14773,0,0,0,0,0,0,0,0
2021-01-12T23:59:59+01:00,1,2,144,164,471,764,716,1628,917,2432,1071,1840,341,327,308,541,207,943,0,0,0,0,0,0,0,0,0,0,0,0,0,0,0,0,12817,0,0,0,0,0,0,0,0
2021-01-11T23:59:59+01:00,0,1,115,127,395,634,626,1375,753,1974,845,1454,211,190,169,313,109,546,0,0,0,0,0,0,0,0,0,0,0,0,0,0,0,0,9837,0,0,0,0,0,0,0,0
2021-01-10T23:59:59+01:00,0,1,89,92,305,458,471,995,546,1447,621,1058,174,167,157,300,104,533,0,0,0,0,0,0,0,0,0,0,0,0,0,0,0,0,7518,0,0,0,0,0,0,0,0
2021-01-09T23:59:59+01:00,0,1,78,84,259,395,401,863,479,1230,545,900,167,157,152,295,104,531,0,0,0,0,0,0,0,0,0,0,0,0,0,0,0,0,6641,0,0,0,0,0,0,0,0
2021-01-08T23:59:59+01:00,0,1,65,64,186,287,304,584,364,932,439,681,159,152,136,283,102,531,0,0,0,0,0,0,0,0,0,0,0,0,0,0,0,0,5270,0,0,0,0,0,0,0,0
2021-01-07T23:59:59+01:00,0,0,46,24,78,121,137,230,163,419,222,339,116,121,123,251,98,504,0,0,0,0,0,0,0,0,0,0,0,0,0,0,0,0,2992,0,0,0,0,0,0,0,0
2021-01-06T23:59:59+01:00,0,0,32,17,69,92,116,180,135,342,193,275,97,93,97,205,83,429,0,0,0,0,0,0,0,0,0,0,0,0,0,0,0,0,2455,0,0,0,0,0,0,0,0
2021-01-05T23:59:59+01:00,0,0,29,12,59,87,106,166,120,327,179,253,96,88,95,198,81,411,0,0,0,0,0,0,0,0,0,0,0,0,0,0,0,0,2307,0,0,0,0,0,0,0,0
2021-01-04T23:59:59+01:00,0,0,26,11,56,84,98,157,115,312,177,241,95,85,88,184,71,380,0,0,0,0,0,0,0,0,0,0,0,0,0,0,0,0,2180,0,0,0,0,0,0,0,0
2021-01-03T23:59:59+01:00,0,0,26,11,56,84,98,157,115,312,177,241,95,85,87,183,71,380,0,0,0,0,0,0,0,0,0,0,0,0,0,0,0,0,2178,0,0,0,0,0,0,0,0
2021-01-02T23:59:59+01:00,0,0,26,11,56,84,98,157,115,312,176,241,95,85,87,183,71,380,0,0,0,0,0,0,0,0,0,0,0,0,0,0,0,0,2177,0,0,0,0,0,0,0,0
2021-01-01T23:59:59+01:00,0,0,26,11,56,84,98,157,115,312,174,240,95,85,87,183,71,380,0,0,0,0,0,0,0,0,0,0,0,0,0,0,0,0,2174,0,0,0,0,0,0,0,0
2020-12-31T23:59:59+01:00,0,0,26,11,56,84,98,157,115,312,174,240,95,85,87,183,71,380,0,0,0,0,0,0,0,0,0,0,0,0,0,0,0,0,2174,0,0,0,0,0,0,0,0
2020-12-30T23:59:59+01:00,0,0,25,11,56,83,97,154,115,311,174,240,95,85,87,183,71,380,0,0,0,0,0,0,0,0,0,0,0,0,0,0,0,0,2167,0,0,0,0,0,0,0,0
2020-12-29T23:59:59+01:00,0,0,18,8,41,59,74,91,85,216,127,188,73,73,65,151,56,304,0,0,0,0,0,0,0,0,0,0,0,0,0,0,0,0,1629,0,0,0,0,0,0,0,0
2020-12-28T23:59:59+01:00,0,0,8,5,17,28,31,45,39,111,53,101,30,40,37,91,29,175,0,0,0,0,0,0,0,0,0,0,0,0,0,0,0,0,840,0,0,0,0,0,0,0,0
2020-12-27T23:59:59+01:00,0,0,2,2,4,5,7,11,10,23,6,22,5,7,6,25,3,48,0,0,0,0,0,0,0,0,0,0,0,0,0,0,0,0,186,0,0,0,0,0,0,0,0
