Datum,<24_1_m,<24_1_w,25-34_1_m,25-34_1_w,35-44_1_m,35-44_1_w,45-54_1_m,45-54_1_w,55-64_1_m,55-64_1_w,65-74_1_m,65-74_1_w,75-84_1_m,75-84_1_w,>84_1_m,>84_1_w,<24_2_m,<24_2_w,25-34_2_m,25-34_2_w,35-44_2_m,35-44_2_w,45-54_2_m,45-54_2_w,55-64_2_m,55-64_2_w,65-74_2_m,65-74_2_w,75-84_2_m,75-84_2_w,>84_2_m,>84_2_w,bp_1,bp_2,mo_1,mo_2,az_1,az_2,ja
2021-05-14T23:59:59+02:00,11143,11306,17867,18577,21502,27338,32329,41475,50434,52963,57523,63362,44184,54196,10816,19390,4372,3836,5692,7003,6690,11467,10493,17451,14404,16981,28484,32563,32886,40763,8549,15245,320030,211058,46318,33012,166509,11261,1548
2021-05-13T23:59:59+02:00,10639,10884,17061,18025,20637,26659,31222,40484,48154,50695,56828,62592,44002,53940,10786,19325,3815,3622,5387,6765,6411,11178,10103,17098,14025,16531,27610,31391,32530,40324,8523,15195,311632,206591,44477,32460,164575,10208,1249
2021-05-12T23:59:59+02:00,10375,10679,16731,17790,20270,26387,30775,40097,44901,46687,56603,62374,43923,53839,10773,19305,3725,3539,5254,6680,6245,11044,9912,16917,13812,16252,27019,30628,32392,40170,8501,15165,302533,203682,43656,32440,164292,10105,1028
2021-05-11T23:59:59+02:00,9951,10364,15960,17269,19454,25778,28817,38526,43213,45303,56311,62019,43843,53718,10759,19282,3604,3385,5061,6366,5984,10672,9579,16388,13382,15725,25682,29057,31966,39655,8464,15094,297091,197969,40606,32309,161918,8834,952
2021-05-10T23:59:59+02:00,9682,10200,15498,17024,18913,25462,27813,37791,41846,44204,56138,61825,43772,53617,10741,19259,3529,3252,4899,6145,5809,10373,9316,15912,13017,15304,24712,27810,31562,39188,8434,15047,293873,193603,39705,32291,159326,7534,881
2021-05-09T23:59:59+02:00,9509,10109,15208,16836,18532,25220,27097,37319,40003,42477,56007,61701,43728,53563,10734,19242,3397,3191,4734,6016,5668,10210,9134,15720,12865,15151,24440,27480,31444,39032,8426,15038,290950,192434,39338,32253,156391,6653,606
2021-05-08T23:59:59+02:00,9417,10016,15033,16699,18327,25009,26865,37081,39780,42291,55895,61579,43695,53525,10731,19233,3387,3170,4700,5982,5624,10161,9052,15654,12767,15069,24050,27028,31208,38769,8419,15023,289412,191251,38888,31555,156270,6651,606
2021-05-07T23:59:59+02:00,9228,9915,14722,16529,17993,24786,26483,36800,39367,41916,55635,61261,43655,53478,10726,19226,3058,3019,4378,5811,5383,9886,8730,15351,12354,14628,22946,25639,30665,38061,8398,14990,287016,187878,38462,30063,155946,5060,296
2021-05-06T23:59:59+02:00,8556,9516,13871,15916,16967,23940,25139,35682,37262,40200,54652,60111,43441,53197,10696,19174,2914,2895,4207,5609,5179,9590,8371,14924,11921,14143,21602,23937,29945,37207,8354,14890,276526,182384,37345,29108,154191,3938,258
2021-05-05T23:59:59+02:00,7975,9164,13085,15370,15942,23158,23715,34647,35446,38627,52982,58258,43167,52892,10669,19116,2812,2825,4046,5459,4989,9378,8032,14581,11566,13762,20152,22114,29018,36097,8325,14816,265261,176711,36441,27946,152431,3235,80
2021-05-04T23:59:59+02:00,7780,9054,12736,15190,15440,22892,23085,34299,34459,37876,52246,57404,43055,52769,10658,19083,2743,2743,3897,5289,4808,9121,7690,14154,11111,13261,18461,20152,28083,34983,8252,14721,261630,170104,35578,27019,150790,2318,28
2021-05-03T23:59:59+02:00,7599,8888,12346,14984,14935,22574,22380,33880,33314,36969,52027,57161,42965,52674,10649,19055,2678,2664,3803,5108,4664,8873,7468,13794,10776,12842,17213,18584,27309,34019,8198,14630,258420,164597,35119,26671,148843,1337,18
2021-05-02T23:59:59+02:00,7520,8786,12123,14834,14636,22369,21923,33576,32144,36008,51853,56966,42911,52597,10634,19027,2666,2656,3781,5075,4634,8834,7399,13722,10689,12740,16875,18180,27064,33750,8186,14619,256230,163054,35047,26560,146613,1239,17
2021-05-01T23:59:59+02:00,7494,8757,12065,14783,14556,22317,21827,33502,32027,35920,51848,56957,42908,52596,10632,19025,2659,2646,3758,5057,4593,8807,7356,13687,10628,12674,16668,17947,26966,33635,8183,14609,255689,162088,35047,26532,146462,1237,16
2021-04-30T23:59:59+02:00,7453,8711,11970,14704,14444,22195,21631,33330,31795,35707,51598,56629,42865,52545,10627,19017,2624,2621,3697,4991,4498,8699,7203,13488,10324,12397,15776,16812,26232,32724,8153,14536,253955,158940,35004,24651,146246,1168,16
2021-04-29T23:59:59+02:00,7223,8575,11672,14525,14090,21958,21106,33033,31040,35181,51017,55886,42779,52432,10606,18950,2584,2567,3598,4901,4369,8562,7006,13275,10044,12099,14653,15389,25124,31420,8100,14451,250851,153300,34919,23911,144287,915,16
2021-04-28T23:59:59+02:00,6921,8385,11286,14190,13611,21485,20483,32423,29720,33879,48526,53116,42525,52137,10557,18883,2544,2522,3530,4840,4263,8449,6841,13088,9795,11873,13387,13751,23923,29929,8056,14369,241005,147745,34807,22711,142309,698,6
2021-04-27T23:59:59+02:00,6814,8283,11133,14067,13428,21334,20200,32211,29165,33475,48361,52939,42474,52088,10550,18865,2499,2481,3432,4754,4177,8337,6662,12890,9519,11579,11987,11976,22547,28141,7995,14251,239703,141175,34761,21526,140917,520,6
2021-04-26T23:59:59+02:00,6757,8235,11022,14000,13269,21217,19964,31984,28313,32870,48081,52638,42425,52032,10545,18838,2477,2448,3379,4716,4112,8265,6556,12755,9323,11391,10901,10584,21474,26656,7946,14178,239014,135960,34738,20785,138432,410,6
2021-04-25T23:59:59+02:00,6705,8183,10911,13902,13112,21065,19708,31690,27488,32081,47684,52198,42351,51946,10532,18821,2448,2436,3350,4696,4094,8243,6522,12714,9261,11334,10715,10356,21265,26374,7941,14166,237339,135117,34696,20442,136336,350,6
2021-04-24T23:59:59+02:00,6679,8126,10832,13820,13020,20919,19570,31521,27333,31909,47582,52077,42276,51870,10528,18817,2441,2426,3324,4665,4053,8198,6443,12637,9130,11213,10556,10175,21144,26249,7929,14150,235911,134597,34680,19798,136282,332,6
2021-04-23T23:59:59+02:00,6607,8021,10698,13620,12826,20665,19251,31147,26925,31527,46693,50977,42130,51668,10513,18787,2423,2404,3280,4631,4001,8141,6345,12541,8966,11078,10266,9843,20857,25866,7888,14086,231593,133484,34624,18805,135832,321,6
2021-04-22T23:59:59+02:00,6492,7898,10478,13406,12480,20325,18719,30668,26246,30858,44998,48849,41634,51038,10476,18704,2406,2385,3234,4584,3926,8064,6222,12443,8690,10912,9799,9383,20455,25333,7850,14026,225392,131384,34520,18033,133351,289,6
2021-04-21T23:59:59+02:00,6390,7737,10244,13209,12142,20004,18215,30167,25333,29880,40963,44255,41212,50567,10420,18609,2395,2373,3190,4551,3878,8006,6133,12347,8516,10755,9430,8960,20005,24793,7799,13943,213416,129765,34455,17033,131470,270,6
2021-04-20T23:59:59+02:00,6290,7635,10043,12994,11869,19736,17792,29741,24727,29262,39281,42336,40654,49911,10360,18489,2370,2357,3148,4526,3812,7959,5993,12254,8358,10627,9120,8577,19551,24184,7726,13826,207419,128427,34370,15738,129325,217,6
2021-04-19T23:59:59+02:00,6211,7549,9890,12868,11664,19538,17401,29323,24135,28736,37776,40562,40133,49277,10312,18413,2353,2335,3113,4493,3769,7912,5954,12187,8272,10535,8843,8236,19186,23677,7692,13748,202443,126753,34317,15346,127022,200,6
2021-04-18T23:59:59+02:00,6135,7487,9761,12791,11473,19391,17115,29124,23680,28351,36517,39264,39821,48905,10285,18365,2340,2315,3082,4474,3742,7895,5908,12140,8222,10489,8735,8122,19044,23514,7678,13728,200930,126270,34281,14956,123248,196,6
2021-04-17T23:59:59+02:00,6128,7470,9724,12758,11430,19347,17033,29060,23602,28280,36219,38927,39725,48825,10280,18355,2328,2305,3056,4459,3679,7853,5834,12087,8144,10438,8624,8009,18948,23410,7660,13716,199706,125483,34273,14867,123178,194,6
2021-04-16T23:59:59+02:00,6062,7421,9642,12707,11306,19224,16817,28908,23197,27856,35191,37704,39366,48378,10264,18327,2180,2204,2833,4293,3321,7536,5039,11530,6632,9336,6191,6011,17364,21901,7507,13472,195619,116574,34191,10578,122554,192,6
2021-04-15T23:59:59+02:00,5982,7321,9439,12527,10998,18974,16300,28509,22463,27164,33281,35377,38473,47324,10195,18185,2133,2166,2770,4228,3202,7422,4797,11332,6272,9026,5718,5609,16797,21203,7359,13199,189826,113508,34140,9534,118540,185,6
2021-04-14T23:59:59+02:00,5910,7264,9276,12402,10765,18786,15888,28170,21769,26613,31291,33061,37434,46087,10133,18029,2043,2102,2692,4167,3091,7332,4586,11159,5948,8778,5240,5188,16229,20496,7188,12906,183479,110934,34001,8075,115392,130,6
2021-04-13T23:59:59+02:00,5851,7196,9136,12274,10586,18613,15526,27874,21183,26049,29140,30542,36306,44669,10018,17863,1994,2083,2655,4128,3036,7266,4450,11007,5681,8574,4893,4867,15774,20043,7089,12744,176601,109542,33938,6703,112281,33,6
2021-04-12T23:59:59+02:00,5786,7140,9023,12135,10382,18457,15187,27580,20574,25516,27086,28219,35279,43368,9912,17697,1960,2041,2627,4109,3012,7210,4381,10938,5579,8480,4737,4721,15469,19655,6999,12583,170909,108737,33865,5725,108561,33,6
2021-04-11T23:59:59+02:00,5740,7093,8934,12058,10219,18353,14904,27391,20109,25141,25888,26939,34656,42657,9845,17574,1949,2034,2604,4088,2994,7185,4346,10896,5498,8415,4640,4671,15356,19534,6969,12539,169145,108560,33796,5124,104554,28,6
2021-04-10T23:59:59+02:00,5722,7076,8899,12033,10160,18317,14835,27342,20010,25052,25531,26522,34369,42295,9838,17553,1946,2029,2595,4078,2978,7169,4313,10868,5439,8371,4564,4593,15227,19366,6932,12465,167937,107775,33076,5124,104535,28,6
2021-04-09T23:59:59+02:00,5664,7041,8816,11950,10036,18196,14663,27152,19733,24798,24589,25227,33566,41266,9813,17494,1915,1997,2543,4040,2898,7107,4152,10742,5182,8139,4141,4211,14657,18634,6743,12158,164594,104108,31568,5117,103836,28,6
2021-04-08T23:59:59+02:00,5581,6968,8667,11833,9814,18020,14246,26832,19112,24277,22737,23075,32096,39546,9692,17294,1880,1977,2487,3991,2824,7021,3992,10591,4880,7874,3680,3772,13669,17373,6374,11565,158864,99336,30662,4585,100258,23,6
2021-04-07T23:59:59+02:00,5518,6905,8492,11763,9584,17861,13911,26587,18611,23883,20761,20702,30583,37611,9599,17118,1843,1960,2431,3937,2760,6944,3880,10431,4694,7670,3411,3498,12957,16533,6067,11094,152856,96058,29490,4034,97137,12,6
2021-04-06T23:59:59+02:00,5457,6853,8351,11659,9426,17688,13557,26310,18075,23445,18716,18378,28910,35425,9438,16833,1805,1939,2406,3911,2727,6904,3817,10387,4614,7582,3306,3370,12439,15845,5832,10747,146048,93768,28536,3846,93931,11,6
2021-04-05T23:59:59+02:00,5417,6807,8259,11566,9290,17590,13324,26085,17627,23056,16859,16238,27504,33540,9315,16646,1781,1930,2379,3894,2700,6856,3775,10327,4525,7474,3199,3262,12085,15453,5700,10506,140659,92413,28101,3416,90357,11,6
2021-04-04T23:59:59+02:00,5409,6802,8253,11552,9273,17581,13302,26062,17597,23032,16703,16036,27336,33324,9310,16635,1780,1928,2378,3892,2698,6853,3773,10323,4519,7472,3191,3249,12073,15442,5698,10498,139946,92334,28008,3416,90247,11,6
2021-04-03T23:59:59+02:00,5405,6794,8237,11542,9252,17562,13257,26030,17525,22966,16622,15948,27296,33268,9306,16631,1777,1924,2367,3886,2680,6837,3744,10297,4440,7407,3065,3136,12003,15377,5693,10488,139420,91688,27979,3416,90236,11,6
2021-04-02T23:59:59+02:00,5376,6772,8183,11485,9182,17492,13106,25917,17292,22755,16147,15416,26870,32768,9281,16586,1774,1914,2356,3880,2670,6822,3718,10256,4375,7321,2996,3066,11728,15058,5584,10314,138225,90403,26567,3412,89830,11,6
2021-04-01T23:59:59+02:00,5322,6694,8068,11348,9051,17328,12824,25618,16833,22359,15352,14630,26195,31886,9182,16437,1749,1882,2333,3858,2645,6794,3685,10220,4309,7259,2877,2937,10733,13845,5090,9630,135994,86523,25903,3307,87224,10,6
2021-03-31T23:59:59+02:00,5099,6597,7955,11237,8920,17161,12590,25321,16484,21997,14606,13806,25435,30952,9097,16280,1738,1876,2320,3835,2623,6768,3631,10165,4237,7194,2787,2847,10100,13075,4805,9226,134212,84130,24449,3081,84870,10,6
2021-03-30T23:59:59+02:00,5065,6531,7879,11111,8837,17009,12424,25123,16195,21670,13976,13097,24719,30052,8988,16078,1725,1861,2301,3817,2597,6744,3593,10102,4168,7116,2663,2711,9465,12359,4521,8805,132742,81835,23236,2700,82770,7,6
2021-03-29T23:59:59+02:00,5019,6459,7773,11005,8730,16843,12255,24830,15861,21334,13401,12428,24019,29157,8864,15872,1713,1851,2284,3804,2582,6720,3559,10046,4114,7046,2612,2645,9142,11935,4376,8544,130917,80471,22481,2489,80446,7,6
2021-03-28T23:59:59+02:00,4975,6364,7684,10899,8661,16686,12109,24594,15594,21060,13065,12089,23460,28485,8726,15638,1704,1846,2273,3793,2575,6697,3522,10002,4082,6993,2570,2597,9062,11825,4338,8492,130421,80146,21955,2212,77707,7,6
2021-03-27T23:59:59+01:00,4961,6350,7657,10869,8590,16612,12006,24493,15447,20942,12856,11872,23275,28290,8698,15612,1703,1844,2270,3791,2573,6696,3509,9976,4071,6976,2561,2589,8997,11753,4313,8460,129548,79857,21307,2212,77669,7,6
2021-03-26T23:59:59+01:00,4912,6269,7539,10751,8417,16412,11649,24170,14816,20423,11925,11042,22555,27499,8591,15427,1695,1826,2266,3773,2560,6671,3487,9950,4029,6941,2538,2553,8790,11509,4223,8321,125551,79021,19709,2098,77131,7,6
2021-03-25T23:59:59+01:00,4847,6086,7369,10465,8169,16002,11239,23532,14201,19759,11229,10371,21703,26420,8349,14982,1673,1808,2235,3745,2524,6637,3449,9897,3954,6858,2400,2421,7761,10151,3731,7612,122312,74981,18940,1863,73466,7,5
2021-03-24T23:59:59+01:00,4766,5921,7218,10179,7969,15586,10967,22989,13745,19190,10609,9799,20796,25320,8076,14495,1650,1776,2208,3709,2482,6597,3393,9826,3889,6763,2298,2323,7064,9308,3421,7137,119764,72392,17753,1445,70107,6,1
2021-03-23T23:59:59+01:00,4720,5805,7104,9952,7819,15239,10699,22468,13347,18724,10143,9348,20048,24443,7837,14109,1637,1759,2184,3687,2460,6569,3333,9768,3798,6690,2201,2225,6272,8275,3053,6572,118326,69361,16657,1116,66822,6,0
2021-03-22T23:59:59+01:00,4660,5708,6973,9709,7661,14918,10436,21993,13006,18252,9765,8995,19486,23729,7690,13829,1626,1751,2177,3672,2446,6556,3313,9742,3761,6658,2148,2175,5760,7596,2765,6166,117472,67279,16256,1027,63082,6,0
2021-03-21T23:59:59+01:00,4605,5573,6837,9442,7499,14546,10199,21446,12676,17774,9437,8712,18966,23117,7535,13567,1623,1746,2176,3663,2443,6550,3306,9731,3752,6648,2134,2155,5642,7460,2723,6090,117285,66809,15859,1027,58787,6,0
2021-03-20T23:59:59+01:00,4594,5547,6801,9381,7435,14483,10106,21336,12577,17685,9354,8618,18828,22941,7494,13490,1621,1743,2172,3660,2438,6544,3293,9721,3727,6639,2101,2119,5283,7052,2577,5888,116461,65545,15765,1027,58444,6,0
2021-03-19T23:59:59+01:00,4394,5378,6514,9132,6958,14043,9124,20560,10773,16282,6473,6250,16778,20863,7199,13020,1615,1738,2168,3652,2427,6532,3281,9693,3669,6594,2037,2080,4858,6531,2370,5619,107195,63863,11062,995,55484,6,0
2021-03-18T23:59:59+01:00,4276,5210,6323,8833,6705,13583,8713,19895,10134,15578,5761,5588,15534,19330,6780,12338,1608,1730,2148,3625,2408,6494,3249,9657,3628,6560,1998,2049,4375,5935,2153,5281,102092,62006,10056,887,52433,5,0
2021-03-17T23:59:59+01:00,4185,5120,6196,8693,6528,13409,8411,19554,9722,15202,5355,5203,14695,18355,6445,11839,1596,1715,2133,3606,2377,6462,3214,9628,3590,6523,1945,1992,3929,5433,1948,4955,98857,60286,8373,755,51682,5,0
2021-03-16T23:59:59+01:00,4093,4963,6043,8427,6318,13024,8075,18973,9185,14570,4838,4746,13863,17363,6176,11422,1587,1706,2124,3590,2360,6451,3202,9606,3563,6495,1916,1954,3336,4721,1691,4531,96549,58078,6965,751,48565,4,0
2021-03-15T23:59:59+01:00,4024,4791,5850,8156,6114,12593,7791,18405,8756,13982,4543,4475,13181,16607,5962,11019,1586,1697,2109,3574,2340,6429,3182,9560,3544,6467,1883,1905,2940,4232,1471,4193,95095,56373,5992,736,45162,3,0
2021-03-14T23:59:59+01:00,3967,4622,5602,7841,5852,12124,7463,17666,8322,13291,4231,4220,12917,16366,5925,10934,1578,1687,2093,3545,2326,6378,3165,9503,3528,6440,1875,1894,2856,4115,1428,4121,94982,55986,5384,543,40977,3,0
2021-03-13T23:59:59+01:00,3952,4591,5569,7756,5796,12038,7389,17557,8198,13164,4078,4082,12838,16290,5920,10923,1578,1687,2093,3545,2325,6378,3164,9502,3527,6440,1870,1885,2797,4054,1403,4074,94299,55776,5384,543,40458,3,0
2021-03-12T23:59:59+01:00,3927,4500,5520,7626,5730,11895,7302,17318,8067,12956,3973,3986,12531,15946,5810,10735,1578,1687,2089,3538,2323,6370,3162,9495,3526,6436,1868,1883,2689,3925,1342,4009,92885,55374,5376,543,39561,3,0
2021-03-11T23:59:59+01:00,3825,4255,5307,7368,5504,11456,6948,16630,7653,12380,3641,3641,11376,14578,5274,9979,1572,1683,2079,3525,2304,6347,3140,9456,3501,6405,1841,1859,2422,3637,1219,3822,88722,54297,4948,512,36145,3,0
2021-03-10T23:59:59+01:00,3715,4113,5094,7103,5291,11083,6676,16059,7328,11897,3437,3425,10670,13710,4968,9541,1565,1664,2055,3486,2275,6260,3089,9327,3445,6295,1800,1789,2181,3372,1117,3662,86273,53101,4580,278,33257,3,0
2021-03-09T23:59:59+01:00,3634,3961,4927,6916,5108,10796,6442,15602,7030,11422,3267,3246,9987,12943,4664,9090,1555,1648,2021,3427,2242,6155,3020,9182,3386,6224,1773,1763,1880,3016,977,3460,84002,51695,4324,31,30709,3,0
2021-03-08T23:59:59+01:00,3557,3779,4699,6659,4871,10429,6181,15085,6675,10858,3081,3081,9573,12465,4512,8822,1552,1625,2004,3346,2212,6062,2978,9038,3358,6143,1759,1740,1656,2761,881,3296,82533,50381,3962,30,27832,0,0
2021-03-07T23:59:59+01:00,3523,3708,4623,6549,4787,10316,6083,14924,6562,10728,3035,3037,9489,12356,4480,8768,1544,1619,1999,3334,2203,6032,2971,9000,3346,6129,1753,1727,1588,2684,841,3240,82199,49980,3793,30,26976,0,0
2021-03-06T23:59:59+01:00,3505,3636,4580,6466,4751,10245,6025,14809,6516,10634,3017,3016,9424,12283,4456,8734,1542,1603,1992,3322,2193,6004,2968,8972,3335,6110,1745,1706,1556,2660,839,3232,81886,49749,3793,30,26418,0,0
2021-03-05T23:59:59+01:00,3476,3531,4518,6367,4694,10140,5959,14651,6416,10496,2983,2973,9213,12021,4363,8591,1532,1562,1964,3265,2166,5896,2926,8837,3293,5976,1703,1668,1490,2591,820,3207,80989,48866,3785,30,25618,0,0
2021-03-04T23:59:59+01:00,3407,3314,4351,6132,4492,9833,5739,14211,6118,10145,2808,2806,8104,10575,3842,7842,1510,1505,1930,3142,2140,5703,2881,8570,3243,5764,1639,1587,1457,2544,816,3192,76829,47594,3512,29,23378,0,0
2021-03-03T23:59:59+01:00,3360,3232,4210,5944,4327,9563,5525,13833,5885,9753,2685,2694,7406,9711,3515,7339,1496,1462,1902,3066,2118,5594,2851,8389,3187,5619,1572,1543,1416,2473,798,3145,74111,46602,3298,29,21573,0,0
2021-03-02T23:59:59+01:00,3301,3124,4018,5745,4128,9289,5325,13452,5634,9400,2551,2553,6563,8632,3131,6760,1461,1413,1874,2994,2092,5442,2806,8117,3137,5442,1501,1485,1354,2393,778,3106,70958,45366,2898,29,19750,0,0
2021-03-01T23:59:59+01:00,3259,3048,3844,5599,3956,9076,5141,13133,5409,9031,2463,2459,6011,7900,2837,6341,1453,1371,1853,2886,2061,5258,2763,7843,3086,5242,1460,1455,1308,2332,752,3071,68804,44165,2646,29,18057,0,0
2021-02-28T23:59:59+01:00,3210,2992,3672,5484,3760,8875,4951,12879,5231,8754,2419,2397,5874,7731,2791,6257,1448,1365,1850,2873,2051,5235,2758,7808,3077,5227,1452,1448,1302,2322,749,3064,68332,44000,2428,29,16517,0,0
2021-02-27T23:59:59+01:00,3191,2915,3646,5409,3729,8810,4915,12783,5193,8692,2380,2356,5505,7312,2636,6047,1441,1355,1840,2861,2040,5190,2738,7749,3062,5177,1437,1440,1294,2312,748,3063,67022,43719,2428,28,16069,0,0
2021-02-26T23:59:59+01:00,3166,2860,3602,5326,3670,8710,4855,12674,5101,8613,2307,2306,5070,6780,2422,5770,1372,1289,1795,2759,1992,4999,2679,7463,2991,4995,1380,1399,1272,2289,735,3055,65218,42437,2303,27,15711,0,0
2021-02-25T23:59:59+01:00,2977,2731,3416,5147,3494,8485,4638,12370,4896,8365,2228,2255,4560,6157,2199,5420,1355,1229,1760,2649,1952,4702,2601,7074,2904,4758,1340,1359,1255,2274,733,3046,63358,40967,1980,24,14000,0,0
2021-02-24T23:59:59+01:00,2794,2571,3245,4951,3338,8287,4434,12087,4684,8153,2099,2139,4071,5589,1986,5089,1334,1192,1741,2568,1914,4546,2544,6813,2851,4577,1314,1331,1236,2253,731,3026,61590,39954,1507,17,12420,0,0
2021-02-23T23:59:59+01:00,2640,2410,3068,4719,3191,8061,4250,11809,4512,7925,2017,2052,3444,4849,1726,4660,1319,1137,1710,2467,1873,4341,2473,6514,2755,4342,1263,1279,1213,2212,718,3002,59391,38604,1157,14,10785,0,0
2021-02-22T23:59:59+01:00,2590,2350,2987,4626,3119,7954,4155,11618,4409,7811,1978,2013,3038,4353,1503,4330,1305,1070,1676,2330,1828,4085,2391,6122,2632,4073,1210,1232,1192,2184,714,2980,57766,37020,1071,4,9997,0,0
2021-02-21T23:59:59+01:00,2552,2313,2931,4548,3042,7839,4069,11464,4350,7714,1963,1991,2948,4230,1456,4253,1299,1047,1660,2272,1800,3970,2357,5966,2576,3962,1178,1216,1184,2168,707,2967,57333,36325,1038,4,9292,0,0
2021-02-20T23:59:59+01:00,2540,2309,2909,4533,3026,7805,4039,11429,4334,7695,1958,1982,2887,4167,1430,4205,1299,1044,1660,2270,1798,3960,2357,5962,2575,3959,1177,1213,1183,2164,706,2967,57117,36290,1037,4,9094,0,0
2021-02-19T23:59:59+01:00,2524,2292,2876,4478,2997,7718,3996,11343,4281,7641,1952,1977,2776,4034,1369,4134,1239,1034,1629,2263,1787,3947,2348,5940,2564,3949,1173,1205,1171,2159,702,2960,56702,36066,1006,4,8680,0,0
2021-02-18T23:59:59+01:00,2367,2177,2733,4297,2875,7511,3850,11046,4153,7467,1926,1945,2506,3736,1245,3944,1146,985,1563,2171,1737,3825,2273,5776,2515,3878,1160,1189,1168,2144,691,2944,55638,35161,940,4,7200,0,0
2021-02-17T23:59:59+01:00,2314,2117,2643,4166,2764,7292,3692,10688,4023,7251,1875,1874,2265,3477,1143,3783,978,903,1455,2054,1669,3623,2179,5546,2443,3735,1131,1145,1142,2098,675,2905,54567,33678,795,3,6005,0,0
2021-02-16T23:59:59+01:00,2113,1987,2489,3957,2626,7001,3530,10321,3861,6995,1834,1848,1961,3119,1002,3575,945,876,1386,1974,1596,3475,2083,5366,2353,3626,1071,1094,1085,2006,641,2815,53236,32390,759,2,4224,0,0
2021-02-15T23:59:59+01:00,2074,1919,2402,3792,2548,6717,3402,9942,3756,6765,1810,1821,1717,2851,905,3417,926,861,1355,1926,1557,3402,2025,5200,2288,3528,1009,1053,1018,1915,626,2726,52139,31414,745,1,2954,0,0
2021-02-14T23:59:59+01:00,1981,1881,2358,3731,2502,6622,3337,9835,3710,6699,1801,1813,1648,2784,868,3366,911,851,1336,1898,1530,3381,1995,5156,2264,3477,999,1043,1011,1904,623,2717,51806,31095,716,1,2414,0,0
2021-02-13T23:59:59+01:00,1980,1866,2347,3726,2497,6607,3333,9820,3703,6687,1793,1795,1621,2764,867,3357,911,851,1336,1898,1530,3381,1995,5156,2264,3477,999,1043,1011,1904,623,2717,51650,31095,716,1,2397,0,0
2021-02-12T23:59:59+01:00,1887,1767,2255,3612,2415,6430,3225,9580,3587,6429,1749,1753,1558,2694,846,3331,903,843,1324,1877,1517,3360,1985,5126,2249,3459,995,1038,1010,1882,623,2691,50714,30881,716,1,1688,0,0
2021-02-11T23:59:59+01:00,1659,1610,2085,3398,2292,6119,3075,9153,3437,6113,1686,1660,1515,2639,835,3311,872,774,1220,1704,1397,3080,1844,4746,2093,3220,948,977,968,1801,593,2566,49348,28802,676,1,563,0,0
2021-02-10T23:59:59+01:00,1551,1548,2000,3268,2230,5949,2979,8871,3337,5897,1618,1615,1471,2572,819,3258,625,663,1017,1484,1254,2762,1655,4263,1904,2898,831,855,842,1537,525,2264,48186,25379,637,0,160,0,0
2021-02-09T23:59:59+01:00,1511,1486,1966,3178,2199,5754,2914,8521,3266,5669,1545,1557,1414,2512,805,3228,343,498,806,1218,1063,2384,1441,3710,1660,2490,679,692,665,1220,421,1841,46937,21131,509,0,79,0,0
2021-02-08T23:59:59+01:00,1501,1441,1937,3049,2158,5532,2861,8224,3209,5470,1507,1530,1371,2455,789,3211,299,438,700,1060,963,2161,1271,3308,1473,2212,580,580,564,1031,369,1619,45827,18628,339,0,79,0,0
2021-02-07T23:59:59+01:00,1470,1419,1909,3001,2132,5446,2828,8124,3171,5409,1494,1516,1357,2435,776,3198,263,376,651,966,903,2000,1182,3085,1375,2061,545,561,544,999,361,1591,45547,17463,138,0,0,0,0
2021-02-06T23:59:59+01:00,1465,1411,1901,2989,2124,5414,2815,8081,3160,5368,1483,1508,1350,2426,775,3197,241,338,627,928,875,1933,1142,2965,1321,1983,529,549,538,999,361,1591,45329,16920,138,0,0,0,0
2021-02-05T23:59:59+01:00,1394,1343,1857,2883,2072,5202,2748,7777,3087,5174,1425,1463,1332,2401,768,3191,224,301,590,890,840,1846,1104,2846,1269,1891,496,529,530,974,350,1569,43979,16249,138,0,0,0,0
2021-02-04T23:59:59+01:00,1381,1265,1812,2734,2006,4866,2657,7328,2992,4899,1386,1432,1315,2385,765,3181,191,232,511,774,750,1704,990,2595,1158,1701,454,485,489,915,332,1460,42373,14741,31,0,0,0,0
2021-02-03T23:59:59+01:00,1357,1228,1784,2654,1966,4698,2590,7057,2942,4710,1351,1402,1284,2347,751,3156,156,194,432,655,631,1458,838,2218,975,1436,336,356,351,692,228,1100,41246,12056,31,0,0,0,0
2021-02-02T23:59:59+01:00,1339,1165,1752,2547,1919,4465,2515,6721,2832,4465,1310,1358,1263,2318,742,3132,133,159,348,534,522,1207,684,1876,794,1163,248,257,274,506,176,823,39812,9704,31,0,0,0,0
2021-02-01T23:59:59+01:00,1322,1095,1714,2409,1866,4203,2437,6331,2716,4189,1246,1284,1235,2278,733,3107,97,99,236,365,346,779,425,1212,465,723,155,155,168,308,93,470,38134,6096,31,0,0,0,0
2021-01-31T23:59:59+01:00,1316,1072,1697,2344,1839,4081,2403,6141,2661,4084,1216,1267,1226,2262,727,3094,83,88,197,293,274,608,335,935,386,594,131,141,160,300,89,457,37399,5071,31,0,0,0,0
2021-01-30T23:59:59+01:00,1316,1069,1696,2339,1836,4068,2402,6130,2658,4076,1215,1263,1225,2260,727,3094,78,76,164,243,245,538,300,812,347,532,130,135,155,297,89,456,37344,4597,30,0,0,0,0
2021-01-29T23:59:59+01:00,1255,1060,1665,2332,1824,4059,2395,6118,2649,4064,1212,1261,1221,2260,727,3094,69,56,121,184,202,377,245,660,305,424,122,126,143,288,86,455,37168,3863,28,0,0,0,0
2021-01-28T23:59:59+01:00,1168,1029,1619,2277,1791,3989,2346,6039,2619,4020,1201,1250,1216,2254,717,3080,44,27,77,110,129,218,154,386,203,257,91,100,115,232,78,416,36590,2637,25,0,0,0,0
2021-01-27T23:59:59+01:00,1003,966,1528,2210,1729,3866,2279,5902,2560,3912,1177,1207,1191,2215,704,3051,32,19,66,87,104,174,123,330,177,216,83,84,105,210,75,387,35483,2272,17,0,0,0,0
2021-01-26T23:59:59+01:00,984,940,1466,2132,1663,3726,2187,5725,2479,3825,1119,1164,1147,2145,681,3001,31,18,63,84,100,167,119,315,176,208,80,80,96,186,66,343,34373,2132,11,0,0,0,0
2021-01-25T23:59:59+01:00,969,913,1433,2072,1631,3622,2135,5568,2427,3738,1070,1138,1096,2091,666,2944,29,18,60,84,97,164,118,314,174,207,80,80,95,185,64,340,33511,2109,2,0,0,0,0
2021-01-24T23:59:59+01:00,966,911,1426,2059,1626,3605,2128,5542,2415,3708,1067,1130,1091,2086,665,2939,29,18,60,84,96,163,118,314,174,206,80,80,95,185,64,340,33362,2106,2,0,0,0,0
2021-01-23T23:59:59+01:00,966,911,1426,2059,1626,3605,2128,5542,2415,3708,1067,1130,1090,2086,665,2939,29,18,60,84,96,163,118,314,173,206,80,80,95,185,64,340,33361,2105,2,0,0,0,0
2021-01-22T23:59:59+01:00,965,901,1409,2034,1615,3579,2112,5510,2403,3690,1065,1126,1089,2057,664,2912,29,18,60,84,96,163,118,314,173,206,80,80,95,185,64,340,33129,2105,2,0,0,0,0
2021-01-21T23:59:59+01:00,923,848,1323,1875,1520,3382,2007,5202,2298,3504,1026,1066,1054,1966,630,2792,27,17,54,79,89,154,109,283,159,186,67,72,84,160,51,291,31414,1882,2,0,0,0,0
2021-01-20T23:59:59+01:00,690,725,1141,1663,1382,3094,1831,4784,2101,3210,905,948,933,1725,574,2532,26,17,53,74,86,154,101,266,148,170,57,65,75,135,45,258,28236,1730,2,0,0,0,0
2021-01-19T23:59:59+01:00,383,552,898,1406,1175,2751,1593,4239,1847,2800,752,781,767,1421,481,2150,21,12,35,51,60,85,74,180,104,115,43,50,54,103,35,197,23995,1219,1,0,0,0,0
2021-01-18T23:59:59+01:00,331,490,786,1216,1054,2483,1392,3722,1612,2470,629,640,620,1157,408,1799,8,6,11,17,22,30,23,49,24,39,11,10,14,34,7,62,20809,367,0,0,0,0,0
2021-01-17T23:59:59+01:00,287,423,716,1121,980,2309,1296,3438,1497,2280,591,610,590,1101,387,1740,1,0,0,0,3,3,1,0,2,2,1,4,0,0,0,1,19366,18,0,0,0,0,0
2021-01-16T23:59:59+01:00,267,389,699,1086,955,2246,1256,3326,1449,2211,575,598,584,1101,387,1739,0,0,0,0,2,3,0,0,1,2,0,1,0,0,0,1,18868,10,0,0,0,0,0
2021-01-15T23:59:59+01:00,252,346,668,1050,927,2158,1221,3210,1396,2121,547,576,578,1079,380,1730,0,0,0,0,0,0,0,0,0,0,0,0,0,0,0,0,18239,0,0,0,0,0,0
2021-01-14T23:59:59+01:00,218,279,601,931,847,2010,1124,2983,1281,1958,509,538,544,1032,376,1694,0,0,0,0,0,0,0,0,0,0,0,0,0,0,0,0,16925,0,0,0,0,0,0
2021-01-13T23:59:59+01:00,183,254,550,858,775,1878,1017,2743,1133,1749,386,424,416,817,276,1299,0,0,0,0,0,0,0,0,0,0,0,0,0,0,0,0,14758,0,0,0,0,0,0
2021-01-12T23:59:59+01:00,159,228,518,787,721,1713,927,2527,1031,1550,302,312,323,581,197,921,0,0,0,0,0,0,0,0,0,0,0,0,0,0,0,0,12797,0,0,0,0,0,0
2021-01-11T23:59:59+01:00,128,177,439,648,627,1452,752,2037,802,1212,181,182,182,344,105,527,0,0,0,0,0,0,0,0,0,0,0,0,0,0,0,0,9795,0,0,0,0,0,0
2021-01-10T23:59:59+01:00,96,123,341,473,467,1052,538,1478,593,883,155,163,168,329,100,516,0,0,0,0,0,0,0,0,0,0,0,0,0,0,0,0,7475,0,0,0,0,0,0
2021-01-09T23:59:59+01:00,84,114,292,402,398,906,469,1254,522,752,150,155,163,325,100,514,0,0,0,0,0,0,0,0,0,0,0,0,0,0,0,0,6600,0,0,0,0,0,0
2021-01-08T23:59:59+01:00,71,89,213,286,300,627,356,951,426,576,143,148,148,316,98,514,0,0,0,0,0,0,0,0,0,0,0,0,0,0,0,0,5262,0,0,0,0,0,0
2021-01-07T23:59:59+01:00,50,32,85,125,135,246,163,434,225,300,108,123,135,285,95,489,0,0,0,0,0,0,0,0,0,0,0,0,0,0,0,0,3030,0,0,0,0,0,0
2021-01-06T23:59:59+01:00,35,24,74,95,116,192,137,355,195,242,86,96,111,233,80,419,0,0,0,0,0,0,0,0,0,0,0,0,0,0,0,0,2490,0,0,0,0,0,0
2021-01-05T23:59:59+01:00,32,19,64,89,105,179,122,339,183,223,84,91,109,226,78,401,0,0,0,0,0,0,0,0,0,0,0,0,0,0,0,0,2344,0,0,0,0,0,0
2021-01-04T23:59:59+01:00,29,18,61,85,97,170,117,321,181,214,83,89,100,209,70,372,0,0,0,0,0,0,0,0,0,0,0,0,0,0,0,0,2216,0,0,0,0,0,0
2021-01-03T23:59:59+01:00,29,18,61,85,97,170,117,321,181,214,83,89,99,208,70,372,0,0,0,0,0,0,0,0,0,0,0,0,0,0,0,0,2214,0,0,0,0,0,0
2021-01-02T23:59:59+01:00,29,18,61,85,97,170,117,321,180,214,83,89,99,208,70,372,0,0,0,0,0,0,0,0,0,0,0,0,0,0,0,0,2213,0,0,0,0,0,0
2021-01-01T23:59:59+01:00,29,18,61,85,97,170,117,321,179,213,83,89,99,208,70,372,0,0,0,0,0,0,0,0,0,0,0,0,0,0,0,0,2211,0,0,0,0,0,0
2020-12-31T23:59:59+01:00,29,18,61,85,97,170,117,321,179,213,83,89,99,208,70,372,0,0,0,0,0,0,0,0,0,0,0,0,0,0,0,0,2211,0,0,0,0,0,0
2020-12-30T23:59:59+01:00,28,18,61,83,96,168,117,320,179,213,83,89,99,208,70,372,0,0,0,0,0,0,0,0,0,0,0,0,0,0,0,0,2204,0,0,0,0,0,0
2020-12-29T23:59:59+01:00,23,12,42,59,76,102,86,226,131,165,64,75,75,174,56,297,0,0,0,0,0,0,0,0,0,0,0,0,0,0,0,0,1663,0,0,0,0,0,0
2020-12-28T23:59:59+01:00,9,7,19,28,34,51,40,119,49,84,29,43,43,101,29,172,0,0,0,0,0,0,0,0,0,0,0,0,0,0,0,0,857,0,0,0,0,0,0
2020-12-27T23:59:59+01:00,3,4,3,4,10,14,8,24,5,18,6,6,6,25,4,50,0,0,0,0,0,0,0,0,0,0,0,0,0,0,0,0,190,0,0,0,0,0,0
