Datum,<15_m,<15_w,15-24_1_m,15-24_1_w,25-34_1_m,25-34_1_w,35-44_1_m,35-44_1_w,45-54_1_m,45-54_1_w,55-64_1_m,55-64_1_w,65-74_1_m,65-74_1_w,75-84_1_m,75-84_1_w,>84_1_m,>84_1_w,<24_2_m,<24_2_w,25-34_2_m,25-34_2_w,35-44_2_m,35-44_2_w,45-54_2_m,45-54_2_w,55-64_2_m,55-64_2_w,65-74_2_m,65-74_2_w,75-84_2_m,75-84_2_w,>84_2_m,>84_2_w,bp_1,bp_2,mo_1,mo_2,az_1,az_2,ja,unb_1,unb_2
2021-10-20T23:59:59+02:00,11064,10326,61155,57440,67310,62971,75923,77021,97187,99125,108380,107240,74346,80663,52237,64115,15116,26061,56239,53166,63368,58790,72190,72791,93193,94821,104686,103733,72579,78663,51010,62565,14616,25026,844358,801229,70937,68478,182614,176066,49824,38,56
2021-10-19T23:59:59+02:00,11013,10278,61092,57369,67234,62892,75855,76957,97138,99084,108340,107206,74324,80645,52222,64092,15107,26046,56100,53055,63252,58679,72104,72700,93115,94726,104621,103664,72530,78619,50992,62529,14609,25010,843654,800029,70917,68454,182613,176064,49763,38,56
2021-10-18T23:59:59+02:00,10970,10234,61017,57299,67154,62827,75801,76900,97094,99033,108298,107161,74309,80625,52212,64066,15103,26030,55984,52911,63125,58546,72015,72603,93031,94629,104564,103607,72488,78582,50965,62501,14598,24993,842973,798842,70888,68440,182613,176053,49711,38,56
2021-10-17T23:59:59+02:00,10942,10208,60972,57262,67119,62791,75776,76877,97053,98998,108286,107140,74299,80613,52207,64053,15097,26022,55892,52834,63044,58454,71952,72520,92975,94574,104526,103566,72460,78551,50953,62473,14592,24975,842607,798030,70881,68416,182613,176032,49665,38,56
2021-10-16T23:59:59+02:00,10938,10204,60966,57258,67111,62783,75770,76873,97047,98996,108285,107137,74298,80613,52207,64052,15097,26022,55887,52820,63038,58448,71948,72516,92972,94569,104524,103562,72459,78549,50953,62473,14592,24975,842565,797983,70878,68408,182613,176032,49652,38,56
2021-10-15T23:59:59+02:00,10900,10158,60877,57195,67053,62721,75712,76813,96999,98945,108247,107114,74287,80598,52205,64051,15095,26020,55768,52701,62965,58377,71882,72443,92907,94511,104478,103520,72442,78531,50943,62457,14591,24971,841951,797165,70857,68363,182613,176031,49620,38,56
2021-10-14T23:59:59+02:00,10853,10098,60767,57100,66996,62626,75648,76740,96937,98888,108212,107066,74273,80580,52193,64037,15091,26014,55600,52569,62847,58248,71812,72347,92803,94420,104417,103451,72407,78498,50920,62423,14581,24958,841190,795921,70842,68337,182610,176017,49527,38,56
2021-10-13T23:59:59+02:00,10799,10057,60676,57019,66929,62534,75578,76675,96877,98849,108161,107025,74251,80556,52178,64017,15084,26004,55465,52441,62742,58122,71716,72252,92725,94337,104338,103376,72369,78465,50900,62390,14570,24938,840433,794744,70827,68326,182608,175997,49451,38,56
2021-10-12T23:59:59+02:00,10742,10008,60570,56936,66829,62451,75511,76620,96833,98797,108123,106991,74226,80532,52168,64005,15079,25995,55333,52291,62634,58008,71630,72146,92669,94256,104266,103309,72330,78417,50877,62360,14565,24921,839654,793564,70818,68307,182606,175989,49388,38,56
2021-10-11T23:59:59+02:00,10690,9959,60474,56877,66740,62357,75435,76551,96771,98744,108070,106947,74199,80501,52150,63978,15065,25973,55208,52163,62508,57875,71553,72038,92592,94182,104190,103242,72284,78373,50849,62326,14552,24899,838837,792389,70798,68288,182599,175980,49296,38,56
2021-10-10T23:59:59+02:00,10663,9934,60414,56836,66684,62316,75394,76508,96738,98714,108044,106927,74187,80490,52145,63970,15059,25961,55107,52045,62418,57752,71470,71953,92519,94097,104127,103190,72253,78343,50828,62304,14546,24887,838431,791404,70789,68278,182596,175966,49216,38,56
2021-10-09T23:59:59+02:00,10662,9931,60405,56828,66672,62309,75389,76502,96733,98705,108039,106925,74187,80486,52145,63970,15059,25960,55086,52029,62405,57736,71459,71944,92511,94091,104120,103186,72250,78342,50828,62304,14546,24887,838373,791290,70784,68272,182595,175963,49203,38,56
2021-10-08T23:59:59+02:00,10611,9882,60311,56733,66599,62232,75335,76435,96688,98663,108007,106898,74177,80478,52138,63958,15054,25959,54984,51940,62328,57672,71392,71878,92462,94037,104091,103153,72242,78331,50821,62298,14544,24885,837701,790623,70758,68240,182593,175953,49154,38,56
2021-10-07T23:59:59+02:00,10546,9816,60161,56624,66509,62134,75253,76339,96616,98609,107944,106843,74153,80456,52127,63944,15047,25953,54853,51797,62225,57544,71285,71769,92376,93946,104006,103088,72191,78293,50797,62273,14532,24874,836755,789388,70746,68207,182592,175936,49029,38,55
2021-10-06T23:59:59+02:00,10492,9775,60029,56532,66426,62055,75177,76280,96556,98567,107895,106798,74132,80432,52110,63921,15043,25937,54711,51634,62131,57410,71190,71665,92272,93859,103915,103005,72153,78250,50772,62239,14522,24860,835934,788115,70735,68200,182590,175920,48919,38,55
2021-10-05T23:59:59+02:00,10426,9706,59892,56409,66328,61957,75097,76208,96480,98505,107848,106744,74112,80405,52101,63892,15037,25926,54526,51463,62018,57264,71076,71548,92163,93757,103844,102934,72099,78206,50748,62200,14514,24847,835002,786741,70720,68171,182587,175909,48785,38,55
2021-10-04T23:59:59+02:00,10366,9653,59750,56293,66203,61847,75009,76121,96393,98431,107786,106696,74090,80374,52080,63856,15032,25906,54351,51278,61903,57111,70949,71418,92082,93651,103746,102847,72064,78151,50703,62161,14504,24827,833952,785290,70707,68164,182584,175891,48664,38,55
2021-10-03T23:59:59+02:00,10322,9614,59698,56208,66142,61798,74951,76082,96364,98400,107753,106658,74078,80356,52066,63836,15028,25897,54236,51164,61822,57021,70861,71318,92016,93578,103681,102762,72030,78122,50684,62128,14497,24823,833443,784329,70702,68159,182571,175863,48556,38,55
2021-10-02T23:59:59+02:00,10317,9612,59690,56193,66126,61786,74943,76069,96359,98395,107751,106655,74077,80356,52065,63834,15028,25897,54222,51153,61809,57014,70858,71308,92012,93575,103679,102753,72027,78122,50683,62126,14496,24823,833370,784258,70691,68153,182571,175862,48542,38,55
2021-10-01T23:59:59+02:00,10262,9555,59536,56095,66050,61701,74863,76002,96307,98342,107692,106620,74061,80333,52054,63821,15027,25893,54108,51045,61754,56950,70811,71260,91958,93519,103644,102720,72014,78115,50679,62114,14494,24818,832540,783596,70672,68126,182569,175860,48453,38,55
2021-09-30T23:59:59+02:00,10192,9474,59402,55946,65922,61580,74763,75914,96204,98255,107605,106560,74036,80296,52038,63797,15023,25878,53963,50912,61662,56845,70719,71178,91879,93437,103571,102656,71978,78072,50660,62080,14494,24807,831472,782614,70642,68104,182565,175850,48225,38,55
2021-09-29T23:59:59+02:00,10121,9418,59271,55821,65804,61465,74680,75821,96109,98167,107540,106503,73997,80251,52031,63769,15018,25867,53810,50759,61548,56710,70624,71071,91785,93345,103475,102589,71928,78028,50635,62029,14487,24797,830493,781427,70613,68074,182562,175831,48003,38,55
2021-09-28T23:59:59+02:00,10037,9336,59130,55671,65642,61324,74575,75736,96004,98082,107459,106437,73948,80209,52011,63741,15011,25851,53656,50608,61410,56595,70533,70955,91708,93265,103400,102511,71887,77990,50612,61996,14483,24786,829341,780368,70601,68055,182558,175822,47721,38,55
2021-09-27T23:59:59+02:00,9978,9284,58978,55511,65503,61197,74486,75632,95900,97976,107370,106384,73902,80166,51992,63714,15003,25831,53505,50480,61287,56461,70440,70848,91606,93169,103316,102459,71838,77943,50590,61960,14476,24767,828291,779379,70584,68039,182553,175776,47389,38,55
2021-09-26T23:59:59+02:00,9935,9243,58894,55425,65423,61114,74430,75556,95837,97920,107323,106347,73876,80141,51978,63687,14994,25816,53406,50368,61201,56381,70364,70759,91536,93093,103262,102427,71809,77914,50568,61936,14470,24755,827654,778634,70566,68031,182537,175740,47192,38,55
2021-09-25T23:59:59+02:00,9927,9231,58876,55406,65407,61104,74420,75547,95831,97912,107313,106343,73876,80140,51977,63686,14994,25816,53380,50360,61187,56363,70352,70751,91530,93087,103252,102425,71809,77912,50568,61933,14470,24755,827576,778558,70559,68027,182535,175739,47146,38,55
2021-09-24T23:59:59+02:00,9875,9175,58764,55282,65308,61004,74331,75455,95746,97839,107254,106302,73848,80118,51969,63676,14993,25806,53275,50253,61111,56289,70279,70680,91459,93026,103179,102375,71783,77894,50557,61917,14465,24745,826693,777771,70541,68019,182529,175733,46991,38,55
2021-09-23T23:59:59+02:00,9785,9084,58525,55091,65131,60846,74206,75309,95600,97703,107145,106192,73802,80082,51949,63636,14981,25788,53096,50118,60992,56153,70163,70569,91340,92916,103086,102302,71749,77849,50538,61892,14452,24731,825280,776758,70488,67991,182525,175715,46569,38,55
2021-09-22T23:59:59+02:00,9701,9024,58337,54943,64969,60701,74086,75185,95472,97603,107044,106134,73758,80033,51922,63592,14961,25761,52953,49968,60873,56033,70072,70472,91247,92810,103023,102249,71708,77800,50509,61855,14438,24717,824016,775774,70469,67967,182515,175701,46233,38,55
2021-09-21T23:59:59+02:00,9631,8936,58189,54788,64822,60556,73949,75051,95334,97484,106951,106041,73724,79974,51903,63566,14953,25739,52807,49807,60755,55902,69970,70366,91140,92706,102927,102155,71669,77755,50482,61814,14429,24692,822738,774601,70452,67954,182511,175694,45897,38,55
2021-09-20T23:59:59+02:00,9570,8875,58050,54650,64662,60423,73831,74900,95206,97393,106864,105948,73662,79930,51876,63530,14940,25719,52684,49672,60630,55782,69862,70258,91040,92616,102850,102080,71616,77711,50457,61765,14422,24674,821537,773618,70438,67937,182504,175665,45557,38,55
2021-09-19T23:59:59+02:00,9518,8835,57929,54562,64551,60307,73739,74795,95133,97293,106802,105876,73645,79905,51862,63510,14938,25708,52574,49555,60536,55670,69767,70164,90971,92544,102770,102011,71582,77678,50436,61734,14415,24668,820750,772841,70419,67922,182492,175639,45254,38,55
2021-09-18T23:59:59+02:00,9501,8818,57903,54533,64516,60276,73713,74771,95117,97271,106790,105855,73642,79904,51859,63507,14938,25707,52544,49520,60505,55647,69747,70144,90951,92528,102757,101991,71578,77675,50436,61733,14414,24666,820532,772649,70409,67913,182492,175638,45195,38,55
2021-09-17T23:59:59+02:00,9414,8740,57732,54385,64382,60148,73588,74652,95012,97168,106706,105783,73607,79872,51847,63489,14931,25700,52377,49409,60379,55537,69655,70054,90869,92448,102684,101932,71545,77638,50421,61703,14405,24659,819384,771703,70365,67894,182490,175631,44923,38,55
2021-09-16T23:59:59+02:00,9337,8665,57517,54233,64204,59961,73408,74484,94862,97034,106551,105671,73536,79814,51825,63447,14924,25685,52210,49283,60227,55413,69529,69940,90759,92346,102579,101851,71500,77589,50399,61665,14398,24646,817908,770728,70348,67875,182467,175599,44441,38,55
2021-09-15T23:59:59+02:00,9245,8584,57312,54012,64020,59758,73229,74305,94715,96881,106404,105537,73476,79746,51780,63395,14914,25664,52050,49117,60099,55278,69404,69836,90657,92266,102471,101761,71453,77532,50365,61627,14388,24635,816151,769645,70329,67858,182463,175587,44040,38,55
2021-09-14T23:59:59+02:00,9137,8478,57122,53779,63839,59571,73083,74127,94584,96723,106279,105437,73402,79681,51750,63345,14896,25643,51878,48918,59947,55137,69282,69716,90548,92137,102379,101668,71401,77471,50337,61583,14381,24622,814391,768315,70317,67845,182443,175552,43731,37,55
2021-09-13T23:59:59+02:00,9075,8411,56899,53574,63682,59377,72925,73957,94434,96570,106142,105306,73348,79631,51712,63298,14876,25613,51707,48755,59821,55005,69201,69624,90430,92048,102281,101595,71355,77429,50308,61541,14370,24611,812692,767252,70306,67832,182428,175525,43410,37,55
2021-09-12T23:59:59+02:00,9030,8383,56778,53487,63594,59282,72848,73871,94361,96504,106079,105238,73320,79606,51697,63275,14871,25606,51575,48644,59721,54906,69126,69546,90355,91983,102208,101526,71319,77399,50293,61516,14365,24598,811972,766444,70289,67818,182411,175500,43164,37,54
2021-09-11T23:59:59+02:00,9026,8374,56760,53464,63576,59269,72836,73858,94356,96490,106074,105233,73319,79605,51697,63275,14871,25606,51555,48623,59700,54894,69111,69535,90347,91968,102206,101521,71314,77397,50293,61516,14365,24596,811894,766395,70282,67772,182408,175498,43111,37,54
2021-09-10T23:59:59+02:00,8954,8313,56598,53318,63462,59149,72728,73753,94237,96373,105997,105172,73282,79569,51683,63249,14867,25601,51427,48558,59637,54831,69048,69487,90282,91911,102170,101483,71293,77381,50284,61506,14361,24590,810774,765930,70250,67717,182402,175495,42885,37,54
2021-09-09T23:59:59+02:00,8883,8248,56398,53125,63296,58965,72570,73609,94089,96233,105872,105078,73223,79505,51652,63215,14863,25588,51244,48392,59482,54699,68915,69360,90163,91805,102054,101391,71249,77337,50255,61476,14355,24574,809414,764872,70229,67667,182383,175473,42392,36,54
2021-09-08T23:59:59+02:00,8799,8171,56219,52954,63145,58785,72427,73457,93930,96103,105777,104969,73156,79444,51623,63160,14858,25573,51067,48227,59357,54561,68790,69210,90038,91699,101970,101291,71196,77280,50228,61434,14351,24557,808021,763717,70203,67615,182346,175450,41984,36,54
2021-09-07T23:59:59+02:00,8711,8111,56055,52799,63027,58645,72310,73326,93824,96002,105670,104868,73103,79396,51597,63120,14851,25551,50898,48064,59228,54416,68667,69094,89932,91584,101871,101191,71149,77234,50205,61408,14347,24538,806760,762504,70198,67601,182342,175428,41670,36,54
2021-09-06T23:59:59+02:00,8648,8045,55907,52629,62889,58488,72207,73195,93723,95891,105590,104779,73051,79347,51565,63089,14840,25535,50748,47923,59090,54267,68551,68974,89851,91488,101775,101104,71099,77186,50181,61379,14340,24527,805543,761379,70171,67558,182309,175404,41398,36,54
2021-09-05T23:59:59+02:00,8619,8007,55839,52536,62825,58427,72158,73138,93674,95841,105563,104735,73027,79324,51555,63069,14833,25529,50657,47838,59024,54201,68490,68915,89807,91431,101734,101054,71077,77158,50168,61362,14334,24518,805019,760758,70162,67548,182288,175384,41233,36,54
2021-09-04T23:59:59+02:00,8612,8002,55819,52527,62816,58418,72150,73130,93667,95837,105560,104729,73026,79323,51555,63069,14833,25529,50643,47823,59008,54187,68486,68906,89800,91426,101730,101050,71076,77156,50167,61362,14334,24518,804960,760693,70159,67543,182287,175383,41199,36,54
2021-09-03T23:59:59+02:00,8546,7933,55687,52440,62743,58321,72071,73050,93589,95774,105490,104668,72996,79290,51536,63038,14826,25519,50528,47728,58929,54120,68425,68834,89738,91365,101665,100997,71048,77122,50145,61336,14331,24509,804040,759907,70151,67525,182280,175374,41049,36,54
2021-09-02T23:59:59+02:00,8451,7838,55495,52284,62618,58216,71977,72921,93469,95660,105385,104583,72939,79235,51504,62991,14815,25499,50303,47558,58784,54001,68321,68720,89603,91260,101548,100901,70990,77075,50121,61308,14323,24493,802904,758752,70108,67482,182266,175324,40603,36,54
2021-09-01T23:59:59+02:00,8375,7745,55345,52136,62488,58084,71889,72796,93376,95570,105307,104512,72901,79191,51482,62956,14808,25481,50128,47349,58658,53861,68241,68608,89501,91157,101443,100807,70949,77033,50094,61267,14316,24477,801794,757519,70084,67443,182252,175271,40313,36,54
2021-08-31T23:59:59+02:00,8267,7651,55184,51981,62382,57970,71811,72695,93291,95487,105223,104433,72860,79149,51460,62927,14798,25467,49921,47148,58539,53722,68127,68485,89403,91052,101333,100728,70903,76980,50072,61231,14304,24460,800716,756156,70076,67427,182243,175246,40002,36,54
2021-08-30T23:59:59+02:00,8191,7571,55002,51818,62270,57841,71696,72578,93167,95358,105103,104338,72810,79106,51443,62893,14776,25444,49723,46934,58417,53583,68028,68374,89285,90939,101218,100619,70852,76945,50045,61202,14290,24443,799522,754950,70036,67361,182210,175190,39637,36,54
2021-08-29T23:59:59+02:00,8150,7525,54912,51739,62212,57764,71628,72530,93115,95294,105055,104303,72790,79084,51428,62877,14770,25435,49605,46831,58328,53483,67956,68298,89230,90878,101157,100566,70825,76929,50031,61189,14284,24440,798997,754291,70034,67351,182200,175146,39380,36,54
2021-08-28T23:59:59+02:00,8132,7511,54873,51701,62181,57744,71601,72513,93097,95278,105041,104292,72785,79082,51426,62873,14770,25435,49567,46812,58302,53467,67935,68284,89210,90855,101150,100553,70819,76925,50029,61187,14284,24440,798791,754144,70033,67344,182198,175146,39313,36,54
2021-08-27T23:59:59+02:00,8048,7433,54691,51563,62067,57605,71504,72390,92975,95157,104930,104206,72740,79031,51403,62837,14758,25429,49442,46727,58223,53385,67853,68213,89132,90788,101092,100505,70783,76890,50015,61176,14282,24440,797471,753441,70028,67338,182186,175138,39082,36,54
2021-08-26T23:59:59+02:00,7984,7360,54532,51416,61944,57494,71406,72282,92870,95028,104824,104125,72698,78979,51380,62817,14753,25415,49279,46571,58102,53279,67753,68119,89027,90709,101023,100436,70742,76854,49991,61154,14277,24430,796417,752612,70018,67299,182177,175105,38693,36,54
2021-08-25T23:59:59+02:00,7920,7307,54388,51266,61833,57342,71300,72166,92763,94927,104722,104039,72639,78928,51352,62781,14740,25401,49083,46380,57977,53139,67634,67995,88914,90595,100922,100346,70685,76806,49964,61114,14270,24415,795412,751476,69992,67266,182166,175067,38242,36,54
2021-08-24T23:59:59+02:00,7810,7218,54249,51062,61707,57205,71194,72037,92646,94807,104617,103941,72586,78881,51317,62736,14732,25385,48863,46157,57839,52967,67525,67860,88812,90502,100831,100264,70647,76753,49939,61088,14266,24398,794012,750077,69975,67244,182156,175045,37985,36,54
2021-08-23T23:59:59+02:00,7748,7144,54066,50890,61575,57081,71081,71926,92519,94700,104519,103842,72534,78819,51283,62694,14725,25374,48679,45983,57722,52841,67419,67763,88708,90411,100744,100185,70606,76702,49911,61049,14262,24386,792803,749059,69945,67218,182141,174990,37629,36,54
2021-08-22T23:59:59+02:00,7720,7118,53983,50812,61522,57019,71041,71873,92476,94658,104475,103813,72513,78803,51274,62681,14724,25368,48560,45874,57633,52748,67344,67703,88637,90353,100701,100143,70576,76678,49896,61031,14259,24379,792380,748380,69937,67210,182120,174940,37434,36,54
2021-08-21T23:59:59+02:00,7714,7115,53956,50797,61503,57008,71025,71859,92463,94640,104465,103803,72508,78801,51274,62680,14724,25367,48540,45857,57612,52741,67326,67684,88619,90338,100691,100133,70574,76675,49896,61030,14259,24379,792309,748289,69894,67191,182116,174934,37381,36,54
2021-08-20T23:59:59+02:00,7683,7078,53865,50722,61429,56947,70954,71796,92398,94577,104412,103767,72483,78773,51262,62654,14716,25356,48447,45782,57541,52678,67256,67628,88561,90278,100631,100095,70551,76652,49890,61014,14250,24375,791766,747771,69822,67178,182113,174910,37169,36,54
2021-08-19T23:59:59+02:00,7617,6998,53733,50599,61279,56831,70837,71688,92283,94488,104316,103676,72434,78716,51233,62614,14707,25336,48314,45679,57425,52585,67166,67550,88470,90199,100533,100029,70518,76624,49870,60990,14246,24366,790726,747126,69786,67144,182096,174865,36775,36,54
2021-08-18T23:59:59+02:00,7542,6941,53585,50461,61152,56720,70726,71596,92174,94399,104214,103591,72375,78663,51198,62578,14697,25315,48195,45552,57306,52487,67076,67476,88352,90110,100455,99953,70470,76582,49848,60962,14238,24349,789721,746399,69756,67105,182085,174813,36363,36,54
2021-08-17T23:59:59+02:00,7459,6860,53422,50297,61044,56595,70610,71474,92069,94294,104106,103491,72324,78620,51170,62552,14689,25304,48002,45374,57174,52348,66955,67369,88222,90014,100345,99856,70414,76533,49823,60941,14231,24337,788642,745367,69734,67071,182080,174758,35922,36,54
2021-08-16T23:59:59+02:00,7387,6797,53292,50166,60947,56481,70510,71379,91975,94189,104013,103391,72280,78568,51140,62508,14681,25296,47862,45256,57066,52278,66860,67284,88121,89927,100258,99762,70367,76492,49797,60911,14223,24332,787767,744739,69686,67008,182065,174691,35480,36,53
2021-08-15T23:59:59+02:00,7338,6757,53214,50085,60878,56411,70444,71319,91917,94138,103958,103343,72245,78539,51132,62492,14677,25287,47756,45160,56974,52190,66790,67222,88043,89862,100203,99715,70329,76455,49782,60890,14218,24320,787293,744250,69672,66979,182052,174609,35155,36,52
2021-08-14T23:59:59+02:00,7316,6742,53141,50015,60829,56367,70408,71272,91880,94099,103919,103307,72224,78531,51123,62481,14675,25284,47517,44887,56807,52002,66637,67068,87908,89740,100087,99608,70279,76412,49771,60867,14214,24315,786810,742418,69665,66973,182052,174598,35084,36,52
2021-08-13T23:59:59+02:00,7275,6706,53030,49919,60744,56287,70355,71203,91804,94043,103868,103262,72201,78509,51111,62470,14673,25277,47013,44388,56567,51734,66407,66813,87635,89487,99890,99403,70192,76310,49732,60807,14208,24294,786055,738938,69661,66963,182052,174524,34967,36,52
2021-08-12T23:59:59+02:00,7244,6679,52929,49848,60685,56208,70281,71153,91733,93984,103807,103216,72167,78477,51097,62454,14671,25263,46514,43943,56291,51431,66146,66591,87375,89263,99540,99127,70077,76171,49673,60743,14197,24265,785617,735884,69636,66907,182036,174070,34605,36,51
2021-08-11T23:59:59+02:00,7178,6610,52763,49679,60554,56089,70197,71059,91625,93880,103707,103109,72107,78412,51065,62412,14664,25247,45835,43323,55920,51049,65884,66294,87080,88998,99203,98759,69937,76025,49612,60640,14185,24236,784443,731766,69615,66870,182027,173635,34270,36,51
2021-08-10T23:59:59+02:00,7101,6526,52564,49492,60409,55969,70090,70936,91500,93750,103583,103004,72055,78355,51034,62381,14656,25238,44878,42415,55249,50394,65389,65840,86619,88513,98711,98302,69732,75826,49512,60539,14164,24197,783082,725495,69606,66818,182021,173133,33931,36,51
2021-08-09T23:59:59+02:00,7058,6479,52453,49400,60331,55895,70032,70876,91432,93678,103511,102945,72012,78319,51028,62365,14652,25230,43871,41352,54534,49703,64914,65408,86174,88079,98194,97833,69542,75602,49419,60413,14136,24157,782516,719031,69536,66739,182010,172570,33631,36,51
2021-08-08T23:59:59+02:00,7012,6438,52388,49332,60291,55863,69994,70850,91375,93631,103458,102905,71991,78297,51014,62344,14646,25225,43815,41289,54471,49657,64850,65370,86102,88021,98127,97783,69516,75571,49397,60387,14128,24150,782230,718742,69529,66723,181996,172487,33294,36,51
2021-08-07T23:59:59+02:00,6973,6397,52279,49204,60213,55787,69936,70785,91305,93569,103408,102857,71974,78280,51005,62338,14646,25224,42849,40266,53916,49085,64414,64965,85727,87623,97807,97436,69373,75428,49341,60305,14111,24132,781445,712374,69525,66706,181996,172479,33209,36,49
2021-08-06T23:59:59+02:00,6930,6335,52145,49075,60140,55721,69870,70704,91225,93493,103348,102800,71951,78257,50994,62319,14644,25220,42167,39653,53673,48818,64191,64723,85492,87401,97578,97234,69289,75337,49299,60264,14105,24119,780572,708756,69521,66624,181995,172342,33078,36,49
2021-08-05T23:59:59+02:00,6820,6228,51891,48851,59964,55532,69729,70559,91062,93346,103206,102664,71890,78194,50966,62279,14631,25201,41332,38957,53153,48358,63818,64375,85034,87001,96955,96715,69102,75153,49233,60166,14086,24088,778952,704208,69468,66573,181961,171213,32626,36,49
2021-08-04T23:59:59+02:00,6731,6142,51696,48618,59817,55354,69616,70408,90927,93232,103087,102547,71829,78130,50940,62233,14620,25172,40489,38169,52783,47955,63496,64055,84662,86673,96543,96308,68939,74982,49156,60069,14070,24054,777544,699617,69432,66554,181947,170427,32170,36,49
2021-08-03T23:59:59+02:00,6658,6085,51526,48481,59692,55224,69525,70317,90828,93133,102990,102466,71776,78095,50920,62207,14612,25156,39490,37223,51988,47271,62953,63522,84144,86188,95829,95678,68695,74766,49064,59952,14049,24009,776508,693366,69423,66531,181940,169244,31814,36,49
2021-08-02T23:59:59+02:00,6610,6042,51390,48342,59600,55145,69441,70248,90774,93060,102911,102404,71737,78054,50899,62184,14605,25143,38216,36060,51023,46459,62236,62934,83537,85622,95029,94976,68441,74509,48976,59818,14029,23970,775813,685729,69376,66480,181912,167932,31482,36,49
2021-08-01T23:59:59+02:00,6568,5987,51219,48180,59446,55030,69348,70134,90666,92969,102823,102311,71695,78017,50877,62144,14600,25127,38032,35926,50863,46359,62105,62841,83359,85479,94576,94573,68324,74399,48937,59769,14018,23950,774764,685083,69347,66421,181894,166622,31130,36,49
2021-07-31T23:59:59+02:00,6525,5953,51125,48059,59391,54958,69299,70090,90627,92939,102796,102287,71684,78005,50869,62140,14600,25124,36422,34414,49952,45490,61568,62276,82855,84966,94095,94139,68135,74194,48858,59674,14000,23917,774154,675923,69343,66412,181894,166507,31074,36,49
2021-07-30T23:59:59+02:00,6489,5900,50975,47918,59309,54877,69230,70031,90553,92859,102740,102249,71667,77981,50860,62117,14597,25120,34960,33008,48979,44539,60836,61584,82169,84345,93412,93563,67901,73957,48754,59524,13981,23886,773392,666384,69318,66401,181888,166202,30868,36,49
2021-07-29T23:59:59+02:00,6374,5780,50545,47550,59094,54607,69038,69841,90364,92671,102577,102112,71592,77899,50827,62062,14582,25102,34225,32390,48354,44090,60432,61229,81744,83994,92639,92888,67706,73799,48691,59437,13961,23855,771077,662514,69264,66254,181845,164557,30425,36,49
2021-07-28T23:59:59+02:00,6302,5717,50290,47356,58962,54452,68910,69745,90236,92547,102470,102018,71536,77842,50800,62022,14573,25085,33899,32096,48034,43851,60199,61005,81565,83822,92400,92688,67632,73732,48658,59404,13948,23845,769760,660804,69231,66165,181818,164035,30048,36,48
2021-07-27T23:59:59+02:00,6250,5670,50128,47216,58820,54356,68817,69656,90134,92438,102364,101941,71491,77789,50770,61988,14565,25071,32430,30691,46760,42756,59366,60210,80960,83291,91378,91840,67355,73447,48570,59277,13916,23804,768856,652132,69205,66094,181794,162239,29603,36,48
2021-07-26T23:59:59+02:00,6227,5641,50009,47128,58722,54269,68740,69603,90047,92377,102299,101889,71451,77752,50747,61968,14559,25062,31061,29430,45437,41630,58264,59223,80250,82656,90212,90809,67047,73174,48479,59160,13892,23762,768322,643045,69139,65999,181756,159942,29268,35,48
2021-07-25T23:59:59+02:00,6207,5624,49895,47023,58632,54203,68676,69544,89982,92320,102239,101841,71417,77716,50728,61945,14556,25052,30854,29273,45163,41432,58008,58992,79978,82446,89250,89954,66839,73000,48410,59087,13880,23738,767910,641855,69127,65880,181730,157484,28829,34,48
2021-07-24T23:59:59+02:00,6172,5595,49775,46935,58563,54141,68628,69488,89936,92277,102198,101800,71411,77709,50725,61942,14555,25048,29256,27681,44007,40345,57310,58277,79358,81872,88605,89387,66659,72809,48339,58985,13866,23714,767304,631779,69118,65863,181722,157344,28750,34,48
2021-07-23T23:59:59+02:00,6087,5508,49601,46757,58469,54037,68519,69385,89831,92173,102108,101704,71375,77652,50704,61911,14551,25042,27558,26160,42746,39254,56377,57388,78665,81254,87896,88723,66389,72536,48260,58884,13845,23684,765927,621206,69114,65697,181703,156870,28666,34,48
2021-07-22T23:59:59+02:00,5947,5395,49304,46471,58270,53832,68347,69217,89647,92020,101953,101570,71308,77569,50662,61860,14540,25023,26736,25330,41835,38440,55434,56559,77921,80627,86230,87215,66013,72136,48150,58753,13814,23632,763989,612711,69069,65195,181671,155398,28202,34,48
2021-07-21T23:59:59+02:00,5671,5112,48770,45942,57967,53519,68115,68939,89368,91772,101683,101303,71181,77439,50602,61795,14531,24997,26480,25106,41413,38158,54992,56168,77551,80345,85421,86609,65845,72008,48094,58687,13796,23607,760378,610735,69044,64916,181649,153621,27631,34,48
2021-07-20T23:59:59+02:00,5594,5038,48484,45663,57797,53310,67939,68794,89188,91617,101518,101159,71105,77372,50563,61748,14522,24969,25303,23951,40118,37124,53649,54963,76645,79571,84057,85263,65538,71666,47986,58550,13768,23561,758693,600323,69037,64758,181605,152038,27041,34,48
2021-07-19T23:59:59+02:00,5514,4952,48158,45337,57576,53102,67773,68591,89000,91439,101370,100998,71032,77290,50520,61697,14513,24940,24472,23112,38806,36001,51918,53465,75377,78516,82943,84281,65243,71410,47886,58432,13743,23521,756893,590273,69027,64612,181577,150245,26301,34,48
2021-07-18T23:59:59+02:00,5506,4951,48086,45279,57479,53023,67702,68517,88907,91372,101298,100933,70995,77249,50494,61664,14511,24928,24334,23011,38535,35779,51585,53174,75125,78320,82038,83511,65050,71232,47829,58359,13738,23499,756616,589207,69004,64449,181537,148014,25733,34,48
2021-07-17T23:59:59+02:00,5479,4914,47987,45201,57405,52963,67640,68460,88847,91310,101253,100914,70987,77234,50489,61657,14511,24927,22946,21548,37146,34474,50341,51979,74519,77763,81403,82914,64921,71084,47762,58297,13729,23479,756053,578316,68999,64423,181528,147874,25594,34,48
2021-07-16T23:59:59+02:00,5376,4835,47745,44969,57281,52858,67522,68346,88708,91213,101146,100810,70941,77182,50466,61638,14505,24921,21688,20308,35848,33227,48884,50658,73507,76828,80702,82254,64701,70861,47680,58196,13710,23447,754597,566668,68997,64360,181521,147671,25343,34,48
2021-07-15T23:59:59+02:00,5234,4706,47347,44644,57072,52664,67329,68161,88496,91014,100958,100641,70843,77081,50417,61564,14496,24892,21082,19807,34920,32528,47644,49710,72322,75908,78550,80118,64101,70263,47536,58017,13691,23384,752537,557308,68980,63330,181474,145828,24556,34,48
2021-07-14T23:59:59+02:00,4860,4382,46755,44069,56838,52398,67121,67958,88282,90773,100740,100444,70736,76971,50349,61481,14484,24868,20875,19661,34657,32368,47271,49407,71790,75516,77884,79582,63777,69987,47453,57933,13668,23350,749086,555497,68964,63142,181422,143926,24025,34,46
2021-07-13T23:59:59+02:00,4769,4302,46554,43916,56673,52240,66959,67811,88124,90646,100594,100317,70663,76909,50311,61434,14480,24852,20312,19127,33631,31547,45650,47952,70029,73852,76279,78021,63401,69596,47324,57761,13639,23298,747721,544558,68947,62371,181348,142307,23526,34,46
2021-07-12T23:59:59+02:00,4704,4224,46366,43725,56521,52098,66804,67684,87951,90507,100438,100176,70587,76821,50273,61378,14473,24834,19835,18691,32844,30924,43986,46495,67646,71779,74387,76517,62871,69009,47179,57599,13611,23247,746447,533449,68924,61802,181248,139734,22933,34,46
2021-07-11T23:59:59+02:00,4699,4221,46295,43672,56458,52048,66753,67645,87889,90454,100366,100115,70549,76778,50263,61363,14470,24820,19626,18548,32492,30676,43537,46118,67184,71419,73607,75817,62471,68629,47107,57509,13595,23214,746297,531648,68913,61476,181183,137257,22453,34,46
2021-07-10T23:59:59+02:00,4573,4085,46011,43365,56272,51851,66603,67469,87755,90314,100264,100008,70493,76721,50242,61337,14467,24811,19062,17997,31548,29813,41786,44537,65700,70137,72971,75196,62306,68480,47054,57457,13588,23200,744197,521028,68907,61460,181171,137211,22354,34,46
2021-07-09T23:59:59+02:00,4444,3967,45736,43113,56104,51657,66441,67303,87603,90149,100131,99903,70440,76648,50206,61296,14462,24799,18470,17423,30574,28850,39832,42606,63402,68010,71810,74055,62032,68155,46978,57332,13570,23175,742141,507324,68893,61079,181165,136805,22191,34,46
2021-07-08T23:59:59+02:00,4415,3941,45593,42999,55978,51539,66309,67203,87478,90027,100012,99806,70386,76596,50185,61258,14451,24785,17527,16616,29170,27815,38111,41150,61271,66188,68452,70898,61133,67179,46733,56989,13525,23080,741410,492045,68833,58998,181094,134224,21604,34,46
2021-07-07T23:59:59+02:00,4403,3935,45527,42956,55894,51485,66226,67159,87425,89987,99969,99756,70370,76574,50176,61240,14447,24775,16566,15762,27777,26802,36583,39916,59650,64731,65221,67420,60115,66137,46496,56668,13475,23008,741106,476734,68786,57085,181042,132075,21336,34,46
2021-07-06T23:59:59+02:00,4351,3887,45381,42828,55768,51343,66120,67050,87316,89895,99888,99672,70332,76515,50158,61213,14444,24761,15795,15021,26697,25893,34735,38203,56248,61706,62568,64959,59361,65348,46223,56334,13434,22905,739972,458822,68766,56267,180983,129945,21168,33,46
2021-07-05T23:59:59+02:00,4288,3842,45203,42653,55615,51240,65996,66941,87199,89802,99803,99574,70269,76451,50136,61186,14441,24746,15135,14393,25747,25076,33502,37069,53146,58730,59792,62492,58522,64536,45970,56022,13389,22827,738785,442728,68727,55911,180903,127458,20937,33,46
2021-07-04T23:59:59+02:00,4279,3836,45156,42621,55549,51207,65953,66915,87161,89770,99771,99546,70245,76430,50130,61171,14435,24735,14930,14189,25308,24720,32903,36541,52481,58201,58806,61627,57860,63904,45786,55817,13370,22778,738590,438648,68695,55706,180833,124756,20759,33,45
2021-07-03T23:59:59+02:00,4059,3658,44622,42057,55232,50830,65656,66638,86914,89509,99570,99350,70172,76358,50107,61125,14431,24723,14644,13867,24954,24365,31925,35619,50735,56652,57937,60891,57686,63706,45719,55732,13358,22753,734776,430066,68680,55688,180827,124708,20695,33,45
2021-07-02T23:59:59+02:00,3750,3372,43969,41463,54906,50494,65374,66334,86641,89256,99334,99124,70069,76245,50055,61055,14425,24706,14226,13418,24258,23758,30765,34550,48101,54482,55801,59101,57291,63275,45559,55573,13342,22715,730441,417544,68663,54637,180814,123977,20622,32,30
2021-07-01T23:59:59+02:00,3612,3262,43613,41112,54704,50319,65214,66170,86487,89115,99180,99004,69998,76177,50024,61021,14417,24691,13536,12733,22956,22676,29086,33036,46088,52738,53306,56819,55867,61700,45065,54957,13269,22588,728295,404005,68599,52323,180764,120144,20430,32,29
2021-06-30T23:59:59+02:00,3601,3245,43349,40915,54520,50185,65095,66073,86395,89048,99110,98952,69971,76153,50012,60999,14413,24680,12791,12131,21786,21777,27497,31666,44234,51021,49669,52857,54538,60366,44709,54519,13213,22460,727150,388240,68547,50419,180743,116711,20245,31,29
2021-06-29T23:59:59+02:00,3384,3025,42433,40080,53913,49583,64656,65645,85982,88596,98763,98625,69846,76004,49955,60928,14394,24649,12190,11524,20987,21009,26130,30458,41610,48608,47796,51309,53568,59255,44302,53981,13119,22307,721170,376195,68494,48894,180728,113327,20038,31,28
2021-06-28T23:59:59+02:00,3166,2845,41476,39082,53247,48930,64192,65254,85600,88207,98430,98281,69706,75844,49890,60828,14376,24626,11688,11072,20328,20418,25160,29560,39516,46668,46170,49943,52459,58208,43940,53473,13039,22186,715003,366703,68383,47858,180719,109649,19844,31,28
2021-06-27T23:59:59+02:00,3161,2842,41439,39050,53201,48895,64154,65220,85548,88171,98378,98255,69686,75831,49881,60814,14371,24623,11494,10878,20002,20101,24582,28998,38490,45816,45004,48849,51426,57196,43506,52966,12957,22043,714794,362094,68354,47414,180684,105334,19657,31,28
2021-06-26T23:59:59+02:00,2679,2369,40045,37680,52477,48150,63602,64656,85061,87652,97953,97822,69495,75656,49808,60710,14352,24600,11379,10775,19832,19946,24383,28780,38010,45377,44636,48496,51312,57051,43460,52918,12952,22028,706079,359134,68327,47409,180684,105316,19646,31,28
2021-06-25T23:59:59+02:00,2272,2036,39195,36869,52126,47792,63279,64332,84780,87342,97701,97555,69391,75540,49761,60648,14338,24578,11079,10465,19449,19520,23856,28157,35322,43072,42450,46581,50974,56672,43362,52787,12928,21997,701022,347557,68191,46963,180677,104665,19614,31,28
2021-06-24T23:59:59+02:00,2218,1984,38706,36408,51775,47464,63062,64123,84546,87149,97513,97398,69309,75474,49726,60602,14332,24562,10481,9881,18384,18641,22432,26901,33222,41233,40017,44285,49492,55021,42792,52086,12811,21794,698075,334666,68162,44360,180656,101112,19427,31,28
2021-06-23T23:59:59+02:00,2205,1960,38475,36177,51613,47295,62948,64012,84448,87054,97436,97314,69278,75443,49708,60581,14328,24551,10026,9449,17757,18085,21503,26043,31290,39600,36048,39822,48198,53657,42406,51579,12731,21628,696842,319135,68130,43738,180640,97803,19185,29,28
2021-06-22T23:59:59+02:00,2126,1899,37490,35250,50862,46623,62466,63564,84073,86644,97072,97002,69129,75300,49641,60500,14315,24518,9554,9016,16887,17397,20278,24963,28162,36834,33742,37945,47240,52685,41996,51022,12591,21394,690705,306949,68085,40998,180627,94734,19028,29,27
2021-06-21T23:59:59+02:00,1979,1760,36138,34027,49841,45755,61745,62902,83576,86172,96632,96597,68960,75129,49575,60405,14304,24483,9235,8718,16426,17033,19653,24484,26416,35269,32203,36651,46190,51605,41543,50473,12485,21202,682745,299590,68057,40355,180612,91095,18538,28,27
2021-06-20T23:59:59+02:00,1968,1751,36051,33974,49698,45634,61608,62767,83496,86113,96563,96538,68926,75101,49560,60387,14304,24472,9087,8615,16208,16865,19337,24226,25599,34615,31260,35701,45995,51402,41512,50421,12476,21182,682109,295803,68018,39763,180594,90763,18162,28,27
2021-06-19T23:59:59+02:00,1600,1451,34435,32431,48793,44814,61120,62263,83025,85639,96156,96186,68777,74935,49495,60306,14289,24448,9047,8541,16104,16742,19217,24073,25493,34456,31130,35559,45899,51306,41494,50396,12472,21172,673406,294462,68001,39760,180587,90726,18141,28,27
2021-06-18T23:59:59+02:00,1404,1278,32788,30845,47586,43625,60182,61343,82219,84892,95542,95609,68558,74713,49406,60168,14273,24418,8972,8456,15945,16587,19029,23880,25240,34216,30847,35239,45605,50959,41410,50319,12459,21158,662276,292267,67867,39645,180586,90305,18092,28,27
2021-06-17T23:59:59+02:00,1329,1220,31865,30002,46721,42916,59376,60493,81477,84246,95131,95225,68416,74569,49364,60092,14259,24389,8430,8090,15255,16031,18201,23054,24137,33090,29366,33877,44279,49456,40925,49707,12339,20969,655345,283321,67753,38818,180555,87646,17409,28,27
2021-06-16T23:59:59+02:00,1246,1156,31174,29300,45918,42170,58450,59614,80700,83475,94708,94845,68280,74409,49307,60000,14239,24363,7942,7764,14640,15516,17423,22326,22996,32134,28186,32767,42382,47337,40379,49128,12231,20784,648276,273571,67628,38218,180535,85247,16887,28,27
2021-06-15T23:59:59+02:00,1104,1037,29282,27510,44170,40648,56861,57977,79313,82155,93951,94174,67993,74116,49193,59843,14206,24298,7767,7637,14331,15276,17061,22024,22476,31749,27652,32338,41444,46321,39995,48702,12107,20564,633323,270496,67580,37711,180497,82820,16403,28,27
2021-06-14T23:59:59+02:00,1011,923,27732,26039,42569,39133,55208,56327,78212,81045,93257,93546,67742,73875,49098,59722,14186,24253,7584,7464,13957,14941,16534,21578,21783,31166,26973,31744,41058,45897,39611,48251,11976,20358,620088,267815,67526,37297,180468,79980,15768,28,26
2021-06-13T23:59:59+02:00,987,898,27533,25859,42185,38801,54663,55806,77866,80738,93065,93356,67652,73795,49061,59664,14171,24228,7442,7296,13684,14646,16146,21178,21355,30675,26436,31241,40660,45493,39148,47686,11797,20073,617389,265720,67385,37228,180440,76907,15086,28,26
2021-06-12T23:59:59+02:00,858,784,26019,24267,41021,37721,53990,55072,77333,80244,92516,92831,67497,73618,48992,59587,14158,24207,7397,7246,13562,14538,16014,21065,21171,30529,26318,31141,40643,45476,39138,47675,11797,20072,607849,264940,67379,37226,180435,76577,15024,28,26
2021-06-11T23:59:59+02:00,745,675,24401,22744,39669,36529,52760,53863,76364,79392,91942,92255,67262,73383,48930,59479,14139,24172,7341,7158,13390,14351,15797,20869,20899,30269,26047,30884,40338,45100,39053,47560,11779,20043,596086,263045,67299,37081,180426,75872,14865,28,26
2021-06-10T23:59:59+02:00,644,585,23404,21736,38449,35347,51155,52359,75047,78196,90336,90708,66907,72988,48804,59305,14114,24117,7060,6933,12864,13915,15158,20297,20138,29513,25256,30207,39633,44239,38701,47142,11665,19859,583188,259580,66817,37047,180374,72144,13794,28,26
2021-06-09T23:59:59+02:00,574,536,22950,21348,37788,34824,50046,51313,73803,77000,89745,90203,66780,72843,48754,59220,14099,24087,6787,6624,12272,13310,14373,19486,19221,28488,24271,29044,37065,41319,38137,46497,11517,19620,576016,249254,66356,36974,180335,68610,13178,28,26
2021-06-08T23:59:59+02:00,468,425,21433,19884,36181,33464,47933,49354,71661,75063,88270,88724,66464,72458,48619,59059,14066,24043,6656,6448,11888,12939,13889,18997,18617,27886,23715,28507,36781,41064,37846,46130,11408,19463,558647,247594,66080,36896,180302,65217,12512,28,26
2021-06-07T23:59:59+02:00,353,331,20427,18909,34636,32133,45658,47332,69526,73185,87292,87876,66240,72192,48545,58924,14046,24007,6502,6286,11463,12588,13346,18513,17889,27297,23081,27909,36461,40760,37428,45649,11295,19264,543463,245601,65909,36826,180249,61326,11963,28,26
2021-06-06T23:59:59+02:00,330,310,20247,18763,34241,31848,45050,46758,68907,72700,87081,87710,66184,72131,48533,58897,14039,23995,6370,6111,11135,12173,12917,17941,17252,26487,22385,27101,35993,40284,36946,45096,11139,18995,540341,243153,65582,36777,180206,56814,11567,28,25
2021-06-05T23:59:59+02:00,258,245,19000,17497,32909,30634,43823,45584,68332,72182,86549,87200,66093,72029,48485,58849,14032,23983,6319,6030,11031,12010,12792,17763,17082,26276,22214,26912,35929,40207,36924,45072,11137,18990,530343,242550,65582,36364,180185,56214,11546,28,25
2021-06-04T23:59:59+02:00,177,175,17806,16346,31599,29343,42270,44087,66990,70868,85742,86448,65906,71816,48409,58757,14016,23954,6216,5888,10857,11800,12578,17507,16727,25891,21694,26474,35042,39352,36609,44772,11120,18967,517514,240707,65515,36037,180178,53263,11474,28,24
2021-06-03T23:59:59+02:00,122,122,17166,15772,30613,28516,40810,42792,65215,69337,83493,84163,65480,71363,48281,58595,13998,23916,6046,5679,10547,11444,12260,17040,16276,25230,21145,25895,34378,38561,36433,44569,11087,18917,503720,238369,64818,35650,180139,50427,11049,28,23
2021-06-02T23:59:59+02:00,93,79,16823,15461,30302,28251,40146,42170,63625,67944,82552,83361,65339,71200,48221,58512,13995,23901,5929,5588,10372,11284,12030,16824,15984,24924,20799,25502,31130,34933,36205,44346,11058,18864,496210,229668,64815,35318,180138,49989,10784,28,23
2021-06-01T23:59:59+02:00,37,44,16031,14789,28804,27145,37783,40109,60056,64759,80119,81039,64989,70836,48093,58322,13961,23847,5655,5308,9854,10850,11493,16230,15317,24128,20061,24744,30788,34637,36010,44168,11029,18802,477842,228205,63258,34813,180071,46479,9565,27,22
2021-05-31T23:59:59+02:00,29,36,15467,14310,27865,26443,35822,38444,56611,61731,78088,79336,64658,70480,47949,58147,13929,23795,5492,5100,9442,10484,11065,15749,14781,23443,19437,24039,30503,34383,35827,43976,10994,18745,462072,227524,62536,34426,180005,42997,8500,27,22
2021-05-30T23:59:59+02:00,27,33,15321,14183,27579,26212,35369,38035,55898,61111,77768,79063,64596,70422,47924,58112,13925,23784,5389,4904,9114,10122,10653,15262,14329,22641,18910,23269,29825,33667,35600,43783,10972,18683,459091,227059,62098,34346,179957,37516,8189,27,22
2021-05-29T23:59:59+02:00,25,32,14924,13790,26730,25396,33610,36443,54415,59815,77179,78496,64446,70273,47871,58059,13918,23770,5356,4829,9051,10009,10559,15144,14220,22492,18779,23130,29796,33644,35594,43775,10971,18680,448963,226576,62065,34346,179953,36910,8184,27,22
2021-05-28T23:59:59+02:00,22,31,14518,13389,25915,24651,31761,34682,52243,57809,76127,77500,64241,70021,47819,57982,13908,23747,5272,4711,8874,9865,10403,14970,14059,22255,18567,22829,29727,33597,35577,43758,10970,18675,437004,225902,61596,34340,179864,35979,7875,27,22
2021-05-27T23:59:59+02:00,18,26,13889,12922,24848,23934,30511,33754,50636,56433,73029,74514,63799,69484,47685,57820,13885,23692,5159,4476,8541,9525,10000,14538,13617,21622,18061,22230,29504,33393,35466,43646,10949,18647,424853,225252,59637,34269,179232,32710,7130,27,22
2021-05-26T23:59:59+02:00,17,24,13402,12499,23934,23290,29590,33051,49551,55507,70070,71322,63184,68873,47550,57649,13854,23646,5072,4313,8285,9208,9700,14149,13259,21020,17628,21630,29308,33226,35368,43541,10922,18595,414028,224638,57462,34151,178735,29661,6761,27,22
2021-05-25T23:59:59+02:00,17,19,13061,12202,23352,22885,28533,32190,46949,53270,67808,69196,62832,68506,47437,57500,13836,23591,4994,4192,8076,8945,9446,13772,12947,20499,17244,21080,29149,33071,35284,43435,10895,18539,402166,224085,56395,34070,178112,26916,6484,27,22
2021-05-24T23:59:59+02:00,16,18,12763,11919,22853,22502,27913,31738,44326,50836,65347,67005,62523,68207,47326,57374,13800,23534,4922,4083,7826,8712,9126,13386,12617,19986,16860,20523,29006,32931,35209,43363,10871,18492,390495,223505,55911,34003,177445,24270,6122,27,22
2021-05-23T23:59:59+02:00,16,18,12701,11850,22758,22417,27833,31659,44069,50609,64759,66456,62443,68119,47301,57356,13798,23532,4901,4068,7791,8681,9067,13352,12538,19925,16781,20468,28997,32918,35205,43356,10871,18490,388290,223223,55830,33996,177431,24061,6116,27,22
2021-05-22T23:59:59+02:00,16,18,12477,11612,22437,22109,26832,30769,42233,49033,63903,65715,62280,67928,47235,57265,13788,23509,4884,4013,7763,8617,9026,13287,12507,19839,16751,20400,28986,32908,35201,43350,10870,18489,379799,223131,55819,33996,177426,23663,6088,27,22
2021-05-21T23:59:59+02:00,16,17,12174,11361,21868,21668,26018,30077,39839,47138,61927,64046,62018,67655,47151,57177,13773,23483,4865,3986,7708,8531,8960,13198,12430,19746,16676,20315,28970,32882,35194,43340,10868,18488,369366,222935,54763,33981,177234,23212,6016,27,22
2021-05-20T23:59:59+02:00,15,17,11561,10788,20739,20774,24866,29047,38332,45859,59581,61973,61199,66754,46950,56918,13739,23427,4588,3808,7307,8240,8519,12803,11973,19234,16256,19794,28849,32786,35143,43287,10864,18478,358859,222529,52408,33870,175952,20224,5293,27,22
2021-05-19T23:59:59+02:00,15,17,11121,10475,19952,20222,24018,28447,37430,45175,56348,58336,60509,66051,46841,56783,13716,23380,4435,3648,7052,7997,8243,12474,11642,18804,15886,19371,28750,32674,35100,43211,10853,18463,348391,222046,50786,33752,174823,17983,4809,27,22
2021-05-18T23:59:59+02:00,15,17,10790,10188,19370,19771,23364,27886,36021,43947,54934,57207,60137,65624,46711,56622,13691,23355,4328,3521,6804,7763,7982,12189,11407,18401,15538,18941,28666,32582,35070,43170,10849,18456,342996,221754,48932,33670,173343,15878,4352,27,22
2021-05-17T23:59:59+02:00,14,16,10569,10007,18932,19482,22928,27575,34818,42954,53624,56171,59888,65377,46647,56523,13675,23322,4257,3435,6596,7545,7730,11894,11150,18005,15227,18535,28574,32494,35045,43129,10843,18443,338913,221454,47937,33602,171823,14011,3822,27,22
2021-05-16T23:59:59+02:00,14,15,10378,9878,18636,19278,22594,27334,34179,42494,52386,55001,59695,65212,46610,56469,13664,23302,4188,3361,6379,7379,7440,11641,10882,17653,14932,18171,28508,32432,35029,43111,10836,18439,336474,221203,47060,33540,170204,12250,3375,26,22
2021-05-15T23:59:59+02:00,14,15,10283,9778,18485,19130,22423,27189,33794,42125,51990,54623,59579,65066,46562,56424,13661,23286,4148,3325,6295,7314,7347,11538,10780,17534,14828,18041,28413,32314,34937,43018,10832,18434,334071,220115,47059,33538,170070,12231,3201,26,22
2021-05-14T23:59:59+02:00,13,15,10000,9574,18055,18887,22022,26902,31442,40346,49838,52766,59358,64837,46514,56339,13645,23264,4019,3242,6009,7150,7042,11314,10434,17183,14482,17714,27841,31608,34814,42826,10814,18405,324907,216823,47006,33532,169458,12108,2421,25,22
2021-05-13T23:59:59+02:00,13,15,9539,9205,17262,18325,21154,26221,30325,39356,47594,50592,58507,63863,46304,56056,13606,23191,3518,3048,5670,6897,6730,11005,10023,16793,14105,17280,26945,30409,34390,42308,10783,18343,316413,212228,45143,32976,167435,10917,2113,24,22
2021-05-12T23:59:59+02:00,13,15,9248,9011,16829,18068,20683,25931,29796,38970,44591,46948,57934,63221,46220,55942,13588,23166,3378,2960,5438,6786,6450,10858,9740,16584,13866,17016,26297,29586,34224,42115,10757,18310,307226,209197,44326,32950,167142,10749,1456,24,22
2021-05-11T23:59:59+02:00,13,13,8811,8732,16056,17551,19819,25311,28057,37527,42655,45445,57557,62775,46136,55807,13567,23138,3259,2829,5205,6445,6152,10445,9372,16028,13427,16455,24874,27916,33713,41487,10706,18222,301736,203216,41267,32767,164655,9251,1288,24,22
2021-05-10T23:59:59+02:00,13,12,8550,8579,15544,17296,19185,24990,27067,36837,41194,44300,57290,62502,46056,55703,13547,23107,3149,2704,4973,6210,5898,10121,9049,15551,13064,16033,23823,26585,33224,40904,10671,18164,298431,198561,40358,32739,161984,7835,976,23,20
2021-05-09T23:59:59+02:00,13,12,8394,8497,15237,17115,18802,24735,26400,36408,39415,42634,56994,62223,46001,55645,13539,23087,3029,2650,4792,6070,5730,9947,8851,15344,12896,15860,23548,26253,33079,40731,10661,18149,295457,197366,39984,32696,158983,6812,704,23,20
2021-05-08T23:59:59+02:00,13,12,8319,8424,15056,16969,18593,24535,26172,36170,39182,42443,56867,62073,45963,55608,13536,23076,3021,2631,4761,6034,5686,9901,8774,15279,12810,15790,23178,25827,32793,40417,10653,18133,293893,196177,39531,31986,158860,6809,704,23,20
2021-05-07T23:59:59+02:00,12,11,8146,8328,14728,16785,18205,24298,25749,35880,38726,42063,56593,61718,45914,55561,13529,23066,2722,2497,4411,5847,5416,9639,8458,14968,12414,15394,22079,24453,32143,39582,10625,18083,291349,192713,39099,30484,158532,5215,309,23,18
2021-05-06T23:59:59+02:00,11,11,7495,7971,13829,16185,17146,23443,24407,34765,36581,40398,55464,60397,45671,55254,13494,22999,2597,2384,4236,5651,5208,9335,8114,14527,11981,14940,20772,22776,31288,38573,10571,17969,280699,187092,37816,29525,156711,4024,272,23,17
2021-05-05T23:59:59+02:00,9,11,6957,7662,13045,15636,16110,22676,23020,33740,34750,38910,53623,58356,45350,54908,13461,22933,2510,2325,4061,5494,5018,9123,7767,14189,11612,14579,19382,20994,30094,37157,10531,17866,269228,180957,36893,28353,154919,3289,94,23,17
2021-05-04T23:59:59+02:00,9,10,6768,7570,12679,15459,15622,22405,22371,33394,33790,38211,52769,57393,45227,54780,13443,22892,2455,2255,3907,5325,4842,8869,7425,13781,11186,14120,17729,19065,28996,35825,10434,17746,265447,174138,36025,27412,153257,2361,41,22,16
2021-05-03T23:59:59+02:00,9,10,6622,7421,12301,15240,15116,22093,21664,32987,32637,37321,52471,57075,45131,54672,13428,22860,2396,2185,3813,5145,4702,8633,7207,13432,10865,13712,16526,17566,28116,34721,10369,17638,262156,168559,35564,27062,151286,1367,30,22,16
2021-05-02T23:59:59+02:00,9,10,6541,7329,12086,15068,14821,21860,21187,32666,31487,36373,52187,56784,45069,54581,13410,22829,2381,2178,3792,5112,4671,8597,7141,13361,10781,13620,16214,17170,27819,34416,10357,17625,259720,166992,35490,26948,149036,1260,29,22,14
2021-05-01T23:59:59+02:00,9,10,6523,7306,12023,15019,14741,21796,21086,32593,31360,36279,52181,56769,45065,54580,13408,22827,2378,2171,3768,5095,4630,8572,7104,13324,10720,13565,16016,16947,27704,34279,10354,17615,259150,166026,35489,26923,148885,1258,29,22,14
2021-04-30T23:59:59+02:00,9,10,6485,7267,11932,14924,14635,21677,20891,32407,31120,36088,51910,56409,45020,54527,13402,22815,2350,2150,3706,5032,4534,8463,6954,13141,10442,13303,15200,15920,26833,33205,10313,17527,257366,162818,35446,25032,148666,1189,28,22,14
2021-04-29T23:59:59+02:00,9,10,6280,7140,11610,14736,14280,21439,20372,32117,30367,35597,51261,55583,44928,54408,13375,22736,2312,2104,3613,4945,4410,8327,6760,12923,10165,13016,14224,14686,25529,31658,10251,17434,254182,157113,35351,24284,146666,927,27,22,14
2021-04-28T23:59:59+02:00,9,10,6016,6976,11233,14400,13787,20971,19732,31509,29202,34464,48592,52577,44634,54083,13312,22658,2274,2063,3546,4884,4295,8210,6600,12739,9916,12797,13083,13204,24037,29777,10189,17331,244229,151139,35224,23079,144675,708,15,22,12
2021-04-27T23:59:59+02:00,9,10,5912,6884,11080,14277,13587,20807,19453,31299,28641,34076,48386,52356,44578,54029,13303,22636,2232,2029,3457,4790,4202,8101,6434,12553,9634,12521,11866,11639,22381,27620,10110,17185,242852,144312,35176,21894,143258,530,15,22,11
2021-04-26T23:59:59+02:00,9,10,5863,6840,10963,14209,13426,20685,19227,31088,27807,33509,48048,51987,44523,53963,13294,22607,2210,2002,3403,4747,4140,8033,6332,12420,9445,12347,10947,10480,21101,25863,10049,17095,242121,139032,35149,21146,140752,420,15,21,9
2021-04-25T23:59:59+02:00,9,10,5817,6793,10858,14114,13266,20529,18980,30804,27046,32770,47550,51476,44439,53864,13280,22587,2184,1992,3373,4728,4122,8014,6299,12379,9388,12286,10785,10287,20858,25540,10039,17081,240410,138179,35106,20798,138640,362,15,21,9
2021-04-24T23:59:59+02:00,9,10,5795,6744,10781,14025,13167,20385,18846,30625,26885,32589,47449,51353,44345,53768,13276,22582,2177,1982,3348,4700,4083,7967,6227,12307,9257,12168,10628,10106,20723,25408,10023,17063,238930,137651,35088,20157,138580,343,15,21,9
2021-04-23T23:59:59+02:00,9,10,5733,6655,10648,13826,12964,20131,18535,30245,26488,32227,46503,50216,44191,53523,13253,22550,2159,1960,3305,4663,4034,7913,6132,12216,9093,12040,10361,9806,20399,24987,9975,16981,234532,136527,35028,19149,138111,332,15,21,9
2021-04-22T23:59:59+02:00,9,10,5631,6541,10438,13627,12611,19795,18023,29773,25858,31634,44774,48062,43619,52794,13207,22449,2145,1949,3266,4610,3957,7840,6003,12116,8834,11875,9927,9399,19943,24396,9925,16904,228278,134402,34916,18370,135625,300,15,21,9
2021-04-21T23:59:59+02:00,9,9,5533,6404,10208,13425,12280,19481,17520,29279,25140,30901,40493,43191,43139,52260,13140,22345,2132,1940,3230,4573,3902,7782,5922,12023,8658,11715,9595,9015,19444,23804,9859,16807,216147,132753,34849,17358,133725,277,15,21,5
2021-04-20T23:59:59+02:00,9,9,5455,6314,10014,13208,12005,19215,17097,28872,24587,30333,38738,41175,42484,51480,13068,22204,2107,1927,3189,4549,3835,7738,5789,11924,8487,11587,9311,8697,18971,23135,9762,16666,209901,131384,34759,16054,131571,223,15,21,5
2021-04-19T23:59:59+02:00,9,8,5376,6236,9853,13078,11800,19005,16734,28490,24041,29862,37179,39381,41892,50758,13014,22117,2091,1910,3154,4514,3795,7694,5749,11855,8402,11495,9073,8413,18563,22567,9715,16574,204861,129688,34701,15660,129237,203,15,19,5
2021-04-18T23:59:59+02:00,9,7,5314,6185,9722,12993,11600,18866,16453,28292,23633,29549,35867,38016,41539,50353,12980,22053,2078,1895,3126,4492,3769,7678,5705,11808,8352,11446,8975,8324,18409,22379,9702,16549,203315,129207,34659,15269,125424,198,15,18,5
2021-04-17T23:59:59+02:00,9,7,5308,6169,9688,12962,11553,18826,16376,28225,23569,29490,35556,37675,41431,50255,12974,22042,2068,1887,3099,4479,3711,7633,5635,11757,8266,11394,8864,8214,18303,22263,9681,16536,202084,128402,34650,15179,125348,196,15,18,5
2021-04-16T23:59:59+02:00,9,7,5243,6130,9599,12901,11418,18714,16165,28065,23216,29142,34473,36416,41019,49729,12954,22008,1935,1801,2870,4299,3351,7316,4865,11224,6776,10304,6341,6144,16490,20569,9486,16238,197916,119047,34560,10756,124700,193,15,17,5
2021-04-15T23:59:59+02:00,9,7,5177,6040,9397,12728,11123,18467,15669,27671,22526,28537,32575,34100,39972,48521,12873,21840,1892,1769,2803,4234,3232,7195,4648,11042,6398,9996,5884,5745,15898,19882,9294,15903,192088,115913,34507,9705,120605,184,15,17,5
2021-04-14T23:59:59+02:00,9,7,5115,5994,9231,12601,10907,18290,15267,27356,21874,28057,30647,31848,38752,47099,12798,21653,1809,1715,2719,4166,3121,7102,4447,10876,6090,9746,5405,5331,15316,19194,9090,15547,185706,113287,34368,8245,117399,129,15,17,5
2021-04-13T23:59:59+02:00,9,7,5068,5940,9094,12473,10730,18122,14924,27080,21351,27595,28542,29395,37489,45500,12654,21446,1765,1698,2682,4123,3065,7041,4313,10736,5820,9535,5062,5027,14865,18745,8954,15343,178809,111863,34302,6865,114277,33,15,16,5
2021-04-12T23:59:59+02:00,9,7,5005,5891,8986,12335,10523,17974,14603,26799,20812,27140,26501,27122,36329,44030,12524,21245,1730,1654,2652,4103,3037,6988,4254,10669,5717,9434,4896,4881,14564,18377,8841,15142,173084,111017,34223,5877,110497,32,15,16,5
2021-04-11T23:59:59+02:00,9,7,4969,5848,8893,12256,10365,17873,14339,26622,20387,26816,25298,25831,35623,43245,12435,21095,1721,1648,2631,4083,3012,6960,4219,10622,5630,9366,4804,4826,14448,18254,8802,15089,171296,110807,34152,5269,106432,26,15,16,5
2021-04-10T23:59:59+02:00,9,7,4958,5835,8851,12228,10310,17838,14271,26573,20291,26736,24982,25456,35276,42825,12428,21074,1716,1642,2622,4075,2998,6943,4189,10591,5571,9327,4726,4749,14319,18088,8755,15004,170082,110008,33427,5268,106408,26,15,16,5
2021-04-09T23:59:59+02:00,9,7,4911,5803,8767,12149,10186,17714,14102,26399,20031,26492,24142,24301,34321,41614,12396,21000,1688,1613,2565,4041,2926,6883,4038,10481,5316,9103,4310,4374,13749,17370,8525,14635,166714,106321,31910,5260,105694,26,11,15,5
2021-04-08T23:59:59+02:00,9,7,4835,5738,8621,12040,9973,17542,13706,26085,19426,26025,22434,22311,32626,39640,12247,20764,1658,1597,2511,3996,2843,6796,3890,10344,5024,8839,3853,3947,12755,16123,8041,13872,160949,101328,31003,4730,102051,21,11,15,5
2021-04-07T23:59:59+02:00,9,6,4788,5685,8437,11962,9746,17392,13388,25858,18955,25663,20625,20196,30864,37376,12129,20550,1625,1581,2457,3944,2782,6715,3783,10199,4837,8651,3589,3655,12065,15319,7664,13311,154902,98000,29825,4156,98881,12,10,11,5
2021-04-06T23:59:59+02:00,9,6,4741,5639,8293,11850,9586,17226,13068,25590,18435,25276,18769,18129,28937,34883,11926,20205,1590,1562,2433,3918,2749,6677,3721,10156,4755,8560,3480,3531,11592,14671,7378,12897,148049,95689,28860,3961,95639,11,10,10,5
2021-04-05T23:59:59+02:00,9,6,4710,5598,8198,11760,9447,17129,12855,25378,18033,24930,17040,16198,27310,32734,11779,19977,1568,1550,2402,3900,2719,6628,3678,10097,4669,8444,3367,3422,11251,14303,7220,12616,142636,94292,28424,3522,92013,11,10,8,5
2021-04-04T23:59:59+02:00,9,6,4703,5592,8190,11750,9433,17114,12829,25357,18005,24905,16908,16022,27114,32488,11770,19963,1567,1549,2400,3897,2716,6624,3676,10093,4666,8441,3358,3411,11239,14291,7217,12608,141917,94213,28331,3522,91896,11,8,6,5
2021-04-03T23:59:59+02:00,9,6,4699,5585,8176,11743,9414,17094,12790,25326,17927,24841,16828,15932,27067,32431,11765,19956,1564,1547,2391,3889,2698,6610,3653,10065,4583,8386,3241,3296,11158,14216,7211,12598,141386,93566,28305,3522,91884,11,8,6,5
2021-04-02T23:59:59+02:00,9,6,4673,5565,8117,11689,9350,17026,12651,25219,17691,24640,16375,15454,26591,31854,11733,19902,1562,1538,2377,3883,2691,6594,3632,10033,4513,8293,3171,3228,10921,13914,7059,12395,140174,92268,26892,3518,91465,11,8,6,5
2021-04-01T23:59:59+02:00,8,6,4630,5504,8005,11547,9220,16866,12378,24933,17246,24239,15623,14728,25832,30891,11606,19720,1545,1518,2348,3850,2668,6565,3593,9994,4445,8227,3058,3097,9985,12797,6445,11545,137932,88252,26228,3413,88810,10,6,6,5
2021-03-31T23:59:59+02:00,8,6,4418,5425,7894,11425,9079,16699,12159,24658,16892,23873,14926,13964,24998,29880,11496,19521,1536,1513,2335,3830,2643,6536,3545,9946,4379,8158,2970,3009,9414,12094,6080,11046,136129,85818,24764,3201,86416,10,6,6,5
2021-03-30T23:59:59+02:00,8,6,4387,5372,7820,11298,8992,16542,11997,24468,16608,23561,14325,13322,24238,28895,11357,19276,1522,1503,2314,3805,2617,6507,3505,9881,4313,8087,2843,2861,8819,11438,5729,10551,134639,83490,23548,2794,84273,6,6,6,5
2021-03-29T23:59:59+02:00,8,6,4347,5317,7720,11186,8885,16379,11838,24194,16279,23214,13780,12720,23473,27919,11197,19027,1504,1490,2295,3789,2595,6478,3471,9822,4249,8012,2790,2793,8530,11051,5540,10239,132791,82102,22788,2535,81898,6,6,6,5
2021-03-28T23:59:59+02:00,8,6,4312,5233,7636,11076,8806,16225,11703,23964,16020,22940,13451,12409,22901,27224,11022,18743,1495,1483,2273,3773,2580,6449,3431,9772,4211,7954,2742,2742,8451,10947,5495,10171,132292,81751,22263,2208,79112,5,6,6,5
2021-03-27T23:59:59+01:00,8,6,4298,5222,7610,11044,8740,16153,11603,23869,15876,22824,13245,12196,22698,27010,10987,18714,1494,1481,2270,3771,2579,6448,3417,9744,4201,7932,2734,2736,8393,10882,5460,10131,131408,81455,21617,2208,79066,5,6,6,5
2021-03-26T23:59:59+01:00,8,6,4255,5155,7500,10910,8565,15968,11269,23566,15262,22321,12323,11367,21907,26167,10840,18487,1489,1467,2265,3750,2566,6425,3400,9718,4160,7895,2704,2697,8212,10663,5339,9961,127350,80605,20004,2094,78510,5,6,6,5
2021-03-25T23:59:59+01:00,8,5,4200,4994,7337,10631,8320,15561,10885,22942,14617,21623,11648,10704,21036,25098,10521,17941,1469,1453,2233,3724,2532,6386,3365,9671,4090,7814,2574,2560,7234,9403,4724,9044,124061,76399,19222,1866,74777,5,5,6,5
2021-03-24T23:59:59+01:00,8,5,4124,4853,7200,10343,8105,15149,10621,22393,14146,21013,11041,10145,20102,24008,10188,17374,1448,1424,2206,3686,2488,6349,3323,9606,4011,7714,2475,2463,6583,8640,4339,8460,121460,73759,18028,1450,71324,3,2,4,5
2021-03-23T23:59:59+01:00,8,5,4084,4760,7093,10105,7950,14808,10358,21887,13743,20522,10574,9703,19375,23156,9874,16906,1437,1406,2180,3665,2469,6321,3264,9552,3921,7637,2382,2363,5856,7707,3887,7769,119992,70679,16922,1132,67992,3,1,4,5
2021-03-22T23:59:59+01:00,8,5,4031,4681,6965,9865,7790,14486,10098,21419,13393,20021,10180,9348,18806,22446,9680,16557,1428,1399,2173,3651,2457,6305,3240,9529,3891,7603,2321,2312,5401,7099,3529,7277,119100,68567,16519,1042,64155,3,1,4,5
2021-03-21T23:59:59+01:00,8,5,3984,4578,6831,9601,7622,14129,9877,20880,13050,19495,9860,9068,18269,21843,9491,16244,1425,1395,2172,3640,2454,6297,3234,9520,3881,7589,2307,2293,5284,6966,3471,7176,118895,68057,16122,1042,59813,2,1,4,5
2021-03-20T23:59:59+01:00,8,5,3973,4558,6796,9547,7564,14056,9793,20771,12944,19405,9773,8975,18129,21666,9440,16157,1422,1390,2168,3636,2449,6292,3220,9510,3861,7579,2272,2261,4956,6593,3282,6934,118063,66778,16027,1042,59465,2,1,4,5
2021-03-19T23:59:59+01:00,7,5,3798,4418,6503,9298,7123,13631,8881,20041,11217,18081,6912,6628,15873,19462,9077,15593,1418,1386,2163,3629,2437,6279,3208,9485,3810,7533,2205,2220,4581,6121,3013,6609,108762,65083,11306,1009,56475,2,1,4,5
2021-03-18T23:59:59+01:00,7,4,3694,4286,6326,8988,6855,13191,8493,19382,10578,17344,6197,5976,14650,17988,8559,14768,1414,1380,2140,3602,2419,6243,3179,9444,3770,7500,2160,2186,4159,5589,2730,6195,103626,63204,10299,901,53356,2,1,4,5
2021-03-17T23:59:59+01:00,7,4,3615,4213,6195,8843,6684,13014,8195,19072,10175,16954,5789,5589,13835,17061,8157,14179,1404,1367,2124,3583,2389,6211,3148,9416,3733,7464,2105,2126,3750,5143,2476,5807,100383,61475,8607,766,52586,2,1,4,5
2021-03-16T23:59:59+01:00,7,4,3536,4079,6041,8573,6477,12645,7882,18491,9628,16299,5261,5135,13019,16101,7819,13679,1395,1359,2115,3566,2373,6196,3132,9397,3708,7438,2078,2090,3232,4500,2136,5294,98060,59242,7196,762,49415,2,1,4,5
2021-03-15T23:59:59+01:00,7,4,3488,3932,5852,8300,6258,12234,7605,17919,9192,15676,4943,4850,12361,15358,7552,13216,1395,1349,2099,3551,2353,6172,3113,9348,3684,7399,2041,2039,2864,4038,1851,4899,96560,57447,6214,744,45969,2,0,4,5
2021-03-14T23:59:59+01:00,7,4,3444,3797,5622,7969,5968,11788,7296,17201,8733,14924,4620,4575,12070,15103,7504,13117,1388,1343,2083,3522,2340,6123,3095,9290,3667,7361,2034,2028,2785,3930,1798,4813,96437,57047,5597,549,41704,2,0,4,5
2021-03-13T23:59:59+01:00,7,4,3429,3756,5581,7853,5909,11666,7211,17053,8584,14769,4469,4425,11980,15018,7498,13106,1388,1343,2083,3522,2339,6123,3094,9289,3666,7361,2031,2020,2733,3875,1764,4760,95745,56838,5597,549,40972,2,0,4,5
2021-03-12T23:59:59+01:00,7,4,3410,3685,5524,7718,5848,11514,7125,16827,8448,14535,4361,4329,11706,14693,7341,12888,1388,1343,2079,3516,2338,6115,3090,9283,3664,7356,2029,2018,2645,3764,1680,4673,94313,56428,5589,549,40057,2,0,4,5
2021-03-11T23:59:59+01:00,7,4,3333,3492,5316,7418,5615,11097,6785,16159,8010,13897,4017,3992,10626,13436,6682,11972,1383,1341,2068,3502,2319,6090,3068,9250,3640,7323,1999,1994,2406,3499,1524,4454,90106,55339,5153,517,36595,2,0,4,5
2021-03-10T23:59:59+01:00,7,4,3237,3374,5098,7147,5403,10735,6515,15613,7673,13351,3794,3764,9980,12644,6293,11433,1378,1330,2041,3464,2290,6000,3020,9128,3583,7204,1955,1917,2190,3262,1390,4260,87629,54125,4777,283,33655,2,0,4,5
2021-03-09T23:59:59+01:00,6,4,3164,3247,4933,6958,5200,10449,6284,15179,7376,12842,3610,3557,9342,11944,5917,10906,1371,1319,2006,3404,2259,5898,2958,8985,3515,7122,1925,1891,1910,2945,1218,4013,85343,52700,4515,35,31056,2,0,4,5
2021-03-08T23:59:59+01:00,6,4,3099,3090,4705,6693,4961,10096,6024,14666,7015,12256,3408,3364,8950,11500,5720,10589,1368,1301,1992,3326,2228,5801,2920,8839,3482,7029,1910,1869,1707,2713,1094,3819,83868,51363,4144,33,28130,0,0,4,5
2021-03-07T23:59:59+01:00,6,4,3067,3031,4632,6578,4877,9983,5919,14502,6898,12110,3357,3318,8863,11392,5679,10520,1362,1296,1986,3314,2220,5776,2914,8800,3470,7010,1902,1857,1652,2645,1043,3750,83508,50962,3968,33,27256,0,0,4,5
2021-03-06T23:59:59+01:00,6,4,3053,2974,4591,6486,4840,9916,5861,14382,6850,11999,3333,3295,8806,11326,5644,10477,1360,1283,1981,3300,2208,5749,2911,8773,3459,6991,1892,1833,1624,2621,1037,3741,83185,50728,3968,33,26686,0,0,4,5
2021-03-05T23:59:59+01:00,6,4,3029,2880,4532,6375,4776,9817,5798,14230,6747,11847,3288,3240,8619,11098,5521,10302,1351,1250,1949,3245,2183,5643,2870,8639,3415,6853,1848,1787,1560,2551,1015,3713,82276,49837,3960,33,25869,0,0,4,5
2021-03-04T23:59:59+01:00,4,4,2976,2689,4375,6139,4558,9504,5591,13814,6434,11458,3112,3064,7598,9801,4886,9384,1332,1201,1911,3122,2152,5460,2824,8363,3360,6621,1776,1698,1523,2499,1010,3695,78103,48513,3686,32,23598,0,0,4,5
2021-03-03T23:59:59+01:00,3,4,2937,2618,4236,5947,4392,9235,5388,13436,6178,11036,2987,2932,6947,9025,4490,8774,1320,1165,1884,3049,2130,5350,2793,8184,3307,6464,1708,1656,1482,2429,990,3641,75373,47519,3443,32,21745,0,0,4,4
2021-03-02T23:59:59+01:00,3,4,2877,2527,4050,5728,4186,8964,5190,13057,5909,10660,2839,2770,6182,8058,4018,8064,1287,1122,1857,2976,2106,5208,2743,7911,3258,6266,1635,1596,1416,2349,966,3590,72198,46253,2987,32,19897,0,0,4,4
2021-03-01T23:59:59+01:00,3,3,2838,2464,3886,5576,3999,8745,5000,12736,5671,10267,2738,2655,5687,7400,3652,7553,1281,1086,1833,2875,2080,5015,2703,7661,3198,6030,1592,1560,1366,2288,936,3547,70026,45018,2678,32,18165,0,0,4,4
2021-02-28T23:59:59+01:00,3,3,2796,2416,3728,5457,3778,8555,4816,12486,5484,9962,2681,2581,5565,7246,3590,7452,1277,1081,1828,2862,2071,4991,2696,7625,3188,6013,1583,1553,1361,2280,933,3537,69548,44847,2456,31,16591,0,0,4,4
2021-02-27T23:59:59+01:00,3,2,2781,2354,3701,5377,3744,8482,4782,12393,5449,9888,2640,2547,5232,6860,3391,7201,1270,1073,1821,2850,2058,4956,2677,7560,3172,5957,1565,1544,1355,2269,931,3536,68233,44563,2456,30,16134,0,0,4,4
2021-02-26T23:59:59+01:00,3,2,2761,2313,3659,5289,3678,8378,4720,12282,5364,9801,2563,2494,4850,6377,3113,6870,1213,1023,1771,2744,2009,4776,2621,7285,3101,5748,1504,1493,1332,2248,918,3527,66418,43283,2329,29,15766,0,0,4,4
2021-02-25T23:59:59+01:00,3,2,2589,2206,3476,5106,3493,8153,4516,11996,5145,9526,2474,2427,4400,5822,2823,6442,1197,965,1740,2635,1955,4501,2552,6890,3006,5462,1458,1450,1311,2233,915,3518,64550,41761,2001,26,14044,0,0,4,4
2021-02-24T23:59:59+01:00,3,2,2436,2073,3286,4912,3347,7949,4319,11742,4925,9276,2337,2307,3940,5311,2561,6043,1182,936,1717,2552,1920,4361,2492,6634,2954,5258,1427,1418,1293,2212,911,3495,62773,40742,1522,18,12470,0,0,4,4
2021-02-23T23:59:59+01:00,3,2,2303,1935,3108,4684,3195,7710,4144,11471,4740,9029,2248,2214,3383,4645,2217,5524,1168,888,1684,2456,1881,4170,2424,6335,2860,4998,1371,1363,1264,2168,895,3468,60555,39376,1169,15,10827,0,0,4,4
2021-02-22T23:59:59+01:00,3,2,2263,1884,3024,4591,3125,7603,4050,11285,4632,8904,2197,2173,3012,4179,1931,5137,1157,829,1652,2332,1840,3924,2348,5941,2734,4701,1308,1309,1241,2135,887,3444,58874,37775,1082,5,10035,0,0,4,4
2021-02-21T23:59:59+01:00,3,2,2227,1853,2972,4522,3045,7489,3969,11140,4566,8787,2182,2150,2928,4064,1875,5049,1154,811,1635,2280,1813,3817,2315,5785,2672,4578,1278,1286,1231,2121,880,3429,58441,37078,1049,5,9329,0,0,4,4
2021-02-20T23:59:59+01:00,3,2,2215,1850,2949,4509,3029,7453,3943,11107,4545,8765,2179,2142,2874,4007,1840,4994,1153,808,1635,2278,1812,3808,2314,5780,2671,4574,1277,1283,1230,2118,879,3428,58225,37042,1048,5,9129,0,0,4,3
2021-02-19T23:59:59+01:00,2,2,2203,1836,2913,4457,3004,7365,3898,11025,4491,8702,2171,2136,2783,3893,1755,4900,1102,799,1596,2270,1801,3799,2304,5759,2663,4561,1271,1272,1219,2113,874,3421,57803,36819,1016,4,8713,0,0,4,3
2021-02-18T23:59:59+01:00,2,2,2072,1741,2757,4274,2880,7167,3761,10740,4352,8497,2137,2103,2541,3622,1598,4676,1024,763,1524,2170,1751,3678,2231,5602,2606,4476,1257,1253,1213,2099,861,3403,56728,35906,951,4,7239,0,0,4,3
2021-02-17T23:59:59+01:00,2,2,2028,1693,2666,4142,2771,6955,3608,10399,4210,8254,2078,2019,2322,3392,1469,4483,872,698,1412,2044,1674,3488,2135,5375,2534,4303,1225,1208,1187,2054,845,3358,55653,34408,805,3,6031,0,0,4,3
2021-02-16T23:59:59+01:00,2,2,1858,1582,2490,3935,2631,6680,3447,10045,4032,7949,2033,1992,2040,3072,1295,4230,845,676,1342,1966,1605,3346,2043,5202,2442,4170,1165,1162,1128,1966,812,3256,54311,33123,769,2,4231,0,0,4,3
2021-02-15T23:59:59+01:00,2,2,1823,1527,2402,3765,2554,6407,3325,9677,3918,7680,2007,1963,1821,2832,1169,4037,827,664,1313,1918,1563,3277,1986,5031,2380,4069,1108,1122,1065,1874,792,3154,53203,32141,753,1,2951,0,0,4,3
2021-02-14T23:59:59+01:00,2,2,1733,1496,2354,3703,2512,6314,3254,9573,3871,7602,1996,1953,1763,2772,1119,3977,812,654,1297,1894,1536,3254,1952,4990,2354,4013,1098,1113,1058,1865,789,3142,52864,31819,724,1,2404,0,0,4,3
2021-02-13T23:59:59+01:00,2,2,1732,1484,2344,3696,2506,6300,3251,9557,3865,7592,1987,1933,1739,2752,1115,3967,812,654,1297,1894,1536,3254,1952,4990,2354,4013,1098,1113,1058,1865,789,3142,52708,31819,724,1,2388,0,0,4,3
2021-02-12T23:59:59+01:00,2,2,1653,1399,2243,3582,2427,6127,3147,9319,3741,7327,1940,1875,1675,2681,1092,3938,805,646,1285,1871,1523,3235,1944,4959,2338,3993,1093,1108,1057,1846,789,3111,51767,31602,724,0,1675,0,0,4,3
2021-02-11T23:59:59+01:00,2,2,1456,1263,2062,3370,2299,5835,2996,8885,3583,6980,1867,1773,1633,2617,1072,3916,776,597,1190,1692,1396,2956,1804,4598,2171,3703,1040,1044,1013,1769,748,2969,50367,29467,684,0,556,0,0,4,1
2021-02-10T23:59:59+01:00,2,2,1362,1216,1978,3241,2231,5663,2914,8606,3472,6749,1797,1726,1586,2550,1053,3854,565,515,967,1468,1257,2645,1619,4137,1967,3321,920,916,880,1511,656,2627,49192,25972,645,0,161,0,0,4,1
2021-02-09T23:59:59+01:00,2,2,1326,1166,1943,3148,2203,5478,2847,8266,3402,6491,1723,1664,1524,2489,1034,3811,303,382,750,1204,1071,2268,1412,3598,1719,2866,754,754,707,1204,522,2123,47921,21638,515,0,80,0,0,3,1
2021-02-08T23:59:59+01:00,2,2,1319,1131,1911,3030,2166,5256,2796,7988,3343,6255,1680,1630,1474,2434,1017,3788,267,342,647,1051,966,2052,1253,3204,1523,2550,653,634,606,1017,450,1838,46795,19054,345,0,79,0,0,3,1
2021-02-07T23:59:59+01:00,2,2,1293,1115,1881,2978,2140,5174,2766,7885,3301,6189,1664,1614,1459,2415,1005,3773,233,287,598,962,907,1896,1162,2978,1426,2377,612,614,585,982,440,1807,46509,17868,144,0,0,0,0,3,0
2021-02-06T23:59:59+01:00,2,2,1288,1109,1875,2966,2131,5146,2753,7841,3290,6144,1651,1606,1454,2405,1002,3772,214,254,577,924,879,1831,1119,2859,1369,2294,596,595,578,982,440,1807,46290,17320,144,0,0,0,0,3,0
2021-02-05T23:59:59+01:00,2,2,1229,1057,1826,2858,2079,4950,2692,7544,3213,5928,1588,1553,1437,2382,994,3766,198,222,541,875,843,1751,1081,2739,1316,2195,563,571,566,958,428,1782,44953,16631,144,0,0,0,0,3,0
2021-02-04T23:59:59+01:00,2,2,1217,993,1785,2710,2007,4637,2609,7098,3113,5600,1543,1520,1420,2365,989,3755,169,169,467,757,744,1610,968,2501,1203,1981,517,518,518,902,407,1663,43327,15096,36,0,0,0,0,2,0
2021-02-03T23:59:59+01:00,2,2,1199,964,1755,2630,1968,4489,2543,6836,3061,5386,1507,1488,1390,2330,970,3725,140,140,394,644,628,1372,822,2124,1009,1690,398,382,374,681,287,1258,42207,12345,36,0,0,0,0,2,0
2021-02-02T23:59:59+01:00,2,2,1182,908,1721,2529,1926,4269,2470,6504,2956,5114,1454,1441,1366,2299,960,3700,117,116,319,523,523,1134,677,1794,820,1381,297,279,293,499,225,947,40765,9946,36,0,0,0,0,2,0
2021-02-01T23:59:59+01:00,1,2,1169,848,1685,2406,1875,4024,2393,6114,2835,4818,1387,1359,1336,2253,947,3671,84,76,220,352,350,741,429,1158,480,859,185,170,172,298,126,562,39085,6262,36,0,0,0,0,2,0
2021-01-31T23:59:59+01:00,1,2,1165,830,1668,2349,1850,3902,2361,5930,2768,4699,1356,1336,1325,2237,940,3655,73,70,186,281,272,574,340,904,398,692,159,155,160,289,122,548,38339,5223,33,0,0,0,0,2,0
2021-01-30T23:59:59+01:00,1,2,1165,827,1667,2344,1848,3891,2359,5919,2765,4689,1355,1332,1324,2236,940,3654,70,63,153,233,244,506,305,786,355,617,158,148,155,285,122,547,38284,4747,32,0,0,0,0,2,0
2021-01-29T23:59:59+01:00,1,2,1113,818,1628,2337,1837,3884,2351,5904,2757,4678,1351,1329,1320,2236,940,3654,62,45,116,178,200,352,250,638,311,489,147,139,144,275,119,546,38108,4011,30,0,0,0,0,2,0
2021-01-28T23:59:59+01:00,1,2,1039,792,1572,2274,1804,3815,2304,5833,2724,4626,1339,1317,1311,2230,928,3640,40,20,74,105,131,205,155,382,203,292,115,106,118,221,107,496,37522,2770,27,0,0,0,0,2,0
2021-01-27T23:59:59+01:00,1,2,891,740,1476,2198,1736,3701,2231,5704,2666,4500,1310,1272,1282,2192,912,3605,31,13,62,87,105,161,122,325,176,247,107,88,105,201,103,459,36399,2392,18,0,0,0,0,2,0
2021-01-26T23:59:59+01:00,1,2,877,720,1413,2122,1675,3571,2144,5532,2578,4388,1251,1232,1232,2119,887,3545,30,12,59,84,101,155,118,310,175,238,104,82,98,180,92,409,35274,2247,13,0,0,0,0,2,0
2021-01-25T23:59:59+01:00,1,2,863,699,1382,2060,1642,3474,2098,5363,2521,4296,1198,1207,1177,2059,869,3479,28,12,56,84,98,153,117,308,174,238,103,81,97,179,90,406,34385,2224,4,0,0,0,0,1,0
2021-01-24T23:59:59+01:00,1,2,860,698,1376,2049,1637,3457,2090,5338,2509,4264,1194,1200,1172,2052,868,3473,28,12,56,84,97,152,117,308,174,237,103,81,97,179,90,405,34235,2220,4,0,0,0,0,1,0
2021-01-23T23:59:59+01:00,1,2,860,698,1376,2049,1636,3457,2090,5338,2509,4264,1194,1200,1172,2052,868,3473,28,12,56,84,97,152,117,308,173,237,103,81,97,179,90,405,34235,2219,3,0,0,0,0,1,0
2021-01-22T23:59:59+01:00,1,2,859,688,1362,2026,1621,3433,2077,5304,2493,4245,1192,1195,1171,2029,867,3439,28,12,56,84,97,152,117,308,172,237,103,81,97,179,90,405,34000,2218,3,0,0,0,0,1,0
2021-01-21T23:59:59+01:00,1,2,828,651,1285,1869,1520,3241,1981,5033,2382,4046,1152,1135,1142,1961,830,3318,26,11,52,79,89,143,107,279,158,214,89,72,86,155,74,345,32373,1979,3,0,0,0,0,1,0
2021-01-20T23:59:59+01:00,1,2,627,554,1091,1653,1384,2966,1805,4627,2178,3705,1023,1016,1012,1720,754,3014,24,11,51,75,86,142,99,266,147,195,78,65,80,130,62,307,29128,1818,3,0,0,0,0,1,0
2021-01-19T23:59:59+01:00,1,2,342,410,840,1395,1180,2619,1569,4098,1914,3254,848,843,838,1424,629,2564,20,8,36,53,57,77,73,179,103,132,58,50,52,96,47,238,24767,1279,2,0,0,0,0,1,0
2021-01-18T23:59:59+01:00,1,2,301,373,727,1208,1062,2366,1377,3597,1673,2872,708,689,678,1168,525,2119,8,4,12,18,19,26,24,52,25,46,13,11,13,33,11,72,21444,387,1,0,0,0,0,1,0
2021-01-17T23:59:59+01:00,1,2,259,319,661,1113,983,2195,1279,3325,1559,2659,662,659,649,1108,497,2051,0,0,1,0,3,2,2,1,2,2,1,4,1,0,0,1,19980,20,1,0,0,0,0,0,0
2021-01-16T23:59:59+01:00,1,2,242,288,645,1078,959,2133,1238,3214,1508,2585,646,641,641,1108,497,2050,0,0,0,0,1,2,1,1,1,2,0,1,1,0,0,1,19475,11,1,0,0,0,0,0,0
2021-01-15T23:59:59+01:00,1,2,227,254,615,1028,932,2055,1204,3096,1456,2489,615,615,634,1087,490,2038,0,0,0,0,0,0,0,0,0,0,0,0,0,0,0,0,18838,0,0,0,0,0,0,0,0
2021-01-14T23:59:59+01:00,1,2,197,204,554,907,843,1911,1109,2875,1341,2304,571,571,594,1041,483,1992,0,0,0,0,0,0,0,0,0,0,0,0,0,0,0,0,17500,0,0,0,0,0,0,0,0
2021-01-13T23:59:59+01:00,1,2,167,185,506,836,771,1786,1010,2638,1187,2080,455,452,452,824,367,1551,0,0,0,0,0,0,0,0,0,0,0,0,0,0,0,0,15270,0,0,0,0,0,0,0,0
2021-01-12T23:59:59+01:00,1,2,143,164,475,767,720,1631,921,2435,1079,1848,365,343,352,592,270,1114,0,0,0,0,0,0,0,0,0,0,0,0,0,0,0,0,13222,0,0,0,0,0,0,0,0
2021-01-11T23:59:59+01:00,0,1,114,127,399,637,630,1377,757,1977,847,1460,227,202,202,358,153,673,0,0,0,0,0,0,0,0,0,0,0,0,0,0,0,0,10141,0,0,0,0,0,0,0,0
2021-01-10T23:59:59+01:00,0,1,88,92,308,458,474,998,548,1449,623,1063,189,178,185,344,147,659,0,0,0,0,0,0,0,0,0,0,0,0,0,0,0,0,7804,0,0,0,0,0,0,0,0
2021-01-09T23:59:59+01:00,0,1,78,84,261,395,403,866,481,1232,547,905,183,168,180,339,147,657,0,0,0,0,0,0,0,0,0,0,0,0,0,0,0,0,6927,0,0,0,0,0,0,0,0
2021-01-08T23:59:59+01:00,0,1,65,64,188,287,305,585,367,934,441,686,175,163,164,327,145,657,0,0,0,0,0,0,0,0,0,0,0,0,0,0,0,0,5554,0,0,0,0,0,0,0,0
2021-01-07T23:59:59+01:00,0,0,46,24,80,120,140,231,165,421,223,341,130,127,145,277,131,602,0,0,0,0,0,0,0,0,0,0,0,0,0,0,0,0,3203,0,0,0,0,0,0,0,0
2021-01-06T23:59:59+01:00,0,0,34,18,70,92,119,180,137,344,194,277,111,98,116,227,112,517,0,0,0,0,0,0,0,0,0,0,0,0,0,0,0,0,2646,0,0,0,0,0,0,0,0
2021-01-05T23:59:59+01:00,0,0,31,13,60,88,108,166,121,329,180,254,109,94,115,220,109,499,0,0,0,0,0,0,0,0,0,0,0,0,0,0,0,0,2496,0,0,0,0,0,0,0,0
2021-01-04T23:59:59+01:00,0,0,28,12,57,85,100,158,116,314,178,242,108,90,108,206,99,461,0,0,0,0,0,0,0,0,0,0,0,0,0,0,0,0,2362,0,0,0,0,0,0,0,0
2021-01-03T23:59:59+01:00,0,0,28,12,57,85,100,158,116,314,178,242,108,90,107,205,99,461,0,0,0,0,0,0,0,0,0,0,0,0,0,0,0,0,2360,0,0,0,0,0,0,0,0
2021-01-02T23:59:59+01:00,0,0,28,12,57,85,100,158,116,314,177,242,108,90,107,205,99,461,0,0,0,0,0,0,0,0,0,0,0,0,0,0,0,0,2359,0,0,0,0,0,0,0,0
2021-01-01T23:59:59+01:00,0,0,28,12,57,85,100,158,116,314,175,241,108,90,107,205,99,461,0,0,0,0,0,0,0,0,0,0,0,0,0,0,0,0,2356,0,0,0,0,0,0,0,0
2020-12-31T23:59:59+01:00,0,0,28,12,57,85,100,158,116,314,175,241,108,90,107,205,99,461,0,0,0,0,0,0,0,0,0,0,0,0,0,0,0,0,2356,0,0,0,0,0,0,0,0
2020-12-30T23:59:59+01:00,0,0,27,12,57,84,99,155,116,313,175,241,108,90,107,205,99,461,0,0,0,0,0,0,0,0,0,0,0,0,0,0,0,0,2349,0,0,0,0,0,0,0,0
2020-12-29T23:59:59+01:00,0,0,20,9,42,60,76,91,86,218,128,189,83,77,78,171,80,373,0,0,0,0,0,0,0,0,0,0,0,0,0,0,0,0,1781,0,0,0,0,0,0,0,0
2020-12-28T23:59:59+01:00,0,0,9,6,18,30,31,45,40,113,53,102,36,42,40,98,43,211,0,0,0,0,0,0,0,0,0,0,0,0,0,0,0,0,917,0,0,0,0,0,0,0,0
2020-12-27T23:59:59+01:00,0,0,2,2,4,5,7,11,10,24,6,22,6,7,7,25,5,56,0,0,0,0,0,0,0,0,0,0,0,0,0,0,0,0,199,0,0,0,0,0,0,0,0
