Datum,<15_m,<15_w,15-24_1_m,15-24_1_w,25-34_1_m,25-34_1_w,35-44_1_m,35-44_1_w,45-54_1_m,45-54_1_w,55-64_1_m,55-64_1_w,65-74_1_m,65-74_1_w,75-84_1_m,75-84_1_w,>84_1_m,>84_1_w,<24_2_m,<24_2_w,25-34_2_m,25-34_2_w,35-44_2_m,35-44_2_w,45-54_2_m,45-54_2_w,55-64_2_m,55-64_2_w,65-74_2_m,65-74_2_w,75-84_2_m,75-84_2_w,>84_2_m,>84_2_w,bp_1,bp_2,mo_1,mo_2,az_1,az_2,ja,unb_1,unb_2
2021-08-28T23:59:59+02:00,8073,7466,55025,51990,61990,57529,71260,72136,92841,95053,104813,104059,72478,78859,50954,62557,14302,24692,49648,47035,58104,53195,67560,67871,88866,90561,100866,100255,70541,76674,49674,60872,13939,23867,795820,751042,69538,66823,181843,174887,38852,24,46
2021-08-27T23:59:59+02:00,7990,7389,54845,51852,61881,57392,71162,72014,92720,94935,104705,103974,72433,78809,50931,62520,14290,24686,49522,46951,58032,53117,67477,67803,88793,90495,100813,100207,70506,76642,49660,60861,13937,23867,794517,750368,69533,66817,181833,174881,38621,24,46
2021-08-26T23:59:59+02:00,7928,7316,54693,51709,61763,57282,71071,71907,92618,94808,104600,103893,72391,78758,50908,62501,14286,24674,49364,46800,57915,53014,67387,67713,88691,90417,100748,100139,70465,76607,49637,60840,13933,23860,793481,749558,69522,66780,181822,174850,38257,24,46
2021-08-25T23:59:59+02:00,7865,7263,54551,51558,61657,57134,70967,71793,92516,94711,104502,103813,72335,78707,50882,62469,14274,24660,49167,46608,57793,52878,67274,67593,88584,90307,100652,100054,70411,76561,49612,60802,13927,23845,792496,748441,69497,66749,181811,174816,37829,24,46
2021-08-24T23:59:59+02:00,7771,7184,54427,51376,61539,57002,70870,71678,92408,94609,104412,103729,72288,78669,50853,62430,14266,24645,48959,46396,57657,52716,67169,67469,88490,90224,100564,99977,70378,76512,49591,60777,13923,23830,791273,747127,69480,66733,181801,174795,37578,24,46
2021-08-23T23:59:59+02:00,7710,7111,54255,51203,61409,56878,70757,71568,92284,94504,104316,103633,72236,78609,50819,62388,14259,24634,48775,46223,57546,52591,67066,67372,88394,90136,100484,99900,70339,76463,49565,60739,13919,23818,790083,746140,69452,66709,181786,174743,37228,24,46
2021-08-22T23:59:59+02:00,7683,7087,54171,51127,61355,56814,70719,71511,92242,94462,104273,103605,72217,78595,50810,62375,14258,24628,48660,46115,57456,52500,66994,67312,88332,90078,100441,99859,70312,76441,49550,60721,13916,23811,789661,745478,69442,66701,181766,174695,37039,24,46
2021-08-21T23:59:59+02:00,7677,7084,54146,51112,61337,56802,70703,71497,92229,94445,104263,103595,72212,78593,50810,62374,14258,24627,48641,46098,57436,52492,66978,67293,88314,90063,100432,99850,70312,76438,49550,60720,13916,23811,789592,745390,69399,66686,181763,174689,36986,24,46
2021-08-20T23:59:59+02:00,7646,7050,54059,51037,61266,56741,70639,71436,92167,94383,104209,103560,72187,78564,50798,62349,14250,24617,48548,46023,57368,52430,66916,67243,88258,90004,100372,99813,70290,76417,49543,60705,13908,23807,789064,744890,69329,66677,181760,174666,36781,24,46
2021-08-19T23:59:59+02:00,7581,6971,53925,50919,61126,56631,70525,71326,92055,94295,104118,103470,72140,78509,50769,62309,14241,24597,48415,45921,57254,52344,66828,67166,88166,89925,100276,99749,70258,76389,49523,60681,13904,23798,788054,744254,69292,66645,181745,174622,36392,24,46
2021-08-18T23:59:59+02:00,7507,6914,53780,50785,61003,56522,70413,71231,91946,94210,104019,103391,72082,78458,50736,62273,14231,24576,48298,45795,57142,52249,66738,67091,88053,89839,100203,99678,70213,76351,49504,60658,13898,23781,787071,743557,69264,66622,181738,174572,35980,24,46
2021-08-17T23:59:59+02:00,7424,6835,53619,50622,60903,56397,70297,71111,91842,94106,103913,103292,72032,78416,50708,62248,14223,24565,48109,45618,57014,52114,66620,66987,87928,89746,100095,99584,70161,76302,49480,60640,13891,23769,786003,742544,69242,66591,181733,174524,35551,24,46
2021-08-16T23:59:59+02:00,7351,6774,53493,50491,60808,56287,70200,71016,91751,94001,103822,103193,71988,78366,50680,62205,14215,24557,47972,45504,56912,52045,66527,66903,87831,89664,100013,99488,70119,76266,49456,60614,13884,23764,785140,741924,69195,66556,181720,174458,35119,24,46
2021-08-15T23:59:59+02:00,7303,6735,53413,50408,60740,56221,70136,70952,91696,93952,103771,103147,71953,78339,50673,62190,14211,24548,47865,45408,56817,51958,66459,66839,87758,89602,99958,99442,70082,76234,49444,60594,13879,23752,784672,741443,69184,66528,181710,174378,34798,24,46
2021-08-14T23:59:59+02:00,7282,6719,53340,50339,60693,56181,70101,70905,91658,93914,103732,103111,71932,78331,50664,62179,14209,24546,47623,45136,56655,51772,66311,66686,87625,89480,99845,99334,70033,76191,49433,60571,13875,23747,784195,739622,69177,66522,181710,174369,34730,24,46
2021-08-13T23:59:59+02:00,7245,6684,53232,50244,60610,56100,70048,70837,91583,93859,103681,103066,71909,78310,50652,62168,14207,24539,47115,44634,56415,51504,66082,66439,87353,89230,99649,99131,69946,76092,49395,60511,13869,23727,783450,736151,69173,66514,181710,174295,34617,24,46
2021-08-12T23:59:59+02:00,7216,6658,53130,50174,60549,56026,69978,70791,91514,93802,103622,103022,71879,78278,50638,62152,14205,24525,46618,44192,56137,51203,65824,66218,87099,89011,99314,98862,69843,75959,49341,60447,13858,23699,783023,733110,69148,66491,181695,173848,34269,24,46
2021-08-11T23:59:59+02:00,7152,6588,52966,50003,60419,55908,69893,70699,91406,93698,103522,102916,71818,78213,50607,62112,14199,24510,45941,43570,55760,50823,65567,65925,86807,88749,98982,98495,69703,75815,49282,60348,13847,23671,781855,729014,69127,66457,181686,173414,33937,24,46
2021-08-10T23:59:59+02:00,7077,6504,52769,49818,60281,55790,69791,70579,91282,93569,103402,102813,71767,78156,50577,62081,14191,24501,44986,42662,55096,50174,65079,65475,86349,88269,98497,98039,69504,75619,49190,60251,13827,23634,780513,722776,69118,66428,181680,172910,33613,24,46
2021-08-09T23:59:59+02:00,7035,6459,52658,49729,60207,55719,69737,70519,91215,93500,103335,102755,71725,78121,50571,62065,14187,24493,43973,41599,54386,49485,64607,65047,85907,87833,97987,97572,69324,75397,49110,60128,13802,23598,779968,716321,69050,66385,181669,172350,33319,24,46
2021-08-08T23:59:59+02:00,6990,6421,52593,49664,60162,55689,69704,70496,91163,93453,103282,102714,71704,78100,50557,62045,14181,24488,43919,41537,54319,49441,64551,65014,85841,87776,97924,97523,69300,75369,49091,60104,13794,23591,779694,716056,69045,66371,181655,172271,32988,24,46
2021-08-07T23:59:59+02:00,6953,6381,52483,49538,60094,55615,69649,70432,91093,93392,103231,102667,71687,78083,50547,62039,14181,24487,42953,40510,53760,48864,64118,64611,85470,87385,97606,97178,69157,75226,49035,60023,13777,23573,778921,709686,69040,66356,181655,172263,32912,24,44
2021-08-06T23:59:59+02:00,6913,6320,52345,49409,60019,55550,69583,70348,91016,93317,103172,102614,71663,78060,50536,62021,14179,24482,42271,39900,53513,48600,63896,64372,85237,87166,97378,96978,69074,75135,48993,59983,13771,23560,778055,706086,69037,66276,181654,172126,32777,24,44
2021-08-05T23:59:59+02:00,6806,6213,52092,49185,59850,55364,69441,70206,90860,93172,103035,102481,71603,77998,50510,61981,14166,24464,41438,39208,52997,48140,63530,64029,84787,86769,96761,96463,68890,74952,48928,59885,13753,23529,776458,701574,68986,66229,181624,171000,32335,24,44
2021-08-04T23:59:59+02:00,6719,6129,51897,48957,59702,55187,69331,70057,90726,93057,102917,102366,71543,77936,50484,61935,14155,24435,40595,38416,52625,47741,63214,63717,84418,86440,96349,96062,68727,74782,48852,59789,13738,23495,775069,697009,68945,66213,181610,170205,31885,24,44
2021-08-03T23:59:59+02:00,6645,6074,51730,48820,59577,55066,69240,69968,90628,92960,102822,102285,71492,77901,50464,61911,14147,24421,39605,37462,51831,47069,62674,63198,83902,85959,95643,95433,68487,74569,48761,59675,13717,23452,774046,690793,68936,66194,181603,169030,31542,24,44
2021-08-02T23:59:59+02:00,6596,6031,51596,48680,59487,54987,69158,69899,90575,92889,102747,102224,71454,77859,50444,61889,14140,24408,38327,36285,50866,46260,61967,62622,83300,85393,94847,94736,68235,74313,48675,59544,13697,23414,773356,683170,68888,66151,181576,167718,31219,24,44
2021-08-01T23:59:59+02:00,6554,5978,51424,48520,59341,54877,69065,69786,90467,92798,102660,102132,71414,77822,50422,61848,14136,24392,38144,36149,50712,46169,61840,62530,83121,85254,94397,94333,68119,74205,48636,59495,13687,23394,772317,682538,68860,66096,181558,166407,30877,24,44
2021-07-31T23:59:59+02:00,6511,5945,51329,48401,59286,54807,69017,69744,90427,92769,102634,102108,71403,77810,50414,61845,14136,24389,36535,34634,49807,45306,61304,61966,82616,84741,93916,93900,67929,74000,48557,59400,13669,23361,771715,673387,68856,66089,181558,166292,30822,24,44
2021-07-30T23:59:59+02:00,6476,5892,51178,48265,59205,54725,68947,69687,90354,92689,102579,102070,71386,77787,50405,61822,14133,24385,35069,33222,48832,44355,60577,61280,81933,84123,93234,93323,67696,73767,48452,59250,13650,23330,770959,663862,68832,66078,181552,165988,30618,24,44
2021-07-29T23:59:59+02:00,6361,5773,50747,47897,58993,54458,68756,69497,90165,92502,102419,101933,71311,77704,50373,61767,14118,24367,34340,32604,48210,43911,60178,60935,81511,83773,92468,92651,67500,73613,48390,59164,13630,23301,768651,660024,68779,65942,181510,164352,30177,24,44
2021-07-28T23:59:59+02:00,6289,5710,50491,47701,58862,54309,68631,69403,90041,92381,102312,101839,71254,77647,50349,61729,14109,24350,34012,32308,47897,43681,59954,60723,81337,83610,92232,92454,67426,73548,48361,59130,13617,23291,767345,658361,68749,65854,181483,163835,29806,24,43
2021-07-27T23:59:59+02:00,6238,5664,50331,47562,58727,54217,68538,69316,89943,92272,102205,101764,71212,77594,50320,61696,14102,24337,32549,30896,46626,42581,59123,59937,80735,83086,91217,91606,67151,73264,48274,59003,13587,23250,766463,649691,68725,65788,181460,162053,29366,24,43
2021-07-26T23:59:59+02:00,6215,5635,50209,47474,58626,54132,68463,69263,89854,92212,102141,101715,71174,77558,50296,61676,14097,24328,31177,29631,45305,41456,58023,58953,80033,82453,90051,90580,66843,72992,48184,58887,13564,23208,765925,640615,68659,65697,181422,159755,29038,24,43
2021-07-25T23:59:59+02:00,6196,5617,50095,47367,58540,54066,68402,69206,89790,92156,102083,101668,71141,77522,50279,61653,14094,24318,30969,29472,45042,41261,57769,58728,79763,82250,89094,89729,66637,72819,48117,58814,13553,23184,765518,639453,68647,65582,181398,157300,28606,24,43
2021-07-24T23:59:59+02:00,6162,5588,49977,47274,58476,54002,68353,69151,89744,92113,102043,101628,71136,77516,50276,61650,14093,24314,29356,27868,43877,40167,57073,58016,79147,81677,88452,89166,66458,72627,48046,58713,13539,23161,764915,629345,68639,65571,181390,157161,28528,24,43
2021-07-23T23:59:59+02:00,6078,5501,49799,47097,58381,53897,68245,69049,89639,92011,101953,101533,71100,77459,50255,61619,14089,24308,27654,26332,42616,39084,56145,57127,78458,81065,87745,88503,66188,72355,47968,58612,13518,23131,763539,618777,68635,65410,181371,156692,28444,24,43
2021-07-22T23:59:59+02:00,5940,5387,49503,46815,58180,53697,68073,68882,89456,91859,101797,101401,71035,77377,50215,61567,14078,24289,26831,25498,41696,38271,55202,56299,77715,80438,86073,86998,65815,71956,47860,58480,13487,23079,761613,610273,68593,64914,181340,155213,27981,24,43
2021-07-21T23:59:59+02:00,5663,5103,48967,46287,57873,53384,67842,68605,89180,91612,101526,101134,70908,77246,50156,61502,14069,24263,26576,25276,41275,37991,54766,55915,77349,80159,85264,86393,65649,71827,47805,58414,13469,23054,758005,608320,68568,64644,181316,153436,27407,24,43
2021-07-20T23:59:59+02:00,5586,5029,48681,46009,57702,53179,67667,68460,89000,91460,101363,100990,70831,77180,50117,61455,14060,24235,25406,24123,39974,36959,53429,54714,76449,79389,83904,85050,65346,71485,47698,58277,13441,23009,756324,597931,68563,64499,181272,151852,26821,24,43
2021-07-19T23:59:59+02:00,5506,4944,48353,45683,57487,52969,67500,68258,88815,91284,101215,100828,70756,77098,50076,61405,14051,24206,24573,23280,38666,35837,51698,53214,75186,78343,82794,84070,65056,71228,47607,58159,13417,22969,754528,587898,68553,64354,181243,150068,26086,24,43
2021-07-18T23:59:59+02:00,5499,4943,48287,45630,57396,52895,67437,68192,88728,91218,101144,100763,70724,77057,50050,61372,14049,24194,24437,23177,38402,35623,51373,52931,74938,78152,81896,83306,64871,71051,47551,58086,13412,22947,754262,586848,68530,64195,181203,147840,25559,24,43
2021-07-17T23:59:59+02:00,5473,4907,48188,45551,57323,52833,67377,68136,88669,91157,101101,100744,70717,77042,50045,61366,14049,24193,23042,21703,37007,34323,50126,51739,74338,77599,81262,82711,64742,70903,47485,58025,13403,22927,753704,575951,68528,64171,181198,147703,25417,24,43
2021-07-16T23:59:59+02:00,5369,4829,47944,45318,57199,52727,67262,68026,88533,91062,100996,100642,70672,76992,50022,61348,14043,24186,21780,20453,35702,33074,48674,50417,73333,76667,80561,82051,64523,70683,47404,57925,13384,22894,752263,564296,68528,64112,181192,147501,25163,24,43
2021-07-15T23:59:59+02:00,5227,4702,47545,44992,56990,52527,67071,67843,88322,90862,100808,100476,70575,76891,49974,61274,14033,24157,21171,19949,34773,32378,47441,49480,72155,75755,78406,79924,63925,70086,47261,57748,13365,22831,750204,554969,68512,63086,181145,145654,24384,24,43
2021-07-14T23:59:59+02:00,4855,4374,46953,44417,56759,52260,66868,67641,88110,90620,100591,100279,70469,76781,49909,61191,14022,24133,20966,19802,34519,32223,47075,49182,71627,75367,77741,79390,63603,69811,47180,57664,13343,22796,746754,553186,68498,62904,181094,143752,23862,24,41
2021-07-13T23:59:59+02:00,4766,4295,46750,44263,56592,52107,66706,67493,87954,90493,100446,100153,70397,76719,49870,61145,14018,24117,20401,19266,33496,31409,45461,47726,69873,73708,76142,77837,63230,69420,47052,57494,13314,22745,745394,542279,68481,62135,181020,142140,23365,24,41
2021-07-12T23:59:59+02:00,4701,4219,46564,44073,56442,51966,66551,67367,87781,90354,100290,100015,70322,76636,49833,61092,14011,24099,19921,18828,32707,30786,43799,46273,67499,71633,74252,76336,62700,68836,46910,57332,13286,22696,744135,531178,68460,61573,180920,139567,22777,24,41
2021-07-11T23:59:59+02:00,4696,4215,46492,44020,56384,51916,66502,67331,87721,90305,100218,99956,70285,76593,49823,61077,14009,24085,19715,18681,32369,30540,43356,45901,67042,71276,73472,75640,62302,68459,46840,57242,13271,22663,743997,529411,68451,61250,180854,137095,22302,24,41
2021-07-10T23:59:59+02:00,4570,4081,46209,43708,56199,51721,66355,67157,87590,90165,100119,99850,70229,76536,49802,61051,14006,24076,19151,18121,31417,29673,41606,44317,65561,69996,72838,75023,62137,68308,46787,57190,13264,22649,741905,518772,68447,61234,180843,137051,22205,24,41
2021-07-09T23:59:59+02:00,4443,3964,45936,43454,56031,51530,66198,66998,87439,90003,99987,99744,70176,76463,49766,61010,14001,24064,18553,17545,30445,28715,39643,42385,63261,67870,71677,73883,61865,67983,46711,57064,13247,22624,739861,505053,68436,60852,180837,136645,22049,24,41
2021-07-08T23:59:59+02:00,4411,3938,45797,43341,55911,51412,66070,66896,87318,89882,99864,99647,70124,76409,49745,60971,13990,24051,17611,16738,29047,27678,37925,40938,61130,66051,68322,70732,60974,67014,46470,56723,13202,22529,739130,489793,68380,58786,180767,134065,21476,24,41
2021-07-07T23:59:59+02:00,4400,3933,45729,43298,55835,51368,65989,66854,87264,89842,99821,99596,70108,76387,49736,60953,13986,24041,16645,15878,27667,26669,36404,39710,59515,64596,65099,67262,59960,65975,46234,56402,13152,22456,738840,474498,68337,56887,180714,131919,21225,24,41
2021-07-06T23:59:59+02:00,4346,3885,45585,43171,55706,51228,65884,66745,87159,89753,99743,99512,70070,76328,49718,60925,13983,24027,15871,15132,26590,25758,34569,38005,56119,61577,62453,64810,59207,65186,45962,56068,13111,22353,737721,456628,68317,56073,180653,129791,21053,24,41
2021-07-05T23:59:59+02:00,4285,3841,45409,42996,55558,51132,65768,66637,87044,89659,99659,99418,70007,76264,49697,60898,13980,24012,15212,14502,25631,24944,33345,36875,53021,58608,59682,62348,58370,64377,45712,55757,13066,22276,736554,440560,68284,55716,180576,127312,20826,24,41
2021-07-04T23:59:59+02:00,4277,3835,45362,42970,55498,51106,65729,66616,87006,89628,99627,99390,69984,76244,49691,60883,13975,24002,15003,14296,25194,24594,32750,36347,52356,58082,58700,61485,57711,63747,45530,55555,13047,22229,736382,436478,68254,55512,180508,124632,20655,24,39
2021-07-03T23:59:59+02:00,4057,3658,44826,42405,55177,50734,65439,66342,86762,89368,99430,99192,69911,76172,49668,60837,13971,23991,14716,13974,24843,24242,31770,35427,50614,56530,57832,60748,57538,63552,45463,55470,13035,22204,732581,427894,68241,55497,180501,124590,20593,24,39
2021-07-02T23:59:59+02:00,3749,3371,44172,41813,54851,50403,65156,66040,86491,89116,99195,98968,69807,76059,49616,60768,13965,23974,14295,13524,24143,23634,30612,34366,47988,54367,55703,58961,57144,63126,45304,55314,13019,22166,728246,415397,68224,54446,180488,123861,20533,23,19
2021-07-01T23:59:59+02:00,3611,3261,43820,41460,54649,50229,65001,65881,86339,88978,99042,98848,69736,75991,49585,60734,13957,23959,13603,12829,22848,22547,28937,32850,45982,52623,53210,56685,55723,61558,44809,54697,12946,22038,726116,401861,68161,52131,180439,120042,20342,23,19
2021-06-30T23:59:59+02:00,3600,3245,43551,41264,54468,50104,64889,65794,86253,88914,98973,98798,69709,75968,49573,60712,13953,23948,12850,12223,21680,21654,27348,31485,44138,50907,49571,52725,54395,60227,44453,54258,12890,21910,725003,386111,68116,50234,180417,116602,20158,22,19
2021-06-29T23:59:59+02:00,3382,3025,42635,40421,53862,49512,64458,65368,85847,88463,98626,98468,69582,75819,49516,60642,13934,23917,12249,11616,20883,20891,26000,30283,41519,48505,47704,51182,53424,59119,44046,53722,12796,21757,719023,374095,68065,48725,180403,113222,19964,22,19
2021-06-28T23:59:59+02:00,3165,2845,41671,39415,53205,48868,64001,64986,85462,88074,98293,98124,69444,75658,49451,60542,13916,23894,11745,11165,20231,20302,25040,29389,39428,46565,46078,49818,52319,58074,43684,53217,12717,21637,712861,364623,67959,47698,180394,109545,19778,22,19
2021-06-27T23:59:59+02:00,3160,2842,41636,39383,53163,48837,63966,64954,85410,88039,98242,98097,69427,75646,49442,60528,13911,23891,11551,10971,19905,19985,24463,28831,38406,45717,44919,48726,51289,57065,43250,52712,12635,21501,712667,360042,67934,47257,180357,105233,19594,22,19
2021-06-26T23:59:59+02:00,2678,2369,40237,38010,52428,48084,63412,64391,84924,87524,97818,97666,69236,75470,49369,60424,13892,23868,11435,10869,19735,19832,24266,28615,37929,45280,44553,48375,51175,56920,43204,52664,12630,21486,703927,357097,67910,47251,180357,105215,19584,22,19
2021-06-25T23:59:59+02:00,2271,2036,39381,37190,52077,47721,63084,64067,84642,87211,97566,97400,69132,75357,49322,60362,13877,23846,11131,10557,19353,19409,23743,27997,35234,42980,42372,46461,50837,56541,43105,52535,12606,21456,698843,345531,67776,46804,180350,104568,19551,22,19
2021-06-24T23:59:59+02:00,2217,1986,38891,36729,51728,47389,62870,63863,84410,87018,97381,97249,69051,75290,49287,60316,13871,23830,10530,9972,18291,18540,22325,26750,33135,41146,39943,44168,49356,54896,42534,51833,12489,21253,695908,332677,67752,44200,180328,101019,19366,22,19
2021-06-23T23:59:59+02:00,2205,1962,38662,36492,51565,47227,62765,63761,84316,86924,97305,97164,69020,75259,49270,60295,13868,23819,10073,9542,17663,17994,21391,25899,31207,39520,35979,39710,48065,53536,42149,51327,12408,21087,694694,317175,67725,43579,180313,97717,19127,20,19
2021-06-22T23:59:59+02:00,2127,1900,37673,35550,50818,46554,62288,63321,83937,86515,96942,96852,68872,75117,49204,60214,13855,23786,9599,9096,16799,17309,20170,24828,28086,36752,33675,37836,47111,52566,41740,50769,12268,20852,688549,305014,67684,40839,180303,94645,18969,20,19
2021-06-21T23:59:59+02:00,1981,1761,36314,34316,49797,45674,61569,62663,83440,86045,96504,96450,68703,74946,49138,60120,13843,23751,9282,8797,16338,16946,19544,24346,26344,35186,32143,36541,46063,51489,41286,50220,12162,20660,680572,297670,67658,40197,180287,91002,18478,20,19
2021-06-20T23:59:59+02:00,1970,1752,36229,34263,49660,45562,61437,62536,83362,85988,96437,96392,68669,74918,49123,60102,13843,23740,9135,8695,16124,16777,19228,24088,25527,34534,31206,35594,45868,51286,41255,50168,12153,20640,679965,293890,67621,39607,180270,90672,18107,20,19
2021-06-19T23:59:59+02:00,1601,1451,34606,32703,48750,44739,60947,62027,82893,85509,96028,96038,68519,74752,49057,60019,13828,23716,9095,8616,16023,16656,19110,23938,25421,34376,31079,35456,45772,51190,41237,50143,12149,20630,671204,292558,67608,39604,180264,90639,18087,20,18
2021-06-18T23:59:59+02:00,1406,1278,32952,31104,47535,43546,60010,61110,82088,84764,95411,95460,68300,74532,48967,59880,13812,23686,9020,8527,15866,16506,18925,23748,25171,34137,30794,35138,45480,50846,41152,50067,12136,20616,660037,290387,67483,39488,180263,90213,18038,20,18
2021-06-17T23:59:59+02:00,1330,1219,32019,30255,46662,42840,59206,60265,81350,84116,95001,95079,68158,74388,48924,59804,13798,23657,8479,8158,15179,15946,18101,22925,24067,33012,29314,33785,44154,49343,40667,49456,12016,20428,653088,281449,67372,38664,180231,87554,17360,20,18
2021-06-16T23:59:59+02:00,1247,1155,31322,29551,45863,42091,58287,59395,80572,83348,94582,94702,68019,74228,48867,59713,13779,23631,7987,7833,14565,15435,17335,22203,22934,32060,28138,32679,42264,47230,40124,48876,11908,20243,646021,271741,67256,38065,180211,85161,16844,20,18
2021-06-15T23:59:59+02:00,1105,1036,29432,27746,44110,40549,56704,57756,79185,82032,93826,94033,67732,73936,48755,59555,13746,23566,7810,7702,14260,15197,16973,21904,22419,31680,27612,32256,41328,46214,39741,48455,11785,20023,631043,268686,67211,37562,180171,82747,16359,20,18
2021-06-14T23:59:59+02:00,1012,923,27881,26267,42501,39032,55046,56107,78085,80927,93130,93406,67480,73695,48659,59432,13726,23522,7624,7527,13882,14867,16450,21466,21732,31100,26934,31662,40946,45791,39359,48007,11654,19818,617789,266024,67157,37153,180142,79912,15723,20,18
2021-06-13T23:59:59+02:00,988,898,27679,26084,42119,38702,54508,55588,77738,80623,92938,93216,67390,73615,48622,59375,13711,23497,7480,7356,13615,14575,16067,21074,21304,30612,26403,31163,40548,45387,38901,47443,11475,19533,615089,263949,67023,37085,180113,76849,15046,20,18
2021-06-12T23:59:59+02:00,859,783,26143,24479,40947,37616,53833,54854,77205,80128,92387,92691,67235,73437,48553,59298,13698,23476,7434,7305,13494,14466,15934,20964,21120,30465,26287,31066,40531,45371,38893,47433,11475,19532,605492,263173,67019,37083,180106,76522,14985,20,18
2021-06-11T23:59:59+02:00,745,674,24514,22941,39586,36421,52606,53647,76236,79277,91810,92116,66999,73203,48491,59191,13679,23441,7377,7216,13324,14283,15723,20773,20851,30210,26018,30809,40223,44995,38808,47319,11458,19504,593689,261291,66942,36938,180098,75827,14828,20,18
2021-06-10T23:59:59+02:00,645,587,23517,21927,38363,35237,51004,52145,74917,78085,90200,90571,66645,72809,48364,59018,13654,23386,7096,6990,12804,13847,15093,20206,20089,29455,25226,30137,39523,44134,38458,46903,11345,19321,580780,257854,66466,36906,180045,72097,13763,20,18
2021-06-09T23:59:59+02:00,575,538,23066,21536,37706,34714,49894,51109,73678,76889,89610,90066,66520,72664,48314,58933,13639,23356,6821,6678,12205,13245,14313,19397,19175,28434,24243,28981,36956,41220,37893,46258,11197,19081,573624,247552,66009,36831,180005,68559,13149,20,17
2021-06-08T23:59:59+02:00,469,427,21546,20058,36089,33346,47786,49151,71541,74955,88139,88585,66206,72278,48179,58773,13607,23312,6691,6500,11830,12878,13834,18912,18574,27833,23688,28448,36672,40967,37604,45891,11089,18925,556234,245912,65734,36754,179971,65176,12488,20,17
2021-06-07T23:59:59+02:00,354,333,20537,19071,34543,32008,45510,47127,69405,73079,87162,87734,65983,72013,48105,58638,13587,23277,6538,6337,11410,12529,13296,18436,17847,27247,23056,27853,36353,40663,37185,45410,10976,18729,541023,243930,65564,36690,179917,61297,11942,20,17
2021-06-06T23:59:59+02:00,331,312,20354,18926,34150,31725,44905,46561,68789,72598,86951,87567,65928,71954,48094,58611,13580,23265,6405,6168,11089,12117,12868,17866,17210,26437,22359,27048,35886,40189,36705,44856,10820,18461,537919,241494,65241,36641,179874,56796,11547,20,17
2021-06-05T23:59:59+02:00,259,247,19103,17642,32809,30507,43674,45383,68215,72081,86420,87057,65837,71852,48046,58562,13573,23253,6354,6087,10986,11964,12745,17696,17042,26229,22190,26865,35824,40111,36683,44832,10818,18456,527886,240906,65241,36228,179846,56215,11527,20,17
2021-06-04T23:59:59+02:00,178,177,17903,16485,31490,29210,42116,43886,66872,70764,85609,86305,65650,71639,47969,58470,13557,23225,6252,5945,10810,11757,12530,17443,16686,25844,21670,26427,34940,39258,36369,44532,10801,18434,515017,239077,65174,35902,179838,53258,11456,20,16
2021-06-03T23:59:59+02:00,123,124,17263,15908,30504,28385,40661,42600,65099,69235,83355,84021,65226,71187,47841,58308,13539,23187,6081,5737,10503,11406,12213,16981,16241,25182,21125,25847,34274,38470,36195,44330,10768,18384,501232,236758,64481,35516,179798,50423,11035,20,16
2021-06-02T23:59:59+02:00,94,81,16918,15595,30196,28125,39994,41978,63510,67844,82415,83221,65084,71023,47781,58225,13536,23172,5965,5645,10333,11253,11990,16771,15948,24880,20783,25456,31035,34849,35968,44107,10739,18330,493721,228093,64480,35185,179797,49994,10774,20,16
2021-06-01T23:59:59+02:00,38,46,16123,14921,28700,27036,37636,39920,59953,64665,79986,80903,64734,70658,47653,58036,13502,23117,5690,5359,9818,10821,11460,16182,15287,24091,20043,24703,30690,34552,35770,43927,10711,18268,475391,226631,62924,34680,179728,46492,9564,20,15
2021-05-31T23:59:59+02:00,30,38,15552,14443,27766,26339,35672,38253,56513,61640,77953,79197,64401,70302,47509,57861,13469,23065,5528,5144,9410,10458,11031,15705,14753,23409,19418,23997,30403,34300,35587,43733,10675,18211,459613,225958,62208,34294,179661,43003,8501,20,15
2021-05-30T23:59:59+02:00,29,35,15406,14317,27487,26113,35221,37847,55802,61021,77634,78923,64339,70244,47484,57826,13465,23055,5425,4951,9083,10091,10620,15220,14304,22609,18891,23228,29727,33587,35360,43539,10653,18150,456647,225506,61775,34214,179612,37518,8194,20,15
2021-05-29T23:59:59+02:00,27,34,15008,13917,26631,25293,33460,36252,54318,59723,77045,78357,64188,70095,47431,57773,13458,23041,5391,4875,9021,9980,10530,15107,14197,22463,18761,23091,29697,33564,35354,43531,10652,18147,446492,225033,61743,34214,179607,36919,8189,20,15
2021-05-28T23:59:59+02:00,24,33,14597,13511,25813,24544,31607,34486,52144,57716,75989,77362,63983,69844,47379,57696,13448,23018,5306,4758,8848,9834,10377,14938,14039,22228,18553,22789,29628,33517,35337,43515,10651,18143,434503,224373,61273,34208,179519,35995,7879,20,15
2021-05-27T23:59:59+02:00,20,28,13971,13042,24748,23822,30362,33558,50537,56341,72888,74377,63541,69307,47244,57534,13424,22964,5192,4518,8520,9498,9978,14510,13600,21597,18053,22192,29406,33313,35227,43403,10629,18115,422351,223741,59313,34139,178890,32731,7134,20,15
2021-05-26T23:59:59+02:00,19,26,13482,12612,23836,23170,29444,32863,49449,55414,69927,71186,62929,68698,47109,57363,13394,22918,5106,4353,8265,9182,9680,14123,13243,20998,17619,21595,29214,33146,35129,43299,10603,18065,411525,223140,57138,34021,178391,29688,6765,20,15
2021-05-25T23:59:59+02:00,19,21,13136,12311,23257,22765,28393,32007,46852,53181,67664,69057,62578,68331,46996,57214,13376,22867,5025,4229,8058,8925,9426,13751,12931,20478,17238,21048,29056,32992,35045,43196,10577,18010,399673,222602,56073,33940,177770,26949,6489,20,14
2021-05-24T23:59:59+02:00,18,20,12837,12029,22757,22382,27775,31558,44230,50750,65210,66870,62271,68033,46886,57088,13343,22811,4953,4121,7808,8693,9109,13374,12603,19967,16853,20493,28914,32854,34971,43124,10555,17964,388021,222039,55591,33876,177104,24304,6132,20,14
2021-05-23T23:59:59+02:00,18,20,12776,11959,22662,22299,27695,31482,43974,50520,64624,66321,62191,67944,46861,57070,13341,22809,4933,4106,7771,8663,9051,13343,12525,19907,16779,20439,28905,32841,34967,43118,10555,17963,385819,221768,55511,33869,177090,24098,6126,20,14
2021-05-22T23:59:59+02:00,18,20,12552,11719,22340,21994,26691,30594,42139,48937,63769,65583,62029,67753,46795,56979,13331,22786,4917,4051,7744,8601,9010,13280,12495,19825,16749,20374,28895,32831,34963,43112,10554,17962,377325,221681,55500,33869,177084,23708,6100,20,14
2021-05-21T23:59:59+02:00,18,19,12247,11466,21770,21556,25882,29907,39750,47046,61797,63918,61768,67482,46711,56891,13316,22761,4898,4023,7690,8513,8943,13191,12417,19731,16676,20290,28879,32806,34956,43102,10552,17961,366923,221483,54441,33855,176894,23258,6027,20,14
2021-05-20T23:59:59+02:00,17,19,11626,10887,20651,20670,24741,28887,38245,45768,59455,61851,60950,66583,46512,56633,13282,22706,4617,3844,7288,8220,8504,12795,11963,19220,16259,19770,28758,32710,34905,43051,10548,17951,356452,221086,52087,33746,175619,20261,5305,20,14
2021-05-19T23:59:59+02:00,17,19,11186,10572,19864,20125,23894,28293,37343,45083,56221,58214,60258,65879,46403,56498,13260,22659,4464,3677,7032,7975,8227,12466,11635,18794,15890,19347,28660,32597,34863,42977,10538,17936,346001,220612,50470,33630,174482,18016,4815,20,14
2021-05-18T23:59:59+02:00,17,19,10853,10285,19291,19674,23249,27737,35944,43859,54812,57087,59887,65455,46273,56336,13235,22634,4356,3552,6786,7743,7967,12182,11403,18393,15545,18917,28577,32508,34833,42938,10534,17929,340638,220328,48630,33550,173000,15921,4359,20,14
2021-05-17T23:59:59+02:00,16,18,10633,10102,18858,19389,22819,27429,34743,42863,53503,56053,59638,65208,46210,56237,13219,22601,4284,3465,6578,7525,7718,11888,11146,17999,15236,18514,28487,32422,34809,42896,10528,17916,336574,220043,47637,33483,171479,14051,3829,20,14
2021-05-16T23:59:59+02:00,16,17,10443,9970,18563,19187,22483,27190,34107,42404,52267,54884,59446,65044,46174,56183,13208,22581,4216,3389,6358,7359,7425,11634,10879,17646,14941,18151,28421,32360,34793,42878,10521,17912,334150,219796,46759,33420,169857,12282,3381,20,13
2021-05-15T23:59:59+02:00,16,17,10345,9869,18412,19041,22314,27049,33722,42035,51873,54508,59329,64897,46126,56138,13205,22565,4175,3354,6274,7294,7332,11531,10777,17527,14833,18021,28326,32242,34702,42785,10517,17907,331756,218707,46758,33418,169722,12263,3205,20,13
2021-05-14T23:59:59+02:00,15,17,10060,9660,17978,18801,21915,26764,31364,40259,49723,52653,59111,64670,46078,56054,13189,22543,4045,3269,5988,7132,7024,11307,10428,17176,14487,17694,27752,31536,34581,42593,10499,17878,322598,215406,46705,33413,169109,12143,2423,19,13
2021-05-13T23:59:59+02:00,15,17,9597,9283,17184,18237,21043,26086,30245,39274,47481,50482,58264,63697,45869,55771,13150,22471,3540,3070,5651,6877,6712,10998,10021,16787,14110,17260,26857,30336,34157,42077,10468,17816,314103,210813,44841,32859,167089,10946,2115,18,13
2021-05-12T23:59:59+02:00,15,17,9304,9092,16749,17981,20573,25800,29717,38889,44478,46838,57690,63056,45785,55658,13132,22446,3399,2982,5420,6766,6434,10853,9739,16578,13871,16995,26212,29516,33993,41882,10442,17782,304931,207791,44018,32833,166797,10778,1458,16,13
2021-05-11T23:59:59+02:00,15,15,8862,8806,15977,17466,19713,25184,27976,37444,42546,45335,57312,62610,45700,55523,13112,22418,3279,2851,5190,6424,6132,10438,9374,16017,13434,16439,24788,27849,33483,41260,10391,17697,299441,201825,40960,32650,164308,9279,1289,16,12
2021-05-10T23:59:59+02:00,15,14,8600,8653,15464,17215,19084,24868,26984,36755,41087,44187,57052,62339,45621,55420,13092,22387,3169,2723,4958,6193,5878,10112,9046,15541,13071,16021,23741,26519,32996,40674,10355,17639,296162,197179,40053,32624,161632,7856,975,15,10
2021-05-09T23:59:59+02:00,15,14,8441,8569,15156,17032,18706,24618,26316,36330,39306,42528,56754,62061,45568,55362,13084,22369,3048,2669,4777,6056,5708,9939,8849,15335,12903,15847,23467,26187,32851,40499,10345,17624,293207,195982,39681,32583,158625,6836,701,15,10
2021-05-08T23:59:59+02:00,15,14,8366,8493,14979,16887,18496,24420,26090,36092,39075,42339,56627,61912,45531,55325,13081,22359,3041,2651,4745,6020,5666,9893,8772,15270,12817,15777,23099,25760,32566,40188,10337,17608,291655,194795,39226,31878,158504,6834,701,15,10
2021-05-07T23:59:59+02:00,14,13,8192,8394,14656,16705,18114,24187,25668,35804,38622,41961,56353,61557,45482,55278,13076,22349,2737,2517,4395,5834,5397,9631,8458,14958,12424,15382,22003,24388,31921,39357,10309,17558,289130,191348,38795,30379,158178,5233,307,15,10
2021-05-06T23:59:59+02:00,13,13,7540,8033,13761,16106,17061,23340,24330,34692,36475,40300,55225,60237,45240,54972,13041,22283,2610,2404,4221,5637,5188,9321,8115,14516,11992,14927,20699,22707,31068,38353,10258,17447,278502,185738,37515,29420,156361,4034,269,15,10
2021-05-05T23:59:59+02:00,11,13,7000,7726,12977,15555,16034,22576,22950,33668,34651,38815,53388,58200,44923,54626,13008,22217,2520,2344,4047,5479,4999,9109,7770,14176,11624,14570,19311,20926,29878,36940,10218,17346,267067,179619,36593,28250,154573,3296,90,15,10
2021-05-04T23:59:59+02:00,11,12,6811,7630,12620,15383,15551,22305,22309,33323,33690,38121,52531,57240,44802,54500,12990,22176,2464,2273,3894,5309,4824,8851,7429,13768,11196,14110,17661,19002,28784,35612,10124,17226,263312,172813,35727,27313,152916,2363,36,14,10
2021-05-03T23:59:59+02:00,11,12,6664,7482,12245,15167,15046,21996,21601,32919,32540,37231,52233,56923,44706,54393,12975,22144,2405,2202,3801,5129,4682,8615,7213,13419,10875,13702,16458,17509,27905,34514,10060,17119,260028,167250,35268,26962,150952,1368,26,14,10
2021-05-02T23:59:59+02:00,11,12,6584,7392,12034,14995,14752,21763,21126,32599,31389,36286,51950,56632,44644,54302,12958,22113,2392,2195,3780,5097,4653,8579,7147,13347,10793,13611,16147,17116,27609,34208,10048,17107,257604,165689,35197,26852,148702,1263,25,14,8
2021-05-01T23:59:59+02:00,11,12,6566,7367,11972,14950,14675,21704,21026,32526,31262,36194,51944,56616,44640,54301,12956,22111,2389,2186,3757,5080,4611,8554,7110,13310,10733,13556,15949,16893,27493,34071,10045,17097,257046,164723,35197,26825,148551,1261,25,14,8
2021-04-30T23:59:59+02:00,11,12,6529,7329,11882,14861,14570,21587,20831,32340,31024,36003,51672,56256,44595,54247,12951,22099,2360,2165,3695,5018,4515,8445,6959,13125,10456,13292,15138,15867,26623,32998,10004,17008,255274,161520,35154,24934,148333,1190,24,14,8
2021-04-29T23:59:59+02:00,11,12,6324,7205,11562,14674,14217,21351,20313,32052,30270,35512,51022,55431,44504,54133,12927,22024,2323,2119,3603,4929,4390,8309,6765,12908,10180,13007,14167,14635,25320,31456,9943,16916,252111,155830,35060,24188,146336,929,23,14,8
2021-04-28T23:59:59+02:00,11,12,6057,7040,11185,14339,13729,20886,19676,31447,29103,34384,48357,52428,44213,53808,12864,21946,2284,2079,3534,4869,4275,8193,6605,12724,9933,12788,13024,13155,23831,29580,9882,16813,242185,149866,34931,22983,144344,710,11,14,7
2021-04-27T23:59:59+02:00,11,12,5955,6948,11036,14218,13529,20725,19399,31237,28543,33998,48151,52208,44157,53757,12856,21924,2242,2045,3443,4775,4182,8084,6439,12540,9654,12512,11812,11593,22179,27426,9806,16668,240825,143060,34884,21798,142931,533,11,13,6
2021-04-26T23:59:59+02:00,11,12,5907,6903,10919,14153,13368,20604,19172,31027,27713,33429,47814,51841,44103,53692,12847,21895,2219,2017,3390,4732,4120,8015,6338,12408,9465,12337,10897,10434,20899,25679,9748,16582,240106,137792,34857,21058,140423,423,11,13,4
2021-04-25T23:59:59+02:00,11,12,5861,6856,10816,14058,13208,20450,18928,30744,26953,32692,47317,51329,44020,53592,12833,21875,2192,2006,3360,4713,4102,7996,6305,12367,9408,12277,10736,10242,20657,25356,9738,16568,238410,136938,34814,20714,138307,364,11,13,4
2021-04-24T23:59:59+02:00,11,12,5840,6808,10741,13973,13112,20309,18796,30567,26792,32513,47216,51206,43927,53497,12829,21870,2185,1996,3336,4686,4063,7950,6233,12294,9278,12160,10579,10061,20525,25225,9722,16550,236947,136416,34796,20074,138252,346,11,13,4
2021-04-23T23:59:59+02:00,11,12,5776,6716,10611,13774,12913,20056,18487,30191,26400,32152,46272,50072,43773,53252,12806,21838,2167,1975,3295,4651,4015,7895,6138,12204,9113,12032,10312,9763,20201,24804,9674,16470,232561,135294,34739,19073,137788,335,11,13,4
2021-04-22T23:59:59+02:00,11,12,5673,6601,10403,13579,12563,19725,17978,29719,25772,31560,44542,47919,43201,52522,12760,21737,2153,1964,3255,4598,3938,7821,6010,12104,8854,11867,9881,9356,19749,24216,9624,16392,226323,133176,34629,18295,135301,303,11,13,4
2021-04-21T23:59:59+02:00,11,11,5577,6463,10174,13377,12235,19412,17475,29225,25057,30832,40272,43056,42725,51987,12694,21633,2141,1955,3220,4562,3883,7763,5931,12011,8678,11707,9551,8973,19249,23626,9565,16297,214229,131534,34563,17290,133400,280,11,13,4
2021-04-20T23:59:59+02:00,11,11,5497,6373,9980,13161,11959,19149,17055,28817,24505,30271,38517,41045,42073,51212,12624,21495,2116,1942,3181,4537,3817,7718,5798,11914,8506,11579,9268,8653,18779,22960,9468,16156,208015,130172,34473,15986,131244,226,11,12,4
2021-04-19T23:59:59+02:00,11,10,5417,6295,9821,13034,11758,18944,16693,28436,23963,29803,36963,39253,41485,50486,12568,21406,2100,1923,3146,4502,3776,7674,5759,11844,8422,11488,9032,8370,18375,22394,9422,16065,202995,128483,34417,15596,128913,205,11,10,4
2021-04-18T23:59:59+02:00,11,9,5355,6244,9690,12951,11560,18807,16415,28238,23560,29492,35657,37891,41137,50080,12536,21344,2088,1907,3117,4480,3750,7658,5714,11798,8371,11439,8932,8279,18222,22206,9409,16042,201463,127996,34376,15208,125117,200,11,10,4
2021-04-17T23:59:59+02:00,11,9,5349,6228,9655,12920,11515,18767,16338,28171,23496,29434,35348,37553,41030,49983,12530,21333,2078,1899,3090,4468,3692,7613,5643,11747,8285,11387,8822,8170,18118,22089,9388,16029,200237,127194,34367,15118,125045,198,11,10,4
2021-04-16T23:59:59+02:00,11,9,5284,6189,9566,12860,11382,18655,16125,28011,23147,29086,34267,36294,40621,49457,12510,21299,1945,1811,2863,4290,3334,7298,4876,11215,6794,10297,6326,6126,16317,20409,9198,15732,196077,117910,34279,10717,124396,196,11,10,4
2021-04-15T23:59:59+02:00,11,9,5217,6098,9366,12690,11086,18407,15628,27618,22457,28487,32368,33975,39580,48248,12434,21135,1900,1779,2798,4226,3217,7179,4659,11033,6417,9986,5865,5729,15726,19726,9012,15403,190259,114792,34228,9666,120306,189,11,10,4
2021-04-14T23:59:59+02:00,11,8,5156,6052,9198,12561,10867,18230,15227,27305,21810,28007,30445,31725,38364,46832,12360,20950,1818,1724,2715,4160,3108,7086,4454,10866,6111,9734,5383,5316,15142,19037,8810,15053,183893,112169,34092,8207,117102,133,11,10,4
2021-04-13T23:59:59+02:00,11,8,5108,5999,9061,12431,10688,18060,14885,27030,21288,27542,28347,29277,37107,45239,12220,20746,1773,1707,2677,4117,3053,7025,4323,10726,5841,9524,5043,5012,14695,18589,8678,14852,177016,110751,34026,6840,113984,36,11,10,4
2021-04-12T23:59:59+02:00,10,8,5046,5949,8951,12294,10484,17912,14563,26750,20746,27086,26308,27008,35949,43775,12093,20549,1740,1664,2648,4098,3026,6972,4263,10659,5738,9424,4882,4867,14396,18220,8567,14653,171300,109913,33949,5861,110211,35,11,10,4
2021-04-11T23:59:59+02:00,10,8,5007,5906,8860,12215,10326,17811,14300,26572,20322,26762,25110,25722,35244,42991,12005,20401,1731,1658,2627,4078,3004,6947,4230,10613,5651,9356,4790,4812,14281,18098,8529,14601,169519,109715,33878,5256,106154,27,11,10,4
2021-04-10T23:59:59+02:00,10,8,4996,5892,8819,12188,10271,17776,14232,26523,20226,26682,24796,25348,34899,42572,11998,20380,1726,1653,2618,4070,2990,6931,4201,10584,5594,9317,4712,4733,14155,17936,8482,14517,168307,108928,33156,5256,106132,27,11,10,4
2021-04-09T23:59:59+02:00,10,8,4949,5859,8734,12110,10148,17652,14064,26347,19965,26440,23961,24194,33946,41365,11965,20307,1698,1623,2564,4035,2918,6869,4050,10471,5340,9092,4292,4359,13594,17222,8256,14152,164947,105254,31642,5248,105417,27,8,10,4
2021-04-08T23:59:59+02:00,10,8,4872,5794,8586,11999,9934,17475,13668,26034,19360,25972,22259,22214,32260,39399,11819,20073,1668,1607,2510,3988,2837,6782,3902,10333,5047,8827,3839,3934,12608,15977,7785,13394,159200,100283,30737,4727,101781,22,8,10,4
2021-04-07T23:59:59+02:00,10,7,4825,5742,8404,11922,9706,17325,13348,25807,18892,25612,20448,20102,30503,37141,11704,19862,1635,1591,2454,3936,2775,6702,3793,10187,4858,8637,3578,3645,11925,15172,7416,12849,153162,96981,29563,4155,98619,12,7,9,4
2021-04-06T23:59:59+02:00,10,7,4778,5697,8260,11810,9545,17160,13030,25541,18373,25226,18597,18040,28586,34655,11509,19519,1600,1572,2431,3910,2742,6665,3728,10143,4776,8547,3470,3523,11448,14526,7134,12442,146339,94677,28603,3964,95386,11,7,8,4
2021-04-05T23:59:59+02:00,10,7,4748,5655,8164,11721,9406,17060,12819,25330,17972,24879,16870,16106,26959,32511,11365,19297,1579,1561,2401,3891,2713,6617,3685,10084,4691,8432,3359,3416,11110,14157,6978,12163,140931,93287,28168,3535,91767,10,7,6,4
2021-04-04T23:59:59+02:00,10,7,4740,5649,8156,11710,9393,17047,12794,25310,17944,24854,16738,15932,26763,32264,11356,19284,1578,1560,2399,3888,2711,6614,3683,10081,4687,8429,3349,3403,11099,14145,6975,12155,140211,93207,28076,3535,91654,10,6,4,4
2021-04-03T23:59:59+02:00,10,7,4736,5641,8142,11702,9373,17027,12755,25279,17866,24792,16658,15843,26718,32207,11351,19277,1575,1558,2390,3880,2693,6600,3659,10053,4605,8374,3231,3288,11017,14071,6969,12145,139684,92559,28048,3535,91642,10,6,4,4
2021-04-02T23:59:59+02:00,10,7,4710,5621,8085,11648,9310,16959,12616,25173,17631,24592,16207,15366,26243,31633,11319,19224,1573,1549,2377,3874,2686,6584,3638,10021,4536,8281,3162,3220,10780,13772,6817,11943,138481,91268,26639,3531,91224,10,6,4,4
2021-04-01T23:59:59+02:00,9,7,4667,5560,7973,11506,9179,16799,12343,24888,17186,24193,15459,14640,25488,30675,11193,19041,1556,1527,2346,3842,2664,6554,3598,9982,4467,8216,3051,3091,9850,12656,6206,11097,136248,87265,25975,3427,88575,9,4,4,4
2021-03-31T23:59:59+02:00,9,7,4457,5480,7863,11384,9038,16634,12125,24612,16834,23828,14763,13878,24656,29667,11088,18849,1547,1522,2332,3822,2638,6526,3550,9933,4396,8145,2961,3001,9280,11961,5843,10602,134453,84847,24518,3201,86193,9,4,4,4
2021-03-30T23:59:59+02:00,9,7,4426,5426,7790,11257,8952,16475,11962,24422,16555,23519,14171,13236,23900,28689,10950,18608,1533,1512,2313,3797,2612,6497,3511,9868,4330,8074,2837,2855,8697,11307,5493,10115,132974,82542,23308,2803,84064,4,4,4,4
2021-03-29T23:59:59+02:00,9,7,4385,5368,7690,11144,8845,16313,11803,24150,16227,23173,13630,12637,23141,27718,10797,18363,1515,1499,2294,3781,2591,6468,3476,9811,4266,7999,2784,2787,8410,10922,5303,9806,131138,81162,22557,2544,81697,4,4,4,4
2021-03-28T23:59:59+02:00,9,7,4350,5283,7605,11036,8768,16161,11668,23921,15968,22900,13306,12328,22575,27028,10623,18084,1506,1494,2272,3767,2576,6439,3436,9761,4228,7942,2736,2736,8332,10818,5260,9741,130639,80821,22038,2217,78935,4,4,4,4
2021-03-27T23:59:59+01:00,9,7,4336,5272,7579,11006,8702,16090,11568,23826,15826,22784,13100,12115,22374,26817,10588,18055,1505,1492,2269,3765,2575,6438,3423,9737,4217,7920,2726,2729,8276,10753,5226,9701,129758,80529,21395,2217,78893,4,4,4,4
2021-03-26T23:59:59+01:00,9,7,4293,5203,7470,10875,8526,15907,11234,23525,15213,22279,12182,11294,21590,25980,10447,17831,1500,1478,2263,3744,2562,6415,3406,9711,4176,7883,2696,2690,8098,10535,5109,9533,125728,79689,19787,2102,78342,4,4,4,4
2021-03-25T23:59:59+01:00,9,6,4234,5044,7309,10597,8283,15502,10850,22903,14572,21581,11512,10634,20725,24914,10134,17294,1480,1464,2231,3718,2527,6376,3369,9663,4104,7802,2562,2551,7124,9285,4503,8628,122460,75514,19014,1866,74622,4,3,4,4
2021-03-24T23:59:59+01:00,9,6,4158,4903,7170,10312,8069,15088,10587,22356,14104,20974,10909,10075,19795,23828,9811,16733,1459,1434,2205,3680,2482,6340,3327,9599,4026,7703,2463,2452,6481,8525,4122,8049,119873,72894,17829,1450,71180,2,1,4,4
2021-03-23T23:59:59+01:00,9,6,4118,4808,7063,10077,7915,14749,10329,21853,13702,20482,10444,9633,19076,22978,9501,16272,1447,1416,2179,3659,2462,6313,3266,9545,3934,7629,2370,2350,5752,7597,3676,7362,118415,69830,16727,1125,67869,2,0,4,4
2021-03-22T23:59:59+01:00,9,6,4066,4728,6936,9838,7755,14429,10073,21389,13353,19985,10052,9277,18514,22271,9315,15932,1438,1409,2170,3645,2450,6297,3243,9522,3904,7596,2309,2299,5300,6991,3329,6873,117535,67734,16330,1038,64059,2,0,4,4
2021-03-21T23:59:59+01:00,9,6,4019,4623,6804,9573,7587,14074,9850,20849,13013,19460,9731,8998,17985,21668,9125,15625,1435,1406,2169,3634,2447,6290,3237,9513,3894,7582,2295,2280,5183,6859,3271,6772,117340,67226,15936,1038,59719,2,0,4,4
2021-03-20T23:59:59+01:00,9,6,4008,4601,6769,9519,7529,14003,9766,20744,12907,19371,9644,8904,17850,21494,9074,15538,1432,1401,2165,3631,2442,6285,3224,9503,3875,7572,2260,2248,4860,6486,3087,6530,116516,65960,15841,1038,59375,2,0,4,4
2021-03-19T23:59:59+01:00,8,6,3833,4460,6479,9268,7088,13580,8853,20014,11178,18044,6794,6563,15620,19296,8721,14977,1428,1397,2160,3624,2430,6272,3212,9479,3825,7526,2193,2207,4491,6014,2825,6215,107249,64289,11135,1006,56394,2,0,4,4
2021-03-18T23:59:59+01:00,8,5,3728,4327,6301,8959,6823,13140,8461,19355,10538,17307,6083,5910,14407,17829,8214,14162,1424,1391,2137,3597,2412,6236,3184,9438,3785,7492,2148,2173,4072,5486,2544,5806,102144,62424,10132,898,53277,2,0,4,4
2021-03-17T23:59:59+01:00,8,5,3650,4253,6169,8815,6656,12962,8167,19045,10138,16916,5678,5527,13591,16899,7821,13587,1414,1379,2121,3578,2382,6203,3153,9410,3748,7456,2092,2113,3666,5040,2295,5423,98920,60707,8450,763,52513,2,0,4,4
2021-03-16T23:59:59+01:00,7,5,3572,4118,6017,8544,6450,12595,7853,18460,9591,16260,5156,5074,12779,15936,7491,13096,1405,1370,2112,3561,2367,6188,3137,9390,3723,7430,2064,2077,3147,4401,1961,4917,96610,58488,7049,759,49341,2,0,4,4
2021-03-15T23:59:59+01:00,7,5,3524,3970,5831,8267,6232,12187,7579,17887,9155,15636,4841,4793,12126,15194,7229,12639,1405,1360,2096,3546,2347,6163,3119,9341,3699,7391,2028,2027,2784,3941,1676,4525,95120,56701,6079,744,45899,2,0,4,4
2021-03-14T23:59:59+01:00,7,5,3478,3838,5604,7938,5946,11743,7272,17170,8694,14884,4527,4521,11837,14938,7184,12540,1398,1354,2080,3517,2333,6113,3101,9283,3682,7352,2021,2016,2706,3834,1624,4441,95003,56302,5473,550,41646,2,0,4,4
2021-03-13T23:59:59+01:00,7,5,3462,3797,5565,7826,5887,11627,7190,17027,8549,14732,4375,4371,11745,14852,7178,12529,1398,1354,2080,3517,2332,6113,3100,9282,3681,7352,2018,2008,2653,3779,1590,4387,94314,56091,5473,550,40933,2,0,4,4
2021-03-12T23:59:59+01:00,7,5,3444,3725,5509,7690,5825,11480,7106,16803,8414,14499,4268,4275,11476,14529,7024,12314,1398,1354,2076,3511,2331,6105,3096,9276,3680,7346,2016,2006,2567,3669,1510,4301,92898,55689,5465,550,40026,2,0,4,4
2021-03-11T23:59:59+01:00,7,5,3366,3530,5300,7392,5594,11060,6768,16138,7982,13861,3933,3941,10405,13274,6376,11412,1393,1351,2066,3498,2312,6080,3073,9242,3656,7313,1987,1981,2329,3407,1360,4082,88728,54610,5048,517,36564,2,0,4,4
2021-03-10T23:59:59+01:00,7,5,3271,3412,5087,7122,5381,10703,6498,15593,7647,13315,3713,3714,9764,12482,5992,10879,1388,1340,2038,3460,2282,5990,3025,9120,3598,7194,1943,1905,2113,3170,1231,3894,86266,53406,4679,282,33636,2,0,4,4
2021-03-09T23:59:59+01:00,6,5,3197,3282,4932,6933,5187,10424,6269,15162,7350,12811,3530,3509,9135,11781,5620,10362,1381,1330,2002,3400,2251,5888,2964,8976,3531,7113,1913,1879,1839,2854,1063,3649,84003,51995,4424,35,31064,2,0,4,4
2021-03-08T23:59:59+01:00,6,5,3131,3121,4706,6668,4950,10071,6010,14652,6988,12223,3331,3317,8748,11338,5423,10050,1378,1311,1988,3322,2220,5794,2925,8830,3498,7020,1898,1857,1639,2623,945,3459,82536,50673,4063,33,28135,0,0,4,4
2021-03-07T23:59:59+01:00,6,5,3099,3062,4632,6556,4866,9958,5905,14489,6872,12078,3281,3275,8664,11233,5385,9983,1372,1306,1981,3310,2212,5767,2918,8791,3486,7001,1890,1845,1583,2556,893,3392,82185,50269,3898,33,27262,0,0,4,4
2021-03-06T23:59:59+01:00,6,5,3085,3004,4588,6466,4832,9895,5847,14375,6824,11969,3257,3252,8608,11167,5351,9940,1370,1293,1976,3296,2200,5740,2915,8763,3475,6982,1881,1821,1556,2532,888,3383,81869,50037,3898,33,26700,0,0,4,4
2021-03-05T23:59:59+01:00,6,5,3061,2911,4530,6357,4770,9797,5785,14224,6724,11816,3213,3197,8424,10937,5232,9768,1361,1260,1946,3241,2175,5633,2873,8629,3431,6844,1838,1776,1492,2461,866,3357,80971,49149,3890,33,25892,0,0,4,4
2021-03-04T23:59:59+01:00,4,5,3008,2717,4371,6118,4552,9486,5579,13804,6413,11427,3035,3020,7410,9647,4613,8856,1341,1210,1908,3118,2143,5450,2827,8352,3375,6612,1767,1686,1456,2412,862,3339,76827,47825,3620,32,23614,0,0,4,4
2021-03-03T23:59:59+01:00,3,5,2969,2645,4230,5927,4387,9218,5376,13427,6159,11007,2914,2889,6766,8878,4220,8254,1329,1172,1881,3046,2121,5339,2795,8174,3322,6454,1698,1642,1415,2342,842,3286,74117,46826,3391,32,21762,0,0,4,3
2021-03-02T23:59:59+01:00,3,5,2908,2556,4046,5711,4180,8945,5179,13051,5892,10633,2768,2732,5999,7913,3758,7549,1296,1129,1854,2974,2097,5200,2746,7901,3273,6256,1626,1582,1351,2264,822,3243,70959,45582,2945,32,19920,0,0,4,3
2021-03-01T23:59:59+01:00,3,4,2868,2493,3880,5560,3993,8725,4991,12729,5653,10246,2668,2618,5510,7259,3405,7044,1290,1093,1831,2873,2070,5007,2705,7651,3213,6020,1583,1546,1303,2205,796,3204,68810,44358,2646,32,18189,0,0,4,3
2021-02-28T23:59:59+01:00,3,4,2827,2444,3722,5441,3772,8535,4808,12479,5466,9941,2611,2546,5387,7103,3343,6943,1286,1088,1827,2859,2061,4983,2698,7615,3203,6003,1575,1539,1297,2196,794,3194,68332,44187,2428,31,16611,0,0,4,3
2021-02-27T23:59:59+01:00,3,3,2812,2379,3696,5361,3738,8466,4774,12389,5431,9867,2570,2512,5058,6716,3147,6692,1279,1080,1820,2847,2048,4948,2679,7550,3187,5947,1557,1530,1291,2185,791,3193,67025,43902,2428,30,16157,0,0,4,3
2021-02-26T23:59:59+01:00,3,3,2792,2338,3656,5276,3672,8364,4713,12280,5346,9780,2493,2459,4681,6235,2878,6369,1220,1030,1770,2738,1999,4767,2625,7276,3114,5735,1496,1479,1268,2163,777,3184,65234,42613,2302,29,15798,0,0,4,2
2021-02-25T23:59:59+01:00,3,3,2618,2229,3472,5095,3490,8141,4509,11994,5127,9506,2406,2394,4233,5683,2590,5948,1204,972,1739,2630,1946,4493,2554,6882,3019,5449,1451,1436,1248,2148,775,3175,63379,41097,1980,26,14078,0,0,4,1
2021-02-24T23:59:59+01:00,3,3,2463,2091,3282,4903,3342,7935,4312,11740,4908,9258,2269,2275,3780,5173,2333,5555,1189,943,1716,2544,1912,4354,2494,6625,2967,5243,1420,1405,1230,2128,771,3156,61615,40080,1511,18,12495,0,0,4,1
2021-02-23T23:59:59+01:00,3,3,2326,1953,3102,4675,3187,7701,4140,11467,4726,9012,2183,2181,3226,4508,1995,5043,1175,895,1685,2449,1873,4161,2426,6326,2869,4983,1362,1350,1201,2085,758,3131,59413,38716,1164,14,10850,0,0,4,1
2021-02-22T23:59:59+01:00,3,3,2286,1902,3018,4582,3117,7593,4046,11281,4619,8887,2133,2140,2862,4045,1708,4657,1163,836,1653,2323,1830,3915,2350,5932,2743,4685,1300,1295,1178,2052,751,3110,57740,37113,1080,4,10058,0,0,4,1
2021-02-21T23:59:59+01:00,3,3,2250,1870,2967,4513,3035,7479,3965,11134,4553,8770,2119,2117,2778,3931,1653,4569,1159,818,1636,2270,1805,3806,2317,5777,2680,4561,1268,1272,1168,2038,744,3097,57309,36413,1047,4,9349,0,0,4,1
2021-02-20T23:59:59+01:00,3,3,2239,1867,2945,4500,3019,7443,3939,11101,4532,8749,2116,2109,2724,3874,1618,4514,1159,815,1636,2268,1804,3797,2316,5772,2679,4557,1267,1269,1167,2035,743,3096,57094,36377,1046,4,9151,0,0,4,1
2021-02-19T23:59:59+01:00,2,3,2227,1854,2909,4448,2994,7355,3894,11019,4478,8686,2108,2103,2636,3761,1538,4421,1107,806,1597,2260,1794,3788,2306,5751,2670,4545,1261,1258,1156,2030,738,3089,56682,36153,1015,4,8735,0,0,4,1
2021-02-18T23:59:59+01:00,2,3,2095,1758,2752,4263,2870,7157,3757,10731,4338,8481,2076,2069,2396,3495,1386,4199,1028,771,1522,2162,1744,3665,2233,5593,2614,4458,1247,1238,1151,2016,728,3071,55623,35238,948,4,7253,0,0,4,1
2021-02-17T23:59:59+01:00,2,3,2051,1709,2660,4130,2761,6943,3604,10390,4197,8238,2018,1986,2177,3266,1262,4012,874,708,1413,2036,1669,3475,2139,5369,2540,4287,1213,1193,1126,1971,713,3031,54560,33755,803,3,6042,0,0,4,1
2021-02-16T23:59:59+01:00,2,3,1878,1596,2485,3923,2622,6668,3443,10035,4021,7931,1974,1959,1902,2947,1092,3760,847,686,1341,1961,1601,3333,2045,5197,2443,4156,1153,1146,1068,1881,681,2938,53232,32476,767,2,4238,0,0,4,1
2021-02-15T23:59:59+01:00,2,3,1843,1540,2397,3754,2544,6395,3320,9668,3906,7662,1948,1931,1687,2709,971,3574,829,673,1312,1915,1560,3265,1990,5025,2380,4056,1088,1106,1004,1790,662,2845,52139,31500,754,1,2957,0,0,4,1
2021-02-14T23:59:59+01:00,2,3,1753,1509,2352,3693,2502,6305,3250,9565,3860,7584,1937,1921,1629,2650,921,3515,814,663,1295,1890,1533,3242,1956,4984,2355,4001,1078,1097,997,1780,659,2833,51805,31177,725,1,2417,0,0,4,1
2021-02-13T23:59:59+01:00,2,3,1752,1497,2342,3686,2496,6291,3246,9549,3853,7574,1928,1901,1606,2630,918,3505,814,663,1295,1890,1533,3242,1956,4984,2355,4001,1078,1097,997,1780,659,2833,51650,31177,725,1,2400,0,0,4,1
2021-02-12T23:59:59+01:00,2,3,1672,1411,2243,3574,2416,6117,3141,9311,3730,7309,1881,1844,1543,2558,895,3478,808,656,1283,1868,1518,3223,1948,4953,2339,3981,1073,1092,996,1761,659,2803,50710,30962,725,0,1689,0,0,4,1
2021-02-11T23:59:59+01:00,2,3,1469,1273,2061,3359,2287,5825,2989,8878,3571,6963,1809,1742,1501,2497,881,3455,780,605,1188,1688,1392,2949,1809,4594,2173,3694,1023,1029,953,1688,626,2672,49315,28864,684,0,562,0,0,4,1
2021-02-10T23:59:59+01:00,2,3,1373,1224,1973,3232,2218,5651,2907,8599,3460,6733,1738,1694,1456,2430,865,3398,566,521,966,1463,1253,2641,1624,4131,1970,3315,906,902,831,1435,547,2356,48147,25428,644,0,161,0,0,4,1
2021-02-09T23:59:59+01:00,2,3,1337,1174,1936,3140,2191,5470,2840,8258,3390,6474,1664,1632,1395,2370,848,3361,303,384,747,1200,1066,2266,1414,3592,1721,2862,737,738,663,1148,437,1911,46887,21190,515,0,80,0,0,3,1
2021-02-08T23:59:59+01:00,2,3,1330,1139,1905,3021,2153,5248,2788,7978,3331,6238,1623,1598,1350,2315,832,3341,267,343,645,1045,960,2048,1254,3201,1523,2546,634,619,559,969,380,1661,45768,18655,345,0,79,0,0,3,1
2021-02-07T23:59:59+01:00,2,3,1303,1123,1876,2969,2128,5166,2759,7875,3289,6173,1607,1582,1335,2296,821,3326,233,287,597,955,900,1893,1161,2975,1425,2374,594,599,538,936,370,1632,45486,17471,144,0,0,0,0,3,0
2021-02-06T23:59:59+01:00,2,3,1298,1117,1870,2957,2119,5138,2746,7831,3278,6128,1594,1574,1330,2286,818,3325,214,253,575,918,872,1827,1119,2857,1368,2292,578,581,531,936,370,1632,45267,16925,144,0,0,0,0,3,0
2021-02-05T23:59:59+01:00,2,3,1237,1065,1821,2846,2067,4942,2687,7535,3201,5912,1531,1520,1311,2260,810,3318,198,223,540,871,838,1747,1081,2740,1315,2193,544,557,520,912,360,1607,43921,16248,144,0,0,0,0,3,0
2021-02-04T23:59:59+01:00,2,3,1225,1001,1780,2697,1996,4630,2604,7090,3101,5585,1486,1487,1293,2244,806,3310,170,169,467,753,739,1608,970,2501,1202,1979,497,505,477,858,343,1494,42302,14734,36,0,0,0,0,2,0
2021-02-03T23:59:59+01:00,2,3,1207,972,1750,2616,1957,4484,2537,6828,3049,5370,1449,1455,1264,2209,788,3281,139,140,392,641,623,1371,824,2123,1005,1688,378,370,342,644,240,1133,41183,12055,36,0,0,0,0,2,0
2021-02-02T23:59:59+01:00,2,3,1189,916,1717,2516,1914,4261,2464,6496,2942,5097,1395,1409,1241,2179,779,3257,118,116,316,520,520,1136,679,1793,815,1378,280,270,264,472,188,849,39739,9716,36,0,0,0,0,2,0
2021-02-01T23:59:59+01:00,1,3,1176,856,1682,2391,1864,4015,2387,6103,2820,4801,1328,1328,1211,2133,768,3232,85,76,216,349,347,741,431,1156,479,859,174,165,152,279,100,496,38061,6105,36,0,0,0,0,2,0
2021-01-31T23:59:59+01:00,1,3,1171,838,1665,2333,1840,3892,2355,5920,2753,4682,1297,1305,1200,2118,761,3220,74,70,183,279,270,575,342,903,397,692,148,149,144,271,96,482,37319,5075,33,0,0,0,0,2,0
2021-01-30T23:59:59+01:00,1,3,1171,835,1664,2328,1838,3881,2353,5909,2750,4672,1296,1301,1199,2117,761,3219,70,63,151,232,242,507,307,785,354,617,147,142,139,267,96,481,37264,4600,32,0,0,0,0,2,0
2021-01-29T23:59:59+01:00,1,3,1118,826,1625,2321,1827,3874,2345,5895,2742,4660,1292,1298,1195,2117,761,3219,62,45,114,177,198,353,250,636,310,489,136,133,127,256,93,481,37088,3860,30,0,0,0,0,1,0
2021-01-28T23:59:59+01:00,1,3,1043,801,1567,2261,1794,3805,2298,5824,2709,4606,1280,1286,1188,2111,752,3205,40,20,72,105,129,206,155,380,202,292,103,101,102,205,83,434,36506,2629,27,0,0,0,0,1,0
2021-01-27T23:59:59+01:00,1,3,893,750,1476,2185,1727,3690,2227,5694,2651,4482,1252,1242,1164,2072,740,3173,29,12,62,86,104,162,122,323,175,247,95,84,91,186,79,403,35403,2260,18,0,0,0,0,1,0
2021-01-26T23:59:59+01:00,1,3,879,731,1411,2111,1664,3560,2140,5522,2563,4371,1197,1202,1118,2001,716,3124,28,11,59,83,100,156,118,309,174,237,93,79,84,165,68,357,34301,2121,12,0,0,0,0,1,0
2021-01-25T23:59:59+01:00,1,3,866,710,1379,2051,1633,3463,2095,5356,2506,4281,1146,1177,1071,1944,698,3065,26,11,56,83,97,154,117,307,173,237,92,78,83,164,66,354,33441,2098,3,0,0,0,0,1,0
2021-01-24T23:59:59+01:00,1,3,863,709,1373,2040,1628,3446,2087,5330,2495,4249,1142,1170,1066,1937,697,3060,26,11,56,83,96,153,117,307,173,236,92,78,83,164,66,354,33292,2095,3,0,0,0,0,1,0
2021-01-23T23:59:59+01:00,1,3,863,709,1373,2040,1628,3446,2087,5330,2495,4249,1142,1170,1066,1937,697,3060,26,11,56,83,96,153,117,307,172,236,92,78,83,164,66,354,33292,2094,3,0,0,0,0,1,0
2021-01-22T23:59:59+01:00,1,3,863,699,1359,2018,1612,3422,2074,5296,2479,4229,1140,1165,1065,1914,696,3027,26,11,56,83,96,153,117,307,171,236,92,78,83,164,66,354,33058,2093,3,0,0,0,0,1,0
2021-01-21T23:59:59+01:00,1,3,832,662,1281,1863,1512,3232,1978,5024,2369,4032,1102,1107,1038,1849,665,2922,24,10,52,78,88,145,107,278,157,213,79,70,74,144,54,301,31468,1874,3,0,0,0,0,1,0
2021-01-20T23:59:59+01:00,1,3,629,563,1087,1644,1378,2958,1801,4619,2166,3695,977,989,920,1620,600,2652,22,10,51,74,85,144,99,265,146,194,69,64,69,122,45,269,28298,1728,3,0,0,0,0,1,0
2021-01-19T23:59:59+01:00,1,3,342,417,835,1387,1177,2618,1566,4090,1906,3245,810,821,756,1347,502,2247,18,7,36,52,56,78,73,178,102,131,52,49,48,91,34,208,24067,1213,2,0,0,0,0,1,0
2021-01-18T23:59:59+01:00,1,3,300,376,723,1199,1056,2364,1374,3592,1668,2865,682,672,611,1103,428,1863,7,3,11,17,19,27,24,50,25,46,12,11,13,33,7,61,20878,366,1,0,0,0,0,1,0
2021-01-17T23:59:59+01:00,1,3,259,321,657,1105,978,2193,1276,3317,1553,2654,637,643,584,1047,407,1805,0,0,1,0,2,2,2,1,2,2,1,4,1,0,0,1,19439,19,1,0,0,0,0,0,0
2021-01-16T23:59:59+01:00,1,3,242,289,641,1072,954,2130,1235,3207,1502,2581,621,626,576,1047,407,1804,0,0,0,0,1,2,1,1,1,2,0,1,1,0,0,1,18937,11,1,0,0,0,0,0,0
2021-01-15T23:59:59+01:00,1,3,227,256,612,1024,927,2052,1201,3091,1450,2485,590,600,569,1026,400,1792,0,0,0,0,0,0,0,0,0,0,0,0,0,0,0,0,18306,0,0,0,0,0,0,0,0
2021-01-14T23:59:59+01:00,1,2,197,204,552,902,838,1909,1108,2868,1335,2302,546,557,531,982,394,1750,0,0,0,0,0,0,0,0,0,0,0,0,0,0,0,0,16978,0,0,0,0,0,0,0,0
2021-01-13T23:59:59+01:00,1,2,166,185,503,833,766,1783,1010,2635,1181,2077,433,440,404,777,296,1353,0,0,0,0,0,0,0,0,0,0,0,0,0,0,0,0,14845,0,0,0,0,0,0,0,0
2021-01-12T23:59:59+01:00,1,2,144,164,471,764,716,1628,920,2432,1074,1843,344,332,313,557,214,965,0,0,0,0,0,0,0,0,0,0,0,0,0,0,0,0,12884,0,0,0,0,0,0,0,0
2021-01-11T23:59:59+01:00,0,1,115,127,395,634,626,1375,756,1974,847,1457,213,194,174,329,116,568,0,0,0,0,0,0,0,0,0,0,0,0,0,0,0,0,9901,0,0,0,0,0,0,0,0
2021-01-10T23:59:59+01:00,0,1,89,92,305,458,471,995,549,1447,623,1061,176,171,162,316,111,555,0,0,0,0,0,0,0,0,0,0,0,0,0,0,0,0,7582,0,0,0,0,0,0,0,0
2021-01-09T23:59:59+01:00,0,1,78,84,259,395,401,863,482,1230,547,903,169,161,157,311,111,553,0,0,0,0,0,0,0,0,0,0,0,0,0,0,0,0,6705,0,0,0,0,0,0,0,0
2021-01-08T23:59:59+01:00,0,1,65,64,186,287,304,584,367,932,441,684,161,156,141,299,109,553,0,0,0,0,0,0,0,0,0,0,0,0,0,0,0,0,5334,0,0,0,0,0,0,0,0
2021-01-07T23:59:59+01:00,0,0,46,24,78,121,137,230,165,419,223,340,116,121,123,251,98,504,0,0,0,0,0,0,0,0,0,0,0,0,0,0,0,0,2996,0,0,0,0,0,0,0,0
2021-01-06T23:59:59+01:00,0,0,32,17,69,92,116,180,137,342,194,276,97,93,97,205,83,429,0,0,0,0,0,0,0,0,0,0,0,0,0,0,0,0,2459,0,0,0,0,0,0,0,0
2021-01-05T23:59:59+01:00,0,0,29,12,59,87,106,166,121,327,180,253,96,88,95,198,81,411,0,0,0,0,0,0,0,0,0,0,0,0,0,0,0,0,2309,0,0,0,0,0,0,0,0
2021-01-04T23:59:59+01:00,0,0,26,11,56,84,98,157,116,312,178,241,95,85,88,184,71,380,0,0,0,0,0,0,0,0,0,0,0,0,0,0,0,0,2182,0,0,0,0,0,0,0,0
2021-01-03T23:59:59+01:00,0,0,26,11,56,84,98,157,116,312,178,241,95,85,87,183,71,380,0,0,0,0,0,0,0,0,0,0,0,0,0,0,0,0,2180,0,0,0,0,0,0,0,0
2021-01-02T23:59:59+01:00,0,0,26,11,56,84,98,157,116,312,177,241,95,85,87,183,71,380,0,0,0,0,0,0,0,0,0,0,0,0,0,0,0,0,2179,0,0,0,0,0,0,0,0
2021-01-01T23:59:59+01:00,0,0,26,11,56,84,98,157,116,312,175,240,95,85,87,183,71,380,0,0,0,0,0,0,0,0,0,0,0,0,0,0,0,0,2176,0,0,0,0,0,0,0,0
2020-12-31T23:59:59+01:00,0,0,26,11,56,84,98,157,116,312,175,240,95,85,87,183,71,380,0,0,0,0,0,0,0,0,0,0,0,0,0,0,0,0,2176,0,0,0,0,0,0,0,0
2020-12-30T23:59:59+01:00,0,0,25,11,56,83,97,154,116,311,175,240,95,85,87,183,71,380,0,0,0,0,0,0,0,0,0,0,0,0,0,0,0,0,2169,0,0,0,0,0,0,0,0
2020-12-29T23:59:59+01:00,0,0,18,8,41,59,74,91,86,216,128,188,73,73,65,151,56,304,0,0,0,0,0,0,0,0,0,0,0,0,0,0,0,0,1631,0,0,0,0,0,0,0,0
2020-12-28T23:59:59+01:00,0,0,8,5,17,28,31,45,40,111,53,101,30,40,37,91,29,175,0,0,0,0,0,0,0,0,0,0,0,0,0,0,0,0,841,0,0,0,0,0,0,0,0
2020-12-27T23:59:59+01:00,0,0,2,2,4,5,7,11,10,23,6,22,5,7,6,25,3,48,0,0,0,0,0,0,0,0,0,0,0,0,0,0,0,0,186,0,0,0,0,0,0,0,0
