Datum,<15_1_m,<15_1_w,15-24_1_m,15-24_1_w,25-34_1_m,25-34_1_w,35-44_1_m,35-44_1_w,45-54_1_m,45-54_1_w,55-64_1_m,55-64_1_w,65-74_1_m,65-74_1_w,75-84_1_m,75-84_1_w,>84_1_m,>84_1_w,<15_2_m,<15_2_w,15-24_2_m,15-24_2_w,25-34_2_m,25-34_2_w,35-44_2_m,35-44_2_w,45-54_2_m,45-54_2_w,55-64_2_m,55-64_2_w,65-74_2_m,65-74_2_w,75-84_2_m,75-84_2_w,>84_2_m,>84_2_w,bp_1,bp_2,mo_1,mo_2,az_1,az_2,ja,unb_1,unb_2
2021-10-29T23:59:59+02:00,11563,10816,62280,58375,68552,64001,76950,77858,98084,99817,108913,107644,74503,80858,52308,64210,15145,26118,9931,9208,57192,54049,64164,59564,72803,73432,93733,95319,105106,104081,72770,78881,51108,62717,14644,25094,853436,808360,71379,68642,182657,176158,50582,40,54
2021-10-28T23:59:59+02:00,11485,10750,62072,58234,68315,63819,76762,77712,97900,99672,108816,107567,74480,80816,52292,64197,15140,26110,9879,9162,57045,53910,64038,59458,72712,73344,93670,95248,105028,104018,72748,78851,51097,62704,14640,25086,851788,807383,71316,68617,182654,176144,50440,40,54
2021-10-27T23:59:59+02:00,11417,10667,61915,58086,68120,63667,76599,77594,97778,99576,108746,107510,74460,80784,52283,64178,15137,26094,9821,9108,56935,53797,63935,59361,72619,73267,93605,95190,104973,103984,72725,78821,51085,62680,14636,25071,850465,806475,71199,68595,182653,176136,50353,40,54
2021-10-26T23:59:59+02:00,11334,10569,61775,57934,67943,63505,76438,77485,97665,99477,108667,107453,74431,80753,52261,64152,15127,26080,9762,9034,56788,53682,63834,59249,72545,73199,93531,95126,104927,103940,72703,78797,51061,62652,14629,25062,849053,805506,71140,68570,182650,176126,50265,40,54
2021-10-25T23:59:59+02:00,11312,10550,61723,57888,67902,63473,76394,77446,97630,99459,108648,107435,74422,80742,52260,64147,15124,26079,9738,9013,56726,53643,63798,59221,72519,73164,93505,95108,104911,103924,72701,78792,51059,62648,14629,25060,848672,805174,71131,68565,182650,176126,50240,40,54
2021-10-24T23:59:59+02:00,11269,10512,61615,57812,67799,63384,76310,77373,97553,99414,108612,107406,74408,80728,52254,64145,15121,26078,9690,8973,56649,53564,63722,59139,72455,73115,93456,95055,104881,103887,72677,78777,51050,62638,14626,25058,847999,804564,71079,68553,182650,176117,50124,40,54
2021-10-23T23:59:59+02:00,11265,10509,61604,57799,67781,63368,76299,77359,97539,99406,108607,107401,74407,80727,52254,64145,15121,26078,9687,8971,56641,53553,63708,59131,72449,73101,93447,95047,104878,103883,72675,78775,51050,62636,14626,25057,847911,804497,71065,68545,182649,176116,50103,40,54
2021-10-22T23:59:59+02:00,11202,10461,61450,57687,67603,63234,76159,77239,97414,99305,108530,107353,74390,80707,52250,64137,15120,26073,9634,8923,56527,53456,63628,59052,72377,73029,93379,94992,104841,103856,72658,78757,51045,62626,14626,25057,846726,803771,70989,68514,182648,176114,50010,40,54
2021-10-21T23:59:59+02:00,11125,10382,61301,57569,67447,63109,76031,77117,97290,99215,108442,107287,74362,80678,52237,64110,15115,26064,9561,8821,56398,53324,63501,58925,72295,72927,93282,94911,104783,103807,72624,78722,51035,62602,14620,25052,845451,802650,70958,68490,182647,176112,49884,40,54
2021-10-20T23:59:59+02:00,11083,10332,61199,57467,67345,63006,75944,77031,97206,99154,108393,107249,74346,80658,52226,64100,15110,26057,9479,8761,56271,53186,63394,58824,72222,72815,93216,94853,104713,103752,72598,78690,51022,62577,14617,25042,844561,801585,70939,68465,182645,176110,49818,40,54
2021-10-19T23:59:59+02:00,11032,10283,61136,57396,67268,62925,75874,76967,97156,99115,108353,107215,74321,80640,52211,64075,15099,26040,9395,8674,56131,53074,63277,58712,72134,72724,93135,94755,104646,103682,72548,78644,51004,62540,14610,25022,843846,800350,70919,68441,182644,176108,49754,40,54
2021-10-18T23:59:59+02:00,10989,10239,61060,57325,67189,62860,75820,76910,97112,99064,108311,107170,74307,80620,52201,64049,15095,26024,9343,8624,56015,52930,63149,58578,72044,72626,93051,94656,104589,103625,72506,78607,50977,62512,14599,25005,843165,799156,70890,68427,182644,176097,49702,40,54
2021-10-17T23:59:59+02:00,10961,10213,61016,57287,67155,62825,75794,76887,97071,99028,108299,107147,74297,80608,52198,64037,15090,26018,9287,8577,55920,52851,63067,58486,71980,72542,92994,94600,104551,103583,72479,78576,50965,62485,14593,24987,842807,798338,70883,68403,182644,176076,49652,40,54
2021-10-16T23:59:59+02:00,10957,10209,61010,57283,67147,62817,75787,76883,97065,99026,108298,107144,74296,80608,52198,64036,15090,26018,9280,8572,55915,52837,63061,58480,71976,72538,92991,94595,104549,103579,72478,78574,50965,62485,14593,24987,842764,798291,70880,68395,182644,176076,49639,40,54
2021-10-15T23:59:59+02:00,10919,10163,60921,57220,67088,62754,75729,76823,97017,98975,108260,107121,74285,80593,52196,64035,15088,26016,9231,8523,55796,52718,62986,58407,71909,72465,92926,94537,104502,103536,72461,78556,50955,62469,14592,24983,842150,797469,70859,68349,182644,176075,49605,40,54
2021-10-14T23:59:59+02:00,10872,10103,60811,57125,67031,62659,75665,76750,96955,98918,108225,107073,74271,80574,52184,64021,15084,26010,9125,8441,55628,52586,62868,58278,71838,72369,92822,94447,104441,103467,72426,78523,50932,62435,14582,24970,841388,796228,70844,68323,182641,176061,49512,40,54
2021-10-13T23:59:59+02:00,10818,10062,60720,57044,66963,62567,75595,76684,96896,98880,108175,107032,74249,80552,52169,64002,15077,26000,9057,8380,55493,52456,62763,58152,71742,72273,92744,94363,104362,103392,72388,78490,50912,62401,14571,24950,840636,795048,70829,68311,182639,176041,49435,40,54
2021-10-12T23:59:59+02:00,10761,10012,60614,56961,66863,62485,75528,76630,96851,98827,108137,106998,74224,80528,52159,63990,15072,25991,8983,8318,55361,52306,62655,58036,71656,72166,92687,94280,104289,103325,72349,78442,50889,62370,14566,24932,839858,793863,70820,68290,182637,176033,49370,40,54
2021-10-11T23:59:59+02:00,10709,9963,60515,56898,66772,62386,75452,76561,96788,98772,108084,106954,74197,80497,52141,63962,15057,25969,8922,8262,55235,52177,62528,57903,71579,72057,92609,94204,104213,103258,72303,78398,50861,62335,14553,24910,839023,792681,70800,68271,182630,176024,49277,40,54
2021-10-10T23:59:59+02:00,10682,9938,60456,56857,66717,62345,75410,76518,96755,98741,108058,106934,74185,80486,52138,63956,15052,25959,8870,8220,55134,52059,62437,57780,71495,71972,92535,94119,104150,103206,72272,78368,50840,62313,14547,24898,838625,791694,70791,68261,182627,176010,49196,40,54
2021-10-09T23:59:59+02:00,10681,9935,60447,56849,66705,62338,75405,76512,96750,98732,108053,106932,74185,80482,52138,63956,15052,25958,8858,8212,55113,52043,62424,57764,71484,71963,92527,94113,104143,103202,72269,78367,50840,62313,14547,24898,838567,791581,70786,68255,182626,176007,49183,40,54
2021-10-08T23:59:59+02:00,10630,9886,60353,56755,66632,62261,75351,76445,96705,98690,108021,106905,74175,80474,52131,63944,15047,25957,8816,8161,55011,51953,62347,57700,71416,71897,92478,94059,104114,103169,72261,78356,50833,62307,14545,24896,837896,790913,70761,68222,182624,175997,49133,40,54
2021-10-07T23:59:59+02:00,10565,9820,60203,56646,66541,62164,75269,76349,96633,98636,107957,106850,74151,80452,52119,63930,15040,25950,8708,8067,54880,51810,62244,57571,71309,71788,92392,93968,104029,103104,72210,78319,50809,62282,14533,24885,836947,789678,70749,68189,182623,175980,49008,40,53
2021-10-06T23:59:59+02:00,10511,9779,60070,56554,66458,62085,75193,76291,96574,98594,107908,106805,74130,80428,52102,63907,15036,25934,8633,7997,54736,51646,62150,57437,71214,71683,92288,93881,103939,103021,72172,78276,50784,62248,14523,24871,836127,788401,70738,68182,182621,175964,48899,40,53
2021-10-05T23:59:59+02:00,10445,9709,59933,56431,66360,61987,75113,76219,96497,98530,107861,106751,74109,80401,52093,63878,15030,25923,8546,7917,54551,51475,62037,57291,71100,71566,92178,93779,103868,102950,72118,78231,50760,62209,14515,24858,835190,787025,70723,68153,182618,175953,48765,40,53
2021-10-04T23:59:59+02:00,10385,9656,59790,56315,66235,61878,75025,76132,96410,98456,107799,106702,74087,80370,52072,63842,15025,25903,8471,7856,54376,51290,61922,57137,70973,71436,92097,93673,103769,102863,72083,78176,50715,62170,14505,24838,834139,785572,70710,68146,182615,175935,48644,40,53
2021-10-03T23:59:59+02:00,10342,9617,59738,56230,66173,61828,74967,76094,96380,98425,107766,106664,74075,80352,52060,63826,15023,25896,8414,7814,54261,51176,61841,57047,70886,71335,92031,93599,103703,102777,72049,78147,50696,62137,14498,24834,833639,784607,70705,68141,182602,175908,48536,40,53
2021-10-02T23:59:59+02:00,10337,9615,59729,56215,66157,61817,74959,76081,96375,98420,107764,106661,74074,80352,52059,63824,15023,25896,8409,7810,54247,51165,61828,57039,70883,71325,92027,93596,103701,102768,72046,78147,50695,62135,14497,24834,833566,784535,70694,68135,182602,175907,48522,40,53
2021-10-01T23:59:59+02:00,10282,9558,59573,56117,66081,61732,74879,76014,96322,98367,107705,106626,74058,80329,52048,63811,15022,25892,8347,7749,54133,51057,61773,56975,70836,71277,91973,93540,103666,102735,72033,78140,50691,62123,14495,24829,832733,783873,70675,68108,182600,175905,48433,40,53
2021-09-30T23:59:59+02:00,10211,9475,59434,55968,65951,61607,74778,75923,96216,98277,107617,106565,74032,80291,52032,63787,15018,25877,8268,7674,53987,50924,61680,56870,70743,71195,91894,93458,103593,102671,71997,78097,50672,62089,14495,24818,831636,782887,70646,68086,182596,175894,48205,40,53
2021-09-29T23:59:59+02:00,10134,9418,59285,55837,65832,61492,74695,75830,96120,98189,107552,106508,73993,80246,52025,63759,15013,25866,8189,7588,53831,50771,61566,56734,70646,71088,91800,93366,103497,102604,71947,78053,50647,62038,14488,24808,830624,781694,70617,68056,182593,175875,47983,40,53
2021-09-28T23:59:59+02:00,10049,9336,59145,55686,65670,61351,74590,75745,96014,98103,107471,106442,73944,80204,52005,63731,15006,25850,8114,7519,53677,50620,61428,56619,70554,70972,91723,93286,103422,102526,71907,78015,50624,62005,14484,24797,829470,780635,70604,68037,182589,175866,47701,40,53
2021-09-27T23:59:59+02:00,9990,9284,58993,55526,65530,61222,74500,75641,95910,97998,107381,106389,73898,80160,51986,63704,14998,25830,8048,7452,53526,50492,61305,56485,70461,70865,91621,93190,103337,102474,71858,77968,50602,61969,14477,24778,828418,779646,70585,68021,182584,175820,47368,40,53
2021-09-26T23:59:59+02:00,9947,9243,58906,55438,65447,61136,74443,75565,95847,97942,107334,106352,73872,80135,51974,63679,14991,25817,8000,7410,53427,50380,61219,56404,70385,70776,91550,93114,103283,102442,71829,77940,50580,61945,14471,24766,827777,778900,70567,68013,182568,175784,47171,40,53
2021-09-25T23:59:59+02:00,9939,9231,58888,55419,65431,61126,74433,75556,95841,97934,107324,106348,73872,80134,51973,63678,14991,25817,7999,7399,53401,50372,61205,56386,70373,70768,91544,93108,103273,102440,71829,77938,50580,61942,14471,24766,827699,778824,70560,68009,182566,175783,47125,40,53
2021-09-24T23:59:59+02:00,9887,9175,58776,55295,65331,61026,74344,75464,95755,97861,107265,106307,73844,80112,51965,63668,14990,25807,7945,7344,53296,50265,61129,56312,70300,70697,91473,93047,103200,102390,71803,77920,50569,61926,14466,24756,826814,778037,70542,68001,182560,175777,46970,40,53
2021-09-23T23:59:59+02:00,9796,9083,58535,55105,65153,60868,74219,75318,95610,97725,107156,106196,73798,80076,51945,63628,14978,25789,7880,7269,53116,50128,61009,56176,70184,70586,91355,92937,103107,102316,71769,77874,50551,61901,14453,24742,825398,777022,70489,67973,182556,175758,46547,40,53
2021-09-22T23:59:59+02:00,9712,9023,58347,54956,64993,60723,74099,75194,95482,97625,107055,106138,73754,80028,51919,63584,14958,25761,7805,7205,52973,49977,60890,56056,70093,70489,91263,92829,103044,102263,71728,77825,50521,61864,14439,24728,824136,776035,70470,67949,182546,175744,46211,40,53
2021-09-21T23:59:59+02:00,9642,8935,58199,54801,64846,60578,73962,75059,95344,97507,106962,106045,73720,79969,51901,63559,14950,25739,7712,7120,52827,49816,60772,55925,69991,70383,91156,92726,102948,102169,71689,77780,50495,61823,14430,24703,822857,774861,70453,67936,182542,175737,45878,40,53
2021-09-20T23:59:59+02:00,9581,8874,58060,54661,64686,60444,73844,74908,95216,97416,106874,105952,73658,79925,51874,63523,14937,25719,7656,7064,52704,49681,60647,55806,69883,70275,91056,92636,102871,102094,71636,77736,50470,61774,14423,24685,821652,773879,70439,67919,182535,175708,45538,40,53
2021-09-19T23:59:59+02:00,9529,8834,57939,54573,64574,60328,73752,74803,95143,97316,106812,105880,73641,79900,51861,63504,14935,25708,7620,7023,52594,49563,60553,55694,69788,70181,90987,92564,102792,102025,71602,77702,50449,61743,14416,24679,820866,773101,70420,67904,182523,175682,45235,40,53
2021-09-18T23:59:59+02:00,9512,8817,57913,54544,64539,60297,73725,74779,95127,97294,106800,105859,73638,79899,51858,63501,14935,25707,7611,7010,52564,49528,60522,55671,69767,70161,90967,92548,102779,102005,71598,77699,50449,61742,14415,24677,820648,772909,70410,67895,182523,175681,45175,40,53
2021-09-17T23:59:59+02:00,9425,8739,57742,54396,64406,60169,73600,74660,95022,97191,106716,105787,73603,79867,51846,63483,14928,25700,7548,6949,52397,49417,60397,55561,69675,70071,90885,92468,102706,101947,71565,77662,50434,61712,14406,24670,819500,771962,70365,67876,182521,175674,44905,40,53
2021-09-16T23:59:59+02:00,9347,8664,57527,54244,64228,59982,73420,74491,94872,97056,106561,105675,73532,79809,51824,63441,14921,25685,7485,6885,52230,49291,60245,55437,69549,69957,90775,92365,102601,101866,71520,77613,50412,61674,14399,24657,818022,770987,70348,67857,182498,175642,44422,40,53
2021-09-15T23:59:59+02:00,9254,8583,57322,54023,64045,59780,73240,74312,94725,96903,106414,105542,73472,79742,51779,63389,14911,25664,7426,6826,52070,49124,60117,55301,69424,69854,90673,92286,102493,101777,71473,77555,50378,61636,14389,24646,816265,769903,70329,67840,182494,175630,44022,40,53
2021-09-14T23:59:59+02:00,9146,8477,57132,53789,63865,59594,73095,74134,94593,96745,106290,105442,73398,79677,51749,63339,14894,25643,7351,6747,51898,48926,59962,55160,69303,69734,90563,92156,102400,101684,71422,77494,50350,61592,14381,24633,814507,768568,70317,67827,182474,175595,43713,39,53
2021-09-13T23:59:59+02:00,9084,8410,56909,53584,63708,59400,72937,73964,94444,96592,106154,105311,73345,79627,51711,63292,14874,25613,7305,6693,51727,48763,59836,55026,69222,69642,90444,92068,102305,101611,71378,77453,50322,61552,14371,24622,812810,767512,70306,67815,182460,175568,43392,39,53
2021-09-12T23:59:59+02:00,9039,8382,56788,53497,63620,59305,72860,73878,94371,96525,106092,105243,73317,79602,51697,63270,14869,25606,7258,6647,51594,48652,59736,54926,69146,69563,90369,92003,102233,101542,71342,77423,50307,61527,14366,24609,812092,766701,70289,67801,182443,175543,43146,39,52
2021-09-11T23:59:59+02:00,9033,8373,56770,53474,63602,59291,72848,73865,94365,96511,106087,105238,73316,79601,51697,63270,14869,25606,7251,6641,51574,48631,59715,54914,69131,69552,90360,91988,102231,101537,71337,77421,50307,61527,14366,24607,812013,766652,70282,67755,182440,175541,43090,39,52
2021-09-10T23:59:59+02:00,8961,8312,56608,53329,63487,59173,72740,73759,94247,96394,106011,105177,73279,79565,51683,63244,14865,25601,7219,6616,51446,48565,59651,54851,69068,69504,90295,91931,102194,101499,71316,77405,50298,61517,14362,24602,810896,766185,70250,67700,182434,175538,42864,39,52
2021-09-09T23:59:59+02:00,8890,8247,56411,53136,63321,58990,72582,73615,94100,96254,105886,105083,73220,79502,51652,63210,14861,25588,7153,6557,51260,48398,59496,54718,68935,69378,90175,91825,102079,101407,71273,77360,50270,61487,14356,24586,809542,765124,70229,67650,182415,175516,42371,38,52
2021-09-08T23:59:59+02:00,8804,8170,56231,52965,63169,58808,72439,73465,93941,96124,105792,104976,73154,79442,51623,63155,14856,25573,7078,6488,51083,48232,59371,54580,68810,69229,90049,91717,101994,101307,71218,77302,50246,61446,14352,24570,808147,763967,70203,67598,182379,175491,41964,38,52
2021-09-07T23:59:59+02:00,8716,8110,56067,52809,63051,58668,72323,73334,93835,96024,105687,104877,73103,79396,51597,63115,14849,25553,6999,6434,50914,48069,59241,54435,68686,69112,89943,91602,101894,101207,71170,77253,50224,61420,14348,24550,806896,762745,70198,67585,182376,175469,41650,38,52
2021-09-06T23:59:59+02:00,8654,8044,55919,52640,62914,58512,72217,73203,93732,95913,105607,104789,73051,79347,51565,63085,14838,25537,6933,6378,50764,47927,59102,54287,68572,68991,89861,91507,101798,101120,71121,77205,50202,61390,14341,24540,805679,761621,70171,67543,182344,175445,41378,38,52
2021-09-05T23:59:59+02:00,8624,8006,55851,52547,62850,58451,72167,73146,93686,95863,105580,104746,73031,79325,51555,63065,14831,25531,6884,6326,50673,47842,59036,54221,68509,68932,89815,91451,101758,101071,71102,77177,50189,61373,14335,24531,805160,761001,70162,67533,182322,175424,41215,38,52
2021-09-04T23:59:59+02:00,8617,8001,55831,52538,62841,58442,72159,73138,93679,95859,105577,104740,73030,79324,51555,63065,14831,25531,6880,6321,50659,47827,59020,54207,68505,68924,89808,91446,101754,101067,71101,77175,50188,61373,14335,24531,805101,760937,70159,67528,182321,175423,41181,38,52
2021-09-03T23:59:59+02:00,8551,7932,55700,52451,62768,58345,72080,73058,93601,95796,105507,104679,73000,79291,51536,63034,14824,25521,6821,6269,50543,47732,58942,54141,68446,68853,89747,91385,101690,101014,71073,77141,50167,61350,14332,24522,804182,760161,70151,67510,182314,175414,41031,38,52
2021-09-02T23:59:59+02:00,8456,7837,55508,52294,62643,58240,71986,72929,93481,95682,105402,104594,72943,79235,51504,62987,14813,25501,6726,6180,50318,47560,58797,54023,68343,68738,89613,91281,101574,100919,71016,77093,50143,61323,14324,24506,803047,759011,70107,67467,182300,175364,40583,38,52
2021-09-01T23:59:59+02:00,8380,7744,55357,52146,62513,58108,71898,72804,93389,95594,105324,104524,72905,79191,51482,62952,14806,25483,6640,6071,50143,47351,58671,53883,68263,68626,89511,91179,101469,100825,70976,77051,50118,61283,14317,24490,801939,757780,70083,67428,182286,175314,40293,38,52
2021-08-31T23:59:59+02:00,8272,7651,55197,51991,62406,57993,71820,72703,93303,95511,105239,104446,72864,79150,51460,62923,14796,25469,6525,5953,49937,47149,58552,53744,68149,68503,89413,91074,101360,100745,70930,76999,50098,61248,14305,24474,800857,756420,70075,67412,182277,175289,39985,38,52
2021-08-30T23:59:59+02:00,8196,7571,55015,51828,62294,57864,71705,72586,93179,95382,105121,104351,72814,79107,51443,62890,14775,25446,6428,5868,49740,46935,58429,53605,68050,68392,89296,90962,101247,100636,70880,76963,50071,61219,14291,24457,799664,755215,70035,67347,182245,175234,39621,38,52
2021-08-29T23:59:59+02:00,8155,7525,54925,51747,62236,57785,71637,72539,93126,95318,105073,104316,72794,79084,51428,62875,14769,25437,6373,5820,49622,46832,58341,53506,67979,68315,89241,90902,101186,100583,70855,76947,50057,61206,14285,24454,799135,754561,70033,67337,182235,175190,39364,38,52
2021-08-28T23:59:59+02:00,8137,7511,54886,51709,62205,57765,71610,72522,93108,95302,105059,104305,72789,79082,51426,62871,14769,25437,6367,5816,49584,46813,58315,53490,67958,68301,89221,90879,101179,100570,70849,76943,50055,61204,14285,24454,798929,754414,70032,67330,182233,175190,39297,38,52
2021-08-27T23:59:59+02:00,8053,7433,54704,51571,62091,57626,71514,72399,92986,95181,104948,104219,72744,79031,51403,62835,14757,25431,6332,5776,49459,46728,58236,53408,67876,68230,89143,90813,101122,100522,70814,76908,50041,61193,14283,24454,797610,753712,70027,67324,182221,175184,39066,38,52
2021-08-26T23:59:59+02:00,7989,7360,54545,51424,61968,57515,71416,72291,92881,95052,104842,104138,72702,78980,51380,62815,14752,25417,6283,5735,49296,46572,58115,53302,67777,68136,89037,90734,101053,100453,70773,76873,50017,61171,14278,24445,796556,752884,70017,67285,182212,175151,38678,38,52
2021-08-25T23:59:59+02:00,7925,7307,54401,51274,61857,57363,71309,72175,92774,94952,104741,104054,72645,78929,51352,62779,14739,25403,6214,5653,49100,46381,57990,53162,67658,68012,88924,90621,100954,100364,70716,76825,49991,61132,14272,24430,795552,751749,69991,67252,182201,175116,38230,38,52
2021-08-24T23:59:59+02:00,7813,7218,54262,51070,61731,57226,71203,72046,92657,94832,104636,103957,72592,78882,51317,62734,14731,25388,6132,5563,48881,46158,57852,52990,67549,67876,88822,90528,100862,100283,70678,76772,49966,61106,14268,24414,794150,750349,69974,67230,182191,175094,37975,38,52
2021-08-23T23:59:59+02:00,7751,7144,54079,50898,61599,57102,71090,71935,92530,94725,104537,103858,72540,78821,51283,62692,14724,25377,6072,5508,48697,45984,57735,52864,67442,67779,88719,90437,100774,100206,70638,76721,49938,61067,14264,24402,792939,749331,69944,67206,182176,175038,37620,38,52
2021-08-22T23:59:59+02:00,7723,7118,53996,50820,61546,57039,71051,71882,92487,94683,104493,103829,72520,78806,51274,62679,14723,25371,6034,5470,48578,45875,57645,52771,67368,67719,88648,90379,100731,100164,70608,76697,49923,61049,14261,24395,792514,748651,69936,67198,182156,174988,37426,38,52
2021-08-21T23:59:59+02:00,7717,7115,53970,50805,61527,57028,71035,71868,92474,94665,104483,103819,72515,78804,51274,62678,14723,25370,6030,5466,48558,45858,57624,52763,67350,67700,88630,90364,100721,100154,70606,76694,49923,61048,14261,24395,792443,748559,69893,67179,182152,174982,37373,38,52
2021-08-20T23:59:59+02:00,7686,7078,53879,50729,61453,56967,70964,71805,92409,94602,104430,103783,72490,78776,51262,62652,14714,25359,6007,5447,48465,45783,57553,52700,67281,67645,88572,90304,100661,100116,70583,76672,49917,61032,14252,24391,791898,748044,69821,67166,182149,174958,37161,38,52
2021-08-19T23:59:59+02:00,7620,6998,53747,50606,61303,56851,70848,71697,92294,94513,104334,103693,72441,78719,51233,62612,14705,25339,5980,5421,48332,45679,57437,52607,67192,67567,88481,90225,100563,100051,70550,76644,49897,61008,14248,24382,790858,747398,69785,67132,182132,174913,36769,38,52
2021-08-18T23:59:59+02:00,7545,6941,53599,50468,61176,56740,70737,71605,92185,94424,104232,103609,72382,78666,51198,62576,14695,25318,5946,5378,48213,45552,57318,52510,67102,67493,88365,90136,100487,99977,70505,76606,49877,60984,14241,24365,789854,746679,69755,67105,182121,174862,36357,38,52
2021-08-17T23:59:59+02:00,7462,6860,53435,50304,61068,56615,70621,71483,92080,94319,104124,103509,72331,78623,51170,62550,14687,25307,5896,5339,48020,45374,57185,52371,66980,67386,88234,90040,100377,99881,70449,76557,49852,60963,14234,24353,788774,745645,69733,67071,182116,174807,35916,38,52
2021-08-16T23:59:59+02:00,7389,6797,53305,50172,60971,56501,70521,71388,91987,94214,104031,103409,72288,78572,51140,62506,14679,25299,5872,5304,47880,45256,57078,52301,66885,67302,88136,89953,100293,99787,70406,76517,49828,60935,14227,24348,787899,745014,69685,67028,182101,174740,35475,38,51
2021-08-15T23:59:59+02:00,7340,6757,53227,50091,60901,56431,70455,71328,91929,94163,103976,103362,72253,78542,51132,62490,14675,25290,5851,5286,47774,45161,56986,52212,66815,67240,88058,89889,100238,99739,70368,76482,49813,60914,14222,24336,787424,744529,69672,66997,182087,174658,35150,38,50
2021-08-14T23:59:59+02:00,7318,6741,53154,50021,60851,56387,70419,71281,91892,94124,103937,103326,72232,78534,51123,62479,14673,25287,5775,5232,47535,44888,56819,52024,66662,67086,87923,89767,100123,99632,70318,76439,49802,60891,14218,24331,786939,742698,69665,66991,182087,174647,35079,38,50
2021-08-13T23:59:59+02:00,7277,6705,53043,49925,60767,56307,70366,71212,91816,94067,103887,103281,72209,78511,51111,62468,14671,25280,5548,5017,47030,44389,56578,51756,66432,66831,87650,89514,99927,99427,70231,76337,49763,60831,14212,24310,786183,739216,69661,66981,182087,174573,34963,38,50
2021-08-12T23:59:59+02:00,7246,6678,52942,49855,60708,56228,70291,71162,91745,94008,103826,103235,72175,78478,51097,62452,14669,25266,5328,4843,46531,43943,56302,51452,66172,66609,87394,89290,99586,99153,70121,76203,49709,60767,14201,24282,785745,736160,69635,66957,182071,174119,34601,38,49
2021-08-11T23:59:59+02:00,7180,6609,52776,49684,60577,56109,70207,71068,91637,93904,103725,103128,72115,78413,51065,62410,14662,25250,5052,4560,45851,43323,55931,51070,65910,66311,87099,89025,99250,98785,69981,76057,49649,60665,14189,24253,784568,732039,69614,66923,182062,173684,34266,38,49
2021-08-10T23:59:59+02:00,7103,6525,52577,49497,60431,55989,70099,70945,91512,93774,103601,103023,72062,78355,51034,62379,14654,25241,4829,4319,44894,42415,55260,50415,65414,65857,86637,88540,98758,98328,69776,75858,49549,60564,14168,24214,783205,725767,69605,66871,182054,173181,33927,38,49
2021-08-09T23:59:59+02:00,7059,6478,52466,49404,60353,55915,70041,70885,91444,93701,103529,102964,72019,78319,51028,62363,14650,25233,4588,4103,43887,41353,54545,49724,64939,65425,86192,88105,98242,97859,69588,75634,49459,60438,14140,24175,782637,719303,69535,66797,182042,172620,33627,38,49
2021-08-08T23:59:59+02:00,7013,6437,52401,49336,60313,55883,70003,70859,91387,93654,103476,102924,71998,78297,51014,62342,14644,25228,4573,4090,43831,41290,54482,49678,64875,65387,86120,88047,98175,97809,69562,75603,49438,60412,14132,24168,782351,719015,69528,66781,182028,172537,33290,38,49
2021-08-07T23:59:59+02:00,6974,6396,52290,49208,60235,55807,69945,70794,91317,93591,103426,102876,71981,78280,51005,62336,14644,25227,4260,3779,42865,40267,53927,49106,64438,64982,85745,87649,97855,97462,69419,75460,49382,60330,14115,24150,781563,712646,69524,66764,182028,172529,33205,38,47
2021-08-06T23:59:59+02:00,6931,6334,52156,49079,60162,55741,69879,70713,91237,93515,103366,102819,71957,78257,50994,62317,14642,25223,3949,3557,42182,39654,53684,48839,64215,64739,85509,87427,97626,97259,69335,75369,49340,60289,14109,24137,780689,709024,69520,66682,182027,172392,33074,38,47
2021-08-05T23:59:59+02:00,6821,6227,51902,48855,59986,55552,69736,70568,91074,93368,103224,102682,71896,78194,50966,62277,14629,25204,3756,3387,41344,38959,53164,48379,63842,64390,85051,87027,97003,96740,69148,75185,49274,60191,14090,24106,779067,704473,69467,66631,181992,171263,32622,38,47
2021-08-04T23:59:59+02:00,6732,6141,51707,48622,59839,55373,69623,70417,90939,93253,103105,102565,71835,78130,50940,62231,14618,25175,3382,3032,40500,38172,52794,47976,63520,64070,84679,86699,96591,96333,68985,75014,49197,60094,14074,24072,777657,699882,69431,66612,181978,170477,32166,38,47
2021-08-03T23:59:59+02:00,6659,6084,51537,48485,59714,55243,69532,70326,90840,93154,103008,102484,71781,78094,50920,62205,14610,25159,3253,2930,39500,37226,51999,47293,62976,63537,84161,86214,95877,95703,68741,74798,49105,59977,14053,24027,776619,693630,69422,66589,181971,169294,31810,38,47
2021-08-02T23:59:59+02:00,6611,6041,51401,48345,59622,55164,69448,70257,90786,93081,102928,102422,71741,78052,50899,62182,14603,25146,3085,2752,38226,36063,51034,46481,62259,62949,83554,85648,95077,95001,68488,74541,49017,59843,14033,23988,775921,685994,69374,66538,181943,167982,31478,38,47
2021-08-01T23:59:59+02:00,6569,5986,51230,48183,59467,55049,69355,70143,90678,92990,102840,102329,71699,78015,50877,62142,14598,25130,3061,2734,38042,35929,50874,46381,62128,62856,83376,85505,94624,94598,68371,74431,48978,59794,14022,23968,774871,685348,69345,66479,181925,166672,31126,38,47
2021-07-31T23:59:59+02:00,6526,5952,51136,48063,59412,54977,69306,70099,90638,92960,102813,102304,71688,78003,50869,62138,14598,25127,2657,2353,36432,34415,49962,45512,61591,62291,82872,84992,94143,94164,68182,74226,48899,59699,14004,23935,774260,676185,69341,66470,181925,166557,31070,38,47
2021-07-30T23:59:59+02:00,6490,5899,50985,47922,59329,54896,69237,70039,90564,92880,102757,102265,71671,77979,50860,62114,14595,25123,2381,2125,34970,33010,48989,44561,60859,61599,82186,84371,93460,93588,67947,73989,48795,59549,13985,23904,773493,666646,69316,66459,181919,166252,30864,38,47
2021-07-29T23:59:59+02:00,6375,5779,50555,47554,59113,54625,69045,69849,90375,92692,102595,102128,71596,77896,50827,62059,14580,25105,2304,2061,34235,32391,48364,44111,60454,61244,81761,84020,92688,92912,67751,73831,48732,59462,13965,23873,771175,662773,69262,66312,181876,164605,30422,38,47
2021-07-28T23:59:59+02:00,6303,5716,50299,47360,58981,54470,68917,69752,90246,92568,102488,102034,71540,77839,50800,62019,14571,25088,2280,2042,33909,32097,48044,43873,60221,61020,81582,83848,92449,92712,67677,73764,48699,59429,13952,23863,769855,661064,69229,66223,181849,164083,30045,38,46
2021-07-27T23:59:59+02:00,6250,5669,50137,47218,58838,54374,68823,69663,90144,92458,102382,101957,71495,77786,50770,61985,14563,25074,2138,1927,32438,30692,46770,42778,59388,60224,80977,83316,91426,91863,67400,73479,48611,59302,13920,23822,768945,652386,69203,66152,181825,162287,29600,38,46
2021-07-26T23:59:59+02:00,6227,5640,50018,47130,58740,54286,68746,69610,90057,92397,102316,101904,71455,77750,50747,61965,14557,25065,2004,1812,31068,29431,45447,41652,58286,59237,80267,82681,90259,90831,67092,73205,48520,59185,13896,23780,768411,643297,69137,66057,181787,159990,29263,37,46
2021-07-25T23:59:59+02:00,6207,5623,49904,47025,58650,54220,68682,69551,89992,92340,102255,101856,71422,77714,50728,61942,14554,25055,1988,1804,30861,29274,45173,41454,58030,59006,79995,82471,89295,89976,66885,73031,48451,59112,13884,23756,767999,642107,69125,65938,181761,157531,28824,36,46
2021-07-24T23:59:59+02:00,6172,5594,49784,46937,58581,54158,68634,69495,89946,92296,102214,101815,71416,77707,50725,61939,14553,25051,1729,1585,29262,27682,44017,40367,57332,58291,79375,81897,88650,89409,66705,72840,48380,59010,13870,23732,767393,632030,69115,65921,181753,157391,28745,36,46
2021-07-23T23:59:59+02:00,6087,5507,49610,46759,58487,54054,68525,69391,89841,92192,102124,101719,71380,77650,50704,61908,14549,25045,1502,1366,27564,26161,42756,39274,56398,57402,78682,81279,87941,88745,66435,72566,48301,58909,13849,23702,766015,621453,69111,65755,181734,156917,28661,36,46
2021-07-22T23:59:59+02:00,5947,5394,49313,46472,58288,53848,68354,69223,89656,92039,101969,101585,71313,77567,50662,61857,14538,25026,1418,1311,26742,25331,41845,38460,55455,56573,77938,80652,86275,87236,66059,72166,48190,58778,13818,23650,764074,612955,69066,65253,181702,155445,28198,36,46
2021-07-21T23:59:59+02:00,5671,5111,48779,45943,57985,53535,68122,68944,89377,91791,101699,101318,71186,77436,50602,61792,14529,25000,1386,1285,26486,25107,41423,38178,55012,56182,77568,80370,85466,86630,65891,72038,48134,58712,13800,23625,760461,610978,69041,64974,181680,153668,27627,36,46
2021-07-20T23:59:59+02:00,5594,5037,48495,45664,57815,53326,67946,68799,89197,91636,101534,101174,71110,77368,50563,61745,14520,24972,1295,1200,25307,23952,40128,37144,53669,54976,76662,79595,84102,85284,65584,71696,48026,58575,13772,23579,758778,600562,69034,64816,181635,152085,27037,36,46
2021-07-19T23:59:59+02:00,5514,4951,48169,45338,57594,53118,67780,68597,89009,91457,101386,101013,71037,77286,50520,61694,14511,24943,1215,1138,24476,23113,38816,36021,51937,53478,75394,78539,82987,84301,65289,71440,47926,58457,13747,23539,756977,590509,69025,64670,181607,150291,26297,36,46
2021-07-18T23:59:59+02:00,5506,4950,48097,45280,57497,53039,67709,68523,88916,91390,101313,100948,71000,77245,50495,61662,14509,24931,1200,1132,24338,23012,38545,35799,51604,53187,75142,78343,82082,83531,65096,71262,47870,58385,13742,23517,756699,589443,69002,64507,181567,148060,25731,36,46
2021-07-17T23:59:59+02:00,5479,4913,47998,45202,57423,52978,67647,68466,88856,91328,101268,100929,70992,77230,50490,61655,14509,24930,1006,944,22950,21547,37156,34494,50360,51992,74536,77786,81447,82934,64967,71114,47803,58323,13733,23497,756135,578550,68997,64481,181558,147920,25592,36,46
2021-07-16T23:59:59+02:00,5376,4834,47756,44970,57299,52873,67529,68352,88718,91231,101161,100825,70946,77179,50467,61636,14503,24924,809,782,21692,20307,35858,33247,48904,50671,73525,76851,80746,82274,64747,70892,47721,58222,13714,23465,754679,566903,68995,64418,181551,147717,25343,36,46
2021-07-15T23:59:59+02:00,5234,4705,47357,44646,57090,52679,67336,68168,88505,91032,100973,100656,70848,77077,50418,61562,14494,24895,750,739,21086,19805,34930,32548,47664,49723,72340,75932,78594,80139,64147,70294,47578,58042,13695,23402,752619,557543,68978,63389,181505,145873,24557,36,46
2021-07-14T23:59:59+02:00,4860,4381,46765,44071,56856,52413,67128,67965,88291,90791,100756,100459,70741,76967,50350,61479,14482,24871,734,723,20879,19659,34667,32388,47291,49420,71808,75540,77927,79603,63823,70018,47495,57958,13672,23368,749169,555731,68962,63201,181453,143971,24026,36,44
2021-07-13T23:59:59+02:00,4769,4301,46565,43918,56691,52255,66966,67817,88133,90664,100610,100332,70668,76905,50313,61432,14478,24855,705,684,20316,19125,33641,31567,45670,47965,70046,73876,76322,78042,63447,69626,47367,57786,13643,23316,747804,544791,68945,62430,181379,142351,23528,36,44
2021-07-12T23:59:59+02:00,4704,4223,46377,43727,56539,52112,66811,67690,87960,90525,100454,100192,70592,76817,50275,61376,14471,24837,681,663,19839,18689,32853,30944,44006,46508,67663,71803,74430,76539,62916,69039,47222,57624,13615,23265,746530,533680,68922,61861,181278,139778,22936,36,44
2021-07-11T23:59:59+02:00,4699,4220,46306,43674,56476,52062,66759,67651,87897,90472,100382,100132,70554,76774,50265,61361,14468,24823,673,658,19630,18546,32502,30696,43558,46131,67201,71443,73650,75840,62516,68659,47151,57534,13599,23232,746379,531882,68911,61535,181212,137302,22456,36,44
2021-07-10T23:59:59+02:00,4573,4084,46022,43365,56290,51865,66609,67475,87763,90332,100280,100026,70498,76717,50244,61335,14465,24814,641,626,19066,17996,31557,29832,41806,44550,65717,70161,73014,75218,62351,68510,47098,57482,13592,23218,744278,521259,68905,61519,181200,137256,22357,36,44
2021-07-09T23:59:59+02:00,4444,3966,45747,43113,56122,51670,66447,67309,87611,90167,100146,99922,70445,76644,50208,61294,14460,24802,594,577,18474,17422,30583,28868,39852,42619,63419,68034,71852,74076,62077,68185,47022,57357,13574,23193,742223,507554,68891,61138,181194,136850,22192,36,44
2021-07-08T23:59:59+02:00,4415,3940,45604,42999,55996,51552,66315,67209,87486,90044,100027,99825,70390,76592,50187,61256,14449,24788,547,533,17531,16615,29180,27833,38131,41163,61288,66209,68491,70919,61178,67212,46777,57013,13529,23098,741492,492273,68831,59058,181123,134267,21605,36,44
2021-07-07T23:59:59+02:00,4403,3934,45538,42956,55911,51497,66232,67164,87433,90004,99984,99774,70374,76569,50178,61238,14445,24778,469,480,16570,15761,27786,26819,36603,39929,59667,64752,65259,67443,60161,66169,46540,56692,13479,23026,741185,476961,68782,57145,181071,132117,21338,36,44
2021-07-06T23:59:59+02:00,4351,3886,45392,42828,55785,51355,66126,67055,87324,89912,99903,99690,70336,76510,50160,61211,14442,24764,402,416,15799,15020,26707,25910,34755,38215,56266,61727,62606,64982,59406,65380,46267,56358,13439,22923,740051,459049,68762,56327,181012,129988,21170,35,44
2021-07-05T23:59:59+02:00,4288,3841,45213,42653,55632,51252,66002,66945,87206,89819,99818,99592,70273,76446,50138,61184,14439,24749,368,364,15139,14392,25757,25093,33522,37081,53163,58749,59829,62516,58567,64568,46014,56046,13394,22845,738861,442954,68723,55970,180932,127500,20939,35,44
2021-07-04T23:59:59+02:00,4279,3835,45166,42621,55566,51219,65959,66919,87168,89787,99786,99565,70249,76425,50132,61169,14433,24738,349,344,14934,14188,25319,24737,32923,36553,52498,58220,58844,61654,57905,63936,45830,55842,13375,22796,738666,438874,68691,55768,180863,124800,20761,35,44
2021-07-03T23:59:59+02:00,4059,3657,44632,42057,55249,50842,65662,66642,86921,89526,99585,99369,70176,76353,50109,61123,14429,24726,331,328,14648,13866,24965,24382,31945,35631,50752,56671,57975,60918,57731,63738,45762,55757,13363,22771,734852,430291,68676,55750,180857,124752,20697,35,44
2021-07-02T23:59:59+02:00,3750,3371,43978,41464,54923,50505,65379,66338,86648,89273,99349,99143,70073,76240,50057,61053,14423,24709,304,291,14230,13418,24269,23775,30785,34562,48118,54501,55838,59128,57336,63307,45602,55598,13347,22733,730514,417768,68659,54699,180844,124021,20625,34,29
2021-07-01T23:59:59+02:00,3612,3261,43622,41113,54721,50330,65219,66174,86494,89131,99195,99023,70003,76172,50026,61019,14415,24694,261,250,13540,12734,22967,22693,29107,33047,46105,52757,53343,56846,55911,61732,45108,54982,13274,22605,728368,404228,68595,52386,180794,120187,20433,34,28
2021-06-30T23:59:59+02:00,3601,3244,43358,40916,54537,50196,65100,66077,86402,89064,99125,98971,69976,76148,50014,60997,14411,24683,199,211,12795,12131,21796,21794,27517,31677,44251,51039,49705,52883,54582,60398,44752,54543,13218,22477,727223,388458,68543,50482,180773,116752,20248,33,28
2021-06-29T23:59:59+02:00,3384,3024,42439,40081,53930,49593,64660,65649,85989,88611,98777,98644,69851,75999,49957,60926,14392,24652,170,159,12194,11524,20997,21026,26150,30468,41627,48626,47832,51335,53612,59287,44345,54005,13124,22324,721237,376412,68490,48957,180757,113368,20041,33,27
2021-06-28T23:59:59+02:00,3166,2845,41482,39083,53264,48940,64194,65258,85606,88221,98444,98300,69711,75839,49892,60826,14374,24629,127,127,11692,11072,20338,20435,25180,29570,39532,46686,46206,49969,52503,58240,43983,53498,13044,22203,715067,366919,68379,47922,180748,109690,19847,33,27
2021-06-27T23:59:59+02:00,3161,2842,41445,39049,53218,48905,64156,65224,85554,88185,98392,98274,69691,75826,49883,60812,14369,24626,109,110,11498,10878,20012,20118,24602,29008,38506,45833,45040,48875,51470,57228,43549,52991,12962,22060,714857,362310,68350,47478,180712,105374,19660,33,27
2021-06-26T23:59:59+02:00,2679,2369,40051,37679,52494,48160,63604,64660,85067,87666,97967,97841,69500,75651,49810,60708,14350,24603,99,99,11383,10775,19841,19963,24403,28790,38026,45394,44672,48522,51356,57083,43503,52943,12957,22045,706142,359349,68323,47473,180712,105356,19649,33,27
2021-06-25T23:59:59+02:00,2272,2036,39201,36868,52143,47802,63281,64336,84786,87356,97715,97574,69396,75535,49763,60646,14336,24581,75,81,11083,10465,19458,19537,23876,28167,35337,43089,42486,46607,51018,56704,43404,52812,12933,22014,701085,347771,68187,47027,180705,104704,19617,33,27
2021-06-24T23:59:59+02:00,2218,1984,38711,36408,51792,47474,63064,64127,84552,87163,97527,97417,69314,75469,49728,60600,14330,24565,62,58,10485,9881,18393,18658,22452,26911,33237,41250,40053,44311,49536,55054,42834,52111,12816,21811,698138,334880,68158,44424,180684,101152,19430,33,27
2021-06-23T23:59:59+02:00,2205,1960,38480,36177,51630,47305,62950,64016,84454,87068,97450,97333,69283,75438,49710,60579,14326,24554,35,32,10030,9449,17766,18102,21522,26053,31305,39616,36084,39846,48242,53690,42448,51604,12736,21645,696905,319347,68126,43802,180668,97841,19188,31,27
2021-06-22T23:59:59+02:00,2126,1899,37494,35250,50879,46633,62468,63568,84079,86658,97086,97021,69134,75295,49643,60498,14313,24521,13,17,9558,9016,16896,17413,20297,24973,28177,36851,33778,37969,47284,52718,42039,51046,12596,21411,690767,307162,68081,41062,180655,94771,19031,31,26
2021-06-21T23:59:59+02:00,1979,1760,36142,34027,49858,45765,61747,62906,83582,86186,96646,96616,68965,75124,49577,60403,14302,24486,9,10,9239,8718,16434,17049,19672,24494,26431,35285,32239,36675,46233,51638,41585,50497,12491,21219,682807,299802,68053,40419,180640,91130,18541,30,26
2021-06-20T23:59:59+02:00,1968,1751,36055,33974,49714,45644,61610,62771,83502,86127,96576,96557,68931,75096,49562,60385,14302,24475,8,9,9090,8615,16216,16881,19355,24236,25615,34631,31296,35724,46038,51435,41554,50445,12482,21199,682169,296012,68014,39828,180622,90798,18165,30,26
2021-06-19T23:59:59+02:00,1600,1451,34439,32430,48808,44824,61122,62266,83031,85653,96170,96205,68782,74930,49497,60304,14287,24451,7,8,9050,8541,16112,16758,19235,24083,25509,34472,31167,35582,45942,51339,41536,50420,12478,21189,673463,294671,67997,39825,180615,90761,18145,30,26
2021-06-18T23:59:59+02:00,1404,1278,32792,30844,47601,43635,60183,61346,82225,84906,95556,95628,68563,74708,49408,60166,14271,24421,7,8,8975,8456,15953,16603,19046,23890,25256,34232,30883,35262,45648,50992,41452,50343,12465,21175,662333,292476,67863,39709,180614,90340,18095,30,26
2021-06-17T23:59:59+02:00,1329,1220,31870,30001,46736,42926,59377,60496,81483,84260,95145,95244,68421,74564,49366,60089,14257,24392,7,8,8433,8090,15263,16047,18216,23063,24153,33106,29402,33901,44321,49489,40967,49731,12345,20986,655402,283530,67749,38882,180583,87678,17412,30,26
2021-06-16T23:59:59+02:00,1246,1156,31179,29299,45933,42179,58451,59618,80706,83489,94722,94864,68286,74404,49309,59997,14237,24366,7,8,7945,7764,14648,15532,17438,22335,23012,32150,28222,32790,42422,47370,40420,49152,12237,20801,648333,273777,67624,38282,180564,85278,16890,30,26
2021-06-15T23:59:59+02:00,1104,1037,29287,27509,44185,40657,56862,57981,79319,82169,93964,94193,67999,74111,49196,59840,14204,24301,7,6,7770,7637,14338,15292,17076,22033,22491,31765,27688,32361,41485,46353,40034,48726,12113,20580,633379,270699,67576,37775,180527,82849,16406,30,26
2021-06-14T23:59:59+02:00,1011,923,27737,26039,42583,39142,55209,56331,78219,81059,93270,93565,67748,73869,49102,59719,14184,24256,6,5,7587,7464,13963,14957,16548,21587,21799,31181,27009,31767,41099,45929,39650,48275,11982,20374,620143,268017,67522,37360,180499,80008,15772,30,25
2021-06-13T23:59:59+02:00,987,898,27538,25859,42199,38810,54664,55810,77873,80752,93078,93375,67658,73789,49065,59661,14169,24231,6,5,7445,7296,13690,14662,16160,21187,21371,30690,26472,31263,40701,45524,39187,47710,11803,20088,617444,265921,67381,37291,180471,76933,15090,30,25
2021-06-12T23:59:59+02:00,858,784,26024,24267,41035,37730,53991,55076,77340,80258,92529,92851,67503,73612,48996,59584,14156,24210,6,5,7400,7246,13568,14554,16028,21074,21187,30544,26354,31162,40684,45507,39177,47699,11803,20087,607905,265140,67375,37289,180466,76603,15028,30,25
2021-06-11T23:59:59+02:00,745,675,24406,22744,39684,36538,52761,53867,76371,79406,91955,92275,67269,73377,48934,59476,14137,24175,6,5,7344,7158,13395,14367,15811,20878,20915,30284,26082,30905,40378,45131,39092,47584,11785,20058,596144,263242,67295,37144,180457,75898,14869,30,25
2021-06-10T23:59:59+02:00,644,585,23409,21735,38464,35356,51156,52363,75054,78210,90349,90727,66914,72982,48808,59302,14112,24120,6,5,7063,6933,12869,13931,15172,20306,20153,29528,25291,30228,39673,44269,38741,47166,11671,19874,583244,259776,66813,37110,180405,72170,13798,30,25
2021-06-09T23:59:59+02:00,574,536,22955,21347,37803,34833,50047,51317,73810,77014,89758,90222,66787,72837,48758,59217,14097,24090,6,5,6790,6624,12277,13326,14387,19494,19236,28503,24306,29065,37105,41348,38177,46522,11523,19635,576072,249449,66352,37037,180366,68636,13182,30,25
2021-06-08T23:59:59+02:00,468,425,21436,19883,36196,33474,47934,49357,71668,75076,88283,88743,66472,72452,48623,59056,14064,24046,6,5,6659,6450,11893,12954,13903,19005,18632,27901,23749,28528,36819,41093,37886,46155,11414,19478,558699,247789,66076,36959,180334,65240,12517,30,25
2021-06-07T23:59:59+02:00,353,331,20430,18908,34650,32143,45659,47335,69533,73198,87305,87894,66248,72186,48549,58921,14044,24010,6,5,6505,6288,11468,12603,13360,18521,17904,27312,23115,27930,36499,40789,37468,45674,11301,19279,543514,245796,65904,36889,180281,61349,11968,30,25
2021-06-06T23:59:59+02:00,330,310,20250,18762,34255,31858,45051,46761,68914,72713,87094,87729,66192,72125,48537,58895,14038,23998,6,5,6373,6113,11140,12188,12930,17949,17267,26502,22418,27123,36031,40313,36986,45122,11146,19010,540392,243347,65577,36840,180238,56836,11575,30,24
2021-06-05T23:59:59+02:00,258,245,19003,17496,32923,30644,43824,45588,68340,72195,86562,87219,66101,72023,48489,58847,14031,23986,6,5,6322,6032,11036,12025,12805,17770,17096,26291,22247,26934,35967,40237,36964,45098,11144,19005,530395,242743,65577,36428,180218,56235,11554,30,24
2021-06-04T23:59:59+02:00,177,175,17809,16345,31613,29353,42271,44091,66997,70880,85755,86467,65914,71810,48413,58755,14015,23957,6,5,6219,5890,10862,11815,12591,17514,16741,25905,21726,26496,35079,39382,36648,44798,11127,18983,517565,240900,65510,36101,180211,53282,11481,30,23
2021-06-03T23:59:59+02:00,122,122,17169,15771,30627,28526,40810,42796,65222,69349,83506,84182,65488,71357,48285,58593,13997,23919,6,5,6049,5681,10552,11459,12273,17047,16290,25244,21177,25917,34415,38591,36472,44595,11094,18933,503770,238562,64813,35714,180172,50446,11056,30,22
2021-06-02T23:59:59+02:00,93,79,16826,15460,30316,28260,40146,42174,63632,67956,82565,83380,65347,71194,48225,58510,13994,23904,6,4,5932,5589,10377,11299,12044,16831,15997,24938,20831,25524,31167,34963,36244,44372,11065,18880,496258,229859,64810,35382,180171,50008,10792,30,22
2021-06-01T23:59:59+02:00,37,44,16033,14789,28818,27154,37783,40113,60063,64771,80132,81057,64998,70830,48097,58320,13960,23850,6,4,5658,5309,9859,10865,11506,16236,15330,24142,20094,24765,30826,34667,36049,44194,11036,18818,477890,228397,63253,34877,180104,46496,9573,29,21
2021-05-31T23:59:59+02:00,29,36,15469,14310,27878,26452,35822,38448,56619,61742,78101,79354,64667,70474,47953,58145,13928,23798,6,3,5495,5101,9447,10499,11078,15755,14793,23457,19470,24060,30540,34413,35864,44001,11001,18761,462119,227715,62531,34490,180038,43010,8508,29,21
2021-05-30T23:59:59+02:00,27,33,15322,14183,27592,26221,35369,38038,55906,61122,77782,79081,64605,70417,47928,58110,13924,23787,6,3,5392,4905,9119,10137,10666,15267,14341,22654,18944,23290,29862,33698,35637,43808,10979,18699,459137,227250,62093,34410,179990,37528,8198,29,21
2021-05-29T23:59:59+02:00,25,32,14925,13791,26743,25405,33610,36446,54423,59826,77193,78514,64455,70268,47875,58057,13917,23773,6,3,5359,4830,9056,10024,10572,15149,14232,22505,18813,23151,29833,33675,35631,43800,10978,18696,449010,226767,62060,34410,179986,36922,8193,29,21
2021-05-28T23:59:59+02:00,22,31,14519,13390,25928,24660,31761,34685,52251,57820,76141,77517,64250,70016,47823,57980,13907,23750,6,3,5275,4712,8879,9880,10416,14975,14071,22268,18601,22850,29764,33628,35614,43783,10977,18691,437050,226093,61591,34404,179897,35991,7884,29,21
2021-05-27T23:59:59+02:00,18,26,13890,12922,24860,23943,30511,33756,50644,56444,73040,74531,63808,69479,47689,57818,13884,23695,6,3,5162,4477,8546,9539,10012,14542,13629,21635,18095,22251,29541,33424,35503,43671,10956,18663,424893,225441,59632,34333,179265,32721,7139,29,21
2021-05-26T23:59:59+02:00,17,24,13403,12499,23946,23298,29589,33053,49558,55518,70081,71338,63193,68868,47554,57647,13853,23649,6,3,5075,4314,8290,9222,9710,14153,13271,21034,17661,21650,29345,33257,35405,43566,10929,18611,414066,224827,57457,34215,178767,29670,6769,29,21
2021-05-25T23:59:59+02:00,17,19,13062,12202,23364,22893,28532,32192,46956,53281,67819,69212,62840,68501,47441,57498,13835,23594,6,3,4997,4193,8081,8959,9456,13776,12959,20513,17277,21100,29186,33101,35321,43460,10902,18555,402203,224274,56390,34133,178144,26925,6492,29,21
2021-05-24T23:59:59+02:00,16,18,12764,11919,22865,22510,27912,31740,44333,50847,65357,67021,62531,68202,47330,57372,13799,23537,6,3,4925,4084,7831,8725,9136,13390,12629,20000,16892,20543,29042,32961,35247,43388,10878,18508,390532,223693,55906,34066,177477,24279,6129,29,21
2021-05-23T23:59:59+02:00,16,18,12702,11850,22770,22425,27832,31661,44076,50620,64769,66472,62451,68114,47305,57354,13797,23535,6,3,4904,4069,7796,8693,9077,13356,12550,19939,16813,20488,29033,32948,35243,43381,10878,18506,388327,223410,55825,34059,177463,24070,6123,29,21
2021-05-22T23:59:59+02:00,16,18,12478,11612,22447,22117,26831,30771,42240,49044,63913,65731,62288,67923,47239,57263,13787,23512,6,3,4887,4014,7768,8629,9036,13291,12519,19853,16783,20420,29022,32938,35239,43375,10877,18505,379834,223318,55814,34059,177458,23672,6095,29,21
2021-05-21T23:59:59+02:00,16,17,12175,11361,21878,21676,26017,30079,39846,47149,61937,64062,62026,67650,47155,57175,13772,23486,6,3,4868,3987,7713,8543,8970,13202,12443,19760,16708,20334,29006,32912,35232,43365,10875,18504,369401,223122,54758,34044,177266,23221,6023,29,21
2021-05-20T23:59:59+02:00,15,17,11562,10788,20749,20782,24865,29049,38338,45870,59590,61989,61205,66749,46954,56915,13738,23430,6,3,4591,3809,7312,8252,8529,12806,11986,19248,16288,19812,28884,32816,35181,43312,10871,18494,358890,222716,52403,33932,175984,20232,5299,29,21
2021-05-19T23:59:59+02:00,15,17,11122,10475,19961,20230,24017,28449,37435,45185,56357,58352,60515,66046,46845,56780,13715,23383,6,3,4438,3649,7057,8009,8253,12478,11654,18818,15918,19389,28785,32704,35138,43236,10860,18479,348421,222233,50781,33814,174855,17993,4813,29,21
2021-05-18T23:59:59+02:00,15,17,10791,10188,19379,19779,23363,27888,36025,43957,54943,57223,60143,65619,46715,56619,13690,23358,6,3,4331,3522,6809,7774,7992,12193,11419,18415,15570,18959,28701,32612,35108,43195,10856,18472,343025,221941,48927,33732,173375,15887,4356,29,21
2021-05-17T23:59:59+02:00,14,16,10570,10007,18941,19490,22927,27577,34822,42964,53631,56185,59894,65372,46651,56520,13674,23325,6,3,4260,3436,6601,7555,7740,11898,11162,18018,15258,18551,28609,32524,35083,43154,10850,18459,338940,221640,47932,33664,171855,14018,3824,29,21
2021-05-16T23:59:59+02:00,14,15,10379,9878,18645,19286,22592,27336,34183,42504,52392,55014,59701,65207,46614,56466,13663,23305,6,3,4191,3362,6384,7389,7450,11644,10893,17665,14963,18187,28543,32462,35067,43136,10843,18455,336499,221389,47054,33602,170236,12254,3377,28,21
2021-05-15T23:59:59+02:00,14,15,10283,9778,18494,19138,22421,27191,33798,42135,51996,54636,59586,65061,46566,56421,13660,23289,6,3,4150,3326,6300,7323,7357,11541,10791,17546,14859,18057,28449,32344,34975,43043,10839,18450,334096,220300,47053,33600,170102,12235,3203,28,21
2021-05-14T23:59:59+02:00,13,15,10000,9574,18064,18895,22020,26904,31446,40356,49844,52779,59365,64832,46518,56336,13643,23268,6,3,4021,3243,6014,7158,7052,11317,10445,17195,14512,17730,27876,31638,34852,42851,10820,18422,324932,217005,47000,33594,169490,12112,2423,27,21
2021-05-13T23:59:59+02:00,13,15,9539,9205,17272,18333,21152,26223,30329,39366,47600,50605,58514,63858,46308,56053,13604,23195,6,3,3520,3049,5675,6905,6740,11008,10034,16805,14135,17296,26978,30438,34428,42332,10789,18360,316439,212406,45137,33038,167467,10921,2115,26,21
2021-05-12T23:59:59+02:00,13,15,9248,9011,16839,18076,20681,25933,29799,38980,44597,46959,57941,63216,46224,55939,13586,23170,6,3,3380,2961,5443,6794,6459,10861,9751,16596,13896,17031,26330,29615,34262,42139,10763,18327,307249,209373,44320,33012,167174,10753,1458,26,21
2021-05-11T23:59:59+02:00,13,13,8812,8732,16066,17559,19817,25313,28060,37537,42661,45456,57564,62770,46140,55804,13565,23142,6,3,3261,2830,5209,6453,6161,10447,9383,16040,13457,16470,24906,27945,33750,41511,10712,18239,301759,203389,41262,32829,164687,9254,1290,26,21
2021-05-10T23:59:59+02:00,13,12,8551,8579,15554,17304,19184,24992,27070,36847,41200,44311,57297,62497,46060,55700,13545,23111,6,2,3151,2705,4977,6218,5907,10123,9060,15562,13094,16048,23855,26614,33261,40927,10676,18181,298455,198731,40353,32801,162016,7838,978,25,19
2021-05-09T23:59:59+02:00,13,12,8395,8497,15247,17123,18802,24737,26403,36418,39421,42645,57001,62218,46005,55642,13537,23091,6,2,3031,2651,4796,6078,5738,9949,8862,15355,12926,15875,23579,26281,33116,40754,10666,18166,295481,197533,39979,32758,159016,6815,706,25,19
2021-05-08T23:59:59+02:00,13,12,8320,8424,15066,16977,18593,24537,26175,36180,39188,42454,56874,62068,45967,55605,13534,23080,6,2,3023,2632,4765,6042,5694,9903,8785,15290,12840,15805,23209,25854,32830,40440,10658,18150,293917,196344,39526,32047,158893,6812,706,25,19
2021-05-07T23:59:59+02:00,12,11,8147,8328,14738,16793,18205,24300,25752,35890,38732,42074,56599,61713,45918,55558,13527,23070,6,2,2724,2498,4415,5855,5424,9641,8469,14979,12444,15409,22110,24479,32180,39605,10630,18100,291372,192879,39094,30545,158565,5218,311,25,17
2021-05-06T23:59:59+02:00,11,11,7496,7971,13839,16193,17146,23445,24410,34775,36587,40409,55470,60392,45675,55251,13492,23003,6,2,2598,2385,4241,5659,5216,9337,8125,14538,12011,14955,20803,22802,31325,38596,10576,17986,280722,187258,37811,29586,156744,4026,274,25,17
2021-05-05T23:59:59+02:00,9,11,6958,7662,13055,15644,16110,22678,23023,33750,34755,38921,53627,58351,45354,54905,13459,22937,6,2,2511,2326,4066,5502,5026,9125,7778,14200,11642,14594,19413,21019,30130,37180,10536,17883,269249,181121,36888,28414,154951,3291,96,25,17
2021-05-04T23:59:59+02:00,9,10,6769,7570,12689,15467,15622,22407,22374,33404,33795,38222,52773,57388,45231,54778,13441,22896,6,2,2456,2256,3912,5333,4850,8871,7436,13792,11216,14135,17760,19089,29032,35848,10440,17763,265469,174302,36020,27473,153289,2363,43,24,16
2021-05-03T23:59:59+02:00,9,10,6623,7421,12311,15248,15116,22095,21666,32997,32642,37331,52475,57070,45135,54670,13426,22864,6,2,2397,2186,3818,5153,4710,8635,7218,13443,10895,13727,16557,17590,28151,34744,10375,17655,262177,168722,35559,27123,151317,1369,32,24,16
2021-05-02T23:59:59+02:00,9,10,6542,7329,12096,15076,14821,21862,21189,32676,31491,36383,52191,56779,45073,54579,13408,22833,6,2,2382,2179,3797,5120,4679,8599,7152,13372,10811,13635,16245,17194,27854,34439,10363,17641,259741,167154,35485,27009,149066,1262,31,24,14
2021-05-01T23:59:59+02:00,9,10,6524,7306,12033,15027,14741,21798,21087,32603,31364,36289,52185,56764,45069,54578,13406,22831,6,2,2379,2172,3773,5103,4638,8574,7115,13335,10750,13580,16047,16971,27739,34302,10360,17631,259170,166188,35484,26984,148915,1260,31,24,14
2021-04-30T23:59:59+02:00,9,10,6486,7267,11942,14932,14635,21679,20892,32416,31124,36098,51914,56404,45024,54525,13400,22819,6,2,2351,2151,3711,5040,4542,8465,6965,13152,10472,13317,15231,15944,26868,33228,10319,17543,257385,162980,35441,25092,148696,1191,30,24,14
2021-04-29T23:59:59+02:00,9,10,6281,7140,11620,14744,14280,21441,20373,32126,30371,35607,51265,55578,44932,54406,13374,22740,6,2,2313,2105,3618,4953,4418,8329,6771,12933,10195,13030,14255,14710,25563,31682,10256,17449,254201,157273,35346,24343,146697,929,29,24,14
2021-04-28T23:59:59+02:00,9,10,6017,6976,11243,14407,13786,20973,19733,31518,29205,34474,48596,52571,44638,54081,13311,22662,6,2,2275,2064,3551,4892,4302,8212,6611,12749,9945,12811,13114,13227,24070,29801,10194,17346,244246,151296,35219,23139,144705,709,16,24,12
2021-04-27T23:59:59+02:00,9,10,5913,6884,11090,14284,13586,20809,19454,31308,28644,34086,48390,52351,44582,54027,13302,22640,6,2,2233,2030,3462,4798,4209,8103,6445,12562,9662,12535,11897,11661,22413,27644,10115,17200,242869,144465,35171,21954,143289,531,16,24,11
2021-04-26T23:59:59+02:00,9,10,5864,6840,10973,14216,13425,20687,19227,31097,27810,33519,48052,51982,44528,53961,13293,22611,6,2,2211,2003,3407,4754,4147,8035,6342,12429,9473,12360,10978,10502,21132,25886,10054,17110,242138,139179,35144,21206,140783,421,16,23,9
2021-04-25T23:59:59+02:00,9,10,5818,6793,10868,14121,13265,20531,18980,30813,27049,32780,47554,51470,44444,53862,13279,22591,6,2,2185,1993,3377,4735,4129,8016,6309,12388,9416,12299,10816,10309,20889,25562,10044,17096,240426,138326,35101,20857,138671,363,16,23,9
2021-04-24T23:59:59+02:00,9,10,5796,6744,10791,14031,13166,20387,18846,30634,26888,32599,47453,51347,44350,53766,13275,22586,6,2,2178,1983,3352,4707,4090,7969,6237,12316,9284,12181,10659,10128,20754,25430,10028,17078,238945,137798,35083,20215,138611,344,16,23,9
2021-04-23T23:59:59+02:00,9,10,5734,6655,10658,13831,12963,20133,18535,30254,26491,32237,46506,50210,44196,53521,13252,22554,6,2,2160,1961,3309,4670,4041,7915,6142,12225,9120,12053,10392,9828,20430,25009,9980,16996,234545,136674,35023,19207,138142,333,16,23,9
2021-04-22T23:59:59+02:00,9,10,5632,6541,10448,13632,12610,19796,18023,29782,25861,31644,44777,48055,43624,52792,13206,22453,5,2,2146,1950,3270,4617,3964,7842,6013,12125,8860,11888,9958,9421,19973,24418,9930,16919,228290,134547,34910,18428,135656,301,16,23,9
2021-04-21T23:59:59+02:00,9,9,5534,6404,10218,13430,12279,19482,17520,29288,25143,30911,40495,43184,43144,52258,13139,22349,5,2,2133,1941,3234,4580,3909,7784,5932,12032,8684,11728,9626,9037,19474,23825,9864,16822,216158,132898,34843,17415,133756,278,16,23,5
2021-04-20T23:59:59+02:00,9,9,5456,6314,10024,13213,12003,19216,17097,28881,24589,30343,38740,41168,42488,51478,13067,22208,5,2,2108,1928,3193,4556,3842,7740,5800,11933,8513,11600,9342,8717,19001,23154,9767,16681,209909,131527,34753,16110,131602,224,16,23,5
2021-04-19T23:59:59+02:00,9,8,5377,6236,9863,13083,11798,19006,16734,28499,24043,29871,37180,39375,41896,50756,13014,22121,5,2,2092,1911,3158,4521,3802,7696,5760,11863,8428,11508,9104,8432,18592,22586,9720,16588,204870,129829,34695,15715,129267,203,16,21,5
2021-04-18T23:59:59+02:00,9,7,5315,6185,9732,12998,11598,18867,16453,28301,23635,29558,35867,38009,41543,50351,12980,22057,5,2,2079,1896,3130,4499,3776,7680,5716,11816,8378,11459,9006,8343,18438,22398,9707,16563,203322,129348,34653,15324,125454,198,16,20,5
2021-04-17T23:59:59+02:00,9,7,5309,6169,9698,12967,11551,18827,16376,28234,23571,29499,35556,37668,41435,50253,12974,22046,5,2,2069,1888,3103,4486,3718,7635,5646,11765,8292,11407,8895,8233,18332,22281,9686,16550,202091,128542,34644,15234,125378,196,16,20,5
2021-04-16T23:59:59+02:00,9,7,5244,6130,9609,12906,11416,18715,16164,28074,23218,29151,34473,36408,41023,49728,12954,22012,5,2,1936,1802,2874,4306,3358,7317,4876,11232,6802,10314,6364,6156,16513,20584,9491,16252,197922,119165,34554,10805,124730,193,16,19,5
2021-04-15T23:59:59+02:00,9,7,5178,6040,9407,12732,11121,18468,15668,27680,22528,28546,32575,34092,39976,48520,12873,21844,5,2,1893,1770,2807,4241,3239,7196,4659,11050,6424,10004,5906,5757,15920,19897,9299,15917,192093,116027,34501,9754,120635,184,16,19,5
2021-04-14T23:59:59+02:00,9,7,5116,5994,9241,12605,10905,18291,15266,27365,21876,28066,30647,31839,38756,47098,12798,21657,5,2,1810,1716,2723,4172,3128,7103,4458,10884,6116,9754,5428,5343,15337,19209,9095,15561,185710,113399,34362,8295,117429,129,16,19,5
2021-04-13T23:59:59+02:00,9,7,5069,5940,9104,12477,10728,18123,14923,27089,21354,27603,28542,29386,37493,45498,12654,21450,5,2,1766,1699,2686,4129,3072,7042,4324,10745,5846,9543,5085,5039,14885,18760,8959,15357,178812,111975,34296,6915,114307,33,16,18,5
2021-04-12T23:59:59+02:00,9,7,5006,5891,8996,12339,10521,17975,14602,26808,20815,27147,26501,27114,36333,44028,12524,21249,5,2,1731,1655,2656,4109,3044,6989,4265,10677,5743,9442,4918,4894,14585,18391,8846,15157,173087,111129,34217,5927,110527,32,16,18,5
2021-04-11T23:59:59+02:00,9,7,4970,5848,8902,12260,10363,17874,14338,26631,20390,26823,25298,25823,35628,43243,12435,21099,5,2,1722,1649,2634,4089,3019,6961,4230,10630,5656,9374,4826,4839,14469,18268,8807,15104,171301,110919,34146,5319,106461,26,15,18,5
2021-04-10T23:59:59+02:00,9,7,4959,5835,8860,12232,10308,17839,14270,26582,20294,26743,24982,25448,35281,42823,12428,21078,5,2,1717,1643,2625,4081,3005,6944,4200,10599,5597,9335,4748,4762,14340,18102,8760,15019,170087,110120,33421,5318,106437,26,15,18,5
2021-04-09T23:59:59+02:00,9,7,4912,5803,8776,12153,10184,17715,14102,26408,20034,26499,24142,24292,34326,41612,12396,21004,4,2,1689,1614,2568,4047,2933,6885,4049,10489,5342,9112,4332,4387,13770,17385,8530,14650,166719,106436,31904,5310,105723,26,11,17,5
2021-04-08T23:59:59+02:00,9,7,4836,5738,8629,12044,9971,17543,13706,26094,19429,26031,22432,22302,32632,39638,12246,20767,4,2,1659,1598,2514,4002,2850,6800,3902,10352,5049,8848,3873,3960,12775,16138,8046,13886,160952,101441,30998,4779,102076,22,11,17,5
2021-04-07T23:59:59+02:00,9,6,4789,5685,8445,11967,9744,17393,13388,25867,18958,25669,20625,20187,30869,37373,12128,20553,4,2,1626,1582,2460,3949,2789,6719,3795,10207,4861,8659,3607,3668,12085,15336,7669,13325,154907,98114,29820,4201,98905,13,10,13,5
2021-04-06T23:59:59+02:00,9,6,4742,5639,8301,11855,9584,17227,13068,25599,18438,25282,18769,18118,28942,34884,11925,20208,4,2,1590,1563,2436,3923,2756,6681,3733,10163,4779,8568,3498,3544,11611,14688,7383,12911,148056,95802,28855,4004,95663,12,10,12,5
2021-04-05T23:59:59+02:00,9,6,4711,5598,8205,11764,9446,17130,12855,25387,18036,24937,17040,16189,27314,32736,11778,19982,4,2,1568,1551,2405,3905,2726,6632,3690,10104,4693,8452,3385,3435,11270,14319,7225,12629,142647,94404,28419,3565,92037,11,10,10,5
2021-04-04T23:59:59+02:00,9,6,4704,5592,8197,11754,9432,17115,12829,25366,18008,24912,16908,16013,27118,32490,11769,19968,4,2,1567,1550,2403,3902,2723,6628,3688,10100,4689,8449,3376,3424,11259,14307,7222,12621,141928,94325,28326,3565,91920,11,8,8,5
2021-04-03T23:59:59+02:00,9,6,4700,5585,8183,11747,9413,17095,12790,25335,17930,24848,16828,15923,27071,32433,11764,19961,4,2,1564,1548,2394,3894,2705,6614,3665,10072,4606,8394,3259,3309,11178,14232,7216,12611,141397,93678,28300,3565,91908,11,8,8,5
2021-04-02T23:59:59+02:00,9,6,4674,5565,8124,11693,9349,17027,12651,25228,17694,24647,16376,15447,26595,31856,11732,19907,4,2,1562,1539,2380,3888,2698,6598,3644,10040,4536,8301,3189,3241,10940,13930,7064,12408,140188,92379,26887,3561,91489,11,8,8,5
2021-04-01T23:59:59+02:00,8,6,4631,5504,8012,11551,9219,16867,12378,24942,17249,24246,15624,14721,25836,30893,11605,19725,4,2,1545,1519,2351,3855,2675,6569,3605,10001,4468,8235,3076,3110,10004,12813,6450,11557,137946,88362,26223,3456,88834,10,6,8,5
2021-03-31T23:59:59+02:00,8,6,4419,5425,7901,11429,9078,16700,12159,24666,16895,23881,14927,13957,25002,29881,11495,19525,4,2,1536,1514,2337,3835,2649,6540,3555,9953,4398,8163,2986,3020,9430,12109,6085,11059,136143,85924,24759,3230,86438,10,6,8,5
2021-03-30T23:59:59+02:00,8,6,4388,5372,7827,11302,8991,16543,11997,24476,16611,23569,14326,13316,24241,28895,11356,19280,4,2,1522,1504,2316,3810,2623,6511,3515,9888,4331,8092,2859,2872,8835,11451,5734,10563,134653,83593,23543,2823,84294,5,6,8,5
2021-03-29T23:59:59+02:00,8,6,4348,5317,7727,11190,8884,16380,11838,24202,16282,23222,13781,12714,23476,27919,11196,19031,4,2,1504,1491,2297,3794,2601,6482,3481,9829,4267,8017,2806,2804,8546,11063,5545,10251,132805,82204,22783,2564,81919,5,6,8,5
2021-03-28T23:59:59+02:00,8,6,4313,5233,7642,11080,8805,16226,11703,23972,16023,22948,13452,12403,22904,27224,11021,18746,4,2,1495,1484,2275,3778,2586,6453,3441,9779,4229,7959,2758,2753,8467,10958,5500,10182,132306,81852,22258,2236,79131,4,6,8,5
2021-03-27T23:59:59+01:00,8,6,4299,5222,7616,11048,8739,16154,11603,23877,15879,22832,13247,12190,22701,27010,10986,18717,4,2,1494,1482,2272,3776,2585,6452,3427,9751,4219,7937,2750,2747,8409,10893,5465,10142,131423,81556,21612,2236,79085,4,6,8,5
2021-03-26T23:59:59+01:00,8,6,4256,5155,7506,10914,8564,15969,11268,23573,15266,22329,12327,11361,21910,26167,10839,18490,2,2,1489,1468,2267,3755,2572,6429,3410,9725,4178,7901,2720,2708,8228,10674,5344,9972,127365,80707,20000,2122,78529,4,6,8,5
2021-03-25T23:59:59+01:00,8,5,4201,4994,7343,10635,8319,15562,10884,22949,14621,21630,11653,10698,21039,25098,10520,17944,2,2,1469,1454,2235,3729,2538,6390,3373,9678,4107,7819,2588,2568,7249,9413,4727,9055,124075,76499,19218,1883,74797,4,5,8,5
2021-03-24T23:59:59+01:00,8,5,4125,4854,7206,10347,8104,15150,10620,22399,14150,21019,11046,10140,20104,24009,10187,17377,2,2,1448,1425,2208,3691,2494,6353,3331,9613,4028,7719,2487,2471,6597,8648,4341,8472,121474,73861,18024,1460,71344,2,2,6,5
2021-03-23T23:59:59+01:00,8,5,4085,4762,7099,10107,7949,14809,10357,21893,13747,20527,10578,9697,19377,23156,9872,16909,2,2,1437,1407,2182,3670,2475,6325,3271,9559,3934,7643,2393,2370,5867,7715,3887,7779,120005,70779,16916,1131,68009,2,1,6,5
2021-03-22T23:59:59+01:00,8,5,4032,4683,6971,9867,7789,14487,10097,21425,13397,20026,10184,9342,18807,22446,9678,16560,2,1,1428,1400,2175,3656,2463,6309,3247,9536,3904,7609,2332,2319,5410,7105,3529,7286,119112,68662,16513,1041,64172,2,1,6,5
2021-03-21T23:59:59+01:00,8,5,3985,4580,6837,9603,7621,14129,9876,20885,13054,19500,9864,9062,18270,21843,9489,16247,2,1,1425,1396,2174,3645,2460,6301,3241,9527,3894,7595,2318,2300,5293,6973,3471,7185,118907,68152,16116,1041,59828,2,1,6,5
2021-03-20T23:59:59+01:00,8,5,3974,4560,6802,9549,7563,14056,9792,20776,12948,19410,9777,8969,18130,21666,9438,16160,2,1,1422,1391,2170,3641,2455,6296,3227,9517,3874,7585,2283,2268,4965,6599,3282,6943,118075,66872,16021,1041,59480,2,1,6,5
2021-03-19T23:59:59+01:00,7,5,3799,4420,6509,9300,7122,13631,8879,20046,11221,18084,6914,6623,15876,19461,9076,15597,2,1,1418,1387,2165,3634,2443,6283,3215,9492,3823,7539,2216,2227,4590,6127,3013,6618,108774,65177,11300,1008,56489,2,1,6,5
2021-03-18T23:59:59+01:00,7,4,3695,4288,6332,8991,6854,13192,8491,19386,10583,17347,6199,5971,14652,17987,8558,14771,2,1,1414,1381,2142,3607,2425,6247,3186,9451,3783,7506,2171,2193,4169,5595,2730,6203,103637,63298,10293,900,53371,2,1,6,5
2021-03-17T23:59:59+01:00,7,4,3616,4215,6201,8845,6683,13015,8193,19076,10180,16957,5790,5585,13838,17066,8158,14182,2,1,1404,1368,2126,3588,2395,6215,3155,9423,3746,7470,2116,2133,3760,5149,2477,5815,100400,61569,8604,766,52600,2,1,6,5
2021-03-16T23:59:59+01:00,7,4,3537,4081,6047,8575,6476,12646,7881,18495,9633,16301,5262,5131,13021,16105,7820,13681,2,1,1395,1359,2117,3571,2379,6200,3139,9404,3721,7444,2089,2096,3240,4507,2137,5302,98073,59333,7194,762,49429,2,1,6,5
2021-03-15T23:59:59+01:00,7,4,3489,3934,5858,8302,6257,12235,7604,17923,9198,15678,4944,4846,12362,15362,7553,13218,2,1,1395,1349,2101,3556,2359,6176,3120,9355,3697,7405,2052,2045,2872,4045,1852,4906,96574,57537,6212,744,45982,2,0,6,5
2021-03-14T23:59:59+01:00,7,4,3445,3799,5628,7971,5967,11789,7295,17204,8739,14927,4621,4571,12071,15106,7505,13119,2,1,1388,1343,2085,3527,2346,6127,3102,9297,3680,7367,2045,2034,2793,3937,1799,4820,96451,57137,5596,549,41715,2,0,6,5
2021-03-13T23:59:59+01:00,7,4,3429,3758,5587,7855,5908,11666,7210,17056,8590,14772,4470,4421,11981,15020,7499,13108,2,1,1388,1343,2085,3527,2345,6127,3101,9296,3679,7367,2042,2026,2740,3882,1765,4766,95757,56926,5596,549,40982,2,0,6,5
2021-03-12T23:59:59+01:00,7,4,3410,3687,5530,7720,5848,11514,7124,16830,8454,14538,4362,4325,11707,14695,7342,12889,2,1,1388,1343,2081,3521,2344,6119,3097,9290,3677,7362,2040,2024,2652,3771,1681,4677,94324,56514,5588,549,40068,2,0,6,5
2021-03-11T23:59:59+01:00,7,4,3333,3493,5322,7420,5615,11097,6784,16162,8016,13900,4018,3989,10626,13438,6684,11975,2,1,1383,1341,2070,3507,2325,6094,3074,9257,3653,7329,2010,1999,2412,3505,1525,4458,90120,55421,5152,517,36605,2,0,6,5
2021-03-10T23:59:59+01:00,7,4,3237,3375,5104,7149,5403,10735,6514,15616,7679,13354,3795,3761,9980,12646,6295,11438,2,1,1378,1330,2043,3469,2296,6004,3026,9135,3596,7210,1966,1922,2196,3268,1391,4263,87645,54206,4776,283,33665,2,0,6,5
2021-03-09T23:59:59+01:00,6,4,3163,3248,4939,6960,5200,10449,6283,15181,7382,12845,3611,3554,9342,11947,5920,10911,2,1,1371,1319,2008,3409,2265,5902,2964,8992,3528,7128,1936,1896,1916,2950,1219,4016,85361,52780,4512,35,31066,2,0,6,5
2021-03-08T23:59:59+01:00,6,4,3098,3091,4710,6695,4961,10096,6023,14668,7021,12259,3409,3361,8953,11504,5722,10594,2,1,1368,1301,1994,3330,2234,5805,2926,8846,3495,7034,1921,1874,1713,2718,1095,3822,83889,51441,4141,33,28139,0,0,6,5
2021-03-07T23:59:59+01:00,6,4,3066,3032,4637,6580,4877,9983,5918,14504,6904,12113,3358,3314,8866,11396,5681,10525,2,1,1362,1296,1988,3318,2226,5780,2919,8807,3483,7015,1913,1862,1658,2650,1044,3753,83528,51039,3965,33,27265,0,0,6,5
2021-03-06T23:59:59+01:00,6,4,3052,2975,4596,6488,4840,9916,5860,14384,6856,12002,3334,3291,8809,11330,5646,10482,2,1,1360,1283,1983,3304,2214,5753,2916,8780,3472,6996,1903,1838,1630,2626,1038,3744,83205,50805,3965,33,26695,0,0,6,5
2021-03-05T23:59:59+01:00,6,4,3028,2881,4537,6377,4776,9818,5797,14232,6753,11849,3289,3236,8622,11102,5523,10307,2,1,1351,1250,1951,3249,2189,5647,2875,8646,3428,6858,1859,1792,1566,2556,1016,3716,82297,49914,3957,33,25877,0,0,6,5
2021-03-04T23:59:59+01:00,4,4,2975,2690,4380,6141,4558,9505,5590,13816,6440,11460,3114,3060,7600,9806,4888,9389,2,1,1332,1201,1913,3126,2158,5464,2829,8369,3371,6626,1787,1702,1529,2504,1011,3698,78124,48586,3684,32,23606,0,0,6,5
2021-03-03T23:59:59+01:00,3,4,2936,2619,4241,5949,4392,9236,5387,13438,6184,11039,2989,2928,6949,9030,4491,8779,2,1,1320,1165,1886,3053,2136,5354,2798,8190,3318,6469,1719,1660,1488,2434,991,3644,75394,47592,3441,32,21753,0,0,6,4
2021-03-02T23:59:59+01:00,3,4,2876,2528,4055,5730,4186,8965,5190,13059,5915,10663,2842,2767,6187,8065,4019,8068,2,1,1287,1122,1859,2980,2112,5212,2748,7917,3269,6271,1645,1600,1422,2354,967,3593,72226,46325,2985,32,19905,0,0,6,4
2021-03-01T23:59:59+01:00,3,3,2837,2465,3891,5578,3999,8746,5000,12738,5676,10270,2741,2652,5693,7407,3653,7555,2,1,1281,1086,1835,2879,2086,5018,2708,7667,3209,6035,1602,1564,1372,2293,937,3550,70052,45089,2676,32,18173,0,0,6,4
2021-02-28T23:59:59+01:00,3,3,2795,2417,3733,5459,3778,8556,4816,12487,5489,9964,2684,2579,5571,7253,3591,7454,2,1,1277,1081,1830,2866,2077,4994,2701,7631,3199,6018,1593,1557,1367,2285,934,3540,69574,44918,2455,31,16597,0,0,6,4
2021-02-27T23:59:59+01:00,3,2,2780,2355,3706,5379,3744,8483,4782,12394,5455,9890,2643,2545,5236,6864,3390,7202,2,1,1270,1073,1823,2854,2064,4959,2682,7566,3183,5962,1575,1548,1361,2274,932,3539,68252,44634,2455,30,16140,0,0,6,4
2021-02-26T23:59:59+01:00,3,2,2760,2314,3664,5291,3678,8379,4720,12283,5370,9802,2566,2492,4852,6381,3111,6868,2,1,1213,1023,1773,2748,2015,4778,2626,7291,3111,5752,1514,1497,1338,2253,918,3530,66431,43350,2328,29,15771,0,0,6,4
2021-02-25T23:59:59+01:00,3,2,2588,2207,3478,5108,3493,8154,4516,11997,5151,9527,2477,2426,4402,5826,2822,6439,2,1,1197,965,1742,2639,1961,4503,2556,6895,3016,5465,1468,1454,1317,2238,915,3521,64562,41826,2001,26,14047,0,0,6,3
2021-02-24T23:59:59+01:00,3,2,2435,2074,3288,4914,3347,7950,4319,11743,4930,9277,2340,2306,3941,5314,2560,6040,1,1,1182,936,1719,2554,1925,4363,2496,6639,2963,5260,1437,1422,1299,2217,911,3498,62783,40802,1522,18,12472,0,0,6,3
2021-02-23T23:59:59+01:00,3,2,2302,1936,3110,4686,3195,7711,4144,11472,4745,9030,2251,2213,3384,4649,2217,5524,1,1,1168,888,1686,2458,1886,4172,2428,6340,2868,5000,1379,1367,1270,2173,895,3471,60570,39433,1169,15,10829,0,0,6,3
2021-02-22T23:59:59+01:00,3,2,2262,1885,3026,4593,3125,7604,4050,11286,4637,8905,2200,2172,3013,4182,1931,5137,1,1,1156,829,1654,2334,1844,3926,2352,5946,2742,4703,1316,1313,1247,2140,887,3446,58888,37829,1082,5,10037,0,0,6,3
2021-02-21T23:59:59+01:00,3,2,2226,1854,2974,4524,3045,7490,3969,11141,4571,8788,2185,2149,2928,4067,1875,5049,1,1,1153,811,1637,2282,1817,3819,2319,5790,2680,4580,1285,1290,1237,2126,880,3431,58454,37131,1049,5,9331,0,0,6,3
2021-02-20T23:59:59+01:00,3,2,2214,1851,2951,4511,3029,7454,3943,11108,4550,8766,2182,2141,2874,4010,1840,4994,1,1,1153,808,1637,2280,1816,3810,2318,5785,2679,4576,1284,1287,1236,2123,879,3430,58238,37095,1048,5,9131,0,0,6,3
2021-02-19T23:59:59+01:00,2,2,2202,1837,2915,4459,3004,7366,3898,11026,4496,8703,2174,2135,2783,3896,1755,4900,1,1,1102,799,1598,2272,1805,3801,2308,5764,2671,4563,1278,1276,1225,2118,874,3423,57816,36872,1016,4,8715,0,0,6,3
2021-02-18T23:59:59+01:00,2,2,2071,1742,2759,4276,2880,7168,3761,10740,4357,8498,2140,2102,2541,3625,1599,4677,1,1,1024,763,1526,2172,1755,3680,2235,5607,2614,4478,1264,1257,1219,2104,861,3405,56743,35959,951,4,7240,0,0,6,3
2021-02-17T23:59:59+01:00,2,2,2027,1694,2668,4144,2771,6956,3608,10399,4215,8256,2081,2018,2322,3395,1470,4484,1,1,872,698,1414,2046,1678,3490,2139,5380,2542,4305,1231,1211,1193,2059,845,3360,55668,34459,805,3,6033,0,0,6,3
2021-02-16T23:59:59+01:00,2,2,1857,1583,2492,3937,2631,6681,3447,10044,4037,7951,2036,1991,2040,3075,1296,4231,1,1,845,676,1344,1968,1609,3348,2045,5207,2447,4171,1169,1165,1133,1970,812,3258,54326,33164,769,2,4232,0,0,6,3
2021-02-15T23:59:59+01:00,2,2,1822,1528,2404,3767,2554,6408,3325,9676,3922,7681,2010,1962,1821,2835,1170,4038,1,1,827,664,1315,1920,1567,3279,1988,5035,2384,4070,1111,1124,1066,1878,792,3155,53217,32173,753,1,2951,0,0,6,3
2021-02-14T23:59:59+01:00,2,2,1732,1497,2356,3705,2512,6315,3254,9572,3875,7603,1999,1952,1763,2775,1120,3978,1,1,812,654,1299,1896,1540,3256,1954,4994,2358,4014,1101,1115,1059,1869,789,3143,52878,31851,724,1,2404,0,0,6,3
2021-02-13T23:59:59+01:00,2,2,1731,1485,2346,3698,2506,6301,3251,9556,3868,7593,1990,1932,1739,2755,1116,3968,1,1,812,654,1299,1896,1540,3256,1954,4994,2358,4014,1101,1115,1059,1869,789,3143,52721,31851,724,1,2388,0,0,6,3
2021-02-12T23:59:59+01:00,2,2,1652,1400,2245,3584,2427,6128,3146,9318,3743,7329,1943,1874,1675,2684,1093,3939,1,1,805,646,1287,1873,1527,3237,1946,4963,2342,3994,1096,1110,1058,1850,789,3112,51779,31634,724,0,1675,0,0,6,3
2021-02-11T23:59:59+01:00,2,2,1455,1264,2063,3372,2299,5836,2995,8885,3585,6982,1870,1772,1633,2620,1073,3916,1,1,776,597,1192,1694,1400,2958,1806,4602,2175,3704,1043,1046,1014,1772,748,2970,50378,29498,684,0,556,0,0,6,1
2021-02-10T23:59:59+01:00,2,2,1361,1217,1979,3243,2231,5664,2913,8606,3474,6751,1800,1725,1586,2553,1054,3854,1,1,565,515,969,1470,1260,2647,1621,4141,1971,3322,923,918,881,1514,656,2628,49203,26002,645,0,161,0,0,6,1
2021-02-09T23:59:59+01:00,2,2,1326,1167,1944,3150,2203,5479,2846,8267,3404,6493,1726,1663,1524,2492,1035,3811,1,1,303,382,752,1206,1074,2270,1414,3602,1722,2867,757,756,708,1206,522,2124,47934,21666,515,0,80,0,0,5,1
2021-02-08T23:59:59+01:00,2,2,1319,1132,1912,3032,2166,5257,2795,7989,3345,6257,1683,1629,1474,2437,1018,3788,1,1,267,342,649,1053,969,2053,1255,3208,1526,2551,656,635,607,1019,450,1839,46808,19080,345,0,79,0,0,5,1
2021-02-07T23:59:59+01:00,2,2,1293,1116,1882,2980,2140,5175,2765,7886,3303,6191,1667,1613,1459,2418,1006,3773,1,1,233,287,600,964,909,1897,1164,2982,1429,2378,615,615,585,984,440,1808,46522,17892,144,0,0,0,0,5,0
2021-02-06T23:59:59+01:00,2,2,1288,1110,1876,2968,2131,5147,2752,7842,3292,6146,1654,1605,1454,2408,1003,3772,1,1,214,254,579,926,881,1832,1121,2863,1372,2295,599,596,578,984,440,1808,46303,17344,144,0,0,0,0,5,0
2021-02-05T23:59:59+01:00,2,2,1229,1058,1827,2860,2079,4951,2691,7545,3215,5930,1591,1552,1437,2385,995,3766,1,1,198,222,543,876,845,1752,1083,2743,1319,2196,565,572,566,960,428,1783,44966,16653,144,0,0,0,0,5,0
2021-02-04T23:59:59+01:00,2,2,1217,994,1786,2712,2007,4638,2608,7099,3115,5601,1546,1519,1420,2368,990,3755,1,1,169,169,469,758,746,1611,970,2504,1206,1982,519,519,518,904,407,1663,43339,15116,36,0,0,0,0,4,0
2021-02-03T23:59:59+01:00,2,2,1199,965,1756,2631,1968,4490,2542,6837,3063,5386,1509,1487,1390,2333,971,3725,1,1,140,140,396,645,630,1373,824,2126,1011,1691,399,383,374,682,287,1258,42216,12361,36,0,0,0,0,4,0
2021-02-02T23:59:59+01:00,2,2,1182,909,1722,2530,1926,4270,2469,6505,2958,5114,1455,1440,1366,2302,961,3700,1,1,117,116,320,523,525,1135,679,1796,822,1382,298,280,293,499,225,947,40773,9959,36,0,0,0,0,4,0
2021-02-01T23:59:59+01:00,1,2,1169,849,1686,2407,1875,4025,2392,6115,2835,4818,1388,1358,1336,2256,948,3671,0,0,84,76,221,352,351,742,430,1159,480,860,186,170,172,298,126,562,39091,6269,36,0,0,0,0,4,0
2021-01-31T23:59:59+01:00,1,2,1165,831,1669,2350,1850,3903,2360,5931,2768,4699,1357,1335,1325,2240,941,3655,0,0,73,70,187,281,273,575,341,905,398,693,160,155,160,289,122,548,38345,5230,33,0,0,0,0,4,0
2021-01-30T23:59:59+01:00,1,2,1165,828,1668,2345,1848,3892,2358,5920,2765,4689,1356,1331,1324,2239,941,3654,0,0,70,63,154,233,245,507,306,787,355,618,159,148,155,285,122,547,38290,4754,32,0,0,0,0,4,0
2021-01-29T23:59:59+01:00,1,2,1113,819,1629,2338,1837,3885,2350,5905,2757,4678,1352,1328,1320,2239,941,3654,0,0,62,45,117,178,201,353,250,639,311,490,148,139,144,275,119,546,38114,4017,30,0,0,0,0,4,0
2021-01-28T23:59:59+01:00,1,2,1039,793,1573,2275,1804,3816,2303,5834,2724,4626,1340,1316,1311,2233,929,3640,0,0,40,20,75,105,132,206,155,383,203,293,115,106,118,221,107,496,37528,2775,27,0,0,0,0,4,0
2021-01-27T23:59:59+01:00,1,2,891,741,1477,2199,1736,3702,2230,5705,2666,4500,1311,1271,1282,2195,913,3605,0,0,31,13,63,87,106,162,122,326,176,248,107,88,105,201,103,459,36405,2397,18,0,0,0,0,4,0
2021-01-26T23:59:59+01:00,1,2,877,721,1414,2123,1675,3572,2143,5533,2578,4388,1252,1231,1232,2122,888,3545,0,0,30,12,60,84,102,156,118,311,175,239,104,82,98,180,92,409,35280,2252,13,0,0,0,0,4,0
2021-01-25T23:59:59+01:00,1,2,863,700,1383,2061,1642,3475,2097,5364,2521,4296,1199,1206,1177,2062,870,3479,0,0,28,12,57,84,99,154,117,309,174,239,103,81,97,179,90,406,34391,2229,4,0,0,0,0,3,0
2021-01-24T23:59:59+01:00,1,2,860,699,1377,2050,1637,3458,2089,5339,2509,4264,1195,1199,1172,2055,869,3473,0,0,28,12,57,84,98,153,117,309,174,238,103,81,97,179,90,405,34241,2225,4,0,0,0,0,3,0
2021-01-23T23:59:59+01:00,1,2,860,699,1377,2050,1636,3458,2089,5339,2509,4264,1195,1199,1172,2055,869,3473,0,0,28,12,57,84,98,153,117,309,173,238,103,81,97,179,90,405,34241,2224,3,0,0,0,0,3,0
2021-01-22T23:59:59+01:00,1,2,859,689,1363,2027,1621,3434,2076,5305,2493,4245,1193,1194,1171,2032,868,3439,0,0,28,12,57,84,98,153,117,309,172,238,103,81,97,179,90,405,34006,2223,3,0,0,0,0,3,0
2021-01-21T23:59:59+01:00,1,2,827,652,1286,1871,1520,3242,1980,5034,2382,4045,1152,1134,1142,1963,830,3318,0,0,26,11,53,79,90,144,107,280,158,215,89,72,86,155,74,345,32377,1984,3,0,0,0,0,1,0
2021-01-20T23:59:59+01:00,1,2,626,555,1092,1655,1384,2967,1804,4628,2178,3704,1023,1015,1012,1722,754,3014,0,0,24,11,52,75,87,143,99,267,147,196,78,65,80,130,62,307,29132,1823,3,0,0,0,0,1,0
2021-01-19T23:59:59+01:00,1,2,342,411,841,1397,1180,2620,1568,4099,1914,3253,848,842,838,1426,629,2564,0,0,20,8,37,53,58,78,73,180,103,133,58,50,52,96,47,238,24772,1284,2,0,0,0,0,1,0
2021-01-18T23:59:59+01:00,1,2,301,374,728,1210,1062,2366,1376,3598,1673,2871,708,689,678,1170,525,2119,0,0,8,4,12,18,20,26,24,52,25,47,13,11,13,33,11,72,21449,389,1,0,0,0,0,1,0
2021-01-17T23:59:59+01:00,1,2,259,320,662,1115,983,2195,1278,3326,1559,2660,662,659,649,1110,497,2051,0,0,0,0,1,0,3,2,2,1,2,2,1,4,1,0,0,1,19987,20,1,0,0,0,0,0,0
2021-01-16T23:59:59+01:00,1,2,242,289,646,1080,959,2133,1237,3215,1508,2586,646,641,641,1110,497,2050,0,0,0,0,0,0,1,2,1,1,1,2,0,1,1,0,0,1,19482,11,1,0,0,0,0,0,0
2021-01-15T23:59:59+01:00,1,2,227,255,616,1029,932,2055,1203,3097,1456,2490,615,615,634,1089,490,2038,0,0,0,0,0,0,0,0,0,0,0,0,0,0,0,0,0,0,18844,0,0,0,0,0,0,0,0
2021-01-14T23:59:59+01:00,1,2,197,205,555,908,843,1911,1108,2875,1341,2305,571,571,594,1043,483,1992,0,0,0,0,0,0,0,0,0,0,0,0,0,0,0,0,0,0,17505,0,0,0,0,0,0,0,0
2021-01-13T23:59:59+01:00,1,2,167,185,507,837,771,1786,1009,2638,1187,2081,455,452,452,825,367,1551,0,0,0,0,0,0,0,0,0,0,0,0,0,0,0,0,0,0,15273,0,0,0,0,0,0,0,0
2021-01-12T23:59:59+01:00,1,2,143,164,476,768,720,1631,920,2435,1079,1849,365,343,352,592,270,1114,0,0,0,0,0,0,0,0,0,0,0,0,0,0,0,0,0,0,13224,0,0,0,0,0,0,0,0
2021-01-11T23:59:59+01:00,0,1,114,127,400,638,630,1377,756,1977,847,1461,227,202,202,358,153,673,0,0,0,0,0,0,0,0,0,0,0,0,0,0,0,0,0,0,10143,0,0,0,0,0,0,0,0
2021-01-10T23:59:59+01:00,0,1,88,92,309,459,474,998,547,1449,623,1064,189,178,185,344,147,659,0,0,0,0,0,0,0,0,0,0,0,0,0,0,0,0,0,0,7806,0,0,0,0,0,0,0,0
2021-01-09T23:59:59+01:00,0,1,78,84,262,396,403,866,480,1232,547,906,183,168,180,339,147,657,0,0,0,0,0,0,0,0,0,0,0,0,0,0,0,0,0,0,6929,0,0,0,0,0,0,0,0
2021-01-08T23:59:59+01:00,0,1,65,64,189,288,305,585,366,934,441,687,175,163,164,327,145,657,0,0,0,0,0,0,0,0,0,0,0,0,0,0,0,0,0,0,5556,0,0,0,0,0,0,0,0
2021-01-07T23:59:59+01:00,0,0,46,24,81,121,140,231,164,421,223,342,130,127,145,277,131,602,0,0,0,0,0,0,0,0,0,0,0,0,0,0,0,0,0,0,3205,0,0,0,0,0,0,0,0
2021-01-06T23:59:59+01:00,0,0,34,18,70,92,119,180,136,344,194,278,111,98,116,227,112,517,0,0,0,0,0,0,0,0,0,0,0,0,0,0,0,0,0,0,2646,0,0,0,0,0,0,0,0
2021-01-05T23:59:59+01:00,0,0,31,13,60,88,108,166,120,329,180,255,109,94,115,220,109,499,0,0,0,0,0,0,0,0,0,0,0,0,0,0,0,0,0,0,2496,0,0,0,0,0,0,0,0
2021-01-04T23:59:59+01:00,0,0,28,12,57,85,100,158,115,314,178,243,108,90,108,206,99,461,0,0,0,0,0,0,0,0,0,0,0,0,0,0,0,0,0,0,2362,0,0,0,0,0,0,0,0
2021-01-03T23:59:59+01:00,0,0,28,12,57,85,100,158,115,314,178,243,108,90,107,205,99,461,0,0,0,0,0,0,0,0,0,0,0,0,0,0,0,0,0,0,2360,0,0,0,0,0,0,0,0
2021-01-02T23:59:59+01:00,0,0,28,12,57,85,100,158,115,314,177,243,108,90,107,205,99,461,0,0,0,0,0,0,0,0,0,0,0,0,0,0,0,0,0,0,2359,0,0,0,0,0,0,0,0
2021-01-01T23:59:59+01:00,0,0,28,12,57,85,100,158,115,314,175,242,108,90,107,205,99,461,0,0,0,0,0,0,0,0,0,0,0,0,0,0,0,0,0,0,2356,0,0,0,0,0,0,0,0
2020-12-31T23:59:59+01:00,0,0,28,12,57,85,100,158,115,314,175,242,108,90,107,205,99,461,0,0,0,0,0,0,0,0,0,0,0,0,0,0,0,0,0,0,2356,0,0,0,0,0,0,0,0
2020-12-30T23:59:59+01:00,0,0,27,12,57,84,99,155,115,313,175,242,108,90,107,205,99,461,0,0,0,0,0,0,0,0,0,0,0,0,0,0,0,0,0,0,2349,0,0,0,0,0,0,0,0
2020-12-29T23:59:59+01:00,0,0,20,9,42,60,76,91,86,218,128,190,83,77,78,171,80,373,0,0,0,0,0,0,0,0,0,0,0,0,0,0,0,0,0,0,1782,0,0,0,0,0,0,0,0
2020-12-28T23:59:59+01:00,0,0,9,6,18,30,31,45,40,113,53,103,36,42,40,98,43,211,0,0,0,0,0,0,0,0,0,0,0,0,0,0,0,0,0,0,918,0,0,0,0,0,0,0,0
2020-12-27T23:59:59+01:00,0,0,2,2,4,5,7,11,10,24,6,23,6,7,7,25,5,56,0,0,0,0,0,0,0,0,0,0,0,0,0,0,0,0,0,0,200,0,0,0,0,0,0,0,0
