Datum,<15_m,<15_w,15-24_1_m,15-24_1_w,25-34_1_m,25-34_1_w,35-44_1_m,35-44_1_w,45-54_1_m,45-54_1_w,55-64_1_m,55-64_1_w,65-74_1_m,65-74_1_w,75-84_1_m,75-84_1_w,>84_1_m,>84_1_w,<24_2_m,<24_2_w,25-34_2_m,25-34_2_w,35-44_2_m,35-44_2_w,45-54_2_m,45-54_2_w,55-64_2_m,55-64_2_w,65-74_2_m,65-74_2_w,75-84_2_m,75-84_2_w,>84_2_m,>84_2_w,bp_1,bp_2,mo_1,mo_2,az_1,az_2,ja,unb_1,unb_2
2021-09-20T23:59:59+02:00,9539,8849,58228,55032,64516,60297,73577,74606,95103,97317,106864,105916,73571,79852,51572,63350,14513,25018,52847,49980,60501,55609,69594,69953,90889,92488,102816,101994,71560,77624,50280,61617,14117,24159,819742,771920,70147,67707,182468,175644,45373,36,52
2021-09-19T23:59:59+02:00,9487,8809,58112,54939,64412,60181,73487,74504,95030,97217,106807,105845,73554,79827,51559,63331,14511,25009,52743,49868,60417,55502,69505,69863,90825,92421,102743,101928,71528,77594,50261,61587,14113,24154,818962,771197,70129,67694,182455,175621,45085,36,52
2021-09-18T23:59:59+02:00,9472,8793,58086,54910,64378,60150,73462,74480,95014,97196,106795,105824,73551,79826,51556,63328,14511,25008,52714,49833,60388,55480,69485,69843,90805,92407,102730,101908,71523,77591,50261,61586,14112,24152,818748,771008,70119,67685,182455,175620,45028,36,52
2021-09-17T23:59:59+02:00,9387,8715,57915,54763,64255,60020,73338,74362,94909,97094,106711,105752,73516,79794,51544,63311,14503,25001,52552,49725,60270,55371,69395,69754,90724,92329,102657,101851,71490,77554,50246,61556,14103,24145,817606,770077,70076,67668,182453,175613,44764,36,52
2021-09-16T23:59:59+02:00,9313,8642,57712,54617,64085,59838,73164,74198,94760,96961,106558,105642,73445,79736,51523,63271,14496,24987,52393,49599,60128,55252,69274,69638,90616,92231,102556,101771,71445,77506,50224,61518,14096,24133,816179,769132,70060,67647,182431,175588,44287,36,52
2021-09-15T23:59:59+02:00,9222,8562,57515,54399,63907,59640,72986,74020,94612,96808,106413,105505,73381,79664,51467,63208,14481,24962,52233,49435,60000,55120,69152,69533,90514,92153,102448,101683,71397,77449,50190,61480,14086,24121,814409,768061,70040,67630,182426,175576,43886,36,52
2021-09-14T23:59:59+02:00,9114,8458,57332,54168,63733,59457,72842,73844,94484,96652,106292,105406,73310,79601,51436,63158,14465,24940,52067,49241,59854,54982,69030,69417,90407,92028,102358,101595,71346,77392,50162,61435,14079,24108,812674,766759,70028,67617,182406,175541,43593,35,52
2021-09-13T23:59:59+02:00,9053,8391,57121,53963,63586,59267,72692,73678,94336,96501,106156,105276,73255,79551,51397,63112,14445,24911,51911,49075,59729,54853,68951,69327,90289,91940,102263,101523,71299,77352,50133,61394,14068,24097,811015,765716,70015,67604,182391,175515,43279,35,52
2021-09-12T23:59:59+02:00,9009,8363,57006,53875,63496,59174,72618,73593,94260,96434,106093,105209,73228,79528,51381,63088,14441,24905,51781,48967,59625,54754,68877,69251,90216,91876,102191,101453,71263,77324,50117,61368,14062,24086,810296,764906,69998,67590,182374,175490,43042,35,52
2021-09-11T23:59:59+02:00,9005,8356,56989,53854,63477,59160,72606,73580,94256,96420,106088,105204,73227,79527,51381,63088,14441,24905,51759,48948,59604,54742,68864,69240,90207,91860,102189,101448,71259,77322,50117,61368,14062,24084,810218,764854,69991,67546,182373,175488,42991,35,52
2021-09-10T23:59:59+02:00,8934,8296,56823,53710,63367,59041,72502,73476,94139,96305,106011,105143,73191,79492,51368,63062,14437,24900,51631,48883,59544,54678,68806,69195,90145,91803,102153,101410,71238,77306,50108,61358,14058,24077,809108,764400,69959,67492,182371,175485,42767,35,52
2021-09-09T23:59:59+02:00,8862,8232,56625,53518,63210,58856,72350,73334,93995,96170,105886,105051,73133,79431,51337,63027,14433,24887,51449,48720,59394,54546,68674,69069,90028,91698,102036,101317,71195,77261,50078,61328,14051,24058,807766,763339,69939,67443,182355,175463,42284,35,52
2021-09-08T23:59:59+02:00,8776,8157,56446,53346,63062,58677,72208,73184,93839,96039,105793,104941,73065,79369,51306,62974,14428,24872,51277,48556,59273,54410,68549,68916,89905,91592,101951,101216,71142,77203,50050,61285,14047,24041,806382,762193,69913,67393,182319,175440,41873,35,52
2021-09-07T23:59:59+02:00,8688,8097,56284,53190,62950,58540,72095,73056,93733,95939,105689,104840,73012,79321,51280,62933,14421,24852,51106,48395,59152,54267,68430,68805,89800,91478,101853,101116,71094,77158,50027,61259,14042,24022,805132,760995,69908,67376,182315,175418,41570,35,52
2021-09-06T23:59:59+02:00,8625,8031,56139,53022,62817,58385,71992,72931,93634,95830,105611,104753,72960,79272,51249,62905,14411,24836,50957,48259,59019,54120,68317,68686,89719,91381,101756,101032,71046,77110,50003,61230,14035,24011,803934,759880,69881,67332,182287,175397,41305,35,52
2021-09-05T23:59:59+02:00,8597,7993,56073,52928,62755,58325,71945,72876,93585,95783,105583,104710,72935,79248,51238,62886,14404,24830,50865,48174,58953,54056,68259,68629,89675,91325,101714,100982,71023,77082,49988,61214,14029,24001,803417,759258,69871,67322,182266,175378,41144,35,52
2021-09-04T23:59:59+02:00,8591,7988,56053,52919,62746,58317,71938,72868,93578,95779,105579,104704,72934,79247,51238,62886,14404,24830,50851,48158,58938,54043,68255,68621,89668,91320,101709,100978,71022,77080,49987,61214,14029,24001,803361,759195,69868,67317,182265,175377,41109,35,52
2021-09-03T23:59:59+02:00,8525,7919,55923,52833,62676,58217,71858,72792,93503,95720,105510,104643,72904,79213,51219,62855,14397,24820,50736,48065,58859,53975,68193,68552,89608,91262,101644,100925,70993,77047,49965,61187,14026,23992,802451,758414,69860,67300,182258,175368,40962,35,52
2021-09-02T23:59:59+02:00,8432,7824,55728,52681,62550,58116,71765,72665,93386,95608,105405,104560,72847,79159,51188,62809,14386,24800,50509,47896,58716,53863,68087,68436,89477,91155,101528,100827,70935,77000,49940,61157,14018,23976,801330,757251,69814,67260,182244,175320,40523,35,52
2021-09-01T23:59:59+02:00,8355,7732,55578,52536,62422,57988,71681,72545,93293,95517,105327,104490,72808,79116,51167,62773,14379,24782,50334,47687,58589,53722,68008,68325,89377,91052,101423,100732,70895,76958,49913,61116,14011,23960,800232,756020,69791,67222,182232,175267,40236,35,52
2021-08-31T23:59:59+02:00,8247,7638,55423,52381,62314,57878,71604,72446,93211,95436,105247,104410,72766,79075,51144,62744,14369,24771,50126,47484,58468,53585,67896,68202,89282,90950,101313,100650,70849,76906,49890,61081,13999,23943,799173,754661,69784,67206,182223,175243,39926,35,52
2021-08-30T23:59:59+02:00,8171,7558,55255,52218,62201,57750,71487,72329,93086,95307,105127,104314,72714,79035,51127,62710,14348,24748,49925,47272,58351,53444,67794,68092,89162,90838,101199,100543,70797,76872,49863,61052,13985,23925,797998,753461,69744,67138,182189,175190,39555,35,52
2021-08-29T23:59:59+02:00,8132,7512,55165,52141,62146,57673,71422,72282,93035,95245,105078,104279,72694,79013,51112,62694,14342,24739,49808,47169,58265,53343,67725,68017,89107,90780,101140,100491,70770,76856,49848,61039,13978,23921,797478,752804,69742,67128,182179,175146,39306,35,52
2021-08-28T23:59:59+02:00,8115,7498,55126,52104,62117,57651,71395,72266,93017,95229,105064,104268,72689,79011,51110,62690,14342,24739,49770,47150,58240,53327,67706,68004,89087,90757,101133,100478,70764,76852,49846,61037,13978,23921,797272,752657,69741,67122,182177,175146,39242,35,52
2021-08-27T23:59:59+02:00,8032,7421,54946,51965,62008,57513,71296,72141,92895,95109,104954,104182,72644,78961,51086,62653,14330,24733,49645,47063,58165,53246,67623,67932,89009,90690,101076,100430,70727,76817,49832,61025,13976,23921,795959,751958,69736,67116,182167,175138,39008,35,52
2021-08-26T23:59:59+02:00,7968,7348,54788,51819,61889,57402,71202,72034,92793,94980,104848,104100,72602,78908,51063,62632,14325,24719,49483,46907,58046,53141,67526,67841,88903,90610,101009,100361,70685,76780,49809,61002,13971,23911,794910,751127,69725,67079,182157,175105,38627,35,52
2021-08-25T23:59:59+02:00,7905,7294,54643,51668,61779,57254,71097,71920,92689,94882,104747,104016,72543,78857,51035,62596,14312,24705,49284,46715,57921,53005,67410,67721,88793,90498,100908,100272,70628,76732,49782,60962,13964,23896,793913,749998,69700,67047,182146,175067,38182,35,52
2021-08-24T23:59:59+02:00,7802,7209,54518,51476,61656,57119,70995,71798,92576,94771,104650,103925,72493,78813,51002,62554,14304,24689,49069,46498,57782,52839,67304,67591,88696,90410,100819,100190,70593,76680,49758,60936,13960,23880,792604,748640,69683,67027,182136,175045,37926,35,52
2021-08-23T23:59:59+02:00,7740,7134,54346,51302,61525,56994,70880,71686,92451,94664,104552,103827,72441,78752,50968,62512,14297,24678,48883,46325,57670,52713,67199,67494,88594,90318,100731,100111,70552,76629,49731,60897,13956,23868,791403,747627,69655,67001,182118,174989,37572,35,52
2021-08-22T23:59:59+02:00,7712,7108,54262,51225,61471,56930,70841,71630,92409,94622,104509,103798,72420,78736,50959,62499,14296,24672,48766,46216,57580,52622,67126,67433,88526,90260,100687,100069,70523,76605,49716,60879,13953,23861,790979,746958,69646,66992,182097,174938,37376,35,52
2021-08-21T23:59:59+02:00,7706,7105,54236,51210,61452,56918,70825,71616,92396,94605,104499,103788,72415,78734,50959,62498,14296,24671,48746,46199,57559,52614,67110,67414,88508,90245,100678,100059,70523,76602,49716,60878,13953,23861,790909,746869,69603,66976,182094,174932,37322,35,52
2021-08-20T23:59:59+02:00,7675,7071,54149,51134,61381,56857,70757,71553,92333,94543,104445,103752,72390,78705,50947,62472,14287,24660,48653,46122,57490,52550,67044,67361,88452,90186,100617,100021,70501,76580,49709,60862,13944,23857,790376,746361,69533,66965,182091,174909,37110,35,52
2021-08-19T23:59:59+02:00,7610,6991,54013,51015,61240,56746,70642,71442,92220,94455,104350,103660,72342,78650,50918,62432,14278,24639,48521,46019,57374,52461,66955,67284,88359,90106,100520,99954,70468,76552,49689,60838,13940,23848,789361,745719,69496,66932,182070,174864,36715,35,52
2021-08-18T23:59:59+02:00,7536,6934,53867,50880,61117,56635,70530,71347,92111,94369,104250,103580,72284,78597,50884,62396,14268,24618,48403,45892,57259,52364,66863,67209,88243,90019,100442,99876,70420,76510,49667,60810,13932,23831,788373,744999,69468,66894,182062,174813,36299,35,52
2021-08-17T23:59:59+02:00,7453,6855,53704,50717,61015,56510,70414,71226,92007,94264,104143,103481,72233,78554,50856,62370,14260,24607,48208,45715,57127,52227,66744,67104,88115,89924,100332,99779,70364,76461,49642,60789,13925,23819,787302,743972,69446,66862,182057,174755,35863,35,52
2021-08-16T23:59:59+02:00,7381,6791,53575,50585,60918,56398,70314,71131,91913,94158,104050,103382,72188,78502,50828,62325,14252,24599,48068,45600,57021,52157,66649,67019,88014,89840,100243,99683,70317,76420,49614,60758,13917,23814,786430,743346,69399,66803,182043,174688,35417,35,51
2021-08-15T23:59:59+02:00,7332,6751,53495,50502,60849,56330,70249,71067,91857,94108,103998,103335,72153,78474,50820,62309,14248,24590,47962,45502,56926,52071,66580,66955,87940,89774,100188,99636,70280,76383,49600,60737,13912,23802,785953,742853,69387,66774,182033,174608,35093,35,51
2021-08-14T23:59:59+02:00,7310,6735,53422,50433,60802,56288,70214,71020,91819,94069,103959,103299,72132,78466,50811,62298,14246,24587,47718,45229,56761,51885,66430,66802,87806,89652,100072,99527,70230,76340,49589,60714,13908,23797,785471,741018,69380,66768,182033,174599,35025,35,51
2021-08-13T23:59:59+02:00,7269,6699,53313,50337,60717,56206,70161,70951,91743,94014,103908,103254,72109,78445,50799,62286,14244,24580,47208,44726,56518,51616,66200,66549,87534,89402,99876,99323,70143,76240,49550,60654,13902,23776,784718,737534,69375,66760,182033,174524,34908,35,51
2021-08-12T23:59:59+02:00,7239,6672,53208,50266,60656,56128,70090,70905,91673,93955,103847,103208,72075,78412,50785,62270,14242,24566,46707,44282,56239,51310,65940,66328,87273,89179,99526,99047,70028,76099,49491,60590,13891,23747,784286,734476,69350,66703,182017,174072,34543,35,50
2021-08-11T23:59:59+02:00,7175,6603,53043,50094,60526,56010,70004,70812,91565,93851,103745,103101,72014,78347,50753,62228,14235,24550,46028,43661,55862,50929,65683,66033,86977,88916,99189,98680,69888,75955,49430,60487,13879,23718,783115,730366,69329,66666,182008,173638,34203,35,50
2021-08-10T23:59:59+02:00,7099,6519,52844,49908,60386,55890,69901,70692,91441,93722,103621,102995,71962,78290,50722,62197,14227,24541,45072,42750,55195,50279,65191,65583,86518,88434,98695,98220,69683,75756,49330,60387,13858,23679,781763,724109,69320,66617,182002,173130,33870,35,50
2021-08-09T23:59:59+02:00,7057,6472,52732,49817,60312,55816,69846,70631,91374,93652,103551,102936,71919,78253,50716,62181,14223,24533,44058,41684,54484,49592,64718,65153,86073,87997,98178,97750,69492,75531,49237,60261,13830,23641,781206,717638,69251,66541,181991,172568,33571,35,50
2021-08-08T23:59:59+02:00,7012,6433,52667,49750,60268,55783,69810,70607,91320,93605,103497,102894,71898,78231,50702,62160,14217,24528,44003,41619,54416,49547,64661,65119,86003,87940,98113,97699,69468,75502,49215,60234,13822,23634,780924,717357,69246,66526,181976,172489,33233,35,50
2021-08-07T23:59:59+02:00,6973,6392,52554,49620,60199,55707,69755,70542,91250,93544,103446,102847,71881,78214,50692,62154,14217,24527,43035,40590,53856,48970,64227,64713,85631,87547,97794,97353,69325,75359,49159,60152,13805,23616,780138,710971,69241,66511,181976,172481,33156,35,48
2021-08-06T23:59:59+02:00,6931,6331,52415,49491,60123,55640,69689,70457,91172,93468,103386,102793,71857,78191,50681,62135,14215,24522,42352,39974,53608,48705,64004,64472,85398,87326,97566,97151,69241,75268,49117,60111,13799,23603,779262,707354,69238,66431,181975,172344,33019,35,48
2021-08-05T23:59:59+02:00,6822,6224,52160,49265,59949,55453,69545,70313,91011,93322,103244,102658,71796,78129,50654,62095,14202,24503,41517,39277,53091,48242,63637,64125,84944,86927,96947,96637,69055,75083,49051,60013,13780,23571,777644,702821,69186,66384,181944,171216,32568,35,48
2021-08-04T23:59:59+02:00,6734,6140,51966,49036,59800,55276,69435,70164,90876,93207,103126,102542,71735,78065,50628,62049,14191,24474,40672,38485,52716,47843,63321,63812,84574,86597,96535,96232,68891,74913,48975,59916,13765,23537,776245,698241,69149,66368,181930,170420,32117,35,48
2021-08-03T23:59:59+02:00,6660,6083,51798,48899,59673,55153,69343,70075,90776,93109,103030,102461,71682,78029,50608,62024,14183,24458,39678,37528,51919,47169,62782,63292,84056,86113,95825,95600,68647,74698,48884,59801,13744,23492,775213,692005,69140,66348,181923,169241,31765,35,48
2021-08-02T23:59:59+02:00,6611,6040,51663,48758,59583,55074,69261,70005,90721,93038,102951,102399,71643,77987,50587,62001,14176,24445,38397,36350,50953,46359,62073,62711,83452,85547,95025,94901,68394,74442,48796,59667,13723,23453,774514,684360,69092,66301,181895,167928,31439,35,48
2021-08-01T23:59:59+02:00,6569,5987,51491,48597,59436,54964,69168,69890,90613,92947,102864,102307,71603,77950,50565,61960,14171,24429,38213,36213,50800,46267,61944,62619,83273,85407,94576,94497,68278,74334,48757,59618,13712,23433,773472,683725,69064,66245,181877,166617,31095,35,48
2021-07-31T23:59:59+02:00,6526,5954,51396,48476,59382,54894,69120,69847,90573,92918,102837,102283,71592,77938,50557,61957,14171,24426,36598,34696,49890,45397,61408,62051,82766,84892,94096,94064,68088,74129,48678,59522,13694,23400,772867,674545,69060,66238,181877,166502,31040,35,48
2021-07-30T23:59:59+02:00,6491,5901,51245,48340,59301,54810,69049,69789,90498,92838,102781,102245,71575,77914,50548,61934,14168,24422,35129,33282,48913,44441,60679,61363,82079,84272,93412,93486,67854,73894,48573,59372,13675,23369,772108,664997,69036,66227,181871,166197,30831,35,48
2021-07-29T23:59:59+02:00,6376,5781,50813,47970,59090,54542,68858,69597,90309,92649,102619,102105,71500,77831,50515,61879,14153,24404,34394,32660,48287,43997,60276,61015,81655,83919,92641,92813,67658,73736,48509,59283,13655,23339,769791,661135,68983,66086,181828,164551,30386,35,48
2021-07-28T23:59:59+02:00,6304,5717,50557,47774,58959,54392,68732,69502,90185,92526,102512,102011,71443,77774,50489,61840,14144,24387,34066,32363,47971,43764,60050,60802,81477,83750,92405,92614,67583,73669,48476,59249,13642,23329,768480,659451,68953,65998,181801,164030,30011,35,47
2021-07-27T23:59:59+02:00,6252,5671,50395,47635,58823,54298,68638,69415,90084,92417,102405,101936,71400,77721,50460,61807,14137,24374,32598,30951,46699,42660,59218,60013,80871,83224,91388,91763,67308,73384,48388,59122,13611,23288,767589,650760,68929,65932,181778,162243,29569,35,47
2021-07-26T23:59:59+02:00,6229,5642,50273,47546,58723,54213,68562,69362,89995,92357,102341,101885,71360,77684,50435,61787,14131,24365,31225,29684,45376,41535,58116,59026,80167,82591,90221,90735,66999,73111,48295,59005,13587,23246,767051,641672,68861,65838,181740,159942,29236,34,47
2021-07-25T23:59:59+02:00,6209,5624,50159,47439,58635,54146,68500,69304,89931,92301,102281,101838,71326,77648,50418,61764,14128,24355,31017,29525,45111,41340,57861,58800,79895,82387,89258,89881,66791,72938,48228,58932,13576,23222,766638,640501,68849,65722,181716,157482,28801,34,47
2021-07-24T23:59:59+02:00,6174,5595,50039,47346,58570,54082,68451,69249,89885,92258,102241,101797,71321,77642,50415,61761,14127,24351,29402,27921,43945,40246,57165,58087,79277,81813,88614,89315,66611,72746,48157,58830,13562,23199,766031,630383,68841,65709,181708,157341,28722,34,47
2021-07-23T23:59:59+02:00,6090,5508,49861,47168,58474,53976,68342,69147,89780,92156,102151,101702,71285,77585,50394,61730,14123,24345,27695,26384,42683,39160,56237,57198,78588,81200,87905,88651,66339,72474,48079,58729,13541,23169,764652,619799,68837,65547,181689,156872,28637,34,47
2021-07-22T23:59:59+02:00,5951,5394,49564,46884,58272,53775,68169,68978,89597,92004,101996,101569,71219,77503,50352,61678,14112,24326,26871,25549,41763,38346,55293,56369,77845,80572,86233,87144,65965,72075,47969,58597,13510,23117,762722,611287,68794,65051,181658,155397,28167,34,47
2021-07-21T23:59:59+02:00,5674,5110,49027,46354,57965,53462,67938,68701,89319,91756,101725,101302,71092,77370,50293,61613,14103,24300,26615,25326,41342,38064,54857,55984,77478,80292,85423,86538,65798,71944,47914,58531,13492,23092,759108,609325,68769,64780,181634,153620,27591,34,47
2021-07-20T23:59:59+02:00,5597,5036,48741,46077,57793,53256,67762,68557,89139,91604,101562,101158,71016,77304,50254,61566,14094,24272,25442,24165,40040,37030,53518,54780,76579,79522,84059,85194,65492,71602,47806,58393,13464,23046,757429,598910,68762,64632,181590,152036,27005,34,47
2021-07-19T23:59:59+02:00,5517,4951,48413,45750,57578,53046,67595,68355,88952,91426,101413,100996,70941,77222,50211,61515,14085,24243,24609,23321,38729,35904,51787,53280,75314,78471,82946,84213,65194,71345,47705,58275,13439,23006,755628,588847,68752,64487,181561,150248,26266,34,47
2021-07-18T23:59:59+02:00,5509,4950,48339,45694,57479,52967,67528,68282,88861,91359,101342,100931,70905,77181,50185,61482,14083,24231,24467,23215,38457,35685,51459,52991,75062,78277,82043,83447,65001,71165,47648,58202,13434,22984,755357,587786,68729,64327,181521,148015,25699,34,47
2021-07-17T23:59:59+02:00,5483,4914,48240,45616,57406,52905,67468,68226,88802,91298,101299,100911,70898,77166,50180,61476,14083,24230,23070,21739,37061,34382,50209,51797,74462,77724,81408,82851,64872,71017,47582,58141,13425,22964,754800,576875,68727,64303,181516,147878,25556,34,47
2021-07-16T23:59:59+02:00,5379,4836,47995,45383,57282,52799,67353,68116,88666,91204,101193,100807,70853,77115,50155,61457,14077,24223,21808,20489,35754,33132,48757,50474,73456,76788,80706,82191,64652,70797,47499,58040,13406,22931,753357,565211,68727,64244,181510,147676,25297,34,47
2021-07-15T23:59:59+02:00,5237,4709,47596,45056,57073,52599,67162,67933,88454,91001,101005,100640,70755,77013,50106,61383,14067,24194,21200,19984,34824,32435,47519,49534,72270,75872,78547,80057,64051,70197,47355,57861,13386,22868,751293,555860,68711,63211,181463,145829,24506,34,47
2021-07-14T23:59:59+02:00,4864,4382,47004,44480,56840,52332,66959,67730,88240,90758,100786,100442,70648,76903,50039,61300,14056,24170,20991,19835,34564,32278,47153,49235,71737,75482,77880,79522,63728,69921,47272,57777,13363,22833,747842,554060,68696,63028,181411,143925,23974,34,45
2021-07-13T23:59:59+02:00,4775,4303,46801,44325,56674,52179,66795,67583,88083,90631,100641,100314,70575,76841,50000,61254,14052,24154,20425,19295,33537,31461,45533,47777,69981,73819,76276,77965,63352,69529,47142,57606,13334,22781,746478,543125,68679,62253,181338,142308,23475,34,45
2021-07-12T23:59:59+02:00,4710,4227,46615,44135,56524,52037,66640,67456,87910,90492,100484,100174,70500,76755,49962,61198,14045,24136,19944,18857,32747,30837,43871,46322,67603,71743,74383,76462,62819,68942,46997,57444,13306,22730,745214,532010,68658,61689,181236,139729,22882,34,45
2021-07-11T23:59:59+02:00,4705,4223,46543,44082,56466,51987,66591,67419,87850,90443,100412,100114,70462,76712,49952,61183,14042,24122,19737,18710,32408,30590,43426,45949,67145,71386,73601,75761,62419,68563,46925,57353,13290,22697,745076,530232,68649,61363,181170,137252,22403,34,45
2021-07-10T23:59:59+02:00,4579,4088,46260,43770,56280,51792,66444,67245,87716,90303,100313,100008,70406,76655,49931,61157,14039,24113,19173,18148,31456,29723,41674,44365,65661,70102,72966,75142,62254,68412,46872,57301,13283,22683,742981,519581,68644,61347,181159,137208,22305,34,45
2021-07-09T23:59:59+02:00,4452,3971,45988,43516,56112,51601,66287,67085,87565,90141,100181,99901,70353,76582,49895,61116,14034,24101,18573,17572,30484,28764,39711,42432,63360,67977,71803,74001,61981,68087,46796,57174,13266,22658,740937,505855,68633,60965,181153,136801,22148,34,45
2021-07-08T23:59:59+02:00,4420,3945,45849,43402,55992,51483,66159,66983,87444,90019,100058,99804,70300,76528,49873,61077,14023,24088,17631,16764,29084,27727,37989,40984,61224,66151,68441,70844,61084,67113,46549,56831,13221,22563,740206,490569,68577,58889,181083,134217,21562,34,45
2021-07-07T23:59:59+02:00,4409,3939,45782,43359,55915,51438,66076,66941,87391,89979,100015,99753,70284,76506,49864,61059,14019,24078,16664,15902,27702,26717,36464,39754,59605,64692,65211,67362,60067,66073,46313,56509,13171,22490,739916,475255,68534,56981,181028,132071,21295,34,45
2021-07-06T23:59:59+02:00,4355,3891,45638,43232,55784,51298,65971,66832,87284,89889,99937,99669,70246,76448,49846,61031,14016,24064,15888,15156,26623,25806,34627,38047,56206,61668,62561,64906,59313,65284,46041,56175,13130,22386,738796,457361,68514,56166,180965,129942,21123,33,45
2021-07-05T23:59:59+02:00,4294,3847,45461,43055,55636,51202,65855,66724,87168,89794,99853,99573,70183,76383,49824,61004,14013,24049,15227,14524,25664,24990,33400,36916,53106,58697,59789,62440,58476,64474,45789,55863,13085,22309,737621,441274,68481,55809,180888,127460,20895,33,45
2021-07-04T23:59:59+02:00,4285,3841,45413,43029,55576,51176,65815,66703,87130,89762,99821,99545,70160,76363,49818,60989,14008,24038,15018,14318,25227,24638,32804,36388,52439,58170,58805,61574,57817,63841,45606,55658,13066,22261,737446,437188,68451,55601,180820,124771,20722,33,43
2021-07-03T23:59:59+02:00,4065,3664,44877,42463,55254,50804,65525,66428,86885,89502,99622,99347,70087,76291,49795,60943,14004,24027,14730,13996,24874,24284,31823,35467,50695,56617,57936,60836,57644,63646,45539,55573,13054,22236,733639,428596,68438,55584,180814,124728,20659,33,43
2021-07-02T23:59:59+02:00,3756,3377,44222,41870,54929,50473,65242,66126,86613,89250,99386,99121,69983,76178,49743,60874,13998,24010,14309,13546,24171,23676,30664,34404,48063,54450,55804,59046,57249,63220,45379,55416,13038,22198,729302,416080,68422,54532,180801,123996,20594,32,26
2021-07-01T23:59:59+02:00,3618,3267,43869,41516,54727,50298,65085,65966,86461,89111,99233,98999,69912,76109,49712,60840,13990,23995,13617,12851,22872,22586,28986,32888,46052,52705,53307,56766,55828,61650,44884,54799,12965,22070,727165,402521,68359,52217,180750,120172,20402,32,25
2021-06-30T23:59:59+02:00,3607,3251,43600,41319,54546,50172,64973,65879,86375,89045,99163,98948,69885,76084,49700,60818,13986,23984,12863,12245,21702,21691,27394,31523,44209,50988,49663,52800,54497,60314,44528,54360,12909,21942,726048,386751,68313,50317,180728,116730,20215,31,25
2021-06-29T23:59:59+02:00,3389,3031,42684,40476,53938,49578,64542,65453,85967,88593,98816,98618,69757,75935,49643,60747,13967,23953,12262,11638,20905,20926,26045,30319,41588,48584,47794,51254,53526,59204,44120,53823,12815,21788,720063,374724,68262,48806,180712,113347,20019,31,24
2021-06-28T23:59:59+02:00,3172,2851,41720,39470,53279,48935,64082,65071,85583,88203,98483,98274,69619,75774,49578,60646,13949,23930,11756,11185,20252,20337,25083,29423,39495,46641,46166,49889,52420,58158,43758,53315,12736,21667,713898,365238,68156,47775,180703,109667,19831,31,24
2021-06-27T23:59:59+02:00,3167,2848,41685,39438,53237,48904,64046,65038,85531,88167,98430,98247,69601,75762,49569,60632,13944,23927,11562,10991,19926,20020,24505,28864,38471,45791,45002,48797,51385,57145,43324,52808,12654,21531,713701,360645,68131,47333,180666,105349,19644,31,24
2021-06-26T23:59:59+02:00,2685,2375,40284,38063,52500,48151,63492,64475,85044,87651,98005,97815,69410,75586,49496,60528,13925,23904,11446,10889,19758,19866,24308,28647,37993,45353,44635,48447,51271,56999,43278,52760,12649,21516,704952,357696,68106,47328,180666,105331,19634,31,24
2021-06-25T23:59:59+02:00,2278,2042,39428,37242,52149,47788,63163,64150,84762,87338,97753,97548,69306,75473,49449,60466,13910,23882,11142,10577,19376,19441,23784,28028,35294,43050,42453,46533,50933,56619,43179,52631,12625,21486,699865,346119,67971,46880,180659,104683,19601,31,24
2021-06-24T23:59:59+02:00,2224,1991,38938,36781,51800,47455,62949,63946,84529,87145,97568,97397,69225,75406,49414,60420,13904,23866,10541,9991,18314,18571,22364,26780,33192,41214,40021,44240,49450,54970,42608,51929,12508,21283,696927,333253,67947,44273,180637,101130,19416,31,24
2021-06-23T23:59:59+02:00,2211,1967,38707,36544,51637,47293,62843,63844,84434,87051,97492,97312,69194,75375,49397,60399,13901,23855,10084,9559,17686,18023,21428,25929,31259,39583,36048,39776,48157,53609,42223,51422,12427,21117,695710,317725,67919,43651,180622,97821,19176,29,24
2021-06-22T23:59:59+02:00,2133,1905,37717,35600,50890,46620,62366,63404,84057,86641,97129,96999,69044,75232,49331,60318,13888,23822,9609,9114,16821,17335,20204,24854,28133,36812,33744,37902,47199,52638,41814,50863,12287,20881,689559,305545,67878,40908,180612,94745,19018,29,24
2021-06-21T23:59:59+02:00,1987,1766,36357,34365,49869,45740,61647,62745,83560,86171,96688,96594,68875,75061,49265,60223,13876,23787,9290,8815,16360,16970,19575,24373,26387,35247,32207,36603,46149,51558,41359,50314,12180,20689,681578,298182,67852,40266,180596,91102,18521,29,24
2021-06-20T23:59:59+02:00,1976,1757,36272,34312,49732,45628,61515,62617,83481,86113,96619,96536,68841,75033,49250,60205,13876,23776,9143,8713,16145,16803,19261,24115,25570,34594,31270,35654,45953,51356,41328,50262,12171,20669,680969,294405,67815,39676,180578,90771,18148,29,24
2021-06-19T23:59:59+02:00,1607,1457,34649,32751,48821,44806,61025,62108,83009,85634,96211,96182,68691,74867,49184,60122,13861,23752,9103,8634,16043,16681,19143,23965,25464,34435,31142,35516,45857,51260,41310,50237,12167,20659,672206,293070,67802,39673,180572,90737,18128,29,23
2021-06-18T23:59:59+02:00,1411,1283,32993,31151,47606,43613,60087,61190,82201,84889,95594,95604,68472,74646,49094,59983,13845,23722,9028,8545,15885,16530,18958,23775,25212,34196,30856,35198,45565,50915,41225,50161,12154,20645,661034,290895,67673,39557,180571,90311,18077,29,23
2021-06-17T23:59:59+02:00,1335,1224,32059,30302,46730,42907,59282,60344,81462,84241,95183,95221,68329,74502,49051,59907,13831,23693,8486,8175,15197,15968,18132,22952,24106,33070,29376,33844,44236,49411,40740,49549,12034,20456,654077,281944,67562,38733,180539,87651,17396,29,23
2021-06-16T23:59:59+02:00,1252,1160,31362,29597,45931,42158,58362,59473,80683,83473,94764,94844,68190,74341,48994,59815,13812,23667,7994,7848,14583,15454,17365,22228,22972,32114,28198,32735,42343,47293,40197,48967,11926,20271,647009,272217,67446,38134,180517,85252,16877,29,23
2021-06-15T23:59:59+02:00,1110,1041,29469,27792,44178,40618,56778,57832,79296,82156,94007,94175,67903,74048,48881,59657,13779,23601,7817,7717,14277,15215,17002,21928,22456,31732,27671,32312,41406,46277,39812,48545,11803,20050,632023,269154,67401,37630,180478,82836,16390,29,23
2021-06-14T23:59:59+02:00,1017,927,27915,26310,42567,39102,55119,56183,78196,81050,93311,93549,67652,73807,48785,59535,13759,23557,7632,7542,13899,14884,16478,21489,21769,31151,26993,31716,41024,45853,39429,48096,11672,19845,618764,266490,67346,37221,180449,79996,15753,29,23
2021-06-13T23:59:59+02:00,993,902,27713,26127,42185,38772,54581,55663,77849,80746,93118,93359,67561,73727,48748,59477,13744,23532,7488,7371,13631,14591,16095,21096,21341,30662,26455,31216,40626,45449,38971,47531,11493,19560,616062,264410,67212,37152,180421,76929,15073,29,23
2021-06-12T23:59:59+02:00,863,787,26177,24522,41013,37686,53906,54929,77317,80251,92567,92834,67406,73548,48679,59400,13731,23511,7442,7320,13510,14482,15962,20985,21156,30515,26339,31119,40609,45433,38963,47521,11493,19559,606463,263633,67208,37150,180415,76601,15012,29,23
2021-06-11T23:59:59+02:00,749,678,24547,22982,39652,36490,52679,53721,76347,79400,91990,92259,67170,73314,48617,59292,13712,23476,7385,7231,13339,14298,15751,20794,20887,30258,26070,30862,40300,45057,38878,47406,11476,19530,594655,261747,67129,37005,180407,75903,14855,29,23
2021-06-10T23:59:59+02:00,648,588,23546,21967,38426,35303,51076,52219,75027,78208,90378,90713,66815,72919,48490,59118,13687,23421,7104,7003,12818,13861,15118,20226,20123,29504,25277,30189,39598,44196,38527,46989,11363,19346,581728,258304,66653,36972,180354,72169,13785,29,23
2021-06-09T23:59:59+02:00,578,539,23092,21575,37764,34778,49966,51180,73787,77011,89788,90208,66689,72773,48440,59033,13672,23391,6828,6691,12219,13259,14338,19417,19207,28481,24293,29032,37028,41280,37962,46344,11215,19106,574555,247992,66196,36896,180314,68631,13170,29,22
2021-06-08T23:59:59+02:00,472,428,21572,20094,36147,33410,47857,49221,71649,75077,88316,88727,66373,72387,48305,58873,13640,23347,6698,6512,11844,12892,13857,18931,18606,27878,23738,28496,36744,41027,37672,45977,11106,18950,557158,246349,65921,36818,180280,65243,12507,29,22
2021-06-07T23:59:59+02:00,357,334,20562,19106,34600,32072,45578,47197,69513,73199,87338,87876,66149,72122,48231,58738,13620,23312,6544,6349,11424,12543,13318,18452,17879,27292,23104,27899,36423,40721,37253,45494,10993,18754,541938,244359,65751,36752,180226,61360,11960,29,22
2021-06-06T23:59:59+02:00,334,313,20379,18961,34207,31789,44973,46630,68896,72718,87127,87709,66094,72062,48220,58711,13613,23300,6411,6180,11103,12131,12890,17882,17242,26481,22407,27094,35955,40246,36773,44939,10835,18486,538832,241920,65428,36703,180183,56857,11564,29,22
2021-06-05T23:59:59+02:00,261,248,19127,17675,32865,30573,43742,45453,68322,72202,86597,87199,66003,71960,48172,58662,13606,23288,6360,6098,11000,11976,12767,17711,17074,26271,22237,26910,35893,40167,36751,44915,10833,18481,528794,241332,65428,36289,180160,56268,11544,29,22
2021-06-04T23:59:59+02:00,180,178,17927,16518,31546,29276,42184,43956,66979,70884,85786,86447,65816,71747,48095,58570,13590,23260,6257,5956,10824,11769,12551,17458,16716,25885,21717,26472,35009,39312,36435,44615,10816,18458,515924,239501,65361,35961,180152,53305,11473,29,21
2021-06-03T23:59:59+02:00,125,125,17287,15939,30559,28451,40725,42670,65205,69355,83531,84163,65391,71295,47967,58408,13572,23222,6086,5748,10516,11418,12235,16996,16270,25223,21169,25892,34343,38524,36259,44412,10783,18408,502131,237178,64667,35574,180112,50470,11051,29,20
2021-06-02T23:59:59+02:00,96,82,16942,15626,30251,28191,40058,42049,63615,67964,82591,83361,65249,71131,47907,58324,13569,23207,5970,5656,10346,11265,12011,16786,15977,24921,20827,25502,31101,34902,36032,44189,10754,18354,494617,228510,64666,35243,180111,50040,10790,29,20
2021-06-01T23:59:59+02:00,40,47,16146,14950,28752,27099,37697,39989,60054,64779,80159,81040,64899,70766,47779,58135,13535,23152,5695,5370,9831,10833,11480,16198,15319,24128,20088,24748,30755,34605,35835,44009,10726,18292,476261,227052,63108,34737,180042,46536,9578,29,19
2021-05-31T23:59:59+02:00,32,39,15575,14471,27817,26401,35732,38322,56612,61751,78126,79334,64565,70410,47635,57960,13502,23100,5533,5155,9423,10470,11049,15720,14785,23446,19462,24042,30467,34351,35652,43815,10690,18235,460474,226377,62391,34349,179975,43044,8515,29,19
2021-05-30T23:59:59+02:00,31,36,15429,14345,27537,26174,35281,37916,55898,61131,77806,79060,64503,70352,47610,57925,13498,23090,5430,4962,9096,10103,10638,15235,14335,22646,18934,23271,29791,33637,35425,43621,10668,18174,457506,225925,61956,34269,179925,37556,8206,29,19
2021-05-29T23:59:59+02:00,29,35,15031,13944,26680,25354,33519,36321,54414,59832,77217,78494,64352,70203,47557,57872,13491,23076,5396,4886,9034,9992,10548,15122,14227,22499,18804,23133,29761,33614,35419,43613,10667,18171,447347,225450,61923,34269,179921,36956,8201,29,19
2021-05-28T23:59:59+02:00,26,34,14619,13537,25861,24605,31666,34555,52239,57827,76161,77499,64147,69951,47505,57794,13481,23053,5311,4769,8861,9847,10395,14953,14068,22264,18596,22830,29692,33567,35402,43597,10666,18167,435357,224789,61452,34263,179831,36032,7891,29,19
2021-05-27T23:59:59+02:00,22,29,13992,13066,24796,23883,30419,33628,50630,56450,73057,74514,63705,69413,47370,57632,13457,22999,5197,4528,8532,9511,9996,14525,13629,21632,18095,22232,29470,33363,35292,43485,10644,18139,423195,224156,59492,34194,179201,32765,7145,29,19
2021-05-26T23:59:59+02:00,21,27,13503,12636,23885,23230,29500,32930,49542,55522,70095,71318,63093,68804,47235,57461,13426,22953,5111,4363,8277,9195,9698,14138,13271,21032,17661,21634,29277,33196,35194,43381,10617,18088,412362,223554,57313,34075,178703,29720,6774,29,19
2021-05-25T23:59:59+02:00,21,22,13156,12335,23305,22824,28448,32074,46942,53287,67832,69191,62741,68438,47122,57312,13408,22902,5030,4239,8070,8936,9444,13764,12959,20512,17279,21086,29118,33041,35110,43278,10590,18033,400504,223012,56246,33994,178084,26977,6497,29,18
2021-05-24T23:59:59+02:00,20,21,12857,12053,22804,22440,27830,31624,44320,50856,65377,67004,62433,68139,47012,57186,13375,22846,4958,4131,7820,8704,9126,13386,12631,20001,16894,20529,28976,32903,35035,43206,10568,17987,388846,222446,55764,33930,177418,24330,6140,29,18
2021-05-23T23:59:59+02:00,20,21,12796,11983,22709,22357,27750,31547,44064,50626,64789,66454,62353,68050,46987,57168,13373,22844,4938,4116,7783,8674,9068,13355,12553,19941,16819,20475,28967,32890,35031,43200,10568,17985,386641,222173,55683,33923,177404,24124,6134,29,18
2021-05-22T23:59:59+02:00,20,21,12572,11743,22387,22052,26745,30659,42228,49044,63934,65716,62191,67859,46921,57077,13363,22821,4922,4061,7756,8612,9027,13292,12523,19858,16789,20409,28957,32880,35027,43194,10567,17984,378145,222085,55672,33923,177399,23733,6108,29,18
2021-05-21T23:59:59+02:00,20,20,12267,11490,21816,21613,25935,29972,39837,47152,61961,64051,61930,67588,46837,56989,13348,22796,4903,4033,7702,8524,8959,13203,12445,19764,16716,20325,28939,32855,35020,43184,10565,17983,367738,221886,54612,33909,177208,23281,6035,29,18
2021-05-20T23:59:59+02:00,19,20,11645,10910,20697,20725,24794,28952,38330,45871,59617,61983,61112,66688,46638,56731,13314,22741,4622,3853,7298,8231,8520,12807,11991,19252,16298,19805,28817,32759,34969,43133,10561,17973,357257,221489,52257,33799,175932,20280,5312,29,18
2021-05-19T23:59:59+02:00,19,20,11205,10595,19910,20180,23945,28358,37427,45187,56381,58342,60420,65984,46529,56596,13292,22694,4469,3686,7042,7986,8242,12478,11663,18823,15929,19382,28718,32646,34926,43059,10551,17958,346798,221012,50641,33682,174795,18034,4821,29,18
2021-05-18T23:59:59+02:00,19,20,10872,10308,19336,19729,23300,27802,36026,43961,54971,57215,60048,65560,46399,56434,13267,22669,4361,3561,6796,7754,7982,12193,11429,18421,15584,18951,28635,32554,34896,43020,10547,17951,341430,220724,48799,33602,173313,15935,4365,29,18
2021-05-17T23:59:59+02:00,18,19,10651,10125,18903,19443,22869,27494,34825,42965,53661,56181,59799,65313,46335,56335,13251,22636,4289,3474,6587,7537,7732,11899,11171,18025,15273,18546,28543,32467,34871,42978,10541,17938,337363,220430,47806,33535,171792,14064,3833,29,18
2021-05-16T23:59:59+02:00,18,18,10461,9992,18608,19240,22533,27255,34189,42506,52424,55011,59606,65149,46299,56281,13240,22616,4221,3398,6367,7371,7439,11645,10902,17672,14979,18183,28477,32405,34855,42960,10534,17934,334937,220181,46926,33472,170169,12296,3385,29,17
2021-05-15T23:59:59+02:00,18,18,10362,9891,18456,19093,22364,27113,33804,42136,52030,54635,59489,65002,46251,56236,13237,22600,4180,3362,6283,7306,7346,11542,10800,17553,14871,18053,28382,32287,34764,42867,10530,17929,332538,219091,46925,33470,170034,12277,3209,29,17
2021-05-14T23:59:59+02:00,17,18,10077,9682,18022,18851,21965,26828,31446,40359,49879,52779,59271,64775,46203,56152,13221,22578,4050,3277,5997,7143,7038,11318,10451,17202,14524,17726,27808,31580,34642,42675,10512,17900,323377,215787,46872,33465,169420,12157,2426,28,17
2021-05-13T23:59:59+02:00,17,18,9614,9305,17228,18287,21093,26150,30326,39374,47636,50608,58423,63801,45994,55869,13182,22506,3545,3078,5660,6888,6726,11008,10040,16812,14147,17292,26912,30380,34217,42158,10481,17838,314881,211187,45008,32911,167397,10958,2118,27,17
2021-05-12T23:59:59+02:00,17,18,9321,9114,16793,18029,20624,25864,29798,38989,44629,46961,57849,63159,45910,55756,13164,22481,3404,2990,5429,6777,6447,10863,9758,16603,13908,17027,26266,29558,34052,41963,10455,17804,305700,208160,44185,32885,167105,10790,1461,25,17
2021-05-11T23:59:59+02:00,17,16,8877,8827,16021,17514,19764,25247,28055,37543,42696,45458,57471,62713,45826,55621,13144,22453,3284,2859,5199,6435,6144,10448,9392,16042,13468,16471,24841,27890,33542,41340,10404,17719,300205,202186,41125,32702,164616,9291,1292,25,16
2021-05-10T23:59:59+02:00,17,15,8616,8672,15508,17262,19131,24929,27063,36854,41234,44310,57209,62441,45747,55518,13124,22422,3173,2731,4967,6203,5889,10122,9064,15566,13105,16053,23794,26559,33055,40754,10368,17661,296919,197537,40216,32676,161935,7867,978,24,14
2021-05-09T23:59:59+02:00,17,15,8457,8588,15200,17078,18753,24679,26395,36429,39451,42649,56911,62163,45694,55460,13116,22404,3052,2676,4786,6066,5719,9949,8866,15359,12937,15879,23520,26227,32908,40579,10358,17646,293961,196336,39843,32635,158927,6846,704,24,14
2021-05-08T23:59:59+02:00,17,15,8382,8512,15023,16932,18543,24481,26167,36190,39220,42460,56784,62014,45657,55423,13113,22394,3045,2656,4753,6029,5676,9903,8789,15293,12851,15809,23151,25800,32622,40268,10350,17630,292405,195146,39388,31926,158806,6843,704,24,14
2021-05-07T23:59:59+02:00,16,14,8208,8411,14698,16750,18161,24248,25745,35902,38765,42082,56509,61659,45608,55376,13108,22384,2741,2522,4401,5842,5406,9641,8474,14981,12454,15412,22052,24428,31975,39436,10322,17580,289876,191690,38956,30425,158480,5238,308,24,14
2021-05-06T23:59:59+02:00,15,14,7556,8050,13803,16150,17107,23401,24407,34788,36618,40419,55380,60339,45366,55070,13073,22317,2614,2409,4227,5645,5197,9331,8131,14539,12021,14956,20744,22746,31121,38431,10271,17469,279243,186071,37676,29466,156660,4039,270,24,14
2021-05-05T23:59:59+02:00,13,14,7015,7743,13019,15598,16079,22636,23025,33764,34794,38933,53543,58300,45048,54724,13040,22251,2523,2349,4053,5487,5008,9119,7786,14199,11652,14598,19355,20964,29931,37017,10231,17367,267802,179946,36753,28296,154869,3300,91,24,14
2021-05-04T23:59:59+02:00,13,13,6826,7647,12662,15426,15596,22364,22384,33419,33833,38237,52683,57339,44926,54598,13022,22210,2467,2278,3899,5317,4833,8861,7444,13791,11222,14137,17704,19039,28837,35689,10137,17247,264041,173136,35887,27358,153211,2366,36,23,14
2021-05-03T23:59:59+02:00,13,13,6679,7498,12285,15210,15091,22054,21676,33015,32678,37347,52385,57022,44830,54490,13007,22178,2408,2207,3806,5137,4691,8624,7228,13442,10900,13729,16501,17546,27957,34590,10073,17140,260755,167570,35428,27006,151239,1371,26,23,14
2021-05-02T23:59:59+02:00,13,13,6599,7408,12074,15038,14797,21821,21201,32695,31526,36401,52102,56731,44768,54397,12987,22147,2394,2200,3785,5105,4662,8588,7162,13370,10818,13639,16189,17153,27661,34282,10061,17128,258325,166008,35357,26894,148988,1266,25,23,12
2021-05-01T23:59:59+02:00,13,13,6581,7383,12012,14993,14720,21762,21100,32622,31397,36309,52096,56715,44764,54396,12985,22145,2391,2191,3762,5088,4620,8563,7125,13333,10758,13584,15991,16930,27545,34145,10058,17118,257765,165042,35356,26867,148837,1264,25,23,12
2021-04-30T23:59:59+02:00,13,13,6544,7345,11922,14904,14615,21645,20905,32435,31159,36118,51824,56355,44719,54342,12980,22133,2362,2170,3700,5026,4524,8453,6974,13148,10481,13320,15178,15904,26675,33071,10017,17029,255992,161837,35313,24974,148619,1193,24,23,12
2021-04-29T23:59:59+02:00,13,13,6339,7221,11601,14717,14262,21409,20386,32147,30405,35627,51173,55530,44628,54227,12956,22058,2325,2124,3609,4937,4399,8317,6780,12930,10204,13034,14206,14671,25372,31526,9956,16937,252826,156141,35219,24226,146621,933,23,23,12
2021-04-28T23:59:59+02:00,13,13,6071,7056,11223,14382,13772,20944,19749,31542,29237,34500,48506,52525,44337,53902,12893,21980,2286,2084,3540,4877,4284,8201,6620,12746,9957,12815,13062,13191,23882,29647,9895,16834,242895,150173,35090,23020,144626,714,11,23,11
2021-04-27T23:59:59+02:00,13,13,5969,6964,11074,14261,13569,20783,19472,31331,28676,34112,48300,52304,44281,53851,12885,21958,2244,2050,3449,4783,4191,8092,6454,12562,9677,12539,11850,11627,22230,27492,9819,16689,241533,143363,35043,21835,143209,537,11,20,10
2021-04-26T23:59:59+02:00,13,13,5921,6919,10956,14196,13409,20662,19245,31121,27845,33543,47963,51938,44227,53786,12876,21929,2221,2022,3396,4740,4129,8023,6353,12429,9487,12362,10935,10466,20949,25741,9761,16603,240816,138089,35016,21091,140700,426,11,19,8
2021-04-25T23:59:59+02:00,13,13,5875,6872,10852,14101,13249,20508,19000,30838,27084,32804,47465,51426,44144,53686,12862,21909,2194,2011,3366,4721,4111,8004,6320,12387,9430,12302,10774,10274,20707,25418,9751,16589,239116,137234,34973,20747,138582,367,11,19,8
2021-04-24T23:59:59+02:00,13,13,5854,6823,10777,14016,13152,20367,18868,30661,26923,32625,47364,51303,44051,53591,12858,21904,2187,2001,3342,4694,4072,7958,6248,12314,9300,12184,10616,10093,20575,25287,9735,16571,237651,136710,34955,20107,138527,349,11,19,8
2021-04-23T23:59:59+02:00,13,13,5790,6731,10646,13817,12953,20114,18558,30284,26530,32263,46418,50168,43897,53346,12835,21872,2169,1979,3299,4658,4023,7903,6153,12223,9135,12056,10348,9795,20250,24866,9687,16491,233259,135587,34898,19099,138061,338,11,19,8
2021-04-22T23:59:59+02:00,13,13,5687,6615,10438,13622,12603,19782,18047,29812,25901,31670,44686,48013,43325,52616,12789,21771,2155,1968,3259,4605,3946,7829,6025,12123,8876,11890,9916,9388,19797,24277,9637,16413,227016,133465,34786,18321,135571,306,11,19,8
2021-04-21T23:59:59+02:00,13,12,5591,6477,10209,13420,12274,19469,17543,29318,25186,30940,40414,43148,42848,52081,12723,21667,2143,1959,3224,4569,3891,7771,5946,12030,8700,11730,9586,9005,19297,23686,9577,16318,214914,131822,34720,17315,133669,283,11,19,8
2021-04-20T23:59:59+02:00,13,12,5511,6387,10014,13204,11998,19206,17121,28908,24632,30378,38658,41136,42195,51306,12653,21529,2118,1946,3185,4544,3824,7726,5813,11933,8528,11602,9302,8685,18826,23019,9480,16177,208691,130456,34630,16011,131511,229,11,18,8
2021-04-19T23:59:59+02:00,13,11,5431,6309,9855,13077,11795,19001,16759,28527,24090,29908,37104,39342,41607,50580,12597,21440,2102,1927,3150,4509,3783,7682,5774,11863,8444,11511,9065,8402,18420,22453,9434,16086,203667,128765,34574,15620,129178,208,11,16,8
2021-04-18T23:59:59+02:00,13,10,5369,6257,9724,12994,11594,18864,16479,28329,23687,29596,35798,37980,41258,50173,12565,21377,2090,1911,3121,4487,3757,7666,5729,11816,8393,11462,8966,8311,18267,22265,9421,16063,202130,128279,34532,15231,125378,203,11,16,8
2021-04-17T23:59:59+02:00,13,10,5363,6241,9689,12963,11549,18824,16402,28261,23623,29538,35488,37642,41150,50076,12559,21366,2080,1903,3094,4475,3699,7621,5658,11765,8307,11410,8855,8201,18162,22148,9400,16050,200902,127474,34523,15141,125305,201,11,16,8
2021-04-16T23:59:59+02:00,13,10,5298,6202,9600,12903,11415,18712,16189,28100,23274,29190,34403,36381,40740,49551,12539,21332,1947,1815,2866,4294,3340,7305,4885,11232,6810,10316,6346,6145,16354,20462,9210,15753,196735,118145,34435,10725,124655,198,11,16,8
2021-04-15T23:59:59+02:00,13,10,5231,6111,9400,12733,11119,18464,15692,27706,22585,28591,32502,34061,39698,48342,12463,21167,1902,1783,2801,4230,3223,7186,4667,11050,6433,10004,5884,5746,15763,19778,9024,15423,190913,115021,34384,9674,120564,190,11,16,8
2021-04-14T23:59:59+02:00,13,9,5169,6065,9232,12604,10900,18287,15291,27392,21937,28110,30579,31810,38482,46925,12389,20982,1820,1728,2718,4164,3114,7093,4462,10883,6127,9752,5401,5333,15178,19089,8822,15070,184544,112396,34246,8212,117359,134,11,16,8
2021-04-13T23:59:59+02:00,13,9,5122,6012,9094,12474,10721,18117,14948,27117,21415,27645,28480,29361,37224,45331,12249,20778,1775,1711,2680,4121,3059,7032,4331,10742,5857,9542,5061,5027,14731,18640,8690,14869,177662,110977,34180,6842,114241,37,11,16,8
2021-04-12T23:59:59+02:00,12,9,5060,5962,8983,12336,10516,17969,14626,26837,20872,27186,26441,27092,36066,43862,12122,20581,1742,1667,2651,4102,3032,6979,4271,10675,5754,9442,4900,4881,14432,18269,8579,14670,171938,110135,34103,5863,110464,36,11,16,8
2021-04-11T23:59:59+02:00,12,9,5021,5919,8892,12257,10358,17868,14363,26659,20447,26862,25239,25804,35361,43077,12034,20433,1733,1661,2630,4082,3009,6954,4236,10629,5667,9374,4808,4826,14317,18147,8541,14618,170157,109934,34032,5258,106399,28,11,16,8
2021-04-10T23:59:59+02:00,12,9,5010,5905,8851,12228,10303,17833,14295,26610,20351,26782,24925,25430,35016,42658,12027,20412,1728,1655,2621,4074,2994,6938,4207,10600,5610,9335,4730,4747,14191,17985,8494,14534,168944,109146,33309,5257,106377,28,11,16,8
2021-04-09T23:59:59+02:00,12,9,4963,5872,8766,12150,10180,17709,14126,26434,20090,26539,24090,24276,34061,41450,11994,20339,1700,1625,2567,4039,2922,6876,4056,10487,5356,9110,4309,4372,13630,17269,8268,14169,165583,105468,31793,5249,105660,28,8,16,8
2021-04-08T23:59:59+02:00,12,9,4886,5807,8617,12039,9965,17532,13730,26121,19483,26071,22387,22293,32372,39483,11849,20105,1670,1609,2513,3992,2841,6789,3908,10349,5061,8845,3856,3947,12644,16024,7796,13411,159832,100494,30886,4728,102019,23,8,16,8
2021-04-07T23:59:59+02:00,12,8,4839,5755,8435,11962,9737,17382,13410,25893,19012,25707,20576,20179,30612,37222,11734,19894,1637,1593,2457,3940,2779,6709,3800,10203,4872,8654,3595,3657,11960,15219,7427,12866,153785,97189,29710,4156,98854,14,7,13,8
2021-04-06T23:59:59+02:00,12,8,4792,5710,8291,11850,9576,17217,13092,25627,18489,25321,18725,18115,28694,34734,11539,19551,1602,1574,2434,3914,2746,6672,3735,10159,4790,8563,3486,3535,11483,14573,7145,12458,146956,94882,28748,3965,95620,13,7,12,8
2021-04-05T23:59:59+02:00,12,8,4761,5668,8195,11761,9437,17117,12881,25415,18086,24973,16997,16179,27063,32589,11395,19329,1580,1563,2404,3895,2717,6624,3692,10099,4705,8448,3375,3428,11145,14203,6989,12179,141540,93490,28311,3535,91998,12,7,10,8
2021-04-04T23:59:59+02:00,12,8,4753,5662,8187,11750,9424,17104,12855,25395,18058,24948,16864,16005,26867,32341,11386,19316,1579,1562,2402,3892,2715,6621,3690,10096,4701,8445,3365,3415,11133,14191,6986,12171,140818,93409,28218,3535,91885,12,6,8,8
2021-04-03T23:59:59+02:00,12,8,4749,5654,8173,11742,9404,17084,12816,25364,17980,24885,16784,15916,26822,32284,11381,19309,1576,1560,2393,3884,2697,6607,3666,10068,4618,8390,3247,3300,11051,14117,6980,12161,140290,92760,28190,3535,91873,12,6,8,8
2021-04-02T23:59:59+02:00,12,8,4723,5634,8115,11688,9341,17015,12677,25257,17745,24683,16333,15438,26346,31710,11349,19256,1574,1551,2380,3878,2690,6591,3645,10036,4549,8297,3178,3232,10814,13817,6828,11958,139084,91467,26779,3531,91453,12,6,8,8
2021-04-01T23:59:59+02:00,11,8,4680,5573,8003,11545,9209,16854,12404,24971,17299,24283,15582,14711,25589,30750,11223,19072,1557,1529,2349,3846,2668,6561,3605,9997,4480,8232,3067,3103,9882,12701,6217,11112,136843,87462,26115,3427,88797,11,4,8,8
2021-03-31T23:59:59+02:00,11,8,4470,5493,7892,11422,9067,16689,12185,24695,16946,23917,14885,13948,24756,29740,11118,18880,1548,1524,2335,3825,2642,6532,3556,9947,4409,8160,2977,3013,9312,12003,5853,10617,135046,85034,24653,3202,86411,11,4,8,8
2021-03-30T23:59:59+02:00,11,8,4439,5439,7819,11295,8981,16530,12022,24505,16667,23607,14291,13304,23999,28762,10981,18638,1534,1514,2316,3800,2616,6503,3516,9882,4343,8089,2853,2867,8727,11347,5502,10130,133566,82723,23441,2804,84279,6,4,8,8
2021-03-29T23:59:59+02:00,11,8,4398,5381,7719,11182,8874,16367,11863,24232,16338,23259,13750,12702,23236,27790,10828,18393,1516,1501,2297,3784,2594,6474,3481,9825,4279,8014,2800,2799,8440,10961,5312,9821,131724,81341,22686,2545,81909,6,4,8,8
2021-03-28T23:59:59+02:00,11,8,4363,5296,7634,11074,8797,16215,11728,24003,16078,22986,13424,12391,22670,27098,10654,18114,1507,1495,2275,3770,2579,6445,3441,9775,4240,7956,2752,2748,8362,10857,5269,9755,131221,80997,22167,2218,79144,5,4,8,8
2021-03-27T23:59:59+01:00,11,8,4349,5285,7608,11044,8731,16144,11628,23907,15935,22870,13216,12178,22469,26885,10619,18085,1506,1493,2272,3768,2578,6444,3428,9751,4229,7934,2742,2741,8304,10791,5235,9715,130337,80702,21522,2218,79101,5,4,8,8
2021-03-26T23:59:59+01:00,11,8,4305,5216,7499,10912,8555,15961,11293,23605,15318,22363,12290,11350,21682,26043,10478,17860,1501,1479,2266,3747,2565,6421,3411,9725,4188,7897,2712,2702,8125,10572,5118,9547,126278,79860,19912,2103,78547,5,4,8,8
2021-03-25T23:59:59+01:00,11,7,4246,5056,7338,10632,8310,15555,10909,22982,14676,21663,11616,10687,20816,24977,10165,17321,1481,1465,2234,3721,2530,6382,3374,9677,4116,7816,2577,2562,7150,9316,4512,8639,122998,75673,19135,1867,74823,5,3,8,8
2021-03-24T23:59:59+01:00,11,7,4168,4915,7199,10346,8096,15140,10644,22432,14207,21054,11009,10127,19884,23889,9841,16760,1460,1435,2208,3683,2485,6346,3332,9613,4038,7717,2478,2463,6504,8552,4128,8060,120401,73043,17947,1451,71373,3,1,7,8
2021-03-23T23:59:59+01:00,11,7,4128,4820,7092,10109,7942,14799,10386,21928,13803,20562,10543,9681,19163,23038,9530,16297,1448,1417,2182,3662,2465,6319,3271,9559,3945,7642,2385,2361,5774,7619,3682,7371,118938,69969,16843,1126,68051,3,0,7,8
2021-03-22T23:59:59+01:00,11,7,4076,4739,6965,9869,7782,14478,10127,21461,13454,20063,10150,9323,18601,22329,9343,15955,1439,1410,2173,3648,2453,6303,3248,9536,3915,7608,2323,2310,5321,7012,3335,6882,118054,67869,16444,1039,64228,3,0,7,8
2021-03-21T23:59:59+01:00,11,7,4029,4634,6832,9604,7614,14123,9904,20919,13112,19537,9827,9043,18072,21726,9153,15648,1436,1406,2172,3637,2450,6296,3242,9527,3905,7594,2309,2291,5204,6879,3277,6781,117857,67360,16049,1039,59882,2,0,7,8
2021-03-20T23:59:59+01:00,11,7,4018,4612,6797,9550,7555,14052,9820,20814,13006,19447,9740,8948,17937,21551,9102,15561,1433,1401,2168,3634,2445,6291,3229,9517,3886,7584,2274,2259,4879,6506,3093,6539,117030,66092,15954,1039,59537,2,0,7,8
2021-03-19T23:59:59+01:00,10,7,3842,4470,6507,9296,7114,13625,8901,20080,11268,18111,6879,6603,15700,19350,8749,15000,1429,1397,2163,3627,2433,6278,3217,9492,3836,7538,2207,2218,4510,6034,2830,6224,107727,64419,11233,1007,56545,2,0,7,8
2021-03-18T23:59:59+01:00,10,6,3737,4336,6329,8985,6848,13185,8508,19418,10625,17373,6165,5949,14485,17881,8242,14185,1425,1391,2140,3600,2415,6242,3189,9451,3796,7504,2162,2184,4090,5505,2549,5814,102612,62551,10226,899,53422,2,0,7,8
2021-03-17T23:59:59+01:00,10,6,3659,4261,6197,8842,6681,13007,8212,19107,10224,16977,5758,5565,13669,16948,7849,13610,1415,1379,2124,3581,2385,6209,3158,9423,3759,7468,2106,2121,3679,5058,2298,5431,99381,60823,8536,764,52658,2,0,7,8
2021-03-16T23:59:59+01:00,9,6,3581,4126,6045,8571,6474,12640,7895,18519,9675,16319,5232,5108,12853,15981,7518,13119,1406,1370,2115,3564,2370,6194,3142,9403,3734,7442,2078,2084,3160,4418,1964,4924,97063,58601,7128,760,49473,2,0,7,8
2021-03-15T23:59:59+01:00,9,6,3533,3978,5857,8292,6255,12231,7621,17944,9238,15695,4915,4827,12200,15237,7255,12661,1406,1360,2099,3549,2350,6169,3124,9354,3710,7403,2042,2034,2797,3956,1678,4532,95572,56811,6156,745,46019,2,0,7,8
2021-03-14T23:59:59+01:00,9,6,3487,3846,5630,7963,5969,11786,7314,17226,8777,14942,4598,4555,11910,14980,7210,12561,1399,1354,2083,3520,2336,6119,3106,9296,3692,7364,2035,2023,2719,3849,1626,4447,95455,56410,5547,551,41760,2,0,7,8
2021-03-13T23:59:59+01:00,9,6,3470,3805,5591,7850,5910,11668,7231,17080,8630,14788,4446,4405,11818,14894,7204,12550,1399,1354,2083,3520,2335,6119,3105,9295,3691,7364,2032,2015,2666,3794,1592,4393,94764,56199,5547,551,41037,2,0,7,8
2021-03-12T23:59:59+01:00,9,6,3452,3733,5535,7714,5847,11520,7147,16855,8494,14555,4339,4308,11547,14569,7050,12335,1399,1354,2079,3514,2334,6111,3101,9289,3689,7358,2030,2013,2580,3684,1512,4307,93342,55796,5539,551,40127,2,0,7,8
2021-03-11T23:59:59+01:00,9,6,3374,3537,5326,7416,5616,11099,6808,16186,8061,13915,4004,3974,10474,13312,6400,11431,1394,1351,2069,3501,2314,6086,3078,9255,3665,7325,2001,1988,2342,3420,1362,4087,89162,54713,5120,518,36659,2,0,7,8
2021-03-10T23:59:59+01:00,9,6,3278,3419,5113,7144,5402,10742,6538,15640,7722,13368,3782,3745,9832,12519,6016,10898,1390,1340,2041,3463,2284,5996,3030,9133,3607,7206,1957,1912,2126,3183,1233,3898,86693,53509,4744,283,33729,2,0,7,8
2021-03-09T23:59:59+01:00,8,6,3204,3289,4957,6955,5206,10462,6305,15208,7425,12864,3599,3539,9202,11815,5643,10380,1383,1330,2005,3403,2253,5894,2969,8989,3539,7125,1927,1886,1850,2865,1064,3653,84423,52092,4486,36,31151,2,0,7,8
2021-03-08T23:59:59+01:00,8,6,3138,3128,4731,6689,4967,10109,6044,14698,7060,12276,3400,3346,8815,11372,5446,10068,1380,1311,1991,3324,2222,5798,2930,8843,3506,7032,1912,1864,1645,2631,946,3463,82954,50760,4125,33,28215,0,0,7,8
2021-03-07T23:59:59+01:00,8,6,3106,3069,4657,6577,4883,9996,5939,14535,6943,12131,3350,3304,8731,11268,5408,10001,1374,1306,1984,3312,2214,5771,2923,8804,3494,7013,1904,1852,1589,2563,894,3396,82603,50355,3960,33,27342,0,0,7,8
2021-03-06T23:59:59+01:00,8,6,3092,3011,4613,6487,4849,9933,5881,14420,6895,12022,3325,3280,8674,11202,5374,9958,1372,1293,1979,3298,2202,5744,2920,8776,3483,6994,1895,1828,1562,2539,889,3387,82285,50123,3960,33,26778,0,0,7,8
2021-03-05T23:59:59+01:00,8,6,3068,2918,4555,6378,4787,9835,5818,14269,6794,11869,3278,3225,8487,10971,5255,9786,1363,1260,1949,3243,2177,5637,2878,8642,3439,6856,1851,1783,1498,2467,867,3361,81381,49233,3952,33,25967,0,0,7,8
2021-03-04T23:59:59+01:00,6,6,3015,2723,4395,6139,4568,9523,5610,13848,6477,11476,3095,3047,7470,9680,4633,8873,1343,1210,1911,3120,2146,5454,2832,8364,3383,6624,1779,1693,1462,2418,863,3342,77229,47907,3661,32,23687,0,0,7,8
2021-03-03T23:59:59+01:00,4,6,2976,2650,4254,5948,4402,9254,5406,13470,6223,11056,2972,2915,6824,8911,4240,8270,1331,1172,1884,3048,2124,5343,2800,8185,3330,6466,1709,1649,1420,2348,843,3289,74512,46905,3431,32,21831,0,0,7,7
2021-03-02T23:59:59+01:00,4,6,2915,2561,4069,5731,4194,8979,5207,13093,5955,10681,2826,2757,6057,7946,3777,7563,1298,1129,1857,2976,2100,5204,2751,7912,3281,6268,1637,1589,1356,2270,823,3246,71346,45661,2984,32,19984,0,0,7,7
2021-03-01T23:59:59+01:00,4,5,2875,2497,3903,5580,4007,8759,5018,12771,5714,10292,2724,2643,5563,7291,3423,7056,1292,1093,1833,2875,2073,5011,2710,7662,3221,6032,1594,1553,1308,2211,797,3207,69185,44436,2685,32,18248,0,0,7,7
2021-02-28T23:59:59+01:00,4,5,2834,2447,3743,5461,3786,8569,4834,12520,5527,9986,2667,2571,5440,7134,3361,6955,1288,1088,1829,2861,2064,4987,2703,7626,3211,6015,1585,1545,1302,2202,795,3197,68706,44263,2465,31,16666,0,0,7,7
2021-02-27T23:59:59+01:00,4,4,2819,2382,3717,5381,3752,8499,4800,12429,5492,9911,2626,2537,5110,6746,3165,6704,1281,1080,1822,2849,2051,4952,2684,7561,3195,5959,1567,1536,1296,2191,792,3196,67396,43978,2465,30,16210,0,0,7,7
2021-02-26T23:59:59+01:00,4,4,2799,2341,3677,5295,3686,8397,4739,12318,5406,9824,2549,2484,4733,6264,2895,6381,1222,1030,1772,2740,2002,4771,2630,7287,3122,5747,1506,1484,1271,2167,778,3186,65601,42683,2339,29,15849,0,0,7,6
2021-02-25T23:59:59+01:00,4,4,2625,2232,3489,5114,3504,8173,4533,12032,5184,9549,2459,2413,4283,5709,2606,5959,1206,972,1741,2631,1948,4497,2559,6892,3027,5461,1461,1441,1251,2152,776,3177,63741,41164,2004,26,14120,0,0,7,5
2021-02-24T23:59:59+01:00,4,4,2470,2094,3298,4921,3356,7967,4337,11778,4962,9300,2320,2293,3827,5195,2348,5566,1191,943,1718,2545,1914,4358,2499,6635,2975,5254,1429,1409,1233,2132,772,3158,61975,40144,1525,18,12533,0,0,7,5
2021-02-23T23:59:59+01:00,4,4,2333,1956,3117,4693,3198,7731,4164,11504,4777,9054,2232,2196,3266,4530,2009,5052,1177,895,1687,2450,1875,4165,2431,6336,2877,4993,1371,1354,1204,2089,759,3133,59766,38779,1166,14,10881,0,0,7,5
2021-02-22T23:59:59+01:00,4,4,2293,1905,3033,4599,3128,7623,4070,11317,4670,8929,2182,2155,2902,4066,1720,4665,1165,836,1655,2324,1832,3918,2355,5941,2749,4695,1309,1298,1181,2056,752,3112,58089,37171,1082,4,10087,0,0,7,5
2021-02-21T23:59:59+01:00,4,4,2257,1873,2982,4530,3045,7507,3989,11169,4603,8810,2168,2132,2818,3952,1665,4577,1161,818,1638,2271,1807,3809,2322,5786,2686,4571,1277,1275,1171,2042,745,3099,57652,36471,1049,4,9377,0,0,7,5
2021-02-20T23:59:59+01:00,4,4,2246,1870,2960,4517,3029,7471,3963,11136,4582,8788,2165,2124,2763,3895,1630,4521,1161,815,1638,2269,1806,3800,2321,5781,2685,4567,1276,1272,1170,2039,744,3098,57434,36435,1048,4,9179,0,0,7,5
2021-02-19T23:59:59+01:00,2,4,2234,1857,2924,4465,3004,7382,3918,11054,4528,8725,2157,2118,2675,3782,1550,4428,1109,806,1599,2261,1796,3791,2311,5760,2676,4554,1270,1261,1159,2034,739,3091,57022,36210,1017,4,8761,0,0,7,5
2021-02-18T23:59:59+01:00,2,4,2101,1760,2767,4279,2880,7184,3780,10766,4389,8520,2125,2084,2433,3514,1397,4205,1030,771,1524,2162,1746,3668,2238,5602,2619,4467,1256,1241,1154,2020,729,3073,55958,35293,950,4,7275,0,0,7,5
2021-02-17T23:59:59+01:00,2,4,2057,1711,2675,4146,2771,6970,3626,10425,4247,8276,2067,2001,2211,3285,1273,4018,876,708,1415,2036,1671,3478,2144,5377,2545,4296,1222,1196,1129,1975,714,3033,54891,33809,805,3,6062,0,0,7,5
2021-02-16T23:59:59+01:00,2,4,1884,1598,2499,3939,2632,6695,3465,10070,4071,7967,2022,1974,1936,2964,1103,3766,849,686,1343,1961,1602,3336,2050,5205,2448,4165,1161,1149,1071,1885,682,2940,53560,32528,769,2,4255,0,0,7,5
2021-02-15T23:59:59+01:00,2,4,1849,1542,2410,3770,2553,6422,3342,9703,3954,7698,1995,1945,1720,2725,982,3580,831,673,1314,1915,1561,3268,1995,5033,2385,4065,1096,1109,1007,1794,663,2847,52463,31552,756,1,2970,0,0,7,5
2021-02-14T23:59:59+01:00,2,4,1759,1511,2365,3709,2511,6331,3272,9599,3908,7620,1984,1935,1661,2665,930,3521,816,663,1297,1890,1534,3245,1961,4992,2359,4009,1086,1100,1000,1784,660,2835,52124,31227,727,1,2429,0,0,7,5
2021-02-13T23:59:59+01:00,2,4,1758,1499,2355,3702,2505,6317,3268,9583,3901,7610,1974,1915,1638,2645,927,3511,816,663,1297,1890,1534,3245,1961,4992,2359,4009,1086,1100,1000,1784,660,2835,51968,31227,727,1,2412,0,0,7,5
2021-02-12T23:59:59+01:00,2,4,1678,1413,2256,3590,2425,6142,3163,9345,3777,7343,1927,1858,1575,2572,904,3484,810,656,1285,1868,1519,3226,1953,4961,2343,3989,1081,1095,998,1765,660,2805,51027,31011,727,0,1697,0,0,7,5
2021-02-11T23:59:59+01:00,2,4,1473,1274,2073,3374,2296,5850,3011,8911,3617,6997,1855,1755,1533,2511,890,3461,780,605,1190,1688,1393,2951,1814,4602,2177,3698,1029,1032,955,1692,627,2674,49629,28908,686,0,565,0,0,7,1
2021-02-10T23:59:59+01:00,2,4,1376,1225,1984,3246,2227,5676,2929,8632,3506,6766,1784,1707,1488,2444,874,3404,566,521,967,1463,1254,2643,1629,4139,1974,3319,910,904,833,1439,547,2357,48460,25466,646,0,161,0,0,7,1
2021-02-09T23:59:59+01:00,2,4,1340,1175,1947,3154,2200,5495,2862,8289,3436,6507,1709,1645,1427,2384,857,3367,303,384,748,1200,1067,2268,1419,3600,1725,2866,741,740,665,1152,437,1911,47197,21227,517,0,80,0,0,6,1
2021-02-08T23:59:59+01:00,2,4,1333,1140,1915,3034,2162,5272,2810,8009,3376,6270,1668,1611,1381,2328,841,3347,267,343,646,1045,961,2050,1259,3208,1526,2549,638,620,561,972,380,1661,46072,18687,346,0,79,0,0,6,1
2021-02-07T23:59:59+01:00,2,4,1306,1124,1886,2981,2137,5190,2781,7906,3334,6204,1652,1595,1366,2309,829,3332,233,287,598,955,901,1895,1166,2982,1427,2377,598,600,540,939,370,1632,45788,17502,144,0,0,0,0,6,0
2021-02-06T23:59:59+01:00,2,4,1301,1118,1880,2969,2128,5162,2768,7862,3323,6159,1639,1587,1361,2299,825,3331,214,253,576,918,873,1828,1123,2864,1369,2295,582,582,533,939,370,1632,45568,16953,144,0,0,0,0,6,0
2021-02-05T23:59:59+01:00,2,4,1240,1066,1831,2857,2076,4965,2709,7566,3245,5939,1575,1533,1342,2273,817,3324,198,223,541,871,839,1748,1085,2746,1316,2196,548,558,522,915,360,1607,44214,16275,144,0,0,0,0,6,0
2021-02-04T23:59:59+01:00,2,4,1228,1002,1790,2708,2005,4652,2624,7118,3144,5611,1530,1500,1324,2257,812,3316,170,169,468,753,740,1609,974,2506,1203,1982,501,506,479,861,343,1494,42587,14760,36,0,0,0,0,4,0
2021-02-03T23:59:59+01:00,2,4,1210,973,1760,2625,1965,4505,2557,6855,3092,5394,1493,1467,1295,2222,794,3287,139,140,392,641,624,1372,828,2128,1005,1690,382,371,344,647,240,1133,41460,12078,36,0,0,0,0,4,0
2021-02-02T23:59:59+01:00,2,4,1192,917,1726,2525,1922,4282,2484,6522,2983,5121,1438,1420,1271,2192,785,3263,118,116,316,520,521,1136,683,1798,815,1379,284,271,266,473,188,849,40009,9735,36,0,0,0,0,4,0
2021-02-01T23:59:59+01:00,1,4,1178,857,1691,2400,1871,4036,2407,6128,2859,4824,1369,1339,1240,2146,774,3238,85,76,216,349,348,741,435,1161,479,860,177,166,154,279,100,496,38322,6122,36,0,0,0,0,4,0
2021-01-31T23:59:59+01:00,1,4,1173,839,1674,2342,1847,3912,2375,5945,2791,4704,1336,1316,1229,2131,767,3226,74,70,183,279,271,575,346,908,397,693,151,150,145,271,96,482,37575,5091,33,0,0,0,0,4,0
2021-01-30T23:59:59+01:00,1,4,1173,836,1673,2337,1845,3901,2373,5934,2788,4694,1335,1312,1228,2130,767,3225,71,63,151,232,243,507,311,790,354,618,150,143,140,267,96,481,37520,4617,32,0,0,0,0,4,0
2021-01-29T23:59:59+01:00,1,4,1120,827,1634,2330,1834,3894,2365,5920,2780,4682,1331,1309,1224,2130,767,3225,63,45,114,177,199,353,254,641,310,490,139,134,128,256,93,481,37344,3877,30,0,0,0,0,3,0
2021-01-28T23:59:59+01:00,1,4,1045,802,1575,2267,1801,3824,2317,5849,2747,4628,1319,1297,1217,2124,758,3211,41,20,72,105,130,206,157,383,202,293,105,102,103,205,83,434,36756,2641,27,0,0,0,0,3,0
2021-01-27T23:59:59+01:00,1,4,895,751,1484,2191,1734,3709,2245,5719,2687,4503,1288,1252,1191,2085,746,3179,30,12,62,86,105,162,123,326,175,248,97,84,91,186,79,403,35643,2269,18,0,0,0,0,3,0
2021-01-26T23:59:59+01:00,1,4,881,732,1419,2117,1671,3579,2155,5547,2593,4391,1227,1211,1138,2010,720,3129,29,11,59,83,101,156,119,311,174,238,95,79,84,165,68,357,34510,2129,12,0,0,0,0,3,0
2021-01-25T23:59:59+01:00,1,4,868,711,1387,2057,1640,3482,2110,5380,2535,4300,1167,1185,1082,1951,700,3068,27,11,56,83,98,154,118,309,173,238,94,78,83,164,66,354,33622,2106,3,0,0,0,0,3,0
2021-01-24T23:59:59+01:00,1,4,865,710,1381,2046,1635,3465,2102,5354,2524,4268,1163,1177,1077,1944,699,3063,27,11,56,83,97,153,118,309,173,237,94,78,83,164,66,354,33472,2103,3,0,0,0,0,3,0
2021-01-23T23:59:59+01:00,1,4,865,710,1381,2046,1635,3465,2102,5354,2524,4268,1163,1177,1077,1944,699,3063,27,11,56,83,97,153,118,309,172,237,94,78,83,164,66,354,33472,2102,3,0,0,0,0,3,0
2021-01-22T23:59:59+01:00,1,4,865,700,1367,2024,1619,3441,2089,5320,2508,4248,1161,1172,1076,1921,698,3030,26,11,56,83,97,153,118,309,171,237,94,78,83,164,66,354,33238,2100,3,0,0,0,0,3,0
2021-01-21T23:59:59+01:00,1,4,833,663,1289,1869,1519,3251,1993,5048,2397,4049,1122,1114,1049,1855,667,2925,24,10,52,78,89,145,107,280,157,214,81,70,74,144,54,301,31644,1880,3,0,0,0,0,1,0
2021-01-20T23:59:59+01:00,1,4,629,564,1093,1650,1385,2977,1816,4641,2193,3709,996,996,931,1626,602,2654,22,10,51,74,86,144,99,267,146,195,71,64,69,122,45,269,28463,1734,3,0,0,0,0,1,0
2021-01-19T23:59:59+01:00,1,4,342,418,840,1392,1184,2635,1580,4111,1927,3259,824,826,767,1352,503,2249,18,7,36,52,57,78,73,180,102,132,54,49,48,91,34,208,24211,1219,2,0,0,0,0,1,0
2021-01-18T23:59:59+01:00,1,4,300,377,728,1204,1061,2380,1385,3612,1686,2878,691,675,616,1106,428,1863,7,3,11,17,20,27,24,52,25,46,13,11,13,33,7,61,20993,370,1,0,0,0,0,1,0
2021-01-17T23:59:59+01:00,1,4,259,322,662,1109,983,2208,1285,3337,1571,2666,646,645,588,1049,407,1805,0,0,1,0,3,2,2,1,2,2,1,4,1,0,0,1,19546,20,1,0,0,0,0,0,0
2021-01-16T23:59:59+01:00,1,4,242,290,646,1075,959,2145,1244,3226,1520,2592,630,628,580,1049,407,1804,0,0,0,0,1,2,1,1,1,2,0,1,1,0,0,1,19041,11,1,0,0,0,0,0,0
2021-01-15T23:59:59+01:00,1,4,227,257,617,1027,932,2067,1210,3110,1468,2496,599,602,573,1028,400,1792,0,0,0,0,0,0,0,0,0,0,0,0,0,0,0,0,18410,0,0,0,0,0,0,0,0
2021-01-14T23:59:59+01:00,1,3,197,205,557,904,843,1923,1117,2887,1351,2312,554,559,535,984,394,1750,0,0,0,0,0,0,0,0,0,0,0,0,0,0,0,0,17076,0,0,0,0,0,0,0,0
2021-01-13T23:59:59+01:00,1,3,165,186,507,835,771,1797,1019,2650,1194,2087,440,442,406,778,296,1353,0,0,0,0,0,0,0,0,0,0,0,0,0,0,0,0,14930,0,0,0,0,0,0,0,0
2021-01-12T23:59:59+01:00,1,3,143,165,475,766,721,1641,929,2447,1087,1852,351,333,315,558,214,965,0,0,0,0,0,0,0,0,0,0,0,0,0,0,0,0,12966,0,0,0,0,0,0,0,0
2021-01-11T23:59:59+01:00,0,1,114,128,398,635,631,1387,765,1989,860,1466,216,195,175,330,116,568,0,0,0,0,0,0,0,0,0,0,0,0,0,0,0,0,9974,0,0,0,0,0,0,0,0
2021-01-10T23:59:59+01:00,0,1,88,92,308,459,475,1006,557,1461,632,1065,179,171,163,317,111,555,0,0,0,0,0,0,0,0,0,0,0,0,0,0,0,0,7640,0,0,0,0,0,0,0,0
2021-01-09T23:59:59+01:00,0,1,78,84,261,396,405,874,490,1244,555,907,172,161,158,312,111,553,0,0,0,0,0,0,0,0,0,0,0,0,0,0,0,0,6762,0,0,0,0,0,0,0,0
2021-01-08T23:59:59+01:00,0,1,65,64,187,288,308,593,374,944,446,687,164,156,142,300,109,553,0,0,0,0,0,0,0,0,0,0,0,0,0,0,0,0,5381,0,0,0,0,0,0,0,0
2021-01-07T23:59:59+01:00,0,0,46,24,79,121,140,235,168,427,224,342,118,121,124,251,98,504,0,0,0,0,0,0,0,0,0,0,0,0,0,0,0,0,3022,0,0,0,0,0,0,0,0
2021-01-06T23:59:59+01:00,0,0,32,17,70,92,119,185,139,349,195,278,99,93,98,205,83,429,0,0,0,0,0,0,0,0,0,0,0,0,0,0,0,0,2483,0,0,0,0,0,0,0,0
2021-01-05T23:59:59+01:00,0,0,29,12,60,87,109,171,123,334,181,255,98,88,96,198,81,411,0,0,0,0,0,0,0,0,0,0,0,0,0,0,0,0,2333,0,0,0,0,0,0,0,0
2021-01-04T23:59:59+01:00,0,0,26,11,57,84,101,162,118,319,179,242,97,85,89,184,71,380,0,0,0,0,0,0,0,0,0,0,0,0,0,0,0,0,2205,0,0,0,0,0,0,0,0
2021-01-03T23:59:59+01:00,0,0,26,11,57,84,101,162,118,319,179,242,97,85,88,183,71,380,0,0,0,0,0,0,0,0,0,0,0,0,0,0,0,0,2203,0,0,0,0,0,0,0,0
2021-01-02T23:59:59+01:00,0,0,26,11,57,84,101,162,118,319,178,242,97,85,88,183,71,380,0,0,0,0,0,0,0,0,0,0,0,0,0,0,0,0,2202,0,0,0,0,0,0,0,0
2021-01-01T23:59:59+01:00,0,0,26,11,57,84,101,162,118,319,176,241,97,85,88,183,71,380,0,0,0,0,0,0,0,0,0,0,0,0,0,0,0,0,2199,0,0,0,0,0,0,0,0
2020-12-31T23:59:59+01:00,0,0,26,11,57,84,101,162,118,319,176,241,97,85,88,183,71,380,0,0,0,0,0,0,0,0,0,0,0,0,0,0,0,0,2199,0,0,0,0,0,0,0,0
2020-12-30T23:59:59+01:00,0,0,25,11,57,83,100,159,118,318,176,241,97,85,88,183,71,380,0,0,0,0,0,0,0,0,0,0,0,0,0,0,0,0,2192,0,0,0,0,0,0,0,0
2020-12-29T23:59:59+01:00,0,0,18,8,42,59,77,95,88,223,129,189,74,73,65,151,56,304,0,0,0,0,0,0,0,0,0,0,0,0,0,0,0,0,1651,0,0,0,0,0,0,0,0
2020-12-28T23:59:59+01:00,0,0,8,5,17,28,32,45,41,115,53,101,30,40,37,91,29,175,0,0,0,0,0,0,0,0,0,0,0,0,0,0,0,0,847,0,0,0,0,0,0,0,0
2020-12-27T23:59:59+01:00,0,0,2,2,4,5,7,11,10,24,6,22,5,7,6,25,3,48,0,0,0,0,0,0,0,0,0,0,0,0,0,0,0,0,187,0,0,0,0,0,0,0,0
