Datum,<15_m,<15_w,15-24_1_m,15-24_1_w,25-34_1_m,25-34_1_w,35-44_1_m,35-44_1_w,45-54_1_m,45-54_1_w,55-64_1_m,55-64_1_w,65-74_1_m,65-74_1_w,75-84_1_m,75-84_1_w,>84_1_m,>84_1_w,<24_2_m,<24_2_w,25-34_2_m,25-34_2_w,35-44_2_m,35-44_2_w,45-54_2_m,45-54_2_w,55-64_2_m,55-64_2_w,65-74_2_m,65-74_2_w,75-84_2_m,75-84_2_w,>84_2_m,>84_2_w,bp_1,bp_2,mo_1,mo_2,az_1,az_2,ja,unb_1,unb_2
2021-07-29T23:59:59+02:00,6316,5740,50558,47729,58817,54297,68591,69328,89954,92312,102163,101748,71177,77583,50309,61694,14107,24332,34138,32411,47996,43722,59942,60692,81226,83487,92090,92311,67284,73390,48277,59046,13611,23275,766839,657515,68601,65669,181241,163934,30055,19,41
2021-07-28T23:59:59+02:00,6245,5677,50304,47535,58688,54151,68470,69236,89833,92192,102060,101657,71121,77527,50285,61657,14099,24319,33816,32122,47694,43496,59724,60484,81062,83331,91859,92119,67211,73327,48248,59012,13598,23266,765544,655881,68571,65592,181220,163427,29702,19,41
2021-07-27T23:59:59+02:00,6194,5632,50148,47401,58560,54061,68380,69152,89738,92083,101955,101585,71080,77474,50256,61624,14093,24306,32367,30723,46434,42409,58899,59709,80470,82815,90860,91298,66939,73049,48161,58887,13569,23225,764690,647304,68545,65531,181196,161687,29272,19,41
2021-07-26T23:59:59+02:00,6171,5603,50028,47312,58461,53978,68307,69100,89651,92024,101891,101537,71043,77439,50232,61604,14088,24297,31001,29462,45117,41289,57802,58733,79773,82188,89697,90282,66634,72778,48072,58773,13547,23183,764162,638274,68480,65447,181158,159397,28947,19,41
2021-07-25T23:59:59+02:00,6153,5585,49915,47205,58375,53912,68247,69044,89587,91971,101834,101492,71011,77403,50215,61581,14085,24287,30796,29305,44858,41094,57550,58510,79505,81988,88741,89436,66428,72606,48005,58700,13536,23159,763760,637125,68469,65334,181136,156949,28518,19,41
2021-07-24T23:59:59+02:00,6122,5558,49803,47116,58314,53852,68202,68992,89542,91931,101797,101453,71007,77397,50212,61578,14084,24284,29191,27717,43704,40011,56856,57801,78891,81419,88104,88875,66250,72414,47934,58599,13522,23136,763189,627082,68461,65324,181133,156810,28442,19,41
2021-07-23T23:59:59+02:00,6038,5471,49626,46943,58221,53749,68095,68891,89438,91830,101707,101361,70971,77341,50192,61547,14080,24278,27500,26185,42450,38933,55935,56921,78207,80809,87400,88217,65979,72142,47856,58500,13501,23106,761831,616573,68457,65164,181114,156344,28358,19,41
2021-07-22T23:59:59+02:00,5900,5357,49332,46662,58023,53552,67925,68725,89256,91679,101555,101230,70906,77260,50152,61495,14069,24259,26681,25356,41533,38125,54997,56097,77467,80184,85733,86723,65608,71745,47749,58368,13470,23055,759923,608109,68416,64671,181083,154875,27896,19,41
2021-07-21T23:59:59+02:00,5625,5075,48798,46137,57716,53241,67696,68453,88983,91432,101288,100964,70780,77129,50094,61432,14060,24234,26428,25136,41114,37846,54564,55716,77102,79904,84933,86120,65442,71616,47694,58303,13452,23030,756335,606164,68392,64403,181062,153107,27329,19,41
2021-07-20T23:59:59+02:00,5548,5002,48517,45861,57547,53037,67524,68309,88806,91281,101126,100820,70706,77064,50055,61386,14051,24209,25271,23991,39825,36820,53236,54524,76205,79137,83582,84782,65143,71275,47590,58166,13424,22985,754675,595849,68387,64259,181021,151531,26747,19,41
2021-07-19T23:59:59+02:00,5470,4918,48193,45535,57332,52828,67359,68109,88621,91107,100979,100661,70630,76983,50015,61336,14042,24180,24444,23158,38528,35704,51512,53032,74950,78095,82477,83803,64856,71019,47498,58048,13400,22946,752893,585876,68379,64116,180994,149755,26013,19,41
2021-07-18T23:59:59+02:00,5463,4917,48129,45484,57245,52757,67297,68044,88543,91045,100910,100597,70599,76942,49989,61303,14040,24168,24311,23056,38272,35495,51189,52752,74709,77905,81583,83045,64672,70842,47442,57975,13395,22924,752642,584840,68356,63957,180955,147540,25500,19,41
2021-07-17T23:59:59+02:00,5438,4881,48035,45410,57176,52695,67237,67990,88488,90987,100867,100578,70592,76927,49984,61299,14040,24167,22922,21589,36879,34201,49945,51566,74113,77354,80952,82451,64545,70695,47376,57914,13386,22904,752109,573987,68354,63933,180952,147403,25357,19,41
2021-07-16T23:59:59+02:00,5336,4804,47796,45181,57054,52590,67122,67879,88352,90893,100765,100477,70549,76879,49963,61280,14034,24160,21673,20345,35586,32968,48504,50254,73119,76428,80259,81802,64328,70477,47298,57817,13368,22872,750691,562451,68354,63874,180946,147201,25104,19,41
2021-07-15T23:59:59+02:00,5198,4677,47403,44864,56849,52393,66934,67700,88141,90697,100580,100310,70452,76778,49916,61206,14024,24131,21070,19845,34664,32275,47277,49322,71955,75523,78118,79680,63734,69886,47156,57642,13349,22810,748664,553192,68340,62853,180901,145365,24329,19,41
2021-07-14T23:59:59+02:00,4826,4351,46814,44292,56620,52129,66733,67499,87932,90457,100365,100114,70345,76670,49851,61124,14013,24107,20868,19700,34411,32123,46914,49025,71430,75139,77455,79151,63415,69611,47075,57558,13328,22775,745239,551432,68326,62672,180850,143469,23808,19,41
2021-07-13T23:59:59+02:00,4739,4274,46621,44140,56462,51986,66573,67356,87782,90336,100229,99996,70274,76609,49814,61080,14009,24092,20322,19173,33393,31324,45315,47581,69690,73496,75868,77609,63042,69223,46947,57391,13299,22724,743945,540641,68312,61920,180784,141860,23312,19,41
2021-07-12T23:59:59+02:00,4678,4198,46441,43951,56314,51848,66420,67234,87613,90200,100078,99862,70199,76527,49777,61029,14002,24074,19846,18739,32606,30702,43660,46138,67329,71425,73986,76112,62513,68639,46805,57229,13271,22675,742718,529590,68291,61363,180693,139290,22725,18,41
2021-07-11T23:59:59+02:00,4673,4194,46369,43900,56257,51798,66372,67200,87554,90151,100007,99803,70162,76485,49767,61014,14000,24060,19641,18592,32268,30456,43219,45766,66873,71069,73212,75418,62116,68263,46735,57141,13256,22643,742583,527829,68284,61042,180630,136827,22251,18,41
2021-07-10T23:59:59+02:00,4546,4058,46086,43591,56074,51605,66227,67029,87424,90014,99909,99700,70107,76427,49747,60988,13997,24051,19083,18038,31321,29592,41479,44187,65403,69799,72582,74803,61952,68114,46682,57089,13249,22629,740508,517257,68280,61026,180619,136783,22155,18,41
2021-07-09T23:59:59+02:00,4419,3944,45813,43338,55906,51416,66073,66872,87274,89854,99779,99597,70057,76355,49711,60947,13992,24039,18487,17466,30352,28637,39521,42260,63113,67680,71423,73664,61681,67792,46607,56963,13232,22604,738487,503585,68269,60644,180613,136377,21999,18,41
2021-07-08T23:59:59+02:00,4389,3919,45681,43230,55788,51301,65945,66771,87155,89733,99660,99500,70007,76302,49692,60910,13981,24026,17548,16662,28958,27600,37810,40820,60985,65867,68081,70528,60798,66823,46367,56623,13187,22509,737785,488380,68213,58586,180544,133801,21430,18,41
2021-07-07T23:59:59+02:00,4378,3914,45614,43188,55713,51258,65864,66732,87101,89695,99617,99449,69991,76280,49683,60892,13977,24015,16583,15807,27582,26594,36293,39592,59370,64416,64873,67071,59786,65786,46131,56304,13137,22437,737503,473128,68170,56689,180490,131665,21180,18,41
2021-07-06T23:59:59+02:00,4324,3868,45473,43065,55586,51118,65761,66625,86999,89608,99540,99366,69953,76222,49665,60864,13974,24001,15813,15063,26507,25686,34462,37891,55979,61405,62237,64628,59035,64999,45859,55970,13096,22334,736400,455308,68152,55876,180434,129542,21008,18,41
2021-07-05T23:59:59+02:00,4264,3824,45298,42892,55442,51025,65647,66518,86886,89516,99457,99274,69890,76158,49644,60837,13971,23986,15154,14434,25553,24873,33243,36763,52889,58440,59474,62171,58199,64192,45610,55659,13051,22257,735246,439274,68123,55519,180360,127071,20782,18,41
2021-07-04T23:59:59+02:00,4256,3818,45253,42866,55382,50999,65608,66497,86848,89485,99425,99246,69867,76138,49638,60822,13966,23976,14946,14230,25116,24525,32647,36237,52225,57915,58494,61307,57541,63563,45428,55457,13032,22210,735075,435201,68093,55315,180292,124393,20612,18,39
2021-07-03T23:59:59+02:00,4038,3642,44718,42302,55064,50629,65319,66223,86603,89228,99230,99047,69794,76066,49615,60776,13962,23965,14660,13910,24765,24174,31670,35320,50489,56366,57630,60570,57369,63368,45361,55372,13020,22185,731287,426640,68078,55301,180287,124351,20551,18,39
2021-07-02T23:59:59+02:00,3730,3356,44068,41711,54739,50299,65039,65925,86334,88981,98995,98824,69690,75954,49563,60707,13956,23948,14247,13472,24069,23583,30521,34271,47878,54223,55507,58791,56978,62944,45203,55216,13004,22147,726973,414257,68062,54256,180274,123621,20493,17,15
2021-07-01T23:59:59+02:00,3592,3247,43716,41361,54538,50130,64885,65766,86186,88846,98846,98710,69623,75885,49533,60674,13948,23933,13558,12778,22780,22500,28855,32757,45875,52479,53017,56523,55560,61379,44708,54600,12931,22019,724869,400755,68002,51949,180226,119803,20305,17,15
2021-06-30T23:59:59+02:00,3581,3231,43447,41166,54357,50005,64773,65679,86100,88784,98778,98662,69596,75862,49521,60651,13944,23924,12803,12160,21612,21594,27267,31387,44035,50755,49391,52580,54233,60053,44352,54161,12875,21891,723758,384991,67959,50059,180206,116370,20121,17,15
2021-06-29T23:59:59+02:00,3364,3012,42535,40325,53757,49414,64344,65255,85695,88332,98432,98335,69469,75713,49464,60581,13925,23893,12204,11556,20815,20832,25924,30188,41419,48357,47529,51040,53265,58946,43945,53625,12781,21738,717801,373004,67908,48554,180192,112990,19927,17,15
2021-06-28T23:59:59+02:00,3147,2833,41573,39319,53101,48772,63889,64875,85312,87945,98101,97993,69333,75553,49399,60481,13907,23870,11704,11108,20165,20243,24967,29293,39331,46417,45907,49683,52161,57904,43583,53121,12702,21618,711659,363549,67803,47536,180183,109318,19741,17,15
2021-06-27T23:59:59+02:00,3142,2830,41540,39288,53060,48741,63854,64844,85259,87910,98051,97966,69316,75542,49390,60467,13902,23868,11511,10916,19844,19926,24392,28738,38311,45575,44753,48592,51137,56901,43150,52616,12620,21483,711470,358990,67779,47098,180147,105022,19557,17,15
2021-06-26T23:59:59+02:00,2662,2357,40141,37917,52326,47992,63300,64281,84773,87395,97629,97535,69125,75366,49317,60362,13883,23845,11398,10817,19675,19776,24197,28524,37838,45139,44389,48245,51024,56758,43104,52569,12615,21468,702739,356075,67756,47092,180147,105004,19547,17,15
2021-06-25T23:59:59+02:00,2258,2024,39286,37098,51976,47632,62971,63957,84494,87084,97378,97270,69022,75253,49271,60302,13868,23823,11094,10507,19293,19353,23678,27911,35148,42844,42213,46335,50687,56381,43005,52440,12591,21438,697672,344537,67623,46647,180141,104361,19514,17,15
2021-06-24T23:59:59+02:00,2204,1974,38798,36641,51628,47303,62759,63755,84264,86893,97194,97119,68941,75189,49236,60257,13862,23807,10494,9924,18233,18485,22261,26665,33050,41011,39784,44045,49211,54743,42436,51741,12474,21235,694757,331701,67602,44045,180119,100823,19329,17,15
2021-06-23T23:59:59+02:00,2192,1951,38574,36407,51466,47142,62655,63653,84170,86801,97122,97035,68910,75158,49219,60235,13859,23797,10041,9496,17607,17939,21329,25821,31125,39396,35832,39603,47921,53385,42051,51237,12393,21069,693559,316259,67575,43426,180105,97523,19090,17,15
2021-06-22T23:59:59+02:00,2116,1889,37589,35467,50722,46470,62178,63214,83800,86400,96760,96724,68764,75020,49153,60155,13846,23765,9568,9051,16744,17256,20113,24754,28009,36631,33534,37736,46969,52418,41643,50680,12253,20835,687452,304131,67535,40690,180096,94458,18932,17,15
2021-06-21T23:59:59+02:00,1970,1750,36229,34230,49704,45597,61461,62558,83307,85929,96322,96323,68595,74850,49089,60061,13834,23732,9256,8759,16285,16895,19485,24270,26271,35078,32009,36448,45923,51342,41190,50133,12148,20644,679488,296830,67512,40051,180081,90818,18443,17,15
2021-06-20T23:59:59+02:00,1959,1742,36145,34177,49567,45485,61330,62431,83230,85875,96255,96265,68561,74822,49074,60043,13834,23721,9109,8657,16071,16726,19167,24012,25454,34423,31074,35503,45728,51141,41159,50081,12139,20624,678885,293047,67477,39463,180064,90489,18073,17,15
2021-06-19T23:59:59+02:00,1595,1443,34530,32627,48661,44667,60843,61926,82762,85399,95849,95912,68411,74659,49009,59962,13819,23697,9067,8580,15972,16605,19049,23862,25349,34266,30948,35365,45633,51045,41141,50056,12135,20614,670179,291720,67464,39460,180058,90456,18053,17,14
2021-06-18T23:59:59+02:00,1401,1270,32877,31033,47453,43478,59909,61015,81965,84655,95234,95337,68194,74441,48920,59823,13803,23667,8992,8493,15816,16456,18865,23676,25101,34030,30664,35047,45342,50701,41056,49980,12122,20600,659058,289563,67339,39344,180057,90032,18004,17,14
2021-06-17T23:59:59+02:00,1325,1212,31947,30189,46582,42776,59106,60173,81228,84008,94828,94958,68057,74297,48878,59747,13788,23638,8455,8126,15131,15900,18043,22855,23999,32908,29186,33697,44020,49204,40571,49370,12003,20412,652142,280655,67228,38522,180024,87379,17326,17,14
2021-06-16T23:59:59+02:00,1242,1148,31252,29488,45786,42029,58189,59303,80453,83242,94410,94582,67920,74137,48821,59656,13769,23612,7964,7807,14519,15393,17281,22137,22869,31961,28016,32598,42139,47101,40029,48795,11895,20227,645091,271010,67113,37924,180008,84989,16810,17,14
2021-06-15T23:59:59+02:00,1100,1030,29367,27689,44035,40492,56608,57666,79067,81929,93658,93915,67633,73846,48711,59498,13736,23547,7787,7677,14220,15155,16921,21840,22354,31586,27493,32176,41205,46089,39649,48376,11772,20007,630139,267977,67070,37421,179973,82581,16328,17,14
2021-06-14T23:59:59+02:00,1008,917,27820,26211,42428,38976,54952,56019,77973,80824,92963,93291,67381,73606,48615,59375,13716,23503,7602,7503,13844,14825,16400,21404,21670,31007,26822,31584,40825,45669,39267,47928,11641,19802,616905,265333,67016,37012,179945,79751,15695,17,14
2021-06-13T23:59:59+02:00,984,892,27618,26029,42046,38647,54414,55501,77627,80521,92770,93101,67291,73526,48578,59319,13701,23478,7460,7333,13579,14533,16018,21013,21244,30519,26294,31086,40428,45267,38809,47364,11462,19517,614210,263264,66883,36945,179915,76697,15018,17,14
2021-06-12T23:59:59+02:00,856,777,26083,24424,40875,37562,53741,54767,77095,80027,92219,92577,67136,73348,48509,59242,13688,23457,7414,7282,13459,14424,15885,20904,21060,30372,26178,30990,40411,45251,38801,47354,11462,19516,604621,262490,66880,36943,179908,76371,14957,17,14
2021-06-11T23:59:59+02:00,742,668,24458,22889,39516,36370,52516,53561,76126,79176,91641,92002,66901,73114,48448,59134,13669,23422,7356,7193,13289,14244,15675,20713,20791,30117,25912,30736,40103,44875,38717,47240,11445,19488,592833,260616,66803,36798,179900,75678,14800,17,14
2021-06-10T23:59:59+02:00,642,581,23464,21875,38296,35189,50921,52063,74809,77986,90033,90461,66547,72721,48322,58962,13643,23368,7076,6970,12771,13811,15046,20148,20033,29367,25122,30066,39408,44015,38367,46826,11333,19305,579944,257192,66331,36764,179850,71965,13741,17,14
2021-06-09T23:59:59+02:00,572,532,23015,21484,37639,34668,49810,51026,73571,76792,89442,89957,66422,72578,48272,58877,13628,23338,6803,6659,12172,13209,14267,19343,19122,28349,24144,28913,36849,41118,37803,46183,11185,19065,572795,246930,65875,36690,179808,68435,13128,17,13
2021-06-08T23:59:59+02:00,466,421,21500,20009,36028,33303,47704,49070,71436,74860,87975,88482,66109,72192,48139,58718,13596,23294,6673,6481,11798,12844,13791,18860,18521,27750,23591,28384,36567,40865,37514,45817,11077,18909,555437,245296,65601,36615,179778,65061,12469,17,13
2021-06-07T23:59:59+02:00,351,328,20494,19023,34481,31964,45429,47046,69302,72983,86999,87631,65887,71928,48065,58582,13576,23259,6521,6318,11379,12497,13255,18384,17794,27164,22961,27789,36247,40560,37096,45337,10964,18713,540235,243321,65431,36551,179722,61183,11923,17,13
2021-06-06T23:59:59+02:00,328,307,20312,18878,34088,31682,44824,46482,68688,72503,86790,87463,65831,71869,48054,58555,13569,23247,6388,6149,11058,12086,12827,17814,17157,26357,22265,26986,35780,40089,36616,44785,10808,18445,537137,240891,65109,36504,179679,56686,11528,17,13
2021-06-05T23:59:59+02:00,256,242,19061,17595,32747,30464,43595,45306,68113,71982,86260,86953,65740,71767,48006,58507,13562,23235,6337,6070,10955,11935,12704,17644,16991,26154,22097,26804,35719,40010,36594,44760,10806,18440,527115,240305,65109,36090,179642,56116,11508,17,13
2021-06-04T23:59:59+02:00,175,174,17862,16440,31430,29169,42039,43811,66770,70665,85448,86202,65553,71553,47930,58417,13546,23207,6235,5928,10782,11729,12490,17394,16638,25770,21579,26367,34836,39165,36280,44461,10789,18417,514259,238489,65042,35765,179636,53167,11437,17,13
2021-06-03T23:59:59+02:00,120,121,17223,15865,30446,28344,40583,42526,65001,69136,83197,83920,65129,71101,47802,58255,13528,23169,6064,5722,10478,11378,12175,16937,16193,25114,21036,25789,34171,38377,36106,44259,10756,18367,500489,236181,64349,35382,179594,50340,11017,17,13
2021-06-02T23:59:59+02:00,92,78,16883,15557,30139,28085,39916,41905,63414,67750,82258,83120,64988,70938,47742,58172,13525,23154,5951,5631,10308,11227,11953,16727,15900,24812,20697,25399,30940,34765,35881,44036,10727,18313,493003,227539,64348,35056,179592,49913,10756,17,13
2021-06-01T23:59:59+02:00,38,43,16095,14887,28650,27000,37570,39852,59862,64575,79837,80808,64638,70574,47614,57987,13492,23099,5674,5343,9793,10795,11419,16136,15235,24025,19960,24647,30595,34469,35682,43857,10699,18251,474740,226052,62795,34559,179523,46421,9546,17,12
2021-05-31T23:59:59+02:00,30,35,15525,14410,27716,26305,35607,38188,56427,61551,77807,79104,64304,70218,47471,57812,13459,23046,5512,5128,9386,10433,10992,15660,14702,23346,19335,23941,30309,34219,35500,43663,10663,18194,458974,225387,62084,34174,179456,42935,8484,17,12
2021-05-30T23:59:59+02:00,29,32,15379,14284,27437,26079,35155,37782,55716,60933,77485,78830,64244,70160,47446,57777,13455,23036,5410,4937,9059,10066,10583,15176,14255,22548,18811,23172,29634,33506,35274,43469,10641,18133,456005,224941,61651,34094,179409,37459,8177,17,12
2021-05-29T23:59:59+02:00,27,31,14982,13886,26584,25259,33395,36188,54237,59640,76896,78263,64093,70012,47393,57724,13448,23022,5376,4861,8997,9955,10495,15063,14149,22403,18681,23036,29604,33483,35268,43461,10640,18130,445867,224473,61620,34094,179404,36860,8172,17,12
2021-05-28T23:59:59+02:00,23,30,14571,13480,25767,24511,31545,34423,52066,57636,75841,77268,63888,69763,47341,57647,13438,22999,5291,4743,8825,9809,10344,14895,13991,22170,18474,22734,29535,33437,35251,43445,10639,18126,433891,223821,61150,34088,179316,35934,7863,17,12
2021-05-27T23:59:59+02:00,19,26,13946,13010,24704,23789,30301,33497,50462,56263,72748,74289,63450,69227,47206,57485,13414,22945,5177,4503,8497,9474,9947,14470,13554,21540,17976,22139,29316,33233,35142,43333,10617,18098,421755,223197,59198,34017,178692,32680,7119,17,12
2021-05-26T23:59:59+02:00,18,24,13457,12580,23793,23139,29386,32803,49374,55338,69792,71102,62838,68618,47071,57315,13384,22899,5091,4338,8242,9160,9651,14083,13199,20942,17541,21542,29125,33066,35044,43229,10591,18048,410943,222596,57023,33899,178196,29642,6752,17,12
2021-05-25T23:59:59+02:00,18,21,13114,12280,23216,22735,28338,31949,46779,53108,67529,68977,62487,68251,46958,57166,13367,22848,5011,4217,8036,8904,9397,13713,12887,20422,17164,20997,28968,32915,34961,43127,10565,17993,399112,222070,55958,33818,177577,26909,6477,17,12
2021-05-24T23:59:59+02:00,17,20,12816,11999,22715,22353,27722,31500,44159,50677,65079,66791,62180,67953,46848,57041,13334,22793,4938,4112,7787,8674,9083,13336,12561,19912,16779,20442,28826,32777,34887,43056,10543,17947,387469,221510,55476,33755,176914,24271,6121,17,12
2021-05-23T23:59:59+02:00,17,20,12757,11929,22620,22270,27642,31424,43903,50449,64494,66242,62101,67865,46823,57023,13332,22791,4918,4097,7750,8644,9025,13305,12483,19853,16705,20388,28817,32765,34884,43050,10543,17946,385271,221241,55397,33749,176902,24065,6115,17,12
2021-05-22T23:59:59+02:00,17,20,12533,11690,22300,21967,26639,30536,42070,48867,63640,65504,61940,67674,46757,56932,13322,22768,4902,4042,7723,8582,8985,13242,12453,19771,16677,20324,28807,32755,34880,43044,10542,17945,376787,221157,55386,33749,176897,23676,6089,17,12
2021-05-21T23:59:59+02:00,17,19,12228,11437,21730,21529,25831,29852,39685,46979,61670,63841,61680,67403,46673,56844,13307,22743,4883,4014,7669,8495,8918,13156,12375,19677,16604,20240,28791,32730,34873,43034,10540,17944,366401,220962,54327,33736,176707,23226,6016,17,12
2021-05-20T23:59:59+02:00,16,19,11607,10859,20615,20643,24693,28834,38182,45702,59332,61777,60864,66504,46474,56588,13273,22688,4602,3834,7270,8203,8479,12761,11922,19167,16188,19721,28670,32635,34822,42983,10536,17934,355947,220567,51976,33628,175435,20234,5295,17,12
2021-05-19T23:59:59+02:00,16,19,11168,10546,19828,20098,23848,28240,37283,45019,56109,58150,60174,65801,46365,56454,13251,22641,4449,3668,7015,7959,8202,12431,11595,18740,15819,19299,28573,32522,34780,42909,10526,17919,345521,220090,50364,33515,174303,17993,4805,17,12
2021-05-18T23:59:59+02:00,16,19,10836,10260,19254,19647,23209,27684,35886,43796,54707,57028,59807,65380,46236,56292,13226,22616,4342,3543,6770,7727,7945,12149,11363,18345,15474,18871,28489,32433,34750,42870,10522,17912,340172,219809,48526,33438,172833,15904,4351,17,12
2021-05-17T23:59:59+02:00,15,18,10616,10078,18822,19362,22781,27378,34688,42801,53403,55998,59561,65134,46173,56193,13210,22583,4270,3456,6562,7509,7694,11859,11107,17951,15166,18468,28399,32347,34726,42829,10516,17899,336115,219528,47540,33372,171323,14036,3819,17,12
2021-05-16T23:59:59+02:00,15,17,10426,9946,18528,19161,22446,27138,34053,42343,52168,54829,59368,64970,46137,56139,13199,22563,4202,3380,6344,7344,7402,11607,10841,17599,14873,18105,28335,32285,34710,42811,10509,17895,333688,219287,46664,33311,169704,12269,3373,17,11
2021-05-15T23:59:59+02:00,15,17,10328,9845,18377,19015,22278,26998,33668,41974,51774,54454,59252,64822,46089,56094,13196,22547,4161,3345,6260,7279,7308,11504,10739,17480,14765,17976,28241,32167,34619,42718,10505,17890,331297,218198,46663,33310,169569,12250,3197,17,11
2021-05-14T23:59:59+02:00,14,17,10045,9637,17945,18775,21879,26715,31312,40203,49630,52602,59035,64596,46041,56011,13180,22525,4032,3262,5975,7117,7000,11280,10393,17133,14422,17650,27668,31462,34499,42526,10487,17861,322162,214912,46610,33306,168956,12130,2417,17,11
2021-05-13T23:59:59+02:00,14,17,9583,9260,17153,18212,21007,26037,30194,39221,47391,50432,58190,63626,45832,55728,13141,22453,3528,3064,5638,6863,6688,10973,9987,16745,14047,17218,26773,30268,34077,42013,10456,17799,313675,210335,44747,32754,166945,10937,2109,15,11
2021-05-12T23:59:59+02:00,14,17,9290,9069,16721,17956,20539,25753,29666,38835,44393,46793,57616,62987,45748,55616,13123,22428,3387,2976,5409,6752,6410,10828,9705,16537,13809,16955,26129,29451,33912,41818,10430,17765,304522,207317,43923,32731,166653,10769,1453,13,11
2021-05-11T23:59:59+02:00,14,15,8848,8785,15949,17441,19679,25138,27926,37390,42462,45292,57238,62540,45663,55481,13103,22400,3268,2845,5179,6410,6109,10414,9344,15977,13371,16399,24705,27786,33404,41196,10379,17680,299034,201361,40865,32548,164167,9270,1285,13,10
2021-05-10T23:59:59+02:00,14,14,8586,8632,15437,17191,19050,24823,26936,36708,41005,44147,56979,62268,45584,55378,13082,22371,3159,2717,4948,6179,5853,10090,9017,15501,13009,15981,23659,26459,32919,40610,10344,17622,295769,196721,39958,32522,161493,7850,973,12,8
2021-05-09T23:59:59+02:00,14,14,8429,8548,15130,17008,18675,24574,26268,36283,39224,42491,56683,61990,45531,55320,13074,22353,3039,2663,4768,6042,5684,9917,8821,15296,12841,15807,23385,26127,32775,40435,10334,17607,292822,195529,39586,32481,158490,6831,699,12,8
2021-05-08T23:59:59+02:00,14,14,8355,8473,14953,16863,18466,24377,26042,36045,38993,42302,56556,61841,45495,55283,13071,22343,3032,2645,4735,6006,5641,9871,8744,15232,12755,15737,23017,25701,32493,40124,10326,17591,291273,194343,39133,31778,158369,6829,699,12,8
2021-05-07T23:59:59+02:00,13,13,8181,8376,14630,16683,18085,24146,25621,35760,38545,41924,56283,61489,45446,55237,13066,22333,2728,2511,4385,5822,5373,9610,8432,14922,12364,15341,21925,24331,31851,39296,10298,17541,288765,190908,38706,30286,158043,5230,305,12,8
2021-05-06T23:59:59+02:00,12,13,7528,8014,13736,16085,17034,23301,24284,34651,36398,40263,55156,60171,45203,54932,13031,22267,2601,2398,4212,5626,5164,9300,8089,14480,11932,14889,20624,22652,31001,38294,10247,17430,278143,185310,37429,29329,156227,4031,268,12,8
2021-05-05T23:59:59+02:00,10,13,6989,7708,12952,15534,16010,22537,22906,33628,34578,38780,53320,58138,44887,54587,12998,22201,2511,2338,4038,5469,4976,9088,7744,14141,11567,14533,19239,20872,29814,36882,10207,17328,266716,179201,36514,28163,154445,3293,89,12,8
2021-05-04T23:59:59+02:00,10,12,6800,7613,12595,15364,15527,22267,22267,33284,33620,38086,52466,57178,44766,54461,12980,22160,2455,2267,3885,5299,4802,8832,7406,13734,11141,14074,17592,18951,28723,35555,10113,17208,262971,172407,35650,27234,152789,2360,35,11,8
2021-05-03T23:59:59+02:00,10,12,6653,7466,12221,15148,15022,21958,21560,32880,32472,37197,52168,56862,44670,54354,12965,22128,2396,2196,3792,5119,4663,8597,7191,13386,10820,13666,16393,17459,27847,34457,10049,17101,259690,166858,35191,26883,150829,1365,25,11,8
2021-05-02T23:59:59+02:00,10,12,6573,7376,12013,14976,14729,21725,21085,32560,31322,36252,51885,56572,44608,54264,12949,22097,2383,2189,3771,5087,4634,8561,7126,13315,10738,13577,16082,17066,27551,34152,10037,17089,257270,165302,35121,26773,148582,1260,24,11,6
2021-05-01T23:59:59+02:00,10,12,6555,7351,11951,14931,14652,21666,20986,32488,31196,36160,51879,56556,44604,54263,12947,22095,2380,2180,3748,5070,4592,8536,7089,13278,10678,13522,15884,16843,27435,34015,10034,17079,256715,164336,35121,26746,148431,1258,24,11,6
2021-04-30T23:59:59+02:00,10,12,6516,7313,11861,14842,14547,21551,20791,32302,30958,35970,51607,56197,44559,54209,12942,22083,2352,2160,3686,5008,4498,8428,6938,13095,10403,13259,15076,15818,26568,32944,9993,16991,254944,161145,35079,24863,148213,1187,23,11,6
2021-04-29T23:59:59+02:00,10,12,6312,7190,11542,14655,14195,21315,20273,32016,30204,35480,50961,55372,44468,54094,12918,22008,2315,2114,3594,4919,4373,8293,6745,12878,10129,12974,14105,14587,25265,31402,9932,16899,251788,155457,34986,24117,146218,929,22,11,6
2021-04-28T23:59:59+02:00,10,12,6045,7025,11166,14323,13707,20852,19639,31413,29039,34353,48300,52382,44178,53770,12855,21930,2276,2074,3525,4859,4258,8178,6585,12694,9883,12756,12967,13110,23779,29529,9871,16796,241889,149508,34861,22914,144228,709,10,11,6
2021-04-27T23:59:59+02:00,10,12,5943,6933,11017,14203,13508,20691,19361,31202,28480,33969,48095,52162,44122,53720,12847,21908,2234,2040,3434,4765,4165,8069,6420,12510,9605,12480,11759,11549,22128,27377,9795,16651,240531,142710,34814,21730,142817,532,10,11,6
2021-04-26T23:59:59+02:00,10,12,5895,6889,10902,14138,13349,20571,19134,30993,27652,33400,47758,51797,44070,53655,12838,21879,2213,2011,3382,4722,4102,7999,6318,12378,9417,12305,10845,10392,20851,25631,9737,16565,239821,137447,34790,20992,140310,422,10,11,4
2021-04-25T23:59:59+02:00,10,12,5849,6842,10799,14043,13189,20419,18890,30710,26894,32664,47261,51285,43987,53556,12824,21860,2186,2000,3352,4703,4084,7980,6285,12338,9360,12245,10684,10200,20610,25308,9727,16551,238129,136593,34749,20650,138195,363,10,11,4
2021-04-24T23:59:59+02:00,10,12,5828,6794,10724,13959,13093,20278,18759,30536,26732,32486,47161,51162,43894,53462,12820,21855,2179,1990,3328,4676,4045,7934,6213,12265,9230,12128,10527,10019,20478,25177,9711,16533,236671,136071,34733,20010,138140,345,10,11,4
2021-04-23T23:59:59+02:00,10,12,5764,6702,10594,13760,12895,20026,18454,30162,26341,32126,46217,50031,43740,53217,12798,21823,2161,1969,3286,4641,3997,7879,6119,12176,9065,12000,10260,9721,20154,24759,9662,16453,232294,134950,34677,19011,137680,334,10,11,4
2021-04-22T23:59:59+02:00,10,12,5661,6587,10386,13565,12546,19695,17946,29690,25713,31534,44487,47879,43167,52487,12752,21722,2148,1958,3246,4589,3922,7805,5991,12076,8807,11835,9831,9314,19703,24170,9612,16375,226057,132838,34567,18234,135194,302,10,11,4
2021-04-21T23:59:59+02:00,10,11,5565,6449,10157,13363,12218,19383,17444,29196,24998,30805,40222,43020,42692,51952,12686,21618,2136,1949,3211,4553,3867,7747,5913,11983,8632,11675,9502,8931,19204,23581,9553,16280,213973,131200,34502,17230,133293,279,10,11,4
2021-04-20T23:59:59+02:00,10,11,5486,6359,9964,13148,11944,19120,17024,28788,24446,30244,38467,41011,42039,51177,12616,21480,2111,1936,3172,4528,3801,7702,5782,11887,8461,11547,9220,8611,18735,22917,9456,16139,207766,129843,34412,15929,131136,225,10,10,4
2021-04-19T23:59:59+02:00,10,10,5406,6281,9806,13021,11743,18916,16662,28407,23904,29776,36913,39221,41451,50451,12560,21391,2095,1918,3137,4494,3761,7659,5743,11817,8379,11456,8984,8328,18332,22351,9410,16049,202749,128160,34357,15540,128805,205,10,8,4
2021-04-18T23:59:59+02:00,10,9,5344,6230,9676,12938,11545,18779,16384,28209,23501,29465,35608,37859,41103,50045,12528,21329,2083,1902,3108,4473,3735,7643,5698,11771,8328,11407,8884,8237,18179,22163,9397,16026,201217,127674,34318,15152,125009,200,10,8,4
2021-04-17T23:59:59+02:00,10,9,5338,6214,9641,12907,11500,18739,16308,28143,23437,29407,35299,37521,40996,49948,12522,21318,2073,1894,3081,4461,3677,7598,5627,11721,8242,11356,8774,8128,18076,22047,9376,16013,199992,126876,34309,15062,124938,198,10,8,4
2021-04-16T23:59:59+02:00,10,9,5275,6175,9552,12848,11368,18629,16099,27985,23094,29061,34221,36264,40590,49428,12502,21285,1940,1806,2857,4284,3324,7284,4867,11195,6767,10275,6303,6114,16290,20382,9187,15716,195863,117691,34225,10696,124289,196,10,8,4
2021-04-15T23:59:59+02:00,10,9,5208,6085,9352,12678,11072,18381,15603,27592,22404,28463,32324,33946,39549,48219,12426,21121,1895,1774,2792,4220,3209,7165,4650,11015,6394,9965,5844,5719,15701,19698,9001,15388,190050,114585,34174,9648,120200,189,10,8,4
2021-04-14T23:59:59+02:00,10,8,5147,6039,9183,12549,10853,18204,15202,27279,21759,27984,30402,31696,38333,46804,12352,20936,1814,1719,2710,4154,3100,7073,4448,10849,6090,9714,5364,5307,15117,19010,8799,15040,183686,111976,34037,8191,116999,133,10,8,4
2021-04-13T23:59:59+02:00,10,8,5099,5985,9046,12419,10674,18035,14862,27005,21237,27519,28305,29249,37076,45212,12212,20733,1769,1703,2673,4111,3045,7012,4318,10708,5820,9504,5024,5002,14670,18561,8667,14841,176813,110561,33973,6823,113882,36,10,8,4
2021-04-12T23:59:59+02:00,9,8,5038,5937,8937,12282,10472,17887,14543,26725,20697,27063,26267,26982,35920,43748,12085,20536,1736,1660,2644,4092,3019,6959,4258,10641,5716,9404,4864,4858,14372,18192,8556,14642,171106,109726,33899,5845,110113,34,10,8,4
2021-04-11T23:59:59+02:00,9,8,4999,5894,8846,12203,10314,17786,14282,26548,20274,26739,25070,25697,35215,42964,11997,20389,1727,1654,2623,4072,2997,6934,4225,10595,5630,9337,4773,4804,14257,18070,8518,14590,169328,109529,33829,5240,106059,29,10,8,4
2021-04-10T23:59:59+02:00,9,8,4988,5880,8805,12177,10259,17752,14214,26499,20178,26659,24756,25323,34872,42545,11990,20368,1722,1649,2614,4063,2983,6918,4196,10566,5573,9298,4695,4725,14131,17908,8472,14506,168118,108742,33109,5240,106037,29,10,8,4
2021-04-09T23:59:59+02:00,9,8,4942,5850,8720,12099,10137,17629,14046,26324,19918,26418,23925,24172,33922,41341,11957,20295,1694,1619,2560,4028,2911,6856,4045,10453,5322,9073,4276,4351,13571,17196,8246,14142,164771,105076,31601,5233,105325,29,7,8,4
2021-04-08T23:59:59+02:00,9,8,4865,5785,8573,11989,9923,17453,13650,26011,19315,25950,22225,22194,32240,39379,11811,20061,1664,1603,2506,3981,2830,6770,3897,10315,5030,8810,3824,3926,12589,15954,7776,13385,159031,100118,30696,4713,101699,24,7,8,4
2021-04-07T23:59:59+02:00,9,7,4818,5733,8393,11913,9695,17304,13330,25784,18847,25590,20415,20082,30486,37122,11696,19850,1631,1587,2452,3929,2769,6690,3788,10169,4842,8621,3563,3638,11906,15149,7407,12840,152998,96817,29522,4146,98539,13,7,8,4
2021-04-06T23:59:59+02:00,9,7,4771,5688,8249,11801,9534,17140,13013,25519,18330,25205,18563,18021,28571,34635,11501,19508,1597,1568,2429,3903,2736,6653,3723,10125,4762,8532,3456,3515,11430,14505,7127,12434,146177,94521,28566,3957,95307,12,7,8,4
2021-04-05T23:59:59+02:00,9,7,4740,5646,8153,11712,9396,17040,12801,25308,17930,24858,16838,16087,26946,32492,11357,19286,1577,1557,2399,3884,2707,6605,3681,10066,4677,8417,3346,3408,11093,14137,6971,12155,140771,93135,28131,3528,91691,12,7,6,4
2021-04-04T23:59:59+02:00,9,7,4732,5640,8145,11701,9383,17027,12776,25288,17902,24833,16706,15913,26750,32245,11348,19273,1576,1556,2397,3881,2705,6602,3679,10063,4673,8414,3336,3395,11082,14125,6969,12147,140051,93056,28039,3528,91578,12,6,4,4
2021-04-03T23:59:59+02:00,9,7,4728,5632,8131,11693,9363,17007,12737,25257,17824,24771,16626,15824,26705,32188,11343,19266,1573,1554,2388,3873,2687,6588,3655,10035,4591,8359,3218,3280,11000,14051,6963,12137,139524,92408,28011,3528,91566,12,6,4,4
2021-04-02T23:59:59+02:00,9,7,4702,5612,8074,11639,9300,16939,12598,25151,17590,24571,16175,15347,26230,31616,11311,19213,1571,1545,2375,3867,2680,6572,3634,10003,4522,8266,3149,3212,10763,13752,6811,11936,138323,91118,26603,3524,91148,12,6,4,4
2021-04-01T23:59:59+02:00,8,7,4659,5551,7962,11498,9169,16779,12325,24866,17145,24172,15427,14622,25476,30658,11186,19032,1554,1523,2344,3835,2658,6542,3594,9964,4454,8201,3038,3084,9835,12639,6203,11090,136094,87126,25939,3420,88501,10,4,4,4
2021-03-31T23:59:59+02:00,8,7,4450,5471,7852,11376,9029,16614,12107,24590,16794,23807,14731,13860,24644,29651,11081,18840,1545,1518,2330,3815,2632,6514,3546,9915,4384,8131,2948,2994,9265,11944,5840,10595,134301,84709,24485,3195,86118,10,4,4,4
2021-03-30T23:59:59+02:00,8,7,4419,5418,7780,11249,8943,16456,11945,24400,16517,23498,14139,13217,23889,28674,10944,18599,1531,1508,2310,3790,2606,6485,3506,9849,4315,8060,2825,2849,8683,11291,5490,10109,132828,82401,23275,2798,83991,6,4,4,4
2021-03-29T23:59:59+02:00,8,7,4378,5360,7680,11137,8836,16295,11787,24128,16192,23152,13598,12620,23130,27703,10791,18354,1513,1495,2291,3774,2585,6456,3471,9793,4252,7985,2772,2781,8396,10906,5300,9801,130996,81023,22525,2540,81627,6,4,4,4
2021-03-28T23:59:59+02:00,8,7,4344,5275,7595,11030,8759,16143,11652,23898,15934,22879,13274,12311,22565,27013,10617,18075,1504,1490,2269,3760,2571,6427,3431,9743,4214,7929,2724,2730,8318,10802,5257,9736,130498,80684,22007,2213,78866,6,4,4,4
2021-03-27T23:59:59+01:00,8,7,4330,5264,7569,11000,8694,16072,11552,23802,15792,22763,13068,12098,22365,26803,10582,18046,1503,1488,2266,3758,2570,6426,3418,9720,4203,7907,2714,2723,8262,10737,5223,9696,129619,80393,21364,2213,78824,6,4,4,4
2021-03-26T23:59:59+01:00,8,7,4287,5195,7460,10869,8519,15890,11220,23503,15183,22259,12155,11283,21584,25969,10441,17823,1498,1474,2261,3737,2557,6403,3401,9694,4162,7870,2684,2684,8085,10520,5106,9529,125605,79556,19767,2099,78275,6,4,4,4
2021-03-25T23:59:59+01:00,8,6,4228,5036,7299,10591,8276,15487,10838,22882,14545,21562,11486,10624,20719,24903,10129,17288,1478,1460,2229,3711,2523,6364,3364,9646,4092,7789,2550,2546,7111,9273,4501,8624,122347,75388,18994,1864,74559,6,3,4,4
2021-03-24T23:59:59+01:00,8,6,4153,4896,7161,10307,8062,15074,10576,22338,14078,20956,10884,10065,19789,23818,9806,16727,1457,1430,2203,3674,2478,6328,3322,9583,4014,7690,2451,2447,6469,8513,4120,8045,119765,72770,17809,1448,71125,5,1,4,4
2021-03-23T23:59:59+01:00,8,6,4113,4802,7054,10073,7909,14736,10321,21835,13678,20465,10420,9623,19070,22968,9496,16266,1445,1412,2177,3653,2457,6302,3261,9529,3923,7616,2359,2345,5743,7588,3675,7358,118311,69715,16707,1123,67821,5,0,4,4
2021-03-22T23:59:59+01:00,8,6,4061,4722,6927,9832,7750,14416,10065,21371,13330,19968,10029,9267,18507,22259,9309,15926,1436,1405,2168,3639,2445,6286,3238,9506,3894,7583,2298,2294,5291,6984,3328,6869,117430,67622,16310,1036,64009,5,0,4,4
2021-03-21T23:59:59+01:00,8,6,4014,4617,6795,9567,7582,14061,9842,20833,12989,19444,9709,8989,17978,21656,9119,15619,1433,1402,2167,3628,2442,6279,3232,9497,3884,7569,2284,2275,5174,6852,3270,6768,117235,67114,15916,1036,59673,5,0,4,4
2021-03-20T23:59:59+01:00,8,6,4003,4595,6760,9513,7524,13990,9758,20728,12885,19355,9622,8895,17843,21483,9069,15532,1430,1398,2163,3625,2437,6274,3219,9487,3865,7559,2249,2243,4851,6479,3086,6527,116415,65850,15821,1036,59329,5,0,4,4
2021-03-19T23:59:59+01:00,8,6,3829,4454,6470,9261,7083,13568,8846,19999,11160,18028,6780,6557,15617,19289,8717,14971,1426,1394,2158,3619,2425,6261,3207,9463,3815,7513,2182,2202,4482,6007,2824,6212,107163,64180,11125,1004,56351,5,0,4,4
2021-03-18T23:59:59+01:00,8,5,3724,4321,6294,8952,6818,13129,8456,19343,10521,17291,6072,5904,14405,17822,8210,14158,1422,1388,2133,3592,2407,6225,3177,9420,3774,7478,2137,2168,4064,5479,2543,5803,102071,62309,10122,896,53236,4,0,4,4
2021-03-17T23:59:59+01:00,8,5,3647,4247,6162,8808,6652,12951,8162,19033,10122,16899,5667,5521,13589,16892,7817,13583,1412,1376,2117,3573,2377,6193,3146,9392,3737,7442,2081,2109,3658,5033,2294,5420,98846,60593,8442,762,52473,4,0,4,4
2021-03-16T23:59:59+01:00,7,5,3569,4112,6011,8537,6445,12584,7848,18449,9577,16243,5147,5068,12777,15931,7487,13093,1403,1367,2108,3557,2362,6179,3131,9372,3711,7416,2053,2073,3140,4394,1960,4915,96537,58379,7042,758,49307,3,0,4,4
2021-03-15T23:59:59+01:00,7,5,3522,3964,5826,8260,6227,12175,7574,17877,9141,15619,4833,4787,12124,15188,7224,12636,1403,1357,2092,3542,2342,6154,3113,9324,3687,7377,2017,2023,2779,3935,1676,4523,95047,56596,6072,744,45866,3,0,4,4
2021-03-14T23:59:59+01:00,7,5,3476,3832,5599,7931,5942,11731,7269,17158,8680,14868,4520,4515,11834,14932,7179,12537,1396,1351,2076,3513,2327,6104,3095,9266,3670,7338,2010,2012,2701,3828,1624,4439,94929,56197,5467,550,41615,2,0,4,4
2021-03-13T23:59:59+01:00,7,5,3460,3792,5560,7822,5883,11615,7188,17019,8537,14719,4368,4366,11742,14845,7173,12526,1396,1351,2076,3513,2326,6104,3094,9265,3669,7338,2007,2004,2649,3773,1590,4385,94240,55987,5467,550,40916,2,0,4,4
2021-03-12T23:59:59+01:00,7,5,3442,3720,5504,7686,5821,11468,7105,16795,8403,14486,4261,4270,11472,14522,7019,12311,1396,1351,2072,3507,2325,6096,3090,9259,3668,7332,2005,2002,2563,3663,1510,4299,92824,55585,5459,550,40010,2,0,4,4
2021-03-11T23:59:59+01:00,7,5,3364,3525,5296,7388,5590,11050,6767,16130,7973,13849,3926,3936,10401,13267,6372,11410,1391,1348,2062,3494,2306,6071,3067,9225,3645,7300,1976,1977,2325,3402,1360,4081,88658,54510,5043,517,36551,2,0,4,4
2021-03-10T23:59:59+01:00,7,5,3268,3407,5083,7118,5377,10694,6497,15584,7638,13306,3706,3709,9760,12475,5988,10877,1387,1337,2035,3456,2276,5981,3019,9104,3587,7182,1933,1901,2109,3165,1231,3893,86198,53311,4675,282,33622,2,0,4,4
2021-03-09T23:59:59+01:00,6,5,3194,3277,4928,6929,5183,10415,6268,15153,7340,12803,3523,3504,9132,11774,5616,10360,1380,1327,1999,3396,2245,5879,2958,8960,3520,7101,1904,1875,1835,2849,1063,3648,83936,51901,4421,35,31049,2,0,4,4
2021-03-08T23:59:59+01:00,6,5,3128,3118,4702,6664,4946,10062,6009,14642,6978,12215,3324,3312,8745,11331,5419,10048,1377,1309,1985,3318,2214,5786,2919,8815,3487,7008,1889,1853,1635,2618,945,3458,82469,50582,4060,33,28121,0,0,4,4
2021-03-07T23:59:59+01:00,6,5,3096,3059,4628,6552,4863,9949,5904,14479,6863,12070,3274,3270,8661,11226,5381,9981,1371,1304,1978,3306,2206,5759,2912,8776,3475,6989,1881,1841,1579,2551,893,3391,82119,50178,3896,33,27248,0,0,4,4
2021-03-06T23:59:59+01:00,6,5,3082,3001,4584,6462,4829,9886,5846,14365,6815,11961,3250,3247,8605,11160,5347,9938,1369,1291,1973,3292,2194,5732,2909,8748,3464,6970,1873,1817,1552,2527,888,3382,81803,49947,3896,33,26686,0,0,4,4
2021-03-05T23:59:59+01:00,6,5,3058,2908,4526,6353,4767,9787,5783,14214,6715,11808,3207,3192,8421,10930,5228,9766,1360,1258,1943,3237,2170,5625,2867,8614,3420,6832,1830,1772,1488,2456,866,3356,80906,49060,3888,33,25876,0,0,4,4
2021-03-04T23:59:59+01:00,4,5,3005,2715,4367,6115,4549,9477,5577,13794,6404,11419,3029,3016,7407,9642,4610,8854,1340,1208,1905,3114,2140,5442,2821,8338,3364,6600,1760,1682,1452,2408,862,3338,76767,47741,3618,32,23600,0,0,4,4
2021-03-03T23:59:59+01:00,3,5,2966,2643,4226,5924,4384,9209,5375,13416,6151,10999,2908,2886,6763,8873,4217,8252,1328,1170,1878,3042,2118,5333,2789,8162,3311,6443,1691,1638,1411,2338,842,3285,74058,46747,3389,32,21749,0,0,4,3
2021-03-02T23:59:59+01:00,3,5,2905,2554,4042,5708,4176,8937,5177,13041,5883,10625,2762,2729,5997,7909,3755,7547,1295,1127,1851,2970,2094,5195,2740,7890,3262,6245,1620,1578,1347,2259,822,3242,70902,45505,2943,32,19906,0,0,4,3
2021-03-01T23:59:59+01:00,3,4,2865,2492,3876,5557,3989,8717,4989,12719,5645,10238,2662,2615,5508,7255,3403,7043,1289,1091,1828,2869,2067,5002,2700,7640,3203,6009,1577,1542,1299,2200,796,3203,68754,44283,2645,32,18177,0,0,4,3
2021-02-28T23:59:59+01:00,3,4,2824,2443,3718,5439,3769,8528,4806,12469,5458,9934,2605,2543,5385,7099,3341,6942,1285,1086,1824,2855,2058,4978,2693,7604,3193,5992,1569,1535,1293,2191,794,3193,68278,44112,2427,31,16601,0,0,4,3
2021-02-27T23:59:59+01:00,3,3,2809,2378,3692,5359,3735,8459,4772,12379,5423,9861,2564,2509,5056,6712,3145,6692,1278,1078,1817,2843,2045,4943,2674,7539,3177,5936,1551,1526,1287,2180,791,3192,66972,43827,2427,30,16148,0,0,4,3
2021-02-26T23:59:59+01:00,3,3,2789,2337,3652,5275,3670,8357,4711,12271,5338,9773,2488,2456,4679,6231,2876,6369,1219,1028,1767,2734,1996,4762,2620,7265,3104,5725,1490,1475,1264,2158,777,3183,65181,42539,2302,29,15791,0,0,4,2
2021-02-25T23:59:59+01:00,3,3,2615,2228,3468,5094,3488,8135,4507,11985,5120,9499,2401,2391,4230,5679,2588,5948,1203,971,1736,2626,1943,4489,2549,6871,3010,5439,1446,1432,1244,2143,775,3174,63326,41027,1980,26,14072,0,0,4,1
2021-02-24T23:59:59+01:00,3,3,2460,2090,3278,4902,3340,7929,4310,11731,4901,9251,2264,2272,3777,5169,2331,5555,1188,942,1713,2540,1909,4350,2489,6615,2958,5233,1415,1401,1226,2123,771,3155,61563,40011,1511,18,12488,0,0,4,1
2021-02-23T23:59:59+01:00,3,3,2323,1952,3100,4674,3185,7698,4139,11458,4719,9005,2178,2178,3224,4504,1993,5043,1174,894,1682,2445,1870,4157,2421,6316,2860,4973,1358,1346,1197,2080,758,3130,59364,38648,1164,14,10847,0,0,4,1
2021-02-22T23:59:59+01:00,3,3,2283,1901,3015,4581,3115,7590,4045,11272,4612,8880,2128,2137,2860,4042,1707,4657,1162,835,1650,2319,1827,3912,2345,5922,2735,4675,1296,1291,1174,2047,752,3109,57693,37048,1080,4,10054,0,0,4,1
2021-02-21T23:59:59+01:00,3,3,2247,1869,2964,4512,3033,7476,3964,11126,4546,8763,2114,2114,2776,3928,1652,4569,1158,817,1633,2266,1802,3803,2312,5767,2672,4551,1264,1268,1164,2033,745,3096,57262,36348,1047,4,9346,0,0,4,1
2021-02-20T23:59:59+01:00,3,3,2236,1866,2942,4499,3017,7440,3938,11093,4525,8742,2111,2106,2722,3871,1617,4514,1158,814,1633,2264,1801,3794,2311,5762,2671,4547,1263,1265,1163,2030,744,3095,57047,36312,1046,4,9148,0,0,4,1
2021-02-19T23:59:59+01:00,2,3,2224,1853,2906,4447,2992,7352,3893,11011,4471,8679,2103,2100,2634,3758,1537,4421,1106,805,1594,2256,1791,3785,2301,5741,2662,4535,1257,1254,1152,2025,739,3088,56635,36088,1015,4,8732,0,0,4,1
2021-02-18T23:59:59+01:00,2,3,2092,1757,2749,4263,2868,7153,3756,10724,4332,8476,2071,2066,2394,3493,1385,4199,1027,770,1519,2158,1742,3663,2229,5583,2606,4448,1243,1234,1147,2011,729,3070,55580,35176,948,4,7251,0,0,4,1
2021-02-17T23:59:59+01:00,2,3,2048,1708,2657,4129,2759,6939,3603,10383,4191,8234,2014,1983,2175,3264,1261,4012,873,707,1410,2033,1667,3473,2135,5359,2533,4277,1209,1189,1122,1966,714,3030,54518,33695,803,3,6040,0,0,4,1
2021-02-16T23:59:59+01:00,2,3,1875,1595,2483,3922,2620,6664,3442,10029,4015,7927,1970,1956,1900,2945,1091,3760,846,685,1338,1958,1599,3331,2040,5188,2436,4146,1148,1142,1064,1876,682,2937,53192,32415,767,2,4236,0,0,4,1
2021-02-15T23:59:59+01:00,2,3,1841,1540,2395,3753,2542,6391,3319,9662,3900,7658,1944,1928,1685,2707,970,3574,828,672,1309,1912,1558,3263,1985,5016,2373,4046,1083,1102,1000,1786,663,2844,52099,31440,754,1,2957,0,0,4,1
2021-02-14T23:59:59+01:00,2,3,1752,1509,2350,3691,2500,6301,3249,9559,3854,7580,1933,1918,1628,2648,920,3515,813,662,1292,1887,1531,3240,1951,4976,2348,3991,1073,1093,993,1776,660,2832,51767,31118,725,1,2416,0,0,4,1
2021-02-13T23:59:59+01:00,2,3,1751,1497,2340,3684,2494,6287,3245,9543,3847,7570,1925,1898,1605,2628,917,3505,813,662,1292,1887,1531,3240,1951,4976,2348,3991,1073,1093,993,1776,660,2832,51613,31118,725,1,2399,0,0,4,1
2021-02-12T23:59:59+01:00,2,3,1671,1411,2241,3572,2414,6113,3140,9305,3725,7305,1878,1841,1542,2556,894,3478,807,655,1280,1866,1516,3221,1943,4945,2332,3971,1068,1088,992,1757,660,2802,50673,30903,725,1,1689,0,0,4,1
2021-02-11T23:59:59+01:00,2,3,1468,1273,2058,3357,2286,5821,2988,8873,3566,6959,1806,1739,1500,2496,880,3456,779,604,1186,1687,1391,2947,1804,4586,2169,3685,1018,1027,951,1686,627,2671,49281,28818,684,1,562,0,0,4,1
2021-02-10T23:59:59+01:00,2,3,1372,1224,1970,3230,2218,5649,2906,8596,3454,6728,1735,1691,1455,2429,864,3399,565,520,964,1462,1252,2639,1619,4124,1966,3307,901,900,830,1435,548,2355,48116,25388,644,0,161,0,0,4,1
2021-02-09T23:59:59+01:00,2,3,1337,1174,1933,3138,2191,5469,2839,8254,3384,6470,1662,1629,1394,2369,847,3362,302,383,746,1199,1065,2264,1409,3588,1718,2855,733,736,662,1148,438,1909,46859,21156,515,0,80,0,0,3,1
2021-02-08T23:59:59+01:00,2,3,1330,1139,1902,3018,2153,5247,2787,7973,3325,6234,1621,1595,1349,2314,831,3342,266,342,644,1044,959,2046,1249,3198,1521,2539,630,617,558,969,381,1659,45739,18623,344,0,79,0,0,3,1
2021-02-07T23:59:59+01:00,2,3,1303,1123,1873,2966,2128,5165,2758,7870,3283,6169,1605,1579,1334,2295,820,3327,232,286,596,954,899,1891,1157,2973,1424,2367,590,597,537,936,371,1630,45457,17442,143,0,0,0,0,3,0
2021-02-06T23:59:59+01:00,2,3,1298,1117,1867,2954,2119,5137,2745,7826,3272,6124,1592,1571,1329,2285,817,3326,213,252,574,917,871,1825,1115,2856,1367,2285,574,579,530,936,371,1630,45238,16897,143,0,0,0,0,3,0
2021-02-05T23:59:59+01:00,2,3,1237,1065,1818,2843,2067,4941,2686,7530,3195,5908,1529,1517,1310,2259,809,3319,197,223,539,870,837,1746,1076,2739,1314,2186,540,555,519,912,361,1605,43892,16221,143,0,0,0,0,3,0
2021-02-04T23:59:59+01:00,2,3,1225,1001,1777,2694,1996,4629,2603,7086,3095,5582,1484,1484,1292,2243,806,3311,169,169,466,753,738,1607,966,2500,1202,1971,493,503,476,858,343,1492,42276,14708,35,0,0,0,0,2,0
2021-02-03T23:59:59+01:00,2,3,1207,972,1746,2613,1957,4483,2536,6824,3043,5364,1447,1451,1263,2208,788,3282,138,140,393,641,622,1371,821,2122,1005,1685,378,369,341,644,240,1131,41152,12043,35,0,0,0,0,2,0
2021-02-02T23:59:59+01:00,2,3,1190,916,1714,2513,1914,4260,2462,6492,2936,5090,1394,1405,1240,2178,779,3258,117,116,316,520,519,1136,677,1792,815,1377,280,269,263,472,188,847,39709,9706,35,0,0,0,0,2,0
2021-02-01T23:59:59+01:00,1,3,1177,856,1679,2388,1864,4014,2385,6099,2817,4794,1327,1323,1209,2132,768,3233,84,76,216,349,346,741,429,1155,478,858,174,164,152,279,100,494,38032,6095,35,0,0,0,0,2,0
2021-01-31T23:59:59+01:00,1,3,1172,838,1662,2330,1840,3891,2353,5916,2750,4675,1296,1300,1198,2117,761,3221,73,70,183,279,269,575,340,902,396,691,148,148,144,271,96,480,37290,5065,32,0,0,0,0,2,0
2021-01-30T23:59:59+01:00,1,3,1172,835,1661,2325,1838,3880,2351,5905,2747,4665,1295,1296,1197,2116,761,3220,69,63,151,232,241,507,305,784,353,616,147,141,139,267,96,479,37235,4590,31,0,0,0,0,2,0
2021-01-29T23:59:59+01:00,1,3,1119,826,1622,2318,1827,3873,2343,5891,2739,4653,1291,1293,1193,2116,761,3220,61,45,114,177,197,353,248,635,309,488,136,132,127,256,93,479,37059,3850,29,0,0,0,0,1,0
2021-01-28T23:59:59+01:00,1,3,1044,801,1564,2258,1794,3804,2296,5820,2706,4599,1279,1281,1186,2110,752,3206,39,20,72,105,128,206,153,380,201,291,103,101,102,205,83,432,36477,2621,26,0,0,0,0,1,0
2021-01-27T23:59:59+01:00,1,3,894,750,1473,2183,1727,3689,2224,5690,2648,4474,1251,1237,1162,2071,740,3174,28,12,62,86,103,162,121,323,174,247,95,84,91,186,79,401,35373,2254,17,0,0,0,0,1,0
2021-01-26T23:59:59+01:00,1,3,880,731,1408,2109,1664,3559,2137,5518,2560,4363,1196,1197,1116,2000,716,3125,27,11,59,83,99,156,117,309,173,237,93,79,84,165,68,355,34271,2115,11,0,0,0,0,1,0
2021-01-25T23:59:59+01:00,1,3,867,710,1376,2049,1633,3462,2092,5352,2503,4273,1145,1172,1069,1943,698,3066,25,11,56,83,96,154,116,307,172,237,92,78,83,164,66,352,33411,2092,2,0,0,0,0,1,0
2021-01-24T23:59:59+01:00,1,3,864,709,1370,2038,1628,3445,2084,5326,2492,4241,1141,1166,1064,1936,697,3061,25,11,56,83,95,153,116,307,172,236,92,78,83,164,66,352,33263,2089,2,0,0,0,0,1,0
2021-01-23T23:59:59+01:00,1,3,864,709,1370,2038,1628,3445,2084,5326,2492,4241,1141,1166,1064,1936,697,3061,25,11,56,83,95,153,116,307,171,236,92,78,83,164,66,352,33263,2088,2,0,0,0,0,1,0
2021-01-22T23:59:59+01:00,1,3,864,699,1356,2016,1612,3421,2071,5292,2476,4221,1139,1161,1063,1913,696,3028,25,11,56,83,95,153,116,307,170,236,92,78,83,164,66,352,33029,2087,2,0,0,0,0,1,0
2021-01-21T23:59:59+01:00,1,3,833,662,1279,1861,1513,3231,1974,5020,2368,4023,1099,1102,1032,1833,658,2901,23,10,52,78,87,145,106,278,156,213,79,70,74,144,54,300,31390,1869,2,0,0,0,0,1,0
2021-01-20T23:59:59+01:00,1,3,630,563,1085,1643,1378,2957,1797,4615,2165,3686,974,984,914,1604,593,2631,21,10,51,74,84,144,99,265,145,194,69,64,69,122,45,268,28220,1724,2,0,0,0,0,1,0
2021-01-19T23:59:59+01:00,1,3,343,417,834,1386,1177,2618,1562,4088,1905,3237,807,816,750,1331,495,2226,17,7,36,52,55,78,73,178,101,131,52,49,48,91,34,207,23994,1209,1,0,0,0,0,1,0
2021-01-18T23:59:59+01:00,1,3,300,376,722,1198,1055,2364,1370,3591,1666,2857,679,667,605,1087,421,1841,7,3,11,17,19,27,24,50,25,46,12,11,13,33,7,61,20802,366,0,0,0,0,0,1,0
2021-01-17T23:59:59+01:00,1,3,259,321,656,1104,977,2193,1273,3316,1551,2646,634,638,578,1031,400,1783,0,0,1,0,2,2,2,1,2,2,1,4,1,0,0,1,19364,19,0,0,0,0,0,0,0
2021-01-16T23:59:59+01:00,1,3,242,289,640,1071,953,2130,1232,3206,1500,2573,618,621,571,1031,400,1782,0,0,0,0,1,2,1,1,1,2,0,1,1,0,0,1,18863,11,0,0,0,0,0,0,0
2021-01-15T23:59:59+01:00,1,3,227,256,611,1024,926,2052,1197,3090,1448,2477,587,595,564,1010,393,1770,0,0,0,0,0,0,0,0,0,0,0,0,0,0,0,0,18231,0,0,0,0,0,0,0,0
2021-01-14T23:59:59+01:00,1,2,197,204,551,902,837,1909,1104,2867,1333,2294,543,552,526,966,387,1728,0,0,0,0,0,0,0,0,0,0,0,0,0,0,0,0,16903,0,0,0,0,0,0,0,0
2021-01-13T23:59:59+01:00,1,2,165,185,502,833,765,1783,1006,2634,1179,2072,430,435,399,761,289,1331,0,0,0,0,0,0,0,0,0,0,0,0,0,0,0,0,14772,0,0,0,0,0,0,0,0
2021-01-12T23:59:59+01:00,1,2,143,164,471,764,715,1628,917,2432,1072,1840,341,327,308,541,207,943,0,0,0,0,0,0,0,0,0,0,0,0,0,0,0,0,12816,0,0,0,0,0,0,0,0
2021-01-11T23:59:59+01:00,0,1,114,127,395,634,625,1375,753,1974,845,1454,211,190,169,313,109,546,0,0,0,0,0,0,0,0,0,0,0,0,0,0,0,0,9835,0,0,0,0,0,0,0,0
2021-01-10T23:59:59+01:00,0,1,88,92,305,458,470,995,546,1447,621,1058,174,167,157,300,104,533,0,0,0,0,0,0,0,0,0,0,0,0,0,0,0,0,7516,0,0,0,0,0,0,0,0
2021-01-09T23:59:59+01:00,0,1,77,84,259,395,400,863,479,1230,545,900,167,157,152,295,104,531,0,0,0,0,0,0,0,0,0,0,0,0,0,0,0,0,6639,0,0,0,0,0,0,0,0
2021-01-08T23:59:59+01:00,0,1,64,64,186,287,303,584,364,932,439,681,159,152,136,283,102,531,0,0,0,0,0,0,0,0,0,0,0,0,0,0,0,0,5268,0,0,0,0,0,0,0,0
2021-01-07T23:59:59+01:00,0,0,45,24,78,121,136,230,163,419,222,339,116,121,123,251,98,504,0,0,0,0,0,0,0,0,0,0,0,0,0,0,0,0,2990,0,0,0,0,0,0,0,0
2021-01-06T23:59:59+01:00,0,0,31,17,69,92,115,180,135,342,193,275,97,93,97,205,83,429,0,0,0,0,0,0,0,0,0,0,0,0,0,0,0,0,2453,0,0,0,0,0,0,0,0
2021-01-05T23:59:59+01:00,0,0,28,12,59,87,105,166,120,327,179,253,96,88,95,198,81,411,0,0,0,0,0,0,0,0,0,0,0,0,0,0,0,0,2305,0,0,0,0,0,0,0,0
2021-01-04T23:59:59+01:00,0,0,25,11,56,84,97,157,115,312,177,241,95,85,88,184,71,380,0,0,0,0,0,0,0,0,0,0,0,0,0,0,0,0,2178,0,0,0,0,0,0,0,0
2021-01-03T23:59:59+01:00,0,0,25,11,56,84,97,157,115,312,177,241,95,85,87,183,71,380,0,0,0,0,0,0,0,0,0,0,0,0,0,0,0,0,2176,0,0,0,0,0,0,0,0
2021-01-02T23:59:59+01:00,0,0,25,11,56,84,97,157,115,312,176,241,95,85,87,183,71,380,0,0,0,0,0,0,0,0,0,0,0,0,0,0,0,0,2175,0,0,0,0,0,0,0,0
2021-01-01T23:59:59+01:00,0,0,25,11,56,84,97,157,115,312,174,240,95,85,87,183,71,380,0,0,0,0,0,0,0,0,0,0,0,0,0,0,0,0,2172,0,0,0,0,0,0,0,0
2020-12-31T23:59:59+01:00,0,0,25,11,56,84,97,157,115,312,174,240,95,85,87,183,71,380,0,0,0,0,0,0,0,0,0,0,0,0,0,0,0,0,2172,0,0,0,0,0,0,0,0
2020-12-30T23:59:59+01:00,0,0,24,11,56,83,96,154,115,311,174,240,95,85,87,183,71,380,0,0,0,0,0,0,0,0,0,0,0,0,0,0,0,0,2165,0,0,0,0,0,0,0,0
2020-12-29T23:59:59+01:00,0,0,18,8,41,59,73,91,85,216,127,188,73,73,65,151,56,304,0,0,0,0,0,0,0,0,0,0,0,0,0,0,0,0,1628,0,0,0,0,0,0,0,0
2020-12-28T23:59:59+01:00,0,0,8,5,17,28,31,45,39,111,53,101,30,40,37,91,29,175,0,0,0,0,0,0,0,0,0,0,0,0,0,0,0,0,840,0,0,0,0,0,0,0,0
2020-12-27T23:59:59+01:00,0,0,2,2,4,5,7,11,10,23,6,22,5,7,6,25,3,48,0,0,0,0,0,0,0,0,0,0,0,0,0,0,0,0,186,0,0,0,0,0,0,0,0
