Datum,<15_m,<15_w,15-24_1_m,15-24_1_w,25-34_1_m,25-34_1_w,35-44_1_m,35-44_1_w,45-54_1_m,45-54_1_w,55-64_1_m,55-64_1_w,65-74_1_m,65-74_1_w,75-84_1_m,75-84_1_w,>84_1_m,>84_1_w,<24_2_m,<24_2_w,25-34_2_m,25-34_2_w,35-44_2_m,35-44_2_w,45-54_2_m,45-54_2_w,55-64_2_m,55-64_2_w,65-74_2_m,65-74_2_w,75-84_2_m,75-84_2_w,>84_2_m,>84_2_w,bp_1,bp_2,mo_1,mo_2,az_1,az_2,ja,unb_1,unb_2
2021-10-03T23:59:59+02:00,10294,9603,59688,56195,66116,61786,74914,76058,96324,98387,107752,106639,74063,80358,52094,63880,15048,25910,54191,51121,61782,56976,70815,71277,91956,93535,103636,102707,71989,78089,50661,62108,14494,24803,833347,783828,70691,68132,182570,175800,48528,34,51
2021-10-02T23:59:59+02:00,10289,9601,59680,56180,66100,61774,74906,76045,96319,98382,107750,106636,74062,80358,52093,63878,15048,25910,54177,51110,61769,56969,70812,71267,91952,93532,103634,102698,71986,78089,50660,62106,14493,24803,833274,783757,70680,68126,182570,175799,48514,34,51
2021-10-01T23:59:59+02:00,10234,9544,59527,56083,66025,61690,74827,75979,96268,98331,107696,106604,74049,80336,52083,63868,15047,25907,54066,51003,61715,56907,70765,71220,91901,93478,103600,102665,71974,78082,50656,62094,14491,24798,832467,783108,70661,68099,182568,175797,48428,34,51
2021-09-30T23:59:59+02:00,10168,9465,59394,55933,65898,61570,74731,75894,96170,98244,107613,106544,74026,80299,52070,63845,15044,25896,53925,50871,61623,56806,70679,71143,91824,93397,103530,102605,71941,78042,50641,62061,14491,24788,831426,782169,70636,68077,182564,175788,48204,34,51
2021-09-29T23:59:59+02:00,10097,9408,59265,55809,65780,61454,74653,75802,96075,98156,107549,106488,73987,80255,52062,63816,15039,25885,53772,50720,61510,56672,70586,71036,91732,93304,103435,102539,71891,77998,50616,62010,14484,24778,830451,780991,70609,68047,182561,175769,47984,34,51
2021-09-28T23:59:59+02:00,10018,9329,59127,55660,65618,61313,74548,75716,95970,98071,107468,106422,73937,80212,52040,63789,15031,25864,53621,50569,61373,56558,70496,70922,91656,93226,103360,102461,71850,77959,50593,61977,14480,24767,829298,779942,70598,68028,182557,175760,47703,34,51
2021-09-27T23:59:59+02:00,9959,9276,58975,55502,65479,61185,74458,75613,95866,97964,107379,106368,73892,80169,52021,63762,15023,25844,53468,50441,61250,56424,70403,70816,91554,93130,103276,102409,71802,77912,50571,61941,14473,24748,828254,778957,70581,68013,182552,175714,47366,34,50
2021-09-26T23:59:59+02:00,9918,9236,58890,55414,65401,61104,74402,75536,95803,97908,107332,106331,73866,80144,52007,63733,15013,25827,53369,50328,61167,56346,70327,70728,91483,93054,103222,102377,71773,77884,50550,61916,14467,24736,827611,778211,70563,68005,182536,175679,47173,34,50
2021-09-25T23:59:59+02:00,9910,9224,58872,55395,65385,61094,74392,75527,95797,97900,107322,106327,73866,80143,52006,63732,15013,25827,53343,50320,61153,56328,70315,70720,91477,93048,103212,102375,71773,77882,50550,61913,14467,24736,827533,778135,70556,68001,182534,175678,47127,34,50
2021-09-24T23:59:59+02:00,9858,9169,58760,55271,65285,60994,74303,75435,95712,97827,107263,106286,73838,80121,51998,63722,15012,25817,53239,50214,61079,56254,70242,70649,91408,92987,103139,102325,71747,77864,50539,61897,14462,24726,826650,777354,70538,67994,182528,175672,46972,34,50
2021-09-23T23:59:59+02:00,9771,9076,58522,55080,65110,60836,74178,75292,95570,97694,107154,106177,73793,80086,51978,63682,15000,25799,53061,50080,60961,56118,70126,70538,91292,92880,103046,102253,71713,77820,50521,61872,14449,24710,825247,776349,70485,67966,182524,175654,46554,34,50
2021-09-22T23:59:59+02:00,9687,9016,58336,54930,64949,60691,74058,75167,95444,97594,107054,106119,73750,80039,51951,63637,14980,25773,52919,49931,60841,55998,70033,70441,91198,92774,102983,102201,71672,77773,50492,61835,14435,24696,823987,775365,70466,67943,182514,175640,46220,34,50
2021-09-21T23:59:59+02:00,9619,8928,58190,54776,64804,60546,73924,75035,95308,97476,106962,106028,73716,79980,51932,63611,14972,25751,52775,49771,60724,55869,69932,70336,91091,92670,102889,102107,71633,77728,50465,61795,14426,24671,822725,774200,70449,67931,182510,175633,45886,34,50
2021-09-20T23:59:59+02:00,9559,8867,58053,54638,64646,60411,73806,74883,95179,97385,106875,105935,73652,79936,51905,63575,14959,25730,52652,49636,60600,55749,69824,70229,90991,92580,102813,102032,71581,77685,50440,61746,14419,24653,821522,773222,70435,67914,182503,175604,45546,34,50
2021-09-19T23:59:59+02:00,9507,8827,57934,54549,64535,60295,73716,74778,95105,97284,106813,105863,73635,79911,51892,63555,14956,25719,52543,49522,60507,55637,69730,70135,90923,92510,102734,101963,71548,77652,50418,61715,14412,24647,820734,772453,70416,67900,182491,175579,45245,34,50
2021-09-18T23:59:59+02:00,9491,8810,57908,54520,64501,60264,73690,74754,95089,97262,106801,105842,73632,79910,51889,63552,14956,25718,52513,49487,60477,55613,69710,70115,90903,92494,102721,101943,71544,77649,50418,61714,14411,24645,820517,772260,70406,67891,182491,175578,45187,34,50
2021-09-17T23:59:59+02:00,9405,8731,57737,54373,64369,60136,73565,74635,94985,97160,106717,105770,73597,79878,51877,63534,14949,25711,52346,49377,60353,55503,69619,70025,90822,92414,102648,101884,71511,77612,50403,61684,14402,24638,819369,771314,70363,67873,182489,175571,44919,34,50
2021-09-16T23:59:59+02:00,9330,8658,57523,54221,64193,59952,73388,74469,94836,97027,106563,105659,73526,79819,51855,63492,14942,25696,52180,49251,60201,55382,69493,69911,90713,92313,102543,101803,71466,77564,50381,61646,14395,24625,817909,770344,70346,67854,182466,175539,44439,34,50
2021-09-15T23:59:59+02:00,9238,8577,57320,54002,64009,59751,73209,74292,94688,96876,106417,105524,73466,79751,51810,63441,14932,25676,52020,49085,60073,55247,69368,69807,90612,92234,102435,101714,71419,77507,50347,61608,14385,24614,816162,769264,70327,67837,182462,175527,44039,34,50
2021-09-14T23:59:59+02:00,9130,8471,57130,53770,63828,59565,73064,74114,94557,96720,106292,105424,73394,79686,51780,63391,14914,25654,51848,48886,59921,55106,69246,69687,90503,92107,102343,101622,71367,77446,50319,61563,14378,24601,814409,767938,70315,67824,182442,175492,43729,33,50
2021-09-13T23:59:59+02:00,9068,8404,56907,53565,63672,59372,72907,73944,94405,96567,106156,105294,73340,79635,51741,63344,14894,25625,51678,48722,59794,54975,69166,69596,90384,92018,102248,101550,71321,77405,50290,61521,14366,24590,812712,766881,70304,67811,182427,175464,43408,33,50
2021-09-12T23:59:59+02:00,9023,8376,56788,53478,63585,59278,72831,73858,94332,96501,106092,105226,73312,79610,51726,63321,14890,25619,51546,48612,59694,54875,69091,69519,90309,91953,102175,101480,71285,77375,50275,61496,14361,24578,811997,766073,70287,67797,182410,175439,43163,33,49
2021-09-11T23:59:59+02:00,9019,8368,56771,53455,63567,59265,72820,73846,94327,96487,106087,105221,73311,79609,51726,63321,14890,25619,51526,48592,59673,54863,69076,69509,90301,91938,102173,101475,71281,77373,50275,61496,14361,24576,811921,766023,70280,67753,182407,175437,43112,33,49
2021-09-10T23:59:59+02:00,8948,8307,56609,53310,63453,59145,72712,73740,94208,96371,106010,105160,73275,79573,51713,63295,14886,25614,51399,48528,59610,54800,69013,69462,90236,91881,102137,101437,71260,77357,50266,61486,14357,24570,810805,765561,70248,67698,182401,175434,42886,33,49
2021-09-09T23:59:59+02:00,8877,8243,56411,53119,63290,58962,72555,73595,94061,96233,105885,105067,73216,79511,51682,63261,14882,25601,51217,48363,59455,54669,68880,69336,90117,91775,102021,101344,71216,77311,50236,61456,14350,24551,809458,764497,70227,67648,182382,175412,42395,32,49
2021-09-08T23:59:59+02:00,8793,8169,56234,52947,63140,58782,72413,73443,93906,96103,105789,104957,73148,79449,51652,63207,14877,25586,51042,48198,59330,54531,68755,69184,89994,91668,101936,101242,71163,77253,50208,61412,14346,24534,808070,763332,70200,67598,182346,175389,41988,32,49
2021-09-07T23:59:59+02:00,8705,8109,56070,52792,63023,58643,72297,73314,93800,96003,105682,104856,73095,79401,51626,63167,14870,25564,50873,48035,59201,54386,68633,69070,89888,91553,101837,101142,71116,77208,50185,61386,14342,24515,806812,762120,70195,67584,182342,175367,41677,32,49
2021-09-06T23:59:59+02:00,8642,8043,55921,52623,62885,58487,72194,73184,93699,95892,105602,104769,73043,79352,51594,63138,14859,25548,50724,47895,59063,54236,68516,68950,89807,91457,101741,101057,71067,77160,50161,61357,14335,24504,805600,760995,70168,67541,182309,175345,41406,32,49
2021-09-05T23:59:59+02:00,8613,8005,55853,52530,62822,58428,72147,73127,93649,95842,105575,104725,73018,79328,51584,63118,14852,25542,50632,47812,58998,54172,68457,68891,89763,91400,101700,101007,71045,77132,50146,61340,14329,24494,805076,760373,70159,67531,182287,175326,41244,32,49
2021-09-04T23:59:59+02:00,8607,8000,55833,52521,62813,58419,72139,73119,93642,95838,105572,104719,73017,79327,51584,63118,14852,25542,50618,47797,58982,54158,68453,68882,89756,91395,101696,101003,71044,77130,50145,61340,14329,24494,805018,760308,70156,67526,182286,175325,41210,32,49
2021-09-03T23:59:59+02:00,8541,7931,55702,52434,62741,58322,72060,73039,93565,95776,105502,104658,72987,79293,51565,63087,14845,25532,50503,47702,58903,54091,68392,68810,89695,91334,101631,100950,71015,77097,50123,61314,14326,24485,804101,759523,70148,67508,182279,175316,41060,32,49
2021-09-02T23:59:59+02:00,8448,7837,55510,52278,62616,58217,71966,72911,93446,95661,105396,104574,72930,79238,51534,63040,14834,25512,50279,47533,58759,53972,68288,68693,89560,91226,101515,100851,70957,77049,50099,61286,14318,24469,802969,758360,70105,67467,182265,175267,40615,32,49
2021-09-01T23:59:59+02:00,8372,7744,55360,52133,62485,58085,71877,72787,93351,95571,105318,104503,72892,79194,51513,63005,14827,25494,50105,47325,58633,53832,68208,68581,89458,91123,101411,100757,70916,77006,50072,61245,14311,24453,801855,757129,70083,67428,182253,175214,40326,32,49
2021-08-31T23:59:59+02:00,8264,7650,55198,51978,62380,57971,71800,72687,93267,95488,105236,104424,72851,79153,51491,62976,14817,25480,49898,47124,58513,53693,68094,68458,89361,91018,101302,100678,70870,76953,50050,61209,14299,24436,800782,755767,70075,67412,182244,175188,40016,32,49
2021-08-30T23:59:59+02:00,8188,7570,55017,51813,62268,57843,71686,72570,93143,95359,105116,104329,72800,79112,51474,62942,14795,25457,49701,46912,58391,53554,67995,68347,89243,90906,101187,100569,70818,76918,50023,61180,14285,24419,799591,754564,70035,67346,182211,175133,39650,32,49
2021-08-29T23:59:59+02:00,8147,7524,54927,51735,62210,57765,71618,72522,93091,95295,105068,104294,72780,79090,51459,62926,14789,25448,49583,46809,58302,53454,67923,68272,89188,90845,101127,100517,70791,76902,50009,61167,14279,24416,799066,753908,70033,67336,182201,175089,39393,32,49
2021-08-28T23:59:59+02:00,8129,7510,54888,51697,62180,57744,71591,72505,93073,95279,105054,104283,72775,79088,51457,62922,14789,25448,49545,46790,58276,53438,67902,68258,89168,90822,101120,100504,70785,76898,50007,61165,14279,24416,798860,753761,70032,67329,182199,175089,39326,32,49
2021-08-27T23:59:59+02:00,8046,7432,54706,51559,62066,57607,71494,72382,92951,95158,104943,104197,72730,79038,51434,62886,14777,25442,49420,46705,58198,53356,67820,68186,89090,90755,101062,100456,70749,76863,49993,61154,14277,24416,797543,753058,70027,67323,182188,175081,39095,32,49
2021-08-26T23:59:59+02:00,7982,7359,54545,51412,61943,57497,71396,72275,92848,95030,104837,104116,72688,78986,51411,62866,14772,25428,49258,46549,58076,53252,67720,68091,88986,90676,100995,100387,70708,76827,49969,61132,14272,24406,796490,752230,70017,67284,182178,175048,38709,32,49
2021-08-25T23:59:59+02:00,7919,7306,54401,51262,61832,57345,71290,72159,92741,94929,104735,104030,72629,78935,51383,62830,14759,25414,49062,46358,57951,53112,67602,67967,88873,90562,100894,100298,70651,76779,49942,61092,14265,24391,795486,751096,69991,67251,182167,175010,38258,32,49
2021-08-24T23:59:59+02:00,7810,7218,54261,51058,61706,57208,71184,72030,92624,94809,104630,103932,72576,78888,51349,62785,14751,25398,48842,46135,57813,52941,67493,67832,88771,90469,100803,100216,70613,76726,49917,61066,14261,24374,794088,749698,69974,67229,182157,174988,38001,32,49
2021-08-23T23:59:59+02:00,7748,7144,54078,50885,61574,57085,71070,71919,92498,94702,104532,103833,72524,78828,51315,62743,14744,25387,48658,45961,57696,52815,67387,67735,88668,90378,100716,100137,70572,76675,49889,61027,14257,24362,792880,748680,69944,67203,182142,174933,37646,32,49
2021-08-22T23:59:59+02:00,7720,7118,53995,50807,61521,57022,71030,71866,92455,94660,104490,103804,72503,78812,51306,62730,14743,25381,48539,45852,57606,52722,67312,67675,88597,90320,100674,100095,70543,76651,49874,61009,14254,24355,792457,748001,69936,67195,182121,174883,37452,32,49
2021-08-21T23:59:59+02:00,7714,7115,53968,50792,61502,57011,71015,71852,92442,94642,104480,103794,72498,78810,51306,62729,14743,25380,48519,45835,57585,52715,67295,67656,88579,90305,100664,100085,70542,76648,49874,61008,14254,24355,792386,747911,69893,67176,182117,174877,37400,32,49
2021-08-20T23:59:59+02:00,7683,7078,53878,50716,61428,56950,70945,71789,92377,94579,104427,103758,72474,78782,51294,62703,14735,25369,48426,45760,57514,52652,67226,67600,88521,90246,100604,100047,70519,76625,49868,60992,14245,24351,791844,747395,69821,67163,182114,174853,37189,32,49
2021-08-19T23:59:59+02:00,7617,6998,53745,50596,61278,56834,70828,71683,92263,94491,104335,103668,72425,78726,51265,62663,14726,25349,48294,45658,57398,52559,67136,67522,88430,90168,100508,99981,70486,76597,49848,60968,14241,24342,790812,746752,69785,67129,182098,174808,36798,32,49
2021-08-18T23:59:59+02:00,7542,6942,53597,50460,61151,56723,70717,71591,92155,94403,104234,103585,72366,78673,51230,62627,14716,25328,48175,45531,57280,52461,67046,67448,88312,90079,100430,99905,70438,76555,49826,60940,14233,24325,789812,746025,69757,67090,182087,174756,36387,32,49
2021-08-17T23:59:59+02:00,7459,6861,53434,50296,61043,56598,70601,71470,92050,94298,104127,103485,72315,78630,51202,62601,14708,25317,47982,45353,57148,52322,66926,67341,88182,89983,100320,99808,70382,76506,49801,60919,14226,24313,788734,744994,69736,67056,182082,174701,35946,32,49
2021-08-16T23:59:59+02:00,7387,6798,53304,50167,60946,56484,70501,71375,91957,94193,104034,103385,72271,78579,51173,62556,14700,25309,47842,45235,57040,52252,66831,67257,88081,89896,100233,99714,70335,76465,49774,60888,14218,24308,787864,744367,69688,66992,182067,174634,35503,32,48
2021-08-15T23:59:59+02:00,7338,6758,53226,50086,60878,56414,70435,71315,91899,94142,103979,103337,72236,78550,51165,62540,14696,25300,47736,45140,56948,52164,66762,67195,88003,89831,100178,99668,70297,76428,49760,60867,14213,24296,787391,743880,69674,66963,182054,174553,35178,32,48
2021-08-14T23:59:59+02:00,7316,6742,53153,50016,60829,56370,70400,71268,91863,94103,103940,103301,72215,78542,51156,62529,14694,25297,47497,44866,56781,51976,66610,67041,87869,89709,100062,99561,70247,76385,49749,60844,14209,24291,786908,742048,69667,66957,182054,174542,35108,32,48
2021-08-13T23:59:59+02:00,7275,6706,53043,49920,60744,56290,70347,71199,91787,94047,103889,103256,72192,78520,51144,62518,14692,25290,46993,44367,56541,51708,66380,66786,87596,89456,99865,99357,70160,76283,49710,60784,14203,24270,786154,738569,69663,66947,182054,174468,34991,32,48
2021-08-12T23:59:59+02:00,7244,6679,52942,49849,60685,56211,70273,71150,91716,93988,103828,103210,72158,78488,51130,62502,14690,25276,46494,43922,56265,51406,66119,66564,87336,89232,99514,99081,70045,76144,49651,60720,14192,24241,785717,735515,69638,66891,182038,174014,34629,32,47
2021-08-11T23:59:59+02:00,7178,6611,52776,49680,60555,56092,70189,71056,91608,93884,103728,103103,72097,78423,51098,62460,14683,25260,45817,43303,55894,51024,65857,66267,87041,88967,99177,98713,69905,75998,49590,60617,14180,24212,784543,731400,69618,66854,182029,173579,34294,32,47
2021-08-10T23:59:59+02:00,7101,6527,52577,49493,60410,55972,70082,70934,91483,93754,103605,102998,72045,78366,51067,62429,14675,25251,44861,42396,55223,50371,65361,65813,86581,88483,98683,98256,69700,75799,49490,60516,14159,24173,783184,725132,69609,66803,182023,173076,33955,32,47
2021-08-09T23:59:59+02:00,7058,6480,52466,49402,60333,55897,70024,70874,91415,93682,103534,102939,72002,78330,51061,62413,14671,25243,43855,41333,54509,49681,64886,65381,86136,88049,98166,97787,69510,75575,49397,60390,14131,24133,782619,718670,69539,66724,182012,172513,33656,32,47
2021-08-08T23:59:59+02:00,7013,6440,52402,49334,60293,55865,69986,70850,91358,93635,103481,102898,71981,78308,51047,62392,14665,25238,43799,41270,54446,49635,64824,65343,86064,87992,98101,97737,69486,75545,49375,60363,14123,24126,782338,718383,69532,66709,181998,172434,33319,32,47
2021-08-07T23:59:59+02:00,6974,6399,52292,49207,60215,55789,69928,70785,91288,93573,103431,102850,71964,78291,51038,62386,14665,25237,42832,40247,53891,49063,64389,64938,85690,87594,97781,97390,69343,75402,49319,60281,14106,24108,781553,712014,69528,66692,181998,172426,33234,32,45
2021-08-06T23:59:59+02:00,6931,6338,52157,49080,60143,55723,69863,70703,91208,93497,103372,102794,71941,78268,51027,62367,14663,25233,42151,39634,53648,48796,64166,64697,85455,87372,97552,97189,69259,75311,49277,60240,14100,24095,780685,708399,69524,66610,181997,172289,33103,32,45
2021-08-05T23:59:59+02:00,6821,6231,51905,48857,59967,55534,69722,70558,91047,93351,103230,102658,71880,78205,50999,62327,14650,25214,41317,38938,53128,48336,63793,64349,84998,86972,96929,96671,69072,75127,49211,60142,14081,24064,779070,703855,69471,66559,181964,171160,32651,32,45
2021-08-04T23:59:59+02:00,6732,6146,51709,48625,59820,55356,69609,70407,90911,93237,103112,102541,71819,78143,50973,62281,14639,25185,40473,38150,52758,47933,63471,64029,84627,86645,96518,96264,68909,74955,49134,60044,14065,24030,777663,699264,69436,66540,181950,170372,32196,32,45
2021-08-03T23:59:59+02:00,6659,6089,51540,48488,59695,55227,69518,70316,90812,93138,103015,102460,71766,78108,50953,62255,14631,25169,39476,37204,51963,47249,62928,63496,84109,86161,95804,95634,68665,74740,49042,59927,14044,23985,776629,693015,69427,66517,181943,169191,31840,32,45
2021-08-02T23:59:59+02:00,6611,6046,51405,48348,59604,55148,69434,70247,90757,93065,102936,102398,71727,78067,50932,62232,14624,25156,38203,36041,50998,46438,62211,62908,83503,85595,95004,94933,68411,74483,48954,59793,14023,23946,775934,685380,69379,66466,181915,167879,31509,32,45
2021-08-01T23:59:59+02:00,6569,5991,51235,48186,59451,55033,69341,70133,90649,92974,102848,102305,71686,78030,50910,62192,14619,25140,38018,35907,50840,46338,62080,62815,83325,85453,94552,94530,68294,74373,48915,59744,14012,23926,774887,684737,69350,66407,181897,166569,31158,32,44
2021-07-31T23:59:59+02:00,6526,5957,51141,48065,59396,54961,69292,70089,90610,92944,102821,102281,71675,78018,50902,62188,14619,25137,36409,34396,49929,45470,61543,62248,82821,84940,94071,94096,68105,74168,48836,59649,13994,23893,774277,675578,69346,66398,181897,166454,31102,32,44
2021-07-30T23:59:59+02:00,6490,5904,50991,47925,59314,54880,69223,70030,90536,92864,102765,102243,71658,77994,50893,62165,14616,25133,34948,32991,48957,44518,60812,61557,82136,84319,93388,93520,67871,73931,48732,59499,13975,23862,773516,666044,69321,66387,181891,166149,30896,32,44
2021-07-29T23:59:59+02:00,6375,5784,50560,47556,59099,54610,69031,69840,90347,92676,102603,102105,71583,77912,50860,62110,14601,25115,34212,32376,48332,44069,60409,61202,81712,83968,92615,92844,67676,73773,48669,59412,13955,23832,771199,662178,69267,66241,181848,164503,30453,32,44
2021-07-28T23:59:59+02:00,6303,5720,50305,47362,58966,54455,68903,69744,90220,92552,102496,102011,71527,77855,50833,62070,14592,25098,33887,32081,48012,43830,60178,60978,81533,83795,92376,92644,67602,73706,48636,59379,13942,23822,769882,660469,69234,66152,181820,163981,30076,32,43
2021-07-27T23:59:59+02:00,6251,5673,50142,47222,58824,54359,68810,69655,90118,92442,102388,101934,71482,77802,50803,62036,14584,25084,32420,30674,46738,42736,59345,60183,80928,83263,91352,91796,67326,73421,48548,59252,13910,23781,768976,651796,69208,66081,181796,162187,29629,32,43
2021-07-26T23:59:59+02:00,6228,5644,50023,47133,58726,54271,68734,69602,90031,92381,102323,101883,71442,77765,50779,62016,14578,25075,31052,29414,45416,41611,58243,59195,80218,82628,90186,90766,67018,73148,48456,59135,13886,23739,768441,642711,69142,65986,181758,159891,29294,31,43
2021-07-25T23:59:59+02:00,6208,5627,49909,47028,58636,54205,68670,69543,89966,92324,102264,101836,71408,77729,50761,61993,14575,25065,30845,29257,45143,41415,57987,58964,79946,82421,89225,89911,66811,72975,48388,59062,13874,23715,768030,641527,69130,65867,181732,157436,28856,31,43
2021-07-24T23:59:59+02:00,6173,5598,49789,46940,58567,54143,68622,69487,89920,92281,102223,101795,71402,77722,50758,61990,14574,25061,29247,27665,43987,40328,57289,58249,79326,81847,88581,89344,66631,72784,48317,58960,13860,23691,767424,631452,69121,65850,181724,157296,28777,31,43
2021-07-23T23:59:59+02:00,6088,5511,49615,46762,58472,54039,68513,69384,89815,92177,102133,101699,71366,77665,50737,61959,14570,25055,27550,26144,42726,39239,56357,57360,78634,81231,87872,88680,66361,72512,48239,58859,13839,23661,766046,620888,69117,65684,181705,156824,28693,31,43
2021-07-22T23:59:59+02:00,5948,5398,49318,46477,58272,53834,68341,69217,89631,92024,101979,101565,71300,77583,50695,61908,14559,25036,26728,25315,41814,38425,55413,56531,77890,80604,86206,87172,65986,72113,48129,58728,13808,23609,764108,612391,69072,65182,181674,155352,28232,31,43
2021-07-21T23:59:59+02:00,5672,5115,48785,45948,57969,53521,68109,68939,89352,91776,101709,101299,71172,77453,50635,61843,14550,25010,26472,25092,41393,38143,54972,56140,77520,80322,85397,86566,65819,71985,48073,58662,13790,23584,760499,610418,69047,64903,181651,153576,27661,31,43
2021-07-20T23:59:59+02:00,5595,5041,48499,45669,57799,53313,67932,68794,89172,91621,101543,101155,71096,77386,50596,61796,14541,24982,25295,23936,40099,37109,53628,54936,76616,79548,84034,85221,65512,71643,47965,58525,13762,23538,758813,600006,69040,64748,181607,151994,27071,31,43
2021-07-19T23:59:59+02:00,5515,4955,48173,45342,57578,53104,67767,68591,88984,91443,101393,100994,71023,77304,50553,61745,14532,24953,24464,23099,38787,35988,51900,53438,75350,78494,82921,84240,65217,71387,47865,58407,13737,23498,757011,589967,69030,64602,181578,150202,26331,31,43
2021-07-18T23:59:59+02:00,5507,4954,48101,45285,57481,53025,67696,68517,88891,91376,101321,100930,70986,77262,50527,61712,14530,24941,24326,23000,38516,35766,51567,53148,75098,78299,82018,83471,65024,71208,47808,58334,13732,23476,756734,588903,69007,64439,181537,147973,25765,31,43
2021-07-17T23:59:59+02:00,5480,4917,48001,45207,57407,52965,67635,68460,88830,91315,101278,100911,70978,77247,50522,61706,14530,24940,22937,21537,37127,34461,50324,51956,74494,77742,81383,82875,64895,71060,47741,58272,13723,23456,756172,578019,69002,64413,181531,147834,25624,31,43
2021-07-16T23:59:59+02:00,5377,4838,47759,44975,57283,52860,67518,68346,88691,91219,101171,100807,70932,77195,50499,61687,14524,24933,21680,20297,35830,33214,48868,50635,73482,76807,80682,82216,64675,70837,47659,58171,13704,23423,754718,566374,69000,64351,181524,147631,25372,31,43
2021-07-15T23:59:59+02:00,5235,4709,47359,44649,57073,52664,67325,68160,88480,91018,100983,100639,70834,77094,50450,61613,14515,24904,21074,19796,34902,32515,47631,49687,72296,75888,78529,80081,64075,70239,47515,57992,13685,23360,752651,557016,68983,63321,181477,145789,24585,31,43
2021-07-14T23:59:59+02:00,4861,4385,46767,44073,56840,52398,67117,67957,88266,90777,100765,100442,70727,76984,50382,61530,14503,24880,20868,19650,34640,32355,47258,49384,71764,75496,77863,79546,63751,69963,47431,57908,13662,23326,749200,555206,68967,63134,181425,143887,24054,31,41
2021-07-13T23:59:59+02:00,4770,4304,46566,43919,56675,52240,66955,67809,88108,90650,100619,100314,70654,76921,50344,61483,14499,24864,20306,19117,33614,31534,45637,47929,70006,73833,76259,77988,63375,69571,47302,57736,13633,23274,747831,544278,68950,62362,181351,142268,23554,31,41
2021-07-12T23:59:59+02:00,4705,4226,46378,43728,56523,52098,66800,67682,87935,90511,100462,100173,70578,76833,50306,61427,14492,24846,19829,18681,32827,30911,43975,46472,67624,71760,74366,76484,62845,68984,47157,57574,13605,23223,746557,533172,68927,61793,181251,139695,22960,31,41
2021-07-11T23:59:59+02:00,4700,4223,46307,43674,56461,52049,66749,67643,87873,90458,100390,100112,70540,76790,50296,61412,14489,24832,19620,18537,32476,30663,43526,46096,67162,71401,73587,75784,62445,68604,47085,57484,13589,23190,746409,531373,68916,61467,181186,137220,22479,31,41
2021-07-10T23:59:59+02:00,4574,4087,46023,43367,56275,51852,66599,67466,87739,90318,100288,100005,70484,76733,50275,61386,14486,24823,19056,17986,31532,29800,41775,44515,65678,70119,72951,75163,62280,68455,47032,57432,13582,23176,744308,520753,68910,61451,181174,137174,22380,31,41
2021-07-09T23:59:59+02:00,4445,3969,45748,43115,56107,51657,66437,67301,87587,90153,100155,99900,70431,76660,50239,61345,14481,24811,18464,17412,30558,28837,39821,42585,63380,67992,71791,74024,62007,68130,46956,57307,13565,23151,742252,507054,68896,61070,181168,136769,22217,31,41
2021-07-08T23:59:59+02:00,4416,3943,45603,43001,55982,51539,66305,67201,87462,90032,100035,99802,70377,76606,50217,61306,14470,24798,17521,16605,29154,27802,38100,41131,61248,66170,68433,70867,61109,67155,46709,56965,13520,23056,741521,491779,68836,58990,181097,134189,21625,30,41
2021-07-07T23:59:59+02:00,4404,3937,45537,42959,55898,51485,66222,67157,87410,89991,99991,99751,70362,76584,50208,61288,14466,24788,16561,15751,27761,26789,36572,39900,59630,64714,65202,67388,60091,66113,46473,56644,13470,22984,741217,476475,68790,57078,181045,132041,21356,30,41
2021-07-06T23:59:59+02:00,4352,3889,45391,42831,55772,51343,66117,67047,87301,89898,99910,99667,70324,76526,50190,61260,14463,24774,15790,15010,26682,25880,34725,38188,56229,61691,62551,64928,59337,65324,46200,56309,13429,22881,740083,458572,68770,56260,180986,129911,21187,29,41
2021-07-05T23:59:59+02:00,4289,3844,45215,42655,55620,51240,65993,66938,87184,89804,99825,99569,70261,76461,50168,61233,14460,24759,15131,14383,25732,25064,33492,37054,53127,58717,59775,62462,58498,64512,45947,55997,13384,22804,738895,442485,68732,55904,180906,127424,20956,29,41
2021-07-04T23:59:59+02:00,4280,3838,45168,42623,55554,51207,65951,66913,87145,89773,99793,99541,70237,76440,50162,61218,14454,24748,14926,14179,25293,24708,32894,36526,52461,58188,58789,61597,57836,63878,45763,55792,13365,22755,738703,438406,68700,55698,180836,124721,20777,29,40
2021-07-03T23:59:59+02:00,4060,3660,44634,42059,55237,50830,65654,66636,86899,89512,99593,99345,70164,76368,50139,61172,14450,24736,14640,13857,24939,24353,31916,35605,50716,56640,57920,60861,57662,63680,45696,55707,13353,22730,734891,429827,68685,55680,180830,124673,20713,29,40
2021-07-02T23:59:59+02:00,3751,3373,43981,41464,54911,50493,65371,66332,86625,89259,99357,99119,70060,76255,50087,61102,14444,24719,14222,13408,24243,23746,30757,34536,48083,54470,55786,59072,57267,63249,45536,55549,13337,22692,730550,417313,68668,54629,180817,123942,20640,28,23
2021-07-01T23:59:59+02:00,3613,3263,43626,41114,54709,50318,65211,66168,86471,89119,99203,98999,69989,76187,50056,61068,14436,24704,13533,12723,22941,22665,29078,33022,46069,52725,53291,56791,55843,61676,45042,54933,13264,22565,728406,403775,68604,52316,180767,120109,20449,28,22
2021-06-30T23:59:59+02:00,3602,3246,43362,40917,54525,50184,65094,66071,86378,89052,99133,98946,69962,76163,50044,61046,14432,24693,12788,12121,21772,21766,27489,31652,44216,51008,49654,52829,54514,60341,44686,54495,13208,22437,727261,388010,68552,50413,180746,116676,20264,27,22
2021-06-29T23:59:59+02:00,3385,3026,42446,40082,53918,49583,64655,65643,85967,88600,98786,98619,69837,76014,49987,60975,14412,24662,12187,11514,20973,20998,26124,30445,41591,48595,47782,51281,53544,59230,44279,53957,13114,22284,721282,375967,68500,48888,180730,113292,20058,27,21
2021-06-28T23:59:59+02:00,3167,2846,41490,39083,53252,48931,64191,65252,85585,88211,98453,98275,69697,75854,49922,60875,14394,24639,11685,11063,20315,20407,25154,29547,39497,46655,46157,49915,52435,58183,43917,53449,13034,22163,715116,366478,68389,47852,180721,109614,19864,27,21
2021-06-27T23:59:59+02:00,3162,2843,41453,39051,53206,48896,64153,65218,85533,88175,98400,98248,69678,75841,49913,60861,14389,24636,11491,10869,19989,20090,24576,28985,38471,45805,44993,48821,51402,57170,43483,52942,12952,22020,714907,361871,68360,47409,180685,105299,19677,27,21
2021-06-26T23:59:59+02:00,2680,2370,40058,37681,52481,48151,63601,64654,85047,87656,97975,97815,69487,75666,49840,60757,14370,24613,11376,10766,19819,19935,24377,28767,37991,45366,44625,48468,51288,57025,43437,52894,12947,22005,706191,358911,68333,47404,180685,105281,19666,27,21
2021-06-25T23:59:59+02:00,2273,2037,39204,36869,52129,47792,63272,64329,84766,87346,97723,97548,69383,75550,49793,60695,14355,24591,11077,10456,19437,19509,23850,28144,35302,43061,42440,46553,50950,56646,43339,52763,12923,21974,701119,347335,68197,46958,180678,104631,19634,27,21
2021-06-24T23:59:59+02:00,2219,1985,38715,36408,51778,47464,63055,64120,84532,87153,97535,97392,69301,75484,49758,60649,14349,24575,10479,9873,18374,18631,22427,26888,33202,41223,40007,44258,49468,54996,42769,52062,12806,21771,698173,334452,68168,44354,180657,101079,19447,27,21
2021-06-23T23:59:59+02:00,2206,1960,38484,36176,51615,47295,62941,64010,84434,87058,97458,97308,69270,75453,49740,60628,14345,24564,10024,9442,17748,18075,21498,26032,31270,39590,36039,39797,48175,53632,42383,51555,12726,21605,696937,318928,68136,43732,180642,97771,19205,25,21
2021-06-22T23:59:59+02:00,2127,1899,37498,35248,50864,46623,62460,63562,84058,86647,97094,96996,69121,75310,49673,60547,14332,24531,9552,9009,16879,17387,20274,24952,28144,36823,33733,37921,47217,52660,41973,50998,12586,21371,690797,306747,68091,40991,180629,94702,19048,25,20
2021-06-21T23:59:59+02:00,1980,1760,36146,34025,49843,45755,61739,62900,83562,86176,96654,96590,68952,75139,49607,60452,14320,24496,9233,8711,16418,17023,19648,24473,26399,35257,32195,36626,46167,51580,41520,50449,12479,21179,682839,299388,68063,40348,180614,91063,18556,24,20
2021-06-20T23:59:59+02:00,1969,1751,36059,33972,49700,45634,61602,62765,83482,86118,96585,96531,68918,75111,49592,60434,14320,24485,9085,8608,16200,16855,19332,24215,25581,34603,31252,35676,45972,51377,41489,50397,12470,21159,682204,295600,68024,39756,180596,90731,18180,24,20
2021-06-19T23:59:59+02:00,1601,1451,34442,32423,48790,44814,61113,62260,83011,85641,96176,96177,68769,74945,49526,60352,14305,24461,9045,8533,16097,16732,19212,24062,25476,34444,31122,35535,45876,51281,41471,50372,12466,21149,673478,294259,68007,39753,180589,90696,18159,24,20
2021-06-18T23:59:59+02:00,1406,1278,32793,30834,47583,43624,60175,61341,82205,84894,95560,95599,68550,74723,49437,60213,14289,24431,8970,8448,15938,16577,19024,23869,25223,34205,30839,35215,45582,50934,41387,50295,12453,21135,662340,292065,67873,39638,180588,90275,18110,24,20
2021-06-17T23:59:59+02:00,1331,1220,31868,29991,46716,42915,59369,60491,81463,84248,95148,95216,68407,74579,49395,60137,14275,24402,8429,8082,15248,16021,18196,23043,24120,33078,29358,33854,44256,49431,40902,49683,12333,20947,655405,283119,67759,38811,180556,87618,17427,24,20
2021-06-16T23:59:59+02:00,1248,1156,31177,29289,45913,42169,58444,59612,80685,83476,94725,94837,68269,74419,49338,60045,14255,24376,7941,7757,14633,15506,17418,22315,22979,32123,28179,32746,42361,47314,40357,49104,12225,20762,648333,273379,67635,38211,180536,85219,16905,24,20
2021-06-15T23:59:59+02:00,1106,1037,29286,27499,44166,40647,56856,57974,79298,82156,93967,94166,67982,74126,49224,59888,14222,24311,7766,7630,14324,15266,17057,22013,22461,31738,27647,32317,41426,46298,39973,48678,12101,20542,633381,270309,67587,37704,180498,82795,16421,24,20
2021-06-14T23:59:59+02:00,1013,923,27736,26029,42565,39132,55203,56324,78196,81047,93273,93538,67732,73885,49129,59767,14202,24267,7583,7457,13950,14932,16532,21567,21769,31154,26968,31723,41041,45874,39589,48228,11970,20338,620148,267632,67533,37289,180469,79958,15787,24,19
2021-06-13T23:59:59+02:00,989,898,27537,25849,42181,38799,54659,55803,77850,80740,93080,93348,67642,73805,49092,59709,14187,24242,7441,7289,13677,14638,16143,21167,21341,30663,26430,31220,40643,45470,39127,47663,11791,20053,617449,265538,67392,37220,180441,76885,15104,24,19
2021-06-12T23:59:59+02:00,860,784,26023,24257,41017,37719,53986,55070,77317,80245,92529,92822,67487,73628,49023,59632,14174,24221,7396,7239,13555,14530,16011,21054,21157,30516,26312,31121,40626,45453,39117,47652,11791,20052,607908,264758,67386,37218,180435,76556,15041,24,19
2021-06-11T23:59:59+02:00,746,675,24408,22734,39666,36527,52756,53860,76348,79393,91955,92246,67252,73393,48961,59524,14155,24186,7340,7151,13383,14343,15794,20857,20885,30255,26041,30864,40320,45077,39032,47538,11774,20023,596147,262864,67307,37073,180426,75850,14881,24,19
2021-06-10T23:59:59+02:00,645,585,23411,21726,38446,35345,51151,52356,75030,78197,90348,90700,66897,72998,48834,59350,14130,24131,7059,6926,12857,13907,15155,20285,20125,29499,25249,30188,39615,44216,38680,47120,11660,19839,583250,259401,66825,37039,180372,72122,13809,24,19
2021-06-09T23:59:59+02:00,575,536,22957,21338,37786,34822,50041,51310,73785,77000,89757,90194,66770,72853,48784,59265,14115,24101,6786,6617,12265,13303,14370,19474,19208,28474,24264,29026,37048,41297,38116,46475,11512,19600,576075,249079,66364,36966,180333,68588,13193,24,19
2021-06-08T23:59:59+02:00,469,425,21439,19872,36177,33459,47926,49352,71644,75062,88283,88715,66454,72468,48649,59104,14082,24056,6655,6443,11881,12932,13886,18985,18604,27873,23709,28489,36764,41042,37825,46108,11403,19443,558698,247421,66088,36888,180299,65197,12527,24,19
2021-06-07T23:59:59+02:00,354,331,20432,18900,34632,32130,45651,47330,69509,73185,87307,87867,66230,72202,48575,58969,14062,24020,6500,6282,11456,12581,13343,18502,17876,27284,23075,27891,36443,40736,37407,45626,11291,19245,543520,245425,65917,36818,180246,61307,11979,24,19
2021-06-06T23:59:59+02:00,331,310,20252,18755,34237,31845,45043,46756,68890,72700,87096,87700,66174,72141,48563,58942,14055,24008,6368,6108,11129,12166,12914,17930,17239,26474,22379,27083,35976,40260,36925,45073,11135,18976,540398,242978,65590,36769,180203,56796,11583,24,19
2021-06-05T23:59:59+02:00,259,245,19005,17489,32905,30631,43816,45582,68315,72182,86564,87190,66083,72039,48515,58893,14048,23996,6317,6027,11025,12003,12789,17752,17069,26263,22208,26893,35912,40183,36903,45049,11133,18971,530399,242374,65590,36356,180182,56196,11562,24,19
2021-06-04T23:59:59+02:00,178,175,17811,16338,31596,29338,42263,44085,66970,70866,85754,86438,65896,71825,48438,58801,14032,23967,6214,5885,10851,11793,12575,17496,16712,25878,21688,26455,35027,39330,36588,44749,11116,18948,517559,240533,65523,36029,180175,53245,11490,24,18
2021-06-03T23:59:59+02:00,123,122,17171,15764,30610,28511,40804,42791,65194,69335,83505,84153,65470,71372,48310,58639,14014,23929,6044,5676,10541,11439,12257,17030,16262,25217,21140,25876,34363,38540,36412,44547,11083,18898,503765,238201,64827,35642,180136,50410,11065,24,17
2021-06-02T23:59:59+02:00,94,79,16828,15454,30300,28246,40140,42170,63604,67943,82564,83351,65329,71209,48250,58555,14011,23914,5927,5585,10366,11280,12027,16814,15970,24911,20794,25483,31116,34913,36184,44324,11054,18845,496258,229502,64824,35311,180135,49972,10800,24,17
2021-06-01T23:59:59+02:00,38,44,16036,14782,28801,27141,37777,40109,60039,64758,80132,81030,64979,70845,48122,58365,13977,23860,5653,5305,9848,10846,11490,16220,15305,24115,20056,24727,30772,34616,35988,44147,11025,18783,477897,228039,63267,34806,180066,46462,9582,23,16
2021-05-31T23:59:59+02:00,30,36,15471,14303,27861,26439,35817,38444,56594,61729,78100,79327,64648,70489,47978,58189,13944,23808,5489,5097,9436,10480,11062,15739,14770,23431,19431,24023,30487,34362,35805,43954,10989,18726,462126,227359,62546,34419,179999,42982,8513,23,16
2021-05-30T23:59:59+02:00,28,33,15325,14177,27575,26207,35364,38033,55880,61108,77779,79054,64586,70431,47953,58154,13940,23797,5386,4901,9108,10118,10650,15251,14319,22629,18903,23253,29809,33645,35578,43761,10967,18664,459143,226894,62108,34339,179950,37501,8200,23,16
2021-05-29T23:59:59+02:00,26,32,14927,13784,26727,25391,33605,36441,54397,59812,77190,78488,64436,70282,47900,58101,13933,23783,5354,4826,9045,10005,10556,15133,14210,22480,18772,23114,29780,33622,35572,43753,10966,18661,449016,226412,62075,34339,179946,36895,8195,23,16
2021-05-28T23:59:59+02:00,23,31,14521,13383,25912,24646,31757,34678,52226,57805,76138,77492,64230,70029,47848,58024,13923,23760,5270,4708,8868,9861,10400,14959,14049,22243,18561,22813,29711,33575,35555,43736,10965,18656,437055,225739,61605,34333,179857,35964,7886,23,16
2021-05-27T23:59:59+02:00,19,26,13891,12916,24844,23929,30507,33750,50619,56429,73033,74503,63788,69491,47713,57862,13900,23705,5157,4473,8536,9521,9997,14528,13608,21611,18056,22214,29488,33371,35445,43624,10944,18628,424891,225091,59646,34262,179224,32699,7141,23,16
2021-05-26T23:59:59+02:00,18,24,13403,12493,23930,23285,29586,33047,49533,55503,70073,71310,63174,68881,47578,57691,13869,23659,5069,4310,8280,9204,9697,14139,13249,21010,17622,21614,29292,33205,35347,43519,10917,18576,414067,224478,57471,34144,178727,29651,6769,23,16
2021-05-25T23:59:59+02:00,18,19,13060,12196,23348,22880,28529,32187,46931,53267,67811,69183,62822,68514,47465,57542,13851,23605,4990,4189,8071,8942,9443,13761,12937,20489,17238,21063,29134,33051,35263,43414,10890,18521,402207,223929,56403,34063,178104,26905,6491,23,16
2021-05-24T23:59:59+02:00,17,18,12762,11913,22850,22497,27908,31734,44308,50834,65350,66992,62514,68214,47354,57416,13815,23548,4918,4080,7821,8709,9122,13375,12607,19975,16854,20505,28992,32910,35188,43342,10866,18474,390537,223349,55919,33996,177438,24258,6127,23,16
2021-05-23T23:59:59+02:00,17,18,12700,11844,22755,22412,27828,31655,44051,50607,64762,66444,62434,68126,47329,57398,13813,23546,4897,4065,7786,8678,9063,13341,12528,19914,16775,20450,28983,32897,35184,43335,10866,18472,388333,223067,55838,33989,177424,24049,6121,23,16
2021-05-22T23:59:59+02:00,17,18,12476,11606,22434,22104,26827,30765,42215,49030,63906,65704,62271,67935,47263,57307,13803,23523,4880,4010,7758,8614,9022,13276,12497,19829,16745,20383,28972,32887,35180,43329,10865,18471,379842,222976,55827,33989,177419,23652,6093,23,16
2021-05-21T23:59:59+02:00,17,17,12173,11355,21865,21663,26012,30073,39821,47135,61930,64035,62009,67662,47179,57219,13788,23497,4861,3983,7703,8528,8956,13187,12420,19736,16670,20298,28956,32861,35173,43319,10863,18470,369408,222780,54771,33974,177227,23201,6021,23,16
2021-05-20T23:59:59+02:00,16,17,11560,10782,20736,20770,24860,29043,38314,45856,59585,61961,61190,66761,46978,56960,13754,23441,4584,3805,7302,8237,8515,12792,11964,19224,16250,19778,28835,32765,35122,43266,10859,18460,358900,222374,52417,33863,175946,20215,5298,23,16
2021-05-19T23:59:59+02:00,16,17,11120,10469,19949,20218,24011,28443,37413,45172,56352,58324,60500,66058,46869,56825,13731,23394,4431,3644,7047,7993,8238,12463,11635,18793,15880,19355,28736,32653,35079,43190,10848,18445,348432,221889,50795,33745,174817,17974,4814,23,16
2021-05-18T23:59:59+02:00,16,17,10789,10182,19367,19767,23358,27882,36007,43944,54939,57195,60128,65632,46739,56663,13706,23369,4324,3517,6800,7759,7978,12178,11400,18390,15533,18925,28652,32561,35049,43150,10844,18438,343041,221598,48941,33663,173338,15872,4357,23,16
2021-05-17T23:59:59+02:00,15,16,10569,10001,18929,19477,22922,27569,34804,42951,53629,56159,59879,65385,46675,56564,13690,23336,4253,3432,6592,7542,7726,11884,11143,17994,15222,18519,28560,32473,35024,43109,10838,18425,338957,221300,47946,33595,171817,14006,3827,23,16
2021-05-16T23:59:59+02:00,15,15,10377,9872,18633,19273,22588,27328,34165,42491,52390,54988,59686,65220,46638,56510,13679,23316,4184,3358,6375,7376,7436,11631,10875,17642,14928,18155,28494,32411,35008,43091,10831,18421,336516,221050,47068,33533,170197,12246,3380,23,15
2021-05-15T23:59:59+02:00,15,15,10281,9772,18482,19126,22417,27183,33780,42122,51994,54610,59570,65074,46590,56465,13676,23300,4143,3322,6291,7312,7343,11528,10773,17523,14824,18025,28399,32293,34916,42998,10827,18416,334114,219963,47067,33531,170063,12227,3205,23,15
2021-05-14T23:59:59+02:00,14,15,9998,9568,18052,18883,22015,26896,31428,40343,49842,52753,59350,64845,46542,56380,13660,23278,4014,3239,6005,7148,7038,11304,10428,17172,14478,17698,27827,31587,34793,42806,10809,18387,324951,216673,47014,33525,169451,12104,2424,22,15
2021-05-13T23:59:59+02:00,14,15,9537,9199,17259,18321,21146,26215,30312,39353,47599,50580,58499,63871,46332,56097,13621,23205,3513,3045,5666,6895,6726,10995,10017,16782,14101,17264,26932,30388,34368,42288,10778,18325,316458,212078,45151,32968,167429,10914,2116,21,15
2021-05-12T23:59:59+02:00,14,15,9246,9005,16827,18064,20675,25927,29783,38967,44596,46937,57926,63229,46248,55983,13603,23180,3373,2957,5434,6784,6446,10849,9734,16573,13861,17000,26284,29566,34202,42095,10752,18292,307275,209048,44334,32942,167136,10746,1459,21,15
2021-05-11T23:59:59+02:00,14,13,8809,8726,16054,17546,19813,25307,28045,37525,42661,45436,57549,62783,46164,55848,13582,23152,3254,2826,5201,6442,6148,10436,9366,16016,13422,16439,24861,27896,33691,41467,10701,18204,301791,203067,41275,32759,164650,9248,1290,21,14
2021-05-10T23:59:59+02:00,14,12,8548,8573,15543,17291,19179,24986,27054,36835,41200,44291,57282,62510,46084,55744,13562,23121,3144,2701,4969,6207,5894,10112,9042,15539,13058,16018,23810,26566,33202,40884,10666,18147,298486,198414,40366,32731,161980,7832,977,20,12
2021-05-09T23:59:59+02:00,14,12,8392,8491,15236,17111,18797,24731,26387,36406,39421,42624,56986,62231,46029,55686,13554,23101,3024,2647,4788,6067,5726,9938,8844,15332,12890,15845,23535,26234,33057,40711,10656,18132,295513,197219,39992,32688,158979,6809,705,20,12
2021-05-08T23:59:59+02:00,14,12,8317,8418,15055,16965,18588,24531,26159,36168,39188,42433,56859,62081,45991,55649,13551,23090,3016,2628,4757,6031,5682,9892,8767,15266,12804,15775,23165,25808,32771,40398,10648,18116,293949,196029,39539,31979,158856,6806,705,20,12
2021-05-07T23:59:59+02:00,13,11,8143,8322,14728,16781,18200,24294,25736,35879,38732,42053,56585,61726,45942,55602,13544,23080,2716,2494,4408,5844,5412,9630,8452,14955,12408,15379,22066,24434,32121,39563,10620,18066,291406,192565,39107,30477,158528,5212,310,20,11
2021-05-06T23:59:59+02:00,12,11,7492,7965,13829,16182,17141,23439,24395,34766,36586,40389,55456,60405,45700,55295,13509,23014,2591,2381,4234,5648,5204,9326,8109,14515,11975,14925,20759,22757,31266,38554,10566,17952,280761,186945,37824,29518,156707,4021,274,20,11
2021-05-05T23:59:59+02:00,10,11,6954,7656,13045,15634,16104,22672,23008,33740,34756,38900,53617,58365,45379,54949,13476,22948,2504,2322,4060,5491,5013,9114,7762,14177,11607,14564,19370,20976,30073,37137,10526,17849,269292,180813,36902,28347,154915,3286,95,20,11
2021-05-04T23:59:59+02:00,10,10,6765,7564,12679,15456,15616,22402,22359,33394,33794,38202,52763,57403,45256,54821,13458,22906,2449,2252,3906,5322,4837,8860,7420,13769,11180,14105,17718,19049,28976,35806,10429,17729,265512,173998,36034,27406,153252,2358,41,19,11
2021-05-03T23:59:59+02:00,10,10,6619,7415,12301,15237,15110,22090,21652,32987,32642,37312,52464,57085,45160,54713,13443,22874,2390,2182,3812,5142,4697,8624,7203,13420,10859,13698,16515,17552,28096,34704,10364,17621,262220,168425,35573,27056,151282,1364,30,19,11
2021-05-02T23:59:59+02:00,10,10,6538,7323,12087,15065,14815,21857,21175,32666,31492,36364,52180,56794,45098,54622,13425,22843,2375,2175,3791,5109,4667,8588,7137,13349,10775,13607,16203,17156,27800,34399,10352,17608,259784,166861,35499,26942,149033,1257,29,19,9
2021-05-01T23:59:59+02:00,10,10,6520,7300,12024,15016,14735,21793,21074,32593,31365,36270,52174,56779,45094,54621,13423,22841,2372,2168,3767,5092,4626,8563,7100,13312,10714,13552,16005,16933,27685,34262,10349,17598,259214,165895,35498,26917,148882,1255,29,19,9
2021-04-30T23:59:59+02:00,10,10,6482,7261,11933,14921,14629,21674,20879,32407,31125,36079,51903,56419,45049,54568,13417,22829,2344,2147,3705,5029,4530,8454,6950,13129,10436,13289,15189,15906,26814,33188,10308,17510,257430,162687,35455,25025,148663,1186,28,19,9
2021-04-29T23:59:59+02:00,10,10,6277,7134,11610,14734,14275,21437,20361,32117,30372,35588,51254,55593,44957,54449,13390,22750,2307,2101,3613,4942,4407,8318,6756,12911,10159,13003,14213,14673,25512,31641,10246,17417,254249,156987,35360,24277,146663,926,27,19,9
2021-04-28T23:59:59+02:00,10,10,6013,6970,11233,14398,13782,20969,19720,31509,29204,34456,48587,52588,44662,54124,13327,22672,2269,2060,3546,4881,4292,8201,6596,12727,9912,12786,13072,13191,24019,29762,10184,17314,244297,151017,35232,23073,144671,707,15,19,7
2021-04-27T23:59:59+02:00,10,10,5909,6878,11080,14276,13582,20805,19441,31299,28644,34069,48381,52368,44606,54070,13318,22650,2227,2026,3457,4787,4199,8092,6430,12543,9631,12510,11855,11626,22363,27605,10105,17168,242924,144192,35184,21888,143254,530,15,19,6
2021-04-26T23:59:59+02:00,10,10,5860,6834,10963,14208,13421,20683,19215,31088,27810,33502,48043,51999,44551,54004,13309,22621,2205,1999,3403,4744,4137,8024,6328,12410,9443,12336,10936,10468,21083,25848,10044,17078,242193,138914,35157,21140,140748,420,15,18,4
2021-04-25T23:59:59+02:00,10,10,5814,6787,10858,14113,13261,20527,18968,30804,27049,32763,47545,51487,44467,53905,13295,22601,2179,1989,3373,4725,4119,8005,6295,12368,9386,12275,10774,10275,20840,25525,10034,17064,240481,138060,35114,20792,138636,362,15,18,4
2021-04-24T23:59:59+02:00,10,10,5793,6738,10781,14024,13162,20383,18835,30625,26888,32582,47443,51364,44373,53809,13291,22596,2172,1979,3348,4697,4080,7958,6223,12296,9256,12157,10617,10094,20705,25393,10018,17046,239001,137533,35096,20151,138577,343,15,18,4
2021-04-23T23:59:59+02:00,10,10,5731,6649,10648,13825,12960,20129,18525,30245,26491,32221,46498,50228,44219,53564,13268,22564,2154,1957,3305,4660,4031,7904,6128,12205,9092,12029,10350,9794,20381,24971,9970,16964,234606,136408,35036,19143,138110,332,15,18,4
2021-04-22T23:59:59+02:00,10,10,5629,6535,10438,13626,12607,19793,18013,29772,25861,31628,44769,48073,43647,52835,13222,22463,2140,1946,3266,4607,3954,7831,6000,12105,8833,11864,9916,9387,19925,24380,9920,16887,228351,134284,34924,18364,135623,300,15,18,4
2021-04-21T23:59:59+02:00,10,9,5531,6398,10208,13424,12276,19479,17511,29277,25143,30896,40488,43202,43167,52301,13155,22359,2128,1937,3230,4570,3899,7773,5919,12012,8657,11705,9586,9004,19426,23788,9854,16790,216220,132636,34858,17352,133723,277,15,18,4
2021-04-20T23:59:59+02:00,10,9,5453,6308,10015,13208,12000,19213,17088,28869,24590,30328,38733,41186,42512,51521,13083,22218,2103,1924,3189,4546,3832,7729,5786,11914,8485,11577,9302,8686,18953,23119,9757,16649,209975,131268,34768,16047,131569,223,15,17,4
2021-04-19T23:59:59+02:00,10,8,5374,6230,9854,13078,11795,19003,16725,28487,24044,29857,37177,39392,41920,50799,13028,22129,2087,1907,3154,4511,3792,7685,5746,11845,8400,11485,9064,8402,18545,22551,9710,16557,204934,129572,34710,15653,129236,203,15,15,4
2021-04-18T23:59:59+02:00,10,7,5312,6179,9723,12993,11595,18864,16444,28289,23636,29544,35865,38027,41567,50394,12994,22065,2074,1892,3126,4489,3766,7669,5702,11798,8350,11436,8966,8313,18391,22363,9697,16532,203388,129091,34668,15262,125423,198,15,14,4
2021-04-17T23:59:59+02:00,10,7,5306,6163,9689,12962,11548,18824,16367,28221,23572,29485,35554,37686,41459,50296,12988,22054,2064,1884,3099,4476,3708,7624,5632,11747,8264,11384,8856,8203,18285,22247,9676,16519,202156,128287,34659,15172,125347,196,15,14,4
2021-04-16T23:59:59+02:00,10,7,5241,6124,9600,12901,11414,18712,16156,28061,23219,29137,34470,36423,41046,49769,12968,22019,1931,1798,2869,4297,3348,7307,4862,11214,6775,10296,6340,6142,16477,20555,9481,16221,197982,118952,34568,10755,124699,193,15,13,4
2021-04-15T23:59:59+02:00,9,7,5175,6034,9398,12728,11119,18466,15660,27666,22529,28532,32571,34107,39999,48560,12887,21851,1888,1766,2802,4232,3229,7186,4645,11032,6397,9988,5883,5743,15885,19868,9288,15886,192151,115818,34515,9703,120604,184,15,13,4
2021-04-14T23:59:59+02:00,9,7,5113,5988,9231,12601,10903,18289,15258,27351,21878,28052,30642,31855,38779,47137,12812,21664,1805,1712,2718,4164,3118,7093,4444,10866,6089,9738,5404,5330,15301,19180,9084,15530,185769,113191,34376,8243,117396,129,15,13,4
2021-04-13T23:59:59+02:00,9,7,5066,5934,9094,12473,10726,18121,14915,27075,21355,27589,28536,29403,37515,45538,12668,21457,1761,1695,2681,4121,3062,7032,4310,10726,5819,9527,5061,5027,14850,18732,8948,15326,178870,111769,34310,6863,114273,33,15,13,4
2021-04-12T23:59:59+02:00,9,7,5003,5885,8986,12336,10519,17973,14594,26794,20816,27134,26495,27129,36354,44069,12538,21256,1726,1652,2651,4101,3034,6979,4251,10659,5716,9427,4895,4881,14549,18363,8835,15125,173146,110922,34231,5877,110492,32,15,13,4
2021-04-11T23:59:59+02:00,9,7,4967,5842,8893,12257,10362,17872,14331,26617,20392,26810,25292,25838,35648,43283,12449,21106,1717,1646,2630,4081,3009,6951,4216,10612,5628,9359,4804,4826,14433,18240,8796,15072,171360,110712,34160,5269,106427,26,15,13,4
2021-04-10T23:59:59+02:00,9,7,4956,5829,8851,12229,10307,17837,14263,26568,20296,26730,24976,25463,35301,42864,12442,21085,1712,1640,2621,4073,2995,6934,4186,10581,5569,9320,4726,4749,14304,18074,8749,14987,170147,109913,33435,5268,106403,26,15,13,4
2021-04-09T23:59:59+02:00,9,7,4909,5797,8767,12150,10183,17713,14096,26394,20035,26486,24136,24308,34346,41653,12410,21011,1684,1611,2564,4039,2923,6874,4036,10471,5315,9096,4310,4374,13735,17357,8519,14618,166779,106230,31918,5260,105689,26,11,13,4
2021-04-08T23:59:59+02:00,9,7,4833,5732,8621,12041,9970,17541,13700,26080,19430,26020,22428,22320,32653,39679,12261,20775,1654,1595,2510,3994,2840,6787,3888,10335,5022,8832,3853,3947,12741,16110,8035,13855,161017,101238,31011,4729,102048,21,11,13,4
2021-04-07T23:59:59+02:00,9,6,4786,5679,8438,11963,9743,17391,13382,25853,18959,25658,20619,20204,30890,37415,12143,20561,1621,1580,2456,3942,2779,6706,3781,10190,4834,8644,3590,3655,12052,15306,7658,13294,154968,97912,29834,4155,98878,12,10,9,4
2021-04-06T23:59:59+02:00,9,6,4739,5633,8294,11851,9583,17225,13062,25585,18439,25271,18763,18137,28962,34921,11940,20215,1586,1561,2432,3916,2746,6668,3719,10147,4752,8553,3481,3531,11579,14659,7372,12882,148112,95604,28869,3960,95636,11,10,8,4
2021-04-05T23:59:59+02:00,9,6,4708,5592,8199,11761,9444,17128,12849,25373,18037,24925,17032,16205,27332,32769,11793,19987,1564,1549,2401,3898,2716,6619,3676,10088,4666,8437,3368,3422,11238,14291,7214,12601,142692,94207,28433,3521,92008,11,10,6,4
2021-04-04T23:59:59+02:00,9,6,4701,5586,8191,11750,9430,17113,12823,25352,18009,24900,16900,16029,27136,32523,11784,19973,1563,1548,2399,3895,2713,6615,3674,10084,4663,8434,3359,3411,11226,14279,7211,12593,141973,94128,28339,3521,91891,11,8,4,4
2021-04-03T23:59:59+02:00,9,6,4697,5579,8177,11743,9411,17093,12784,25321,17931,24836,16820,15939,27089,32466,11779,19966,1560,1546,2390,3887,2695,6601,3651,10056,4580,8379,3242,3296,11145,14205,7205,12583,141442,93482,28313,3521,91879,11,8,4,4
2021-04-02T23:59:59+02:00,9,6,4671,5559,8118,11689,9347,17025,12645,25214,17695,24635,16367,15461,26613,31887,11747,19912,1558,1537,2376,3881,2688,6585,3630,10024,4510,8286,3172,3228,10908,13904,7053,12380,140229,92185,26900,3517,91459,11,8,4,4
2021-04-01T23:59:59+02:00,8,6,4628,5498,8006,11547,9217,16865,12373,24928,17250,24234,15616,14734,25854,30924,11620,19729,1541,1517,2347,3848,2666,6556,3591,9985,4442,8220,3060,3097,9972,12786,6439,11529,137986,88169,26236,3412,88805,10,6,4,4
2021-03-31T23:59:59+02:00,8,6,4417,5419,7894,11425,9076,16699,12155,24652,16896,23868,14919,13970,25019,29912,11510,19530,1532,1512,2334,3828,2641,6527,3543,9937,4377,8151,2972,3008,9401,12083,6073,11030,136183,85734,24772,3200,86410,10,6,4,4
2021-03-30T23:59:59+02:00,8,6,4386,5366,7820,11298,8989,16542,11993,24462,16612,23556,14319,13326,24258,28926,11371,19285,1518,1502,2313,3803,2615,6498,3503,9872,4311,8080,2845,2860,8806,11429,5722,10535,134691,83408,23555,2793,84267,6,6,4,4
2021-03-29T23:59:59+02:00,8,6,4346,5311,7720,11186,8882,16379,11834,24189,16284,23209,13774,12724,23492,27949,11211,19036,1500,1489,2294,3787,2593,6469,3468,9813,4247,8005,2792,2792,8517,11042,5532,10223,132843,82019,22795,2533,81892,6,6,4,4
2021-03-28T23:59:59+02:00,8,6,4311,5227,7635,11076,8803,16225,11699,23959,16025,22935,13445,12413,22921,27254,11036,18752,1491,1482,2272,3771,2578,6440,3428,9763,4209,7946,2744,2741,8438,10939,5488,10155,132344,81670,22270,2205,79106,5,6,4,4
2021-03-27T23:59:59+01:00,8,6,4297,5216,7609,11044,8737,16153,11600,23864,15880,22819,13239,12200,22718,27040,11001,18723,1490,1480,2269,3769,2577,6439,3414,9735,4199,7924,2736,2735,8381,10874,5453,10115,131459,81375,21624,2205,79061,5,6,4,4
2021-03-26T23:59:59+01:00,8,6,4254,5149,7499,10910,8561,15968,11265,23560,15266,22316,12317,11371,21927,26198,10854,18495,1485,1466,2264,3748,2564,6416,3397,9709,4158,7887,2706,2696,8200,10655,5332,9945,127398,80525,20011,2091,78505,5,6,4,4
2021-03-25T23:59:59+01:00,8,5,4199,4988,7336,10631,8316,15561,10881,22936,14621,21618,11642,10706,21056,25130,10534,17949,1465,1452,2232,3722,2530,6377,3362,9662,4088,7807,2577,2559,7223,9395,4717,9029,124107,76322,19229,1864,74772,5,5,4,4
2021-03-24T23:59:59+01:00,8,5,4123,4847,7199,10342,8101,15147,10617,22388,14150,21009,11036,10147,20121,24037,10201,17381,1444,1423,2205,3684,2486,6340,3320,9597,4009,7707,2478,2462,6573,8632,4332,8445,121502,73682,18035,1449,71317,3,2,3,4
2021-03-23T23:59:59+01:00,8,5,4083,4755,7093,10104,7946,14806,10354,21882,13747,20518,10569,9705,19394,23186,9887,16914,1433,1405,2179,3663,2467,6312,3261,9543,3919,7631,2385,2362,5846,7699,3881,7755,120035,70605,16929,1131,67988,3,1,3,4
2021-03-22T23:59:59+01:00,8,5,4030,4676,6965,9864,7786,14484,10094,21414,13397,20017,10175,9350,18825,22476,9693,16565,1424,1398,2172,3649,2455,6296,3237,9520,3889,7597,2324,2311,5393,7092,3523,7266,119143,68499,16526,1041,64151,3,1,3,4
2021-03-21T23:59:59+01:00,8,5,3983,4573,6831,9600,7618,14127,9873,20875,13054,19491,9855,9070,18288,21872,9503,16251,1421,1394,2171,3638,2452,6289,3231,9511,3879,7583,2310,2292,5276,6959,3465,7165,118938,67990,16129,1041,59806,2,1,3,4
2021-03-20T23:59:59+01:00,8,5,3972,4553,6796,9546,7560,14054,9789,20766,12948,19402,9768,8977,18148,21694,9451,16164,1418,1389,2167,3635,2447,6284,3218,9501,3860,7573,2275,2260,4948,6586,3276,6923,118104,66714,16034,1041,59459,2,1,3,4
2021-03-19T23:59:59+01:00,7,5,3797,4413,6503,9297,7119,13629,8877,20037,11221,18076,6905,6629,15891,19490,9086,15598,1414,1385,2162,3628,2435,6271,3206,9476,3809,7527,2208,2219,4575,6114,3007,6598,108799,65021,11311,1008,56466,2,1,3,4
2021-03-18T23:59:59+01:00,7,4,3693,4281,6326,8987,6851,13189,8489,19378,10582,17340,6190,5977,14666,18015,8568,14773,1410,1379,2139,3601,2417,6235,3177,9435,3770,7494,2163,2185,4153,5583,2724,6184,103660,63144,10303,900,53349,2,1,3,4
2021-03-17T23:59:59+01:00,7,4,3614,4208,6195,8842,6680,13012,8191,19068,10179,16949,5782,5590,13847,17084,8166,14183,1400,1366,2123,3582,2387,6203,3146,9407,3733,7458,2108,2126,3746,5138,2470,5796,100409,61419,8609,765,52579,2,1,3,4
2021-03-16T23:59:59+01:00,7,4,3535,4074,6042,8572,6473,12643,7877,18486,9631,16294,5254,5135,13028,16120,7827,13683,1391,1358,2114,3565,2371,6188,3130,9388,3708,7432,2081,2090,3229,4496,2131,5283,98079,59189,7195,761,49407,2,1,3,4
2021-03-15T23:59:59+01:00,7,4,3487,3928,5853,8299,6254,12233,7600,17913,9195,15672,4937,4850,12370,15377,7560,13218,1391,1348,2098,3550,2351,6164,3111,9339,3684,7393,2044,2039,2861,4034,1847,4889,96577,57396,6215,743,45962,2,0,3,4
2021-03-14T23:59:59+01:00,7,4,3443,3793,5623,7968,5964,11787,7292,17195,8736,14920,4615,4575,12078,15122,7512,13119,1384,1342,2082,3521,2338,6115,3093,9281,3667,7355,2037,2028,2782,3926,1794,4803,96454,56996,5599,548,41697,2,0,3,4
2021-03-13T23:59:59+01:00,7,4,3427,3753,5582,7852,5905,11665,7207,17047,8587,14765,4464,4425,11988,15036,7506,13108,1384,1342,2082,3521,2337,6115,3092,9280,3666,7355,2034,2020,2730,3871,1760,4750,95760,56787,5599,548,40966,2,0,3,4
2021-03-12T23:59:59+01:00,7,4,3408,3682,5525,7717,5844,11513,7121,16821,8451,14532,4356,4329,11714,14711,7349,12890,1384,1342,2078,3515,2336,6107,3088,9274,3664,7350,2032,2018,2642,3760,1676,4663,94329,56377,5591,548,40051,2,0,3,4
2021-03-11T23:59:59+01:00,7,4,3331,3490,5317,7417,5612,11095,6782,16153,8013,13894,4013,3992,10633,13452,6688,11974,1379,1340,2067,3501,2317,6082,3066,9241,3640,7317,2002,1994,2403,3496,1522,4444,90119,55291,5156,516,36589,2,0,3,4
2021-03-10T23:59:59+01:00,7,4,3234,3372,5099,7146,5399,10733,6512,15607,7675,13347,3790,3764,9986,12660,6298,11435,1375,1329,2040,3463,2288,5992,3018,9119,3583,7198,1958,1917,2187,3259,1388,4250,87640,54078,4779,282,33646,2,0,3,4
2021-03-09T23:59:59+01:00,6,4,3161,3245,4934,6957,5196,10447,6281,15174,7378,12839,3606,3557,9349,11958,5920,10907,1368,1318,2005,3403,2257,5890,2956,8976,3515,7116,1928,1891,1907,2943,1215,4003,85350,52653,4517,34,31049,2,0,3,4
2021-03-08T23:59:59+01:00,6,4,3096,3088,4706,6692,4957,10094,6021,14661,7017,12254,3404,3365,8955,11514,5722,10590,1365,1300,1991,3325,2226,5793,2918,8830,3482,7023,1913,1869,1704,2711,1091,3809,83872,51316,4146,32,28125,0,0,3,4
2021-03-07T23:59:59+01:00,6,4,3064,3029,4633,6577,4873,9981,5916,14497,6900,12108,3353,3319,8868,11407,5682,10521,1359,1295,1985,3313,2218,5768,2912,8791,3470,7004,1905,1857,1649,2643,1039,3740,83514,50914,3970,32,27251,0,0,3,4
2021-03-06T23:59:59+01:00,6,4,3050,2972,4592,6486,4836,9914,5858,14377,6852,11997,3329,3296,8811,11341,5647,10478,1357,1282,1980,3299,2206,5741,2909,8764,3459,6985,1896,1833,1621,2619,1033,3731,83191,50681,3970,32,26682,0,0,3,4
2021-03-05T23:59:59+01:00,6,4,3026,2878,4533,6375,4772,9815,5795,14225,6749,11845,3284,3241,8623,11111,5524,10303,1348,1249,1948,3244,2181,5635,2868,8630,3415,6847,1852,1787,1557,2548,1011,3703,82279,49789,3962,32,25865,0,0,3,4
2021-03-04T23:59:59+01:00,4,4,2973,2687,4376,6139,4554,9502,5588,13809,6436,11457,3109,3065,7601,9811,4888,9383,1329,1200,1910,3121,2150,5452,2822,8353,3360,6615,1780,1698,1520,2496,1006,3685,78101,48464,3688,31,23594,0,0,3,4
2021-03-03T23:59:59+01:00,3,4,2934,2616,4237,5947,4388,9233,5384,13431,6180,11035,2983,2932,6949,9035,4490,8772,1317,1164,1883,3048,2128,5342,2791,8174,3307,6458,1712,1656,1479,2426,985,3631,75365,47469,3445,31,21740,0,0,3,3
2021-03-02T23:59:59+01:00,3,4,2874,2525,4051,5728,4182,8962,5187,13052,5911,10660,2835,2770,6179,8067,4018,8063,1284,1121,1856,2975,2104,5200,2742,7901,3258,6260,1639,1596,1413,2346,961,3580,72186,46204,2989,31,19893,0,0,3,3
2021-03-01T23:59:59+01:00,3,3,2835,2462,3887,5576,3995,8743,4997,12731,5672,10267,2734,2655,5684,7408,3652,7552,1278,1085,1832,2874,2078,5007,2702,7651,3199,6024,1596,1560,1363,2285,931,3537,70012,44970,2680,31,18161,0,0,3,3
2021-02-28T23:59:59+01:00,3,3,2793,2414,3729,5457,3774,8554,4813,12480,5486,9962,2677,2581,5561,7253,3590,7451,1274,1080,1827,2861,2069,4983,2695,7615,3189,6007,1587,1553,1358,2277,928,3527,69532,44799,2458,30,16588,0,0,3,3
2021-02-27T23:59:59+01:00,3,2,2778,2352,3702,5377,3740,8482,4779,12388,5451,9888,2636,2547,5227,6865,3390,7199,1267,1072,1820,2849,2056,4948,2676,7550,3173,5951,1569,1544,1352,2266,926,3526,68213,44515,2458,29,16132,0,0,3,3
2021-02-26T23:59:59+01:00,3,2,2758,2311,3660,5289,3674,8378,4717,12277,5365,9801,2559,2494,4846,6383,3111,6865,1210,1023,1770,2743,2007,4768,2620,7275,3101,5743,1509,1493,1329,2245,913,3517,66395,43237,2331,28,15764,0,0,3,3
2021-02-25T23:59:59+01:00,3,2,2586,2204,3477,5106,3490,8153,4513,11991,5146,9527,2471,2427,4396,5828,2822,6438,1194,965,1739,2634,1953,4493,2552,6881,3006,5457,1463,1450,1308,2230,910,3508,64529,41717,2004,25,14044,0,0,3,3
2021-02-24T23:59:59+01:00,3,2,2434,2071,3287,4912,3343,7949,4317,11736,4926,9277,2334,2307,3935,5316,2560,6039,1179,936,1716,2550,1919,4353,2492,6626,2954,5253,1432,1418,1290,2209,906,3485,62750,40699,1525,17,12470,0,0,3,3
2021-02-23T23:59:59+01:00,3,2,2301,1933,3109,4684,3191,7710,4142,11465,4741,9030,2245,2213,3379,4648,2215,5520,1165,888,1683,2454,1881,4162,2424,6327,2860,4993,1376,1364,1262,2165,890,3458,60529,39336,1172,14,10827,0,0,3,3
2021-02-22T23:59:59+01:00,3,2,2261,1882,3025,4591,3121,7603,4048,11279,4633,8905,2194,2172,3008,4179,1929,5132,1154,829,1651,2330,1839,3916,2348,5933,2735,4696,1314,1310,1239,2132,882,3435,58844,37737,1085,4,10035,0,0,3,3
2021-02-21T23:59:59+01:00,3,2,2225,1851,2973,4522,3041,7489,3967,11134,4567,8788,2179,2149,2923,4064,1872,5044,1151,811,1634,2278,1813,3809,2315,5777,2673,4573,1284,1287,1229,2118,875,3420,58409,37041,1052,4,9329,0,0,3,3
2021-02-20T23:59:59+01:00,3,2,2213,1848,2950,4509,3025,7453,3941,11101,4546,8766,2176,2141,2870,4007,1837,4990,1151,808,1634,2276,1812,3800,2314,5772,2672,4569,1283,1284,1228,2115,874,3419,58195,37005,1051,4,9129,0,0,3,3
2021-02-19T23:59:59+01:00,2,2,2201,1834,2914,4457,3000,7365,3896,11019,4492,8703,2168,2135,2779,3893,1752,4896,1100,799,1595,2268,1802,3791,2304,5751,2664,4556,1277,1273,1217,2110,869,3412,57773,36782,1019,4,8713,0,0,3,3
2021-02-18T23:59:59+01:00,2,2,2070,1739,2758,4274,2876,7167,3759,10734,4353,8498,2134,2101,2537,3622,1597,4673,1022,763,1523,2168,1752,3670,2231,5595,2607,4471,1263,1254,1211,2096,856,3394,56703,35870,951,4,7239,0,0,3,3
2021-02-17T23:59:59+01:00,2,2,2026,1691,2667,4142,2767,6955,3606,10393,4211,8255,2075,2017,2318,3392,1468,4479,870,698,1411,2042,1675,3480,2135,5368,2535,4298,1231,1209,1185,2051,840,3349,55627,34372,805,3,6031,0,0,3,3
2021-02-16T23:59:59+01:00,2,2,1856,1580,2491,3935,2627,6680,3445,10040,4033,7950,2030,1990,2036,3072,1294,4226,843,676,1341,1964,1606,3338,2043,5195,2443,4166,1171,1163,1126,1963,807,3247,54285,33088,769,2,4232,0,0,3,3
2021-02-15T23:59:59+01:00,2,2,1821,1525,2403,3765,2550,6407,3323,9672,3919,7681,2004,1961,1817,2832,1168,4033,825,664,1312,1916,1564,3269,1986,5024,2381,4065,1114,1123,1063,1871,787,3145,53177,32106,753,1,2952,0,0,3,3
2021-02-14T23:59:59+01:00,2,2,1732,1494,2355,3703,2508,6314,3252,9568,3872,7603,1993,1951,1759,2772,1117,3973,810,654,1296,1892,1537,3246,1952,4983,2355,4009,1104,1114,1056,1862,784,3133,52838,31784,724,1,2405,0,0,3,3
2021-02-13T23:59:59+01:00,2,2,1731,1482,2345,3696,2502,6300,3249,9552,3865,7593,1984,1931,1735,2752,1113,3963,810,654,1296,1892,1537,3246,1952,4983,2355,4009,1104,1114,1056,1862,784,3133,52681,31784,724,1,2389,0,0,3,3
2021-02-12T23:59:59+01:00,2,2,1652,1397,2244,3582,2423,6127,3145,9314,3741,7328,1937,1873,1671,2680,1090,3934,803,646,1284,1870,1524,3227,1944,4952,2339,3989,1099,1109,1055,1843,784,3102,51739,31568,724,0,1676,0,0,3,3
2021-02-11T23:59:59+01:00,2,2,1455,1261,2062,3370,2295,5835,2993,8881,3583,6981,1864,1771,1629,2616,1071,3912,774,597,1189,1691,1397,2949,1804,4591,2172,3698,1046,1045,1011,1766,743,2960,50341,29433,683,0,556,0,0,3,1
2021-02-10T23:59:59+01:00,2,2,1361,1214,1977,3241,2227,5663,2911,8602,3472,6750,1794,1724,1582,2549,1052,3850,563,515,967,1467,1258,2638,1619,4130,1968,3316,926,917,878,1508,652,2618,49165,25940,644,0,161,0,0,3,1
2021-02-09T23:59:59+01:00,2,2,1325,1164,1941,3148,2199,5478,2845,8261,3402,6491,1721,1662,1520,2488,1033,3807,302,382,750,1204,1071,2261,1410,3592,1719,2860,756,752,703,1200,521,2121,47893,21604,514,0,80,0,0,2,1
2021-02-08T23:59:59+01:00,2,2,1318,1129,1909,3029,2162,5256,2794,7982,3343,6255,1678,1628,1470,2432,1015,3784,266,342,647,1051,966,2045,1251,3198,1523,2544,654,633,602,1014,449,1836,46763,19021,344,0,79,0,0,2,1
2021-02-07T23:59:59+01:00,2,2,1292,1113,1879,2977,2137,5174,2764,7879,3301,6189,1662,1612,1455,2413,1003,3769,232,287,598,962,907,1889,1160,2972,1426,2372,613,613,581,979,439,1805,46478,17836,143,0,0,0,0,2,0
2021-02-06T23:59:59+01:00,2,2,1287,1107,1873,2965,2128,5146,2751,7835,3290,6144,1649,1604,1450,2403,1000,3768,213,254,576,924,879,1824,1117,2854,1369,2290,597,594,574,979,439,1805,46259,17289,143,0,0,0,0,2,0
2021-02-05T23:59:59+01:00,2,2,1228,1056,1824,2857,2076,4950,2691,7538,3213,5928,1586,1551,1433,2380,992,3762,197,222,540,875,843,1744,1079,2734,1316,2191,563,570,562,955,428,1780,44924,16600,143,0,0,0,0,2,0
2021-02-04T23:59:59+01:00,2,2,1216,992,1783,2709,2004,4637,2608,7092,3113,5600,1541,1518,1416,2363,987,3752,168,169,466,757,744,1604,966,2496,1203,1977,517,517,516,899,407,1661,43299,15068,35,0,0,0,0,1,0
2021-02-03T23:59:59+01:00,2,2,1198,963,1753,2630,1965,4489,2542,6830,3061,5385,1505,1486,1386,2328,968,3722,139,140,393,644,628,1366,820,2119,1010,1687,398,381,373,679,287,1256,42179,12321,35,0,0,0,0,1,0
2021-02-02T23:59:59+01:00,2,2,1180,907,1719,2529,1923,4269,2469,6498,2956,5113,1452,1439,1362,2297,958,3697,117,116,318,524,523,1129,675,1789,820,1377,297,279,292,497,225,945,40736,9924,35,0,0,0,0,1,0
2021-02-01T23:59:59+01:00,1,2,1167,847,1683,2406,1873,4024,2392,6108,2835,4817,1385,1358,1332,2251,945,3668,84,76,219,352,350,738,427,1154,480,857,185,170,171,296,126,562,39058,6247,35,0,0,0,0,1,0
2021-01-31T23:59:59+01:00,1,2,1163,829,1666,2349,1848,3902,2360,5924,2768,4698,1354,1335,1321,2235,938,3652,73,70,186,281,272,572,338,900,398,690,159,155,159,287,122,548,38312,5210,32,0,0,0,0,1,0
2021-01-30T23:59:59+01:00,1,2,1163,826,1665,2344,1846,3891,2358,5913,2765,4688,1353,1331,1320,2234,938,3651,70,63,153,233,244,504,303,782,355,615,158,148,154,283,122,547,38257,4734,31,0,0,0,0,1,0
2021-01-29T23:59:59+01:00,1,2,1111,817,1626,2337,1835,3884,2350,5899,2757,4677,1349,1328,1316,2234,938,3651,62,45,116,178,200,350,248,634,311,487,147,139,143,273,119,546,38082,3998,29,0,0,0,0,1,0
2021-01-28T23:59:59+01:00,1,2,1037,791,1570,2274,1802,3815,2303,5828,2724,4625,1337,1316,1307,2228,926,3637,40,20,74,105,131,204,153,378,203,290,115,106,117,220,107,496,37496,2759,26,0,0,0,0,1,0
2021-01-27T23:59:59+01:00,1,2,889,739,1474,2198,1734,3701,2230,5699,2666,4499,1308,1271,1278,2190,910,3602,31,13,62,87,105,160,120,321,176,245,107,88,105,201,103,459,36373,2383,17,0,0,0,0,1,0
2021-01-26T23:59:59+01:00,1,2,875,719,1411,2122,1673,3571,2143,5527,2578,4387,1250,1231,1228,2117,885,3542,30,12,59,84,101,154,116,306,175,236,104,82,98,180,92,409,35249,2238,12,0,0,0,0,1,0
2021-01-25T23:59:59+01:00,1,2,862,698,1380,2060,1640,3474,2097,5358,2521,4295,1197,1206,1173,2057,867,3476,28,12,56,84,98,152,115,304,174,236,103,81,97,179,90,406,34360,2215,3,0,0,0,0,1,0
2021-01-24T23:59:59+01:00,1,2,859,697,1374,2049,1635,3457,2089,5333,2509,4263,1193,1199,1168,2050,866,3470,28,12,56,84,97,151,115,304,174,235,103,81,97,179,90,405,34210,2211,3,0,0,0,0,1,0
2021-01-23T23:59:59+01:00,1,2,859,697,1374,2049,1635,3457,2089,5333,2509,4263,1193,1199,1168,2050,866,3470,28,12,56,84,97,151,115,304,173,235,103,81,97,179,90,405,34210,2210,3,0,0,0,0,1,0
2021-01-22T23:59:59+01:00,1,2,858,687,1360,2027,1620,3433,2076,5299,2493,4244,1191,1194,1167,2027,865,3436,28,12,56,84,97,151,115,304,172,235,103,81,97,179,90,405,33976,2209,3,0,0,0,0,1,0
2021-01-21T23:59:59+01:00,1,2,827,650,1283,1870,1519,3241,1980,5029,2382,4045,1151,1134,1138,1959,828,3315,26,11,52,79,89,142,105,275,158,212,89,72,86,155,74,345,32350,1970,3,0,0,0,0,1,0
2021-01-20T23:59:59+01:00,1,2,626,553,1089,1654,1383,2966,1804,4623,2178,3704,1023,1015,1008,1719,752,3011,24,11,51,75,86,141,97,262,147,193,78,65,80,130,62,307,29107,1809,3,0,0,0,0,1,0
2021-01-19T23:59:59+01:00,1,2,341,409,838,1397,1180,2619,1568,4094,1914,3253,848,843,835,1424,630,2564,20,8,36,53,57,76,71,175,103,130,58,50,52,96,47,238,24757,1270,2,0,0,0,0,1,0
2021-01-18T23:59:59+01:00,1,2,300,373,726,1210,1062,2366,1375,3594,1673,2871,708,689,675,1168,526,2119,8,4,12,18,19,26,23,51,25,46,13,11,13,33,11,72,21436,385,1,0,0,0,0,1,0
2021-01-17T23:59:59+01:00,1,2,258,319,660,1115,983,2195,1277,3322,1559,2659,662,659,646,1108,498,2051,0,0,1,0,3,2,2,1,2,2,1,4,1,0,0,1,19973,20,1,0,0,0,0,0,0
2021-01-16T23:59:59+01:00,1,2,241,288,644,1080,959,2133,1236,3211,1508,2585,646,641,638,1108,498,2050,0,0,0,0,1,2,1,1,1,2,0,1,1,0,0,1,19468,11,1,0,0,0,0,0,0
2021-01-15T23:59:59+01:00,1,2,226,254,614,1030,932,2055,1202,3094,1456,2489,615,615,631,1087,491,2038,0,0,0,0,0,0,0,0,0,0,0,0,0,0,0,0,18832,0,0,0,0,0,0,0,0
2021-01-14T23:59:59+01:00,1,2,196,204,553,909,843,1911,1107,2873,1341,2304,571,571,593,1041,484,1992,0,0,0,0,0,0,0,0,0,0,0,0,0,0,0,0,17496,0,0,0,0,0,0,0,0
2021-01-13T23:59:59+01:00,1,2,166,185,505,838,771,1786,1008,2636,1187,2081,455,452,451,824,368,1551,0,0,0,0,0,0,0,0,0,0,0,0,0,0,0,0,15267,0,0,0,0,0,0,0,0
2021-01-12T23:59:59+01:00,1,2,143,164,474,769,720,1631,919,2433,1079,1848,365,343,351,592,270,1114,0,0,0,0,0,0,0,0,0,0,0,0,0,0,0,0,13218,0,0,0,0,0,0,0,0
2021-01-11T23:59:59+01:00,0,1,114,127,398,638,630,1377,755,1976,847,1459,227,202,201,357,153,673,0,0,0,0,0,0,0,0,0,0,0,0,0,0,0,0,10135,0,0,0,0,0,0,0,0
2021-01-10T23:59:59+01:00,0,1,88,92,308,459,474,998,546,1448,623,1062,189,178,184,343,147,659,0,0,0,0,0,0,0,0,0,0,0,0,0,0,0,0,7799,0,0,0,0,0,0,0,0
2021-01-09T23:59:59+01:00,0,1,78,84,261,396,403,866,479,1231,547,904,183,168,179,338,147,657,0,0,0,0,0,0,0,0,0,0,0,0,0,0,0,0,6922,0,0,0,0,0,0,0,0
2021-01-08T23:59:59+01:00,0,1,65,64,188,288,305,585,365,933,441,685,175,163,163,326,145,657,0,0,0,0,0,0,0,0,0,0,0,0,0,0,0,0,5549,0,0,0,0,0,0,0,0
2021-01-07T23:59:59+01:00,0,0,46,24,81,121,140,231,163,419,223,340,130,127,144,276,131,602,0,0,0,0,0,0,0,0,0,0,0,0,0,0,0,0,3198,0,0,0,0,0,0,0,0
2021-01-06T23:59:59+01:00,0,0,34,18,70,92,119,180,135,342,194,276,111,98,116,227,112,517,0,0,0,0,0,0,0,0,0,0,0,0,0,0,0,0,2641,0,0,0,0,0,0,0,0
2021-01-05T23:59:59+01:00,0,0,31,13,60,88,108,166,120,328,180,253,109,94,115,220,109,499,0,0,0,0,0,0,0,0,0,0,0,0,0,0,0,0,2493,0,0,0,0,0,0,0,0
2021-01-04T23:59:59+01:00,0,0,28,12,57,85,100,158,115,313,178,241,108,90,108,206,99,461,0,0,0,0,0,0,0,0,0,0,0,0,0,0,0,0,2359,0,0,0,0,0,0,0,0
2021-01-03T23:59:59+01:00,0,0,28,12,57,85,100,158,115,313,178,241,108,90,107,205,99,461,0,0,0,0,0,0,0,0,0,0,0,0,0,0,0,0,2357,0,0,0,0,0,0,0,0
2021-01-02T23:59:59+01:00,0,0,28,12,57,85,100,158,115,313,177,241,108,90,107,205,99,461,0,0,0,0,0,0,0,0,0,0,0,0,0,0,0,0,2356,0,0,0,0,0,0,0,0
2021-01-01T23:59:59+01:00,0,0,28,12,57,85,100,158,115,313,175,240,108,90,107,205,99,461,0,0,0,0,0,0,0,0,0,0,0,0,0,0,0,0,2353,0,0,0,0,0,0,0,0
2020-12-31T23:59:59+01:00,0,0,28,12,57,85,100,158,115,313,175,240,108,90,107,205,99,461,0,0,0,0,0,0,0,0,0,0,0,0,0,0,0,0,2353,0,0,0,0,0,0,0,0
2020-12-30T23:59:59+01:00,0,0,27,12,57,84,99,155,115,312,175,240,108,90,107,205,99,461,0,0,0,0,0,0,0,0,0,0,0,0,0,0,0,0,2346,0,0,0,0,0,0,0,0
2020-12-29T23:59:59+01:00,0,0,20,9,42,60,76,91,85,217,128,188,83,77,78,171,80,373,0,0,0,0,0,0,0,0,0,0,0,0,0,0,0,0,1778,0,0,0,0,0,0,0,0
2020-12-28T23:59:59+01:00,0,0,9,6,18,30,31,45,40,112,53,101,36,42,40,98,43,211,0,0,0,0,0,0,0,0,0,0,0,0,0,0,0,0,915,0,0,0,0,0,0,0,0
2020-12-27T23:59:59+01:00,0,0,2,2,4,5,7,11,10,24,6,22,6,7,7,25,5,56,0,0,0,0,0,0,0,0,0,0,0,0,0,0,0,0,199,0,0,0,0,0,0,0,0
