Datum,<15_1_m,<15_1_w,15-24_1_m,15-24_1_w,25-34_1_m,25-34_1_w,35-44_1_m,35-44_1_w,45-54_1_m,45-54_1_w,55-64_1_m,55-64_1_w,65-74_1_m,65-74_1_w,75-84_1_m,75-84_1_w,>84_1_m,>84_1_w,<15_2_m,<15_2_w,15-24_2_m,15-24_2_w,25-34_2_m,25-34_2_w,35-44_2_m,35-44_2_w,45-54_2_m,45-54_2_w,55-64_2_m,55-64_2_w,65-74_2_m,65-74_2_w,75-84_2_m,75-84_2_w,>84_2_m,>84_2_w,bp_1,bp_2,mo_1,mo_2,az_1,az_2,ja,unb_1,unb_2
2021-10-31T23:59:59+01:00,11633,10880,62482,58521,68794,64179,77157,78007,98264,99959,109031,107704,74529,80871,52319,64224,15150,26125,9964,9236,57318,54145,64263,59645,72881,73507,93806,95369,105141,104104,72785,78898,51113,62726,14648,25101,855087,809047,71429,68675,182658,176160,50714,40,54
2021-10-30T23:59:59+02:00,11627,10875,62467,58503,68770,64162,77139,77988,98249,99947,109026,107702,74527,80871,52319,64224,15149,26125,9961,9236,57305,54136,64256,59642,72870,73498,93801,95363,105138,104103,72785,78897,51112,62726,14648,25100,854959,809001,71420,68670,182658,176160,50692,40,54
2021-10-29T23:59:59+02:00,11565,10817,62286,58383,68562,64013,76958,77864,98085,99820,108916,107644,74504,80857,52309,64209,15145,26117,9931,9210,57196,54057,64166,59566,72809,73435,93733,95320,105105,104081,72771,78882,51108,62717,14644,25094,853492,808383,71379,68642,182656,176160,50586,40,54
2021-10-28T23:59:59+02:00,11487,10751,62078,58242,68325,63827,76770,77718,97900,99675,108819,107566,74481,80815,52293,64196,15140,26109,9879,9164,57048,53918,64039,59460,72718,73347,93669,95249,105027,104018,72749,78852,51097,62704,14640,25086,851839,807404,71316,68617,182653,176146,50443,40,54
2021-10-27T23:59:59+02:00,11419,10668,61922,58094,68130,63675,76607,77599,97778,99579,108749,107509,74461,80783,52284,64177,15137,26093,9821,9110,56937,53805,63936,59363,72625,73269,93604,95191,104972,103984,72726,78822,51085,62680,14636,25071,850517,806495,71199,68595,182652,176138,50355,40,54
2021-10-26T23:59:59+02:00,11336,10570,61782,57942,67953,63513,76446,77490,97665,99480,108670,107452,74432,80752,52262,64151,15127,26079,9762,9036,56790,53690,63835,59251,72551,73201,93530,95127,104926,103940,72704,78798,51061,62652,14629,25062,849105,805526,71140,68570,182649,176128,50267,40,54
2021-10-25T23:59:59+02:00,11312,10550,61726,57891,67906,63476,76399,77448,97630,99459,108648,107434,74423,80741,52261,64146,15124,26078,9738,9013,56727,53648,63799,59222,72523,73165,93504,95109,104910,103924,72702,78793,51059,62648,14629,25060,848689,805184,71131,68565,182649,176128,50242,40,54
2021-10-24T23:59:59+02:00,11269,10512,61618,57815,67803,63387,76315,77375,97553,99414,108612,107405,74409,80727,52255,64144,15121,26077,9690,8973,56650,53569,63723,59140,72459,73116,93455,95056,104880,103887,72678,78778,51050,62638,14626,25058,848016,804574,71079,68553,182649,176119,50126,40,54
2021-10-23T23:59:59+02:00,11265,10509,61607,57802,67785,63371,76304,77361,97539,99406,108607,107400,74408,80726,52255,64144,15121,26077,9687,8971,56642,53558,63709,59132,72453,73102,93446,95048,104877,103883,72676,78776,51050,62636,14626,25057,847928,804507,71065,68545,182648,176118,50105,40,54
2021-10-22T23:59:59+02:00,11202,10461,61453,57690,67607,63237,76164,77241,97414,99305,108530,107352,74391,80706,52251,64136,15120,26072,9634,8923,56528,53461,63629,59053,72381,73030,93378,94993,104840,103856,72659,78758,51045,62626,14626,25057,846743,803781,70989,68514,182647,176116,50012,40,54
2021-10-21T23:59:59+02:00,11125,10382,61304,57572,67451,63112,76036,77119,97290,99215,108442,107286,74363,80677,52238,64109,15115,26063,9561,8821,56399,53328,63502,58926,72299,72928,93281,94912,104782,103807,72625,78723,51035,62602,14620,25052,845468,802659,70958,68490,182646,176114,49886,40,54
2021-10-20T23:59:59+02:00,11083,10332,61202,57470,67349,63009,75949,77033,97206,99154,108393,107248,74347,80657,52227,64099,15110,26056,9479,8761,56272,53190,63395,58825,72225,72815,93215,94854,104712,103752,72599,78691,51022,62577,14617,25042,844578,801592,70939,68465,182644,176112,49820,40,54
2021-10-19T23:59:59+02:00,11032,10283,61139,57399,67272,62928,75879,76969,97156,99115,108353,107214,74322,80639,52212,64074,15099,26039,9395,8674,56132,53078,63278,58713,72137,72724,93134,94756,104645,103682,72549,78645,51004,62540,14610,25022,843863,800357,70919,68441,182643,176110,49756,40,54
2021-10-18T23:59:59+02:00,10989,10239,61063,57328,67193,62863,75825,76912,97112,99064,108311,107169,74308,80619,52202,64048,15095,26023,9343,8624,56016,52934,63150,58579,72047,72626,93050,94657,104588,103625,72507,78608,50977,62512,14599,25005,843182,799163,70890,68427,182643,176099,49704,40,54
2021-10-17T23:59:59+02:00,10961,10213,61019,57290,67159,62828,75799,76889,97071,99028,108299,107146,74298,80607,52199,64036,15090,26017,9287,8577,55921,52855,63068,58487,71983,72542,92993,94601,104550,103583,72480,78577,50965,62485,14593,24987,842824,798345,70883,68403,182643,176078,49654,40,54
2021-10-16T23:59:59+02:00,10957,10209,61013,57286,67151,62820,75792,76885,97065,99026,108298,107143,74297,80607,52199,64035,15090,26017,9280,8572,55916,52841,63062,58481,71979,72538,92990,94596,104548,103579,72479,78575,50965,62485,14593,24987,842781,798298,70880,68395,182643,176078,49641,40,54
2021-10-15T23:59:59+02:00,10919,10163,60924,57223,67092,62757,75734,76825,97017,98974,108260,107120,74286,80592,52197,64034,15088,26015,9231,8523,55797,52722,62987,58408,71912,72465,92925,94537,104501,103536,72462,78557,50955,62469,14592,24983,842167,797476,70859,68349,182643,176077,49606,40,54
2021-10-14T23:59:59+02:00,10872,10103,60814,57128,67035,62662,75670,76752,96955,98917,108225,107072,74272,80573,52185,64020,15084,26009,9125,8441,55629,52590,62869,58279,71841,72369,92821,94447,104440,103467,72427,78524,50932,62435,14582,24970,841405,796235,70844,68323,182640,176063,49513,40,54
2021-10-13T23:59:59+02:00,10818,10062,60723,57047,66967,62570,75600,76686,96896,98879,108175,107031,74250,80551,52170,64001,15077,25999,9057,8380,55494,52460,62764,58153,71745,72273,92743,94363,104361,103392,72389,78491,50912,62401,14571,24950,840653,795055,70829,68311,182638,176043,49436,40,54
2021-10-12T23:59:59+02:00,10761,10012,60617,56964,66867,62488,75533,76632,96851,98826,108137,106997,74225,80527,52160,63989,15072,25990,8983,8318,55362,52309,62656,58037,71659,72166,92686,94280,104288,103325,72350,78443,50889,62370,14566,24932,839875,793869,70820,68290,182636,176035,49371,40,54
2021-10-11T23:59:59+02:00,10709,9963,60518,56901,66776,62389,75457,76563,96788,98771,108084,106953,74198,80496,52142,63961,15057,25968,8922,8262,55236,52180,62529,57904,71582,72057,92608,94204,104212,103258,72304,78399,50861,62335,14553,24910,839040,792687,70800,68271,182629,176026,49278,40,54
2021-10-10T23:59:59+02:00,10682,9938,60459,56860,66721,62348,75415,76520,96755,98740,108058,106933,74186,80485,52139,63955,15052,25958,8870,8220,55135,52062,62438,57781,71498,71972,92534,94119,104149,103206,72273,78369,50840,62313,14547,24898,838642,791700,70791,68261,182626,176012,49197,40,54
2021-10-09T23:59:59+02:00,10681,9935,60450,56852,66709,62341,75410,76514,96750,98731,108053,106931,74186,80481,52139,63955,15052,25957,8858,8212,55114,52046,62425,57765,71487,71963,92526,94113,104142,103202,72270,78368,50840,62313,14547,24898,838584,791587,70786,68255,182625,176009,49184,40,54
2021-10-08T23:59:59+02:00,10630,9886,60356,56758,66636,62264,75356,76447,96705,98689,108020,106904,74176,80473,52132,63943,15047,25956,8816,8161,55012,51956,62348,57701,71419,71897,92477,94059,104113,103169,72262,78357,50833,62307,14545,24896,837912,790919,70761,68222,182623,175999,49134,40,54
2021-10-07T23:59:59+02:00,10565,9820,60206,56649,66545,62167,75274,76351,96633,98635,107956,106849,74152,80451,52120,63929,15040,25949,8708,8067,54881,51813,62245,57572,71311,71788,92391,93968,104028,103104,72211,78320,50809,62282,14533,24885,836963,789683,70749,68189,182622,175982,49009,40,53
2021-10-06T23:59:59+02:00,10511,9779,60073,56557,66462,62088,75198,76293,96575,98593,107907,106804,74131,80427,52103,63906,15036,25933,8633,7997,54737,51649,62151,57438,71216,71683,92287,93881,103938,103021,72173,78277,50784,62248,14523,24871,836144,788406,70738,68182,182620,175966,48900,40,53
2021-10-05T23:59:59+02:00,10445,9709,59936,56434,66364,61990,75118,76221,96498,98529,107860,106750,74110,80400,52094,63877,15030,25922,8546,7917,54552,51478,62038,57292,71102,71566,92177,93779,103867,102950,72119,78232,50760,62209,14515,24858,835207,787030,70723,68153,182617,175955,48766,40,53
2021-10-04T23:59:59+02:00,10385,9656,59793,56318,66239,61881,75030,76134,96411,98455,107798,106701,74088,80369,52073,63841,15025,25902,8471,7856,54377,51293,61923,57138,70975,71436,92096,93673,103768,102863,72084,78177,50715,62170,14505,24838,834156,785577,70710,68146,182614,175937,48645,40,53
2021-10-03T23:59:59+02:00,10342,9617,59741,56233,66177,61831,74972,76096,96381,98424,107765,106663,74076,80351,52061,63825,15023,25895,8414,7814,54262,51179,61842,57048,70888,71335,92030,93599,103702,102777,72050,78148,50696,62137,14498,24834,833656,784612,70705,68141,182601,175910,48537,40,53
2021-10-02T23:59:59+02:00,10337,9615,59732,56218,66161,61820,74964,76083,96376,98419,107763,106660,74075,80351,52060,63823,15023,25895,8409,7810,54248,51168,61829,57040,70885,71325,92026,93596,103700,102768,72047,78148,50695,62135,14497,24834,833583,784540,70694,68135,182601,175909,48523,40,53
2021-10-01T23:59:59+02:00,10282,9558,59576,56120,66085,61735,74884,76016,96323,98366,107704,106625,74059,80328,52049,63810,15022,25891,8347,7749,54134,51060,61774,56976,70838,71277,91972,93540,103665,102735,72034,78141,50691,62123,14495,24829,832750,783878,70675,68108,182599,175907,48434,40,53
2021-09-30T23:59:59+02:00,10211,9475,59437,55970,65954,61610,74783,75926,96218,98276,107616,106564,74033,80290,52033,63786,15018,25876,8268,7674,53988,50927,61681,56871,70745,71195,91894,93458,103592,102671,71998,78098,50672,62089,14495,24818,831652,782892,70646,68086,182595,175896,48207,40,53
2021-09-29T23:59:59+02:00,10134,9418,59287,55839,65833,61493,74698,75830,96120,98187,107551,106507,73994,80245,52025,63758,15013,25865,8189,7588,53832,50774,61567,56735,70648,71088,91800,93366,103496,102604,71948,78054,50647,62038,14488,24808,830626,781699,70617,68056,182592,175877,47985,40,53
2021-09-28T23:59:59+02:00,10049,9336,59146,55688,65671,61352,74593,75745,96014,98102,107470,106441,73945,80203,52005,63730,15006,25849,8114,7519,53678,50622,61429,56620,70556,70972,91723,93286,103421,102526,71908,78016,50624,62005,14484,24797,829472,780639,70604,68037,182588,175868,47703,40,53
2021-09-27T23:59:59+02:00,9990,9284,58994,55528,65531,61223,74503,75641,95910,97997,107380,106388,73899,80159,51986,63703,14998,25829,8048,7452,53527,50494,61306,56486,70463,70865,91621,93190,103336,102474,71859,77969,50602,61969,14477,24778,828420,779650,70585,68021,182583,175822,47370,40,53
2021-09-26T23:59:59+02:00,9947,9243,58907,55440,65448,61137,74446,75565,95847,97941,107333,106351,73873,80134,51974,63678,14991,25816,8000,7410,53428,50382,61220,56405,70387,70776,91550,93114,103282,102442,71830,77941,50580,61945,14471,24766,827779,778904,70567,68013,182567,175786,47173,40,53
2021-09-25T23:59:59+02:00,9939,9231,58889,55421,65432,61127,74436,75556,95841,97933,107323,106347,73873,80133,51973,63677,14991,25816,7999,7399,53402,50374,61206,56387,70375,70768,91544,93108,103272,102440,71830,77939,50580,61942,14471,24766,827701,778828,70560,68009,182565,175785,47127,40,53
2021-09-24T23:59:59+02:00,9887,9175,58777,55297,65332,61027,74347,75464,95755,97860,107264,106306,73845,80111,51965,63667,14990,25806,7945,7344,53297,50267,61130,56313,70302,70697,91473,93047,103199,102390,71804,77921,50569,61926,14466,24756,826816,778041,70542,68001,182559,175779,46972,40,53
2021-09-23T23:59:59+02:00,9796,9083,58536,55107,65154,60869,74222,75318,95610,97724,107155,106195,73799,80075,51945,63627,14978,25788,7880,7269,53117,50130,61010,56177,70186,70586,91355,92937,103106,102316,71770,77875,50551,61901,14453,24742,825400,777026,70489,67973,182555,175760,46549,40,53
2021-09-22T23:59:59+02:00,9712,9023,58348,54958,64994,60724,74102,75194,95482,97624,107054,106137,73755,80027,51919,63583,14958,25760,7805,7205,52974,49979,60891,56057,70095,70489,91263,92829,103043,102263,71729,77826,50521,61864,14439,24728,824138,776039,70470,67949,182545,175746,46213,40,53
2021-09-21T23:59:59+02:00,9642,8935,58200,54803,64847,60579,73965,75059,95344,97506,106961,106044,73721,79968,51901,63558,14950,25738,7712,7120,52828,49818,60773,55926,69993,70383,91156,92726,102947,102169,71690,77781,50495,61823,14430,24703,822859,774865,70453,67936,182541,175739,45880,40,53
2021-09-20T23:59:59+02:00,9581,8874,58061,54663,64687,60445,73847,74908,95216,97415,106873,105951,73659,79924,51874,63522,14937,25718,7656,7064,52705,49683,60648,55807,69885,70275,91056,92636,102870,102094,71637,77737,50470,61774,14423,24685,821654,773883,70439,67919,182534,175710,45540,40,53
2021-09-19T23:59:59+02:00,9529,8834,57940,54575,64575,60329,73755,74803,95143,97315,106811,105879,73642,79899,51861,63503,14935,25707,7620,7023,52595,49565,60554,55695,69790,70181,90987,92564,102791,102025,71603,77703,50449,61743,14416,24679,820868,773105,70420,67904,182522,175684,45237,40,53
2021-09-18T23:59:59+02:00,9512,8817,57914,54546,64540,60298,73728,74779,95127,97293,106799,105858,73639,79898,51858,63500,14935,25706,7611,7010,52565,49530,60523,55672,69769,70161,90967,92548,102778,102005,71599,77700,50449,61742,14415,24677,820650,772913,70410,67895,182522,175683,45177,40,53
2021-09-17T23:59:59+02:00,9425,8739,57743,54398,64407,60170,73603,74660,95022,97190,106715,105786,73604,79866,51846,63482,14928,25699,7548,6949,52398,49419,60398,55562,69677,70071,90885,92468,102705,101947,71566,77663,50434,61712,14406,24670,819502,771966,70365,67876,182520,175676,44907,40,53
2021-09-16T23:59:59+02:00,9347,8664,57528,54246,64229,59983,73423,74491,94872,97055,106560,105674,73533,79808,51824,63440,14921,25684,7485,6885,52231,49293,60246,55438,69551,69957,90775,92365,102600,101866,71521,77614,50412,61674,14399,24657,818024,770991,70348,67857,182497,175644,44424,40,53
2021-09-15T23:59:59+02:00,9254,8583,57323,54025,64046,59781,73243,74312,94725,96902,106413,105541,73473,79741,51779,63388,14911,25663,7426,6826,52071,49126,60118,55302,69426,69854,90673,92286,102492,101777,71474,77556,50378,61636,14389,24646,816267,769907,70329,67840,182493,175632,44024,40,53
2021-09-14T23:59:59+02:00,9146,8477,57133,53791,63866,59595,73098,74134,94593,96744,106289,105441,73399,79676,51749,63338,14895,25642,7351,6747,51899,48928,59963,55161,69305,69734,90563,92156,102399,101684,71423,77495,50350,61592,14381,24633,814510,768572,70317,67827,182473,175597,43715,39,53
2021-09-13T23:59:59+02:00,9084,8410,56910,53586,63709,59401,72940,73964,94444,96591,106153,105310,73346,79626,51711,63291,14875,25612,7305,6693,51728,48765,59837,55027,69224,69642,90444,92068,102304,101611,71379,77454,50322,61552,14371,24622,812813,767516,70306,67815,182459,175570,43394,39,53
2021-09-12T23:59:59+02:00,9039,8382,56789,53498,63621,59306,72863,73878,94371,96524,106091,105242,73318,79601,51697,63269,14870,25605,7258,6647,51595,48654,59737,54927,69148,69563,90369,92003,102232,101542,71343,77424,50307,61527,14366,24609,812094,766705,70289,67801,182442,175545,43148,39,52
2021-09-11T23:59:59+02:00,9033,8373,56771,53475,63603,59292,72851,73865,94365,96510,106086,105237,73317,79600,51697,63269,14870,25605,7251,6641,51575,48633,59716,54915,69133,69552,90360,91988,102230,101537,71338,77422,50307,61527,14366,24607,812015,766656,70282,67755,182439,175543,43092,39,52
2021-09-10T23:59:59+02:00,8961,8312,56609,53330,63488,59174,72743,73759,94247,96393,106010,105176,73280,79564,51683,63243,14866,25600,7219,6616,51447,48567,59652,54852,69070,69504,90295,91931,102193,101499,71317,77406,50298,61517,14362,24602,810898,766189,70250,67700,182433,175540,42866,39,52
2021-09-09T23:59:59+02:00,8890,8247,56412,53137,63322,58991,72585,73615,94100,96253,105885,105082,73221,79501,51652,63209,14862,25587,7153,6557,51261,48400,59497,54719,68937,69378,90175,91825,102078,101407,71274,77361,50270,61487,14356,24586,809544,765128,70229,67650,182414,175518,42373,38,52
2021-09-08T23:59:59+02:00,8804,8170,56232,52966,63170,58809,72441,73465,93941,96123,105791,104975,73155,79441,51623,63154,14857,25572,7078,6488,51084,48234,59372,54581,68812,69229,90049,91717,101993,101307,71219,77303,50246,61446,14352,24570,808148,763971,70203,67598,182378,175493,41966,38,52
2021-09-07T23:59:59+02:00,8716,8110,56068,52810,63052,58669,72325,73334,93835,96023,105686,104876,73104,79395,51597,63114,14850,25552,6999,6434,50915,48071,59242,54436,68688,69112,89943,91602,101893,101207,71171,77254,50224,61420,14348,24550,806897,762749,70198,67585,182375,175471,41652,38,52
2021-09-06T23:59:59+02:00,8654,8044,55920,52641,62915,58513,72218,73203,93732,95912,105606,104788,73052,79346,51565,63084,14839,25536,6933,6378,50765,47929,59103,54288,68573,68991,89861,91507,101797,101120,71122,77206,50202,61390,14341,24540,805680,761625,70171,67543,182343,175447,41379,38,52
2021-09-05T23:59:59+02:00,8624,8006,55852,52548,62851,58452,72168,73146,93686,95862,105579,104745,73032,79324,51555,63064,14832,25530,6884,6326,50674,47844,59037,54222,68510,68932,89815,91451,101757,101071,71103,77178,50189,61373,14335,24531,805161,761005,70162,67533,182321,175426,41216,38,52
2021-09-04T23:59:59+02:00,8617,8001,55832,52539,62842,58443,72160,73138,93679,95858,105576,104739,73031,79323,51555,63064,14832,25530,6880,6321,50660,47829,59021,54208,68506,68924,89808,91446,101753,101067,71102,77176,50188,61373,14335,24531,805102,760941,70159,67528,182320,175425,41182,38,52
2021-09-03T23:59:59+02:00,8551,7932,55701,52452,62769,58346,72081,73058,93601,95795,105506,104678,73001,79290,51536,63033,14825,25520,6821,6269,50544,47734,58943,54142,68447,68853,89747,91385,101689,101014,71074,77142,50167,61350,14332,24522,804183,760165,70151,67510,182313,175416,41032,38,52
2021-09-02T23:59:59+02:00,8456,7837,55509,52295,62644,58241,71987,72929,93481,95681,105401,104593,72944,79234,51504,62986,14814,25500,6726,6180,50319,47562,58798,54024,68344,68738,89613,91281,101573,100919,71017,77094,50143,61323,14324,24506,803048,759015,70107,67467,182299,175366,40584,38,52
2021-09-01T23:59:59+02:00,8380,7744,55358,52147,62514,58109,71899,72804,93389,95593,105323,104523,72906,79190,51482,62951,14807,25482,6640,6071,50144,47353,58672,53884,68264,68626,89511,91179,101468,100825,70977,77052,50118,61283,14317,24490,801940,757784,70083,67428,182285,175316,40294,38,52
2021-08-31T23:59:59+02:00,8272,7651,55198,51992,62407,57994,71821,72703,93303,95510,105238,104445,72865,79149,51460,62922,14797,25468,6525,5953,49938,47151,58553,53745,68150,68503,89413,91074,101359,100745,70931,77000,50098,61248,14305,24474,800858,756424,70075,67412,182276,175291,39986,38,52
2021-08-30T23:59:59+02:00,8196,7571,55016,51829,62295,57865,71706,72586,93179,95381,105120,104350,72815,79106,51443,62889,14776,25445,6428,5868,49741,46937,58430,53606,68051,68392,89296,90962,101246,100636,70881,76964,50071,61219,14291,24457,799665,755219,70035,67347,182244,175236,39622,38,52
2021-08-29T23:59:59+02:00,8155,7525,54926,51748,62237,57786,71638,72539,93126,95317,105072,104315,72795,79083,51428,62874,14770,25436,6373,5820,49623,46834,58342,53507,67980,68315,89241,90902,101185,100583,70856,76948,50057,61206,14285,24454,799136,754565,70033,67337,182234,175192,39365,38,52
2021-08-28T23:59:59+02:00,8137,7511,54887,51710,62206,57766,71611,72522,93108,95301,105058,104304,72790,79081,51426,62870,14770,25436,6367,5816,49585,46815,58316,53491,67959,68301,89221,90879,101178,100570,70850,76944,50055,61204,14285,24454,798930,754418,70032,67330,182232,175192,39298,38,52
2021-08-27T23:59:59+02:00,8053,7433,54705,51572,62092,57627,71515,72399,92986,95180,104947,104218,72745,79030,51403,62834,14758,25430,6332,5776,49460,46730,58237,53409,67877,68230,89143,90813,101121,100522,70815,76909,50041,61193,14283,24454,797611,753716,70027,67324,182220,175186,39067,38,52
2021-08-26T23:59:59+02:00,7989,7360,54546,51425,61969,57516,71417,72291,92881,95051,104841,104137,72703,78979,51380,62814,14753,25416,6283,5735,49297,46574,58116,53303,67778,68136,89037,90734,101052,100453,70774,76874,50017,61171,14278,24445,796557,752888,70017,67285,182211,175153,38679,38,52
2021-08-25T23:59:59+02:00,7925,7307,54402,51275,61858,57364,71310,72175,92774,94951,104740,104053,72646,78928,51352,62778,14740,25402,6214,5653,49101,46383,57991,53163,67659,68012,88924,90621,100953,100364,70717,76826,49991,61132,14272,24430,795553,751753,69991,67252,182200,175118,38231,38,52
2021-08-24T23:59:59+02:00,7813,7218,54263,51071,61732,57227,71204,72046,92657,94831,104635,103956,72593,78881,51317,62733,14732,25387,6132,5563,48882,46160,57853,52991,67550,67876,88822,90528,100861,100283,70679,76773,49966,61106,14268,24414,794151,750353,69974,67230,182190,175096,37976,38,52
2021-08-23T23:59:59+02:00,7751,7144,54080,50899,61600,57103,71091,71935,92530,94724,104536,103857,72541,78820,51283,62691,14725,25376,6072,5508,48698,45986,57736,52865,67443,67779,88719,90437,100773,100206,70639,76722,49938,61067,14264,24402,792940,749335,69944,67206,182175,175040,37621,38,52
2021-08-22T23:59:59+02:00,7723,7118,53997,50821,61547,57040,71052,71882,92487,94682,104492,103828,72521,78805,51274,62678,14724,25370,6034,5470,48579,45877,57646,52772,67369,67719,88648,90379,100730,100164,70609,76698,49923,61049,14261,24395,792515,748655,69936,67198,182155,174990,37427,38,52
2021-08-21T23:59:59+02:00,7717,7115,53971,50806,61528,57029,71036,71868,92474,94664,104482,103818,72516,78803,51274,62677,14724,25369,6030,5466,48559,45860,57625,52764,67351,67700,88630,90364,100720,100154,70607,76695,49923,61048,14261,24395,792444,748563,69893,67179,182151,174984,37374,38,52
2021-08-20T23:59:59+02:00,7686,7078,53880,50730,61454,56968,70965,71805,92409,94602,104429,103782,72491,78775,51262,62651,14715,25358,6007,5447,48466,45785,57554,52701,67282,67645,88572,90304,100660,100116,70584,76673,49917,61032,14252,24391,791900,748048,69821,67166,182148,174960,37162,38,52
2021-08-19T23:59:59+02:00,7620,6998,53748,50607,61304,56852,70849,71697,92294,94513,104333,103692,72442,78718,51233,62611,14706,25338,5980,5421,48333,45681,57438,52608,67193,67567,88481,90225,100562,100051,70551,76645,49897,61008,14248,24382,790860,747402,69785,67132,182131,174915,36770,38,52
2021-08-18T23:59:59+02:00,7545,6941,53600,50469,61177,56741,70738,71605,92185,94424,104231,103608,72383,78665,51198,62575,14696,25317,5946,5378,48214,45554,57319,52511,67103,67493,88365,90136,100486,99977,70506,76607,49877,60984,14241,24365,789856,746683,69755,67105,182120,174864,36358,38,52
2021-08-17T23:59:59+02:00,7462,6860,53436,50305,61069,56616,70622,71483,92080,94319,104123,103508,72332,78622,51170,62549,14688,25306,5896,5339,48021,45376,57186,52372,66981,67386,88234,90040,100376,99881,70450,76558,49852,60963,14234,24353,788776,745649,69733,67071,182115,174809,35917,38,52
2021-08-16T23:59:59+02:00,7389,6797,53306,50173,60972,56502,70522,71388,91987,94214,104030,103408,72289,78571,51140,62505,14680,25298,5872,5304,47881,45258,57079,52302,66886,67302,88136,89953,100292,99787,70407,76518,49828,60935,14227,24348,787901,745018,69685,67028,182100,174742,35476,38,51
2021-08-15T23:59:59+02:00,7340,6757,53228,50092,60902,56432,70456,71328,91929,94163,103975,103361,72254,78541,51132,62489,14676,25289,5851,5286,47775,45163,56987,52213,66816,67240,88058,89889,100237,99739,70369,76483,49813,60914,14222,24336,787426,744533,69672,66997,182086,174660,35151,38,50
2021-08-14T23:59:59+02:00,7318,6741,53155,50022,60852,56388,70420,71281,91892,94124,103936,103325,72233,78533,51123,62478,14674,25286,5775,5232,47536,44890,56820,52025,66663,67086,87923,89767,100122,99632,70319,76440,49802,60891,14218,24331,786941,742702,69665,66991,182086,174649,35080,38,50
2021-08-13T23:59:59+02:00,7277,6705,53044,49926,60768,56308,70367,71212,91816,94067,103886,103280,72210,78510,51111,62467,14672,25279,5548,5017,47031,44391,56579,51757,66433,66831,87650,89514,99926,99427,70232,76338,49763,60831,14212,24310,786185,739220,69661,66981,182086,174575,34964,38,50
2021-08-12T23:59:59+02:00,7246,6678,52943,49856,60709,56229,70292,71162,91745,94008,103825,103234,72176,78477,51097,62451,14670,25265,5328,4843,46532,43945,56303,51453,66173,66609,87394,89290,99585,99153,70122,76204,49709,60767,14201,24282,785747,736164,69635,66957,182070,174121,34602,38,49
2021-08-11T23:59:59+02:00,7180,6609,52777,49685,60578,56110,70208,71068,91637,93904,103724,103127,72116,78412,51065,62409,14663,25249,5052,4560,45852,43325,55932,51071,65911,66311,87099,89025,99249,98785,69982,76058,49649,60665,14189,24253,784570,732043,69614,66923,182061,173686,34267,38,49
2021-08-10T23:59:59+02:00,7103,6525,52578,49498,60432,55990,70100,70945,91512,93774,103600,103022,72063,78354,51034,62378,14655,25240,4829,4319,44895,42417,55261,50416,65415,65857,86637,88540,98757,98328,69777,75859,49549,60564,14168,24214,783207,725771,69605,66871,182053,173183,33928,38,49
2021-08-09T23:59:59+02:00,7059,6478,52467,49405,60354,55916,70042,70885,91444,93701,103528,102963,72020,78318,51028,62362,14651,25232,4588,4103,43888,41355,54546,49725,64940,65425,86192,88105,98241,97859,69589,75635,49459,60438,14140,24175,782639,719307,69535,66797,182041,172622,33628,38,49
2021-08-08T23:59:59+02:00,7013,6437,52402,49337,60314,55884,70004,70859,91387,93654,103475,102923,71999,78296,51014,62341,14645,25227,4573,4090,43832,41292,54483,49679,64876,65387,86120,88047,98174,97809,69563,75604,49438,60412,14132,24168,782353,719019,69528,66781,182027,172539,33291,38,49
2021-08-07T23:59:59+02:00,6974,6396,52291,49209,60236,55808,69946,70794,91317,93591,103425,102875,71982,78279,51005,62335,14645,25226,4260,3779,42866,40269,53928,49107,64439,64982,85745,87649,97854,97462,69420,75461,49382,60330,14115,24150,781565,712650,69524,66764,182027,172531,33206,38,47
2021-08-06T23:59:59+02:00,6931,6334,52157,49080,60163,55742,69880,70713,91237,93515,103365,102818,71958,78256,50994,62316,14643,25222,3949,3557,42183,39656,53685,48840,64216,64739,85509,87427,97625,97259,69336,75370,49340,60289,14109,24137,780691,709028,69520,66682,182026,172394,33075,38,47
2021-08-05T23:59:59+02:00,6821,6227,51903,48856,59987,55553,69737,70568,91074,93368,103223,102681,71897,78193,50966,62276,14630,25203,3756,3387,41345,38961,53165,48380,63843,64390,85051,87027,97002,96740,69149,75186,49274,60191,14090,24106,779069,704477,69467,66631,181991,171265,32623,38,47
2021-08-04T23:59:59+02:00,6732,6141,51708,48623,59840,55374,69624,70417,90939,93253,103104,102564,71836,78129,50940,62230,14619,25174,3382,3032,40501,38174,52795,47977,63521,64070,84679,86699,96590,96333,68986,75015,49197,60094,14074,24072,777659,699886,69431,66612,181977,170479,32167,38,47
2021-08-03T23:59:59+02:00,6659,6084,51538,48486,59715,55244,69533,70326,90840,93154,103007,102483,71782,78093,50920,62204,14611,25158,3253,2930,39501,37228,52000,47294,62977,63537,84161,86214,95876,95703,68742,74799,49105,59977,14053,24027,776621,693634,69422,66589,181970,169296,31811,38,47
2021-08-02T23:59:59+02:00,6611,6041,51402,48346,59623,55165,69449,70257,90786,93081,102927,102421,71742,78051,50899,62181,14604,25145,3085,2752,38227,36065,51035,46482,62260,62949,83554,85648,95076,95001,68489,74542,49017,59843,14033,23988,775923,685998,69374,66538,181942,167984,31479,38,47
2021-08-01T23:59:59+02:00,6569,5986,51231,48184,59468,55050,69356,70143,90678,92990,102839,102328,71700,78014,50877,62141,14599,25129,3061,2734,38043,35931,50875,46382,62129,62856,83376,85505,94623,94598,68372,74432,48978,59794,14022,23968,774873,685352,69345,66479,181924,166674,31127,38,47
2021-07-31T23:59:59+02:00,6526,5952,51137,48064,59413,54978,69307,70099,90638,92960,102812,102303,71689,78002,50869,62137,14599,25126,2657,2353,36433,34417,49963,45513,61592,62291,82872,84992,94142,94164,68183,74227,48899,59699,14004,23935,774262,676189,69341,66470,181924,166559,31071,38,47
2021-07-30T23:59:59+02:00,6490,5899,50986,47923,59330,54897,69238,70039,90564,92880,102756,102264,71672,77978,50860,62113,14596,25122,2381,2125,34971,33012,48990,44562,60860,61599,82186,84371,93459,93588,67948,73990,48795,59549,13985,23904,773495,666650,69316,66459,181918,166254,30865,38,47
2021-07-29T23:59:59+02:00,6375,5779,50556,47555,59114,54626,69046,69849,90375,92692,102594,102127,71597,77895,50827,62058,14581,25104,2304,2061,34236,32393,48365,44112,60455,61244,81761,84020,92687,92912,67752,73832,48732,59462,13965,23873,771177,662777,69262,66312,181875,164607,30423,38,47
2021-07-28T23:59:59+02:00,6303,5716,50300,47361,58982,54471,68918,69752,90246,92568,102487,102033,71541,77838,50800,62018,14572,25087,2280,2042,33910,32099,48045,43874,60222,61020,81582,83848,92448,92712,67678,73765,48699,59429,13952,23863,769857,661068,69229,66223,181848,164085,30046,38,46
2021-07-27T23:59:59+02:00,6250,5669,50138,47219,58839,54375,68824,69663,90144,92458,102381,101956,71496,77785,50770,61984,14564,25073,2138,1927,32439,30694,46771,42779,59389,60224,80977,83316,91425,91863,67401,73480,48611,59302,13920,23822,768947,652390,69203,66152,181824,162289,29601,38,46
2021-07-26T23:59:59+02:00,6227,5640,50019,47131,58741,54287,68747,69610,90057,92397,102315,101903,71456,77749,50747,61964,14558,25064,2004,1812,31069,29433,45448,41653,58287,59237,80267,82681,90258,90831,67093,73206,48520,59185,13896,23780,768413,643301,69137,66057,181786,159992,29264,37,46
2021-07-25T23:59:59+02:00,6207,5623,49905,47026,58651,54221,68683,69551,89992,92340,102254,101855,71423,77713,50728,61941,14555,25054,1988,1804,30862,29276,45174,41455,58031,59006,79995,82471,89294,89976,66886,73032,48451,59112,13884,23756,768001,642111,69125,65938,181760,157533,28825,36,46
2021-07-24T23:59:59+02:00,6172,5594,49785,46938,58582,54159,68635,69495,89946,92296,102213,101814,71417,77706,50725,61938,14554,25050,1729,1585,29263,27684,44018,40368,57333,58291,79375,81897,88649,89409,66706,72841,48380,59010,13870,23732,767395,632034,69115,65921,181752,157393,28746,36,46
2021-07-23T23:59:59+02:00,6087,5507,49611,46760,58488,54055,68526,69391,89841,92192,102123,101718,71381,77649,50704,61907,14550,25044,1502,1366,27565,26163,42757,39274,56398,57402,78682,81279,87940,88745,66436,72567,48301,58909,13849,23702,766017,621455,69111,65755,181733,156919,28662,36,46
2021-07-22T23:59:59+02:00,5947,5394,49314,46473,58289,53849,68355,69223,89656,92039,101968,101584,71314,77566,50662,61856,14539,25025,1418,1311,26743,25333,41846,38460,55455,56573,77938,80652,86274,87236,66060,72167,48190,58778,13818,23650,764076,612957,69066,65253,181701,155447,28199,36,46
2021-07-21T23:59:59+02:00,5671,5111,48780,45944,57986,53536,68123,68944,89377,91791,101698,101317,71187,77435,50602,61791,14530,24999,1386,1285,26487,25109,41424,38178,55012,56182,77568,80370,85465,86630,65892,72039,48134,58712,13800,23625,760463,610980,69041,64974,181679,153670,27628,36,46
2021-07-20T23:59:59+02:00,5594,5037,48496,45665,57816,53327,67947,68799,89197,91636,101533,101173,71111,77367,50563,61744,14521,24971,1295,1200,25308,23954,40129,37144,53669,54976,76662,79595,84101,85284,65585,71697,48026,58575,13772,23579,758780,600564,69034,64816,181634,152087,27038,36,46
2021-07-19T23:59:59+02:00,5514,4951,48170,45339,57595,53119,67781,68597,89009,91457,101385,101012,71038,77285,50520,61693,14512,24942,1215,1138,24477,23115,38817,36021,51937,53478,75394,78539,82986,84301,65290,71441,47926,58457,13747,23539,756979,590511,69025,64670,181606,150293,26298,36,46
2021-07-18T23:59:59+02:00,5506,4950,48098,45281,57498,53040,67710,68523,88916,91390,101312,100947,71001,77244,50495,61661,14510,24930,1200,1132,24339,23014,38546,35799,51604,53187,75142,78343,82081,83531,65097,71263,47870,58385,13742,23517,756701,589445,69002,64507,181566,148062,25732,36,46
2021-07-17T23:59:59+02:00,5479,4913,47999,45203,57424,52979,67648,68466,88856,91328,101267,100928,70993,77229,50490,61654,14510,24929,1006,944,22951,21549,37157,34494,50360,51992,74536,77786,81446,82934,64968,71115,47803,58323,13733,23497,756137,578552,68997,64481,181557,147922,25593,36,46
2021-07-16T23:59:59+02:00,5376,4834,47757,44971,57300,52874,67530,68352,88718,91231,101160,100824,70947,77178,50467,61635,14504,24923,809,782,21693,20309,35859,33247,48904,50671,73525,76851,80745,82274,64748,70893,47721,58222,13714,23465,754681,566905,68995,64418,181550,147719,25344,36,46
2021-07-15T23:59:59+02:00,5234,4705,47358,44647,57091,52680,67337,68168,88505,91032,100972,100655,70849,77076,50418,61561,14495,24894,750,739,21087,19807,34931,32548,47664,49723,72340,75932,78593,80139,64148,70295,47578,58042,13695,23402,752621,557545,68978,63389,181504,145875,24558,36,46
2021-07-14T23:59:59+02:00,4860,4381,46766,44072,56857,52414,67129,67965,88291,90791,100755,100458,70742,76966,50350,61478,14483,24870,734,723,20880,19661,34668,32388,47291,49420,71808,75540,77926,79603,63824,70019,47495,57958,13672,23368,749171,555733,68962,63201,181452,143973,24027,36,44
2021-07-13T23:59:59+02:00,4769,4301,46566,43919,56692,52256,66967,67817,88133,90664,100609,100331,70669,76904,50313,61431,14479,24854,705,684,20317,19127,33642,31567,45670,47965,70046,73876,76321,78042,63448,69627,47367,57786,13643,23316,747806,544793,68945,62430,181378,142353,23529,36,44
2021-07-12T23:59:59+02:00,4704,4223,46378,43728,56540,52113,66812,67690,87960,90525,100453,100191,70593,76816,50275,61375,14472,24836,681,663,19840,18691,32854,30944,44006,46508,67663,71803,74429,76539,62917,69040,47222,57624,13615,23265,746532,533682,68922,61861,181277,139780,22937,36,44
2021-07-11T23:59:59+02:00,4699,4220,46307,43675,56477,52063,66760,67651,87897,90472,100381,100131,70555,76773,50265,61360,14469,24822,673,658,19631,18548,32503,30696,43558,46131,67201,71443,73649,75840,62517,68660,47151,57534,13599,23232,746381,531884,68911,61535,181211,137304,22457,36,44
2021-07-10T23:59:59+02:00,4573,4084,46023,43366,56291,51866,66610,67475,87763,90332,100279,100025,70499,76716,50244,61334,14466,24813,641,626,19067,17998,31558,29832,41806,44550,65717,70161,73013,75218,62352,68511,47098,57482,13592,23218,744280,521261,68905,61519,181199,137258,22358,36,44
2021-07-09T23:59:59+02:00,4444,3966,45748,43114,56123,51671,66448,67309,87611,90167,100145,99921,70446,76643,50208,61293,14461,24801,594,577,18475,17424,30584,28868,39852,42619,63419,68034,71851,74076,62078,68186,47022,57357,13574,23193,742225,507556,68891,61138,181193,136852,22193,36,44
2021-07-08T23:59:59+02:00,4415,3940,45605,43000,55997,51553,66316,67209,87486,90044,100026,99824,70391,76591,50187,61255,14450,24787,547,533,17532,16617,29181,27833,38131,41163,61288,66209,68490,70919,61179,67213,46777,57013,13529,23098,741494,492275,68831,59058,181122,134269,21606,36,44
2021-07-07T23:59:59+02:00,4403,3934,45539,42957,55912,51498,66233,67164,87433,90004,99983,99773,70375,76568,50178,61237,14446,24777,469,480,16571,15763,27787,26819,36603,39929,59667,64752,65258,67443,60162,66170,46540,56692,13479,23026,741187,476963,68782,57145,181070,132119,21339,36,44
2021-07-06T23:59:59+02:00,4351,3886,45393,42829,55786,51356,66127,67055,87324,89912,99902,99689,70337,76509,50160,61210,14443,24763,402,416,15800,15022,26708,25910,34755,38215,56266,61727,62605,64982,59407,65381,46267,56358,13439,22923,740053,459051,68762,56327,181011,129990,21171,35,44
2021-07-05T23:59:59+02:00,4288,3841,45214,42654,55633,51253,66003,66945,87206,89819,99817,99591,70274,76445,50138,61183,14440,24748,368,364,15140,14394,25758,25093,33522,37081,53163,58749,59828,62516,58568,64569,46014,56046,13394,22845,738863,442956,68723,55970,180931,127502,20940,35,44
2021-07-04T23:59:59+02:00,4279,3835,45167,42622,55567,51220,65960,66919,87168,89787,99785,99564,70250,76424,50132,61168,14434,24737,349,344,14935,14190,25320,24737,32923,36553,52498,58220,58843,61654,57906,63937,45830,55842,13375,22796,738668,438876,68691,55768,180862,124802,20762,35,44
2021-07-03T23:59:59+02:00,4059,3657,44633,42058,55250,50843,65663,66642,86921,89526,99584,99368,70177,76352,50109,61122,14430,24725,331,328,14649,13868,24966,24382,31945,35631,50752,56671,57974,60918,57732,63739,45762,55757,13363,22771,734854,430293,68676,55750,180856,124754,20698,35,44
2021-07-02T23:59:59+02:00,3750,3371,43979,41465,54924,50506,65380,66338,86648,89273,99348,99142,70074,76239,50057,61052,14424,24708,304,291,14231,13420,24270,23775,30785,34562,48118,54501,55837,59128,57337,63308,45602,55598,13347,22733,730516,417770,68659,54699,180843,124023,20626,34,29
2021-07-01T23:59:59+02:00,3612,3261,43623,41114,54722,50331,65220,66174,86494,89131,99194,99022,70004,76171,50026,61018,14416,24693,261,250,13541,12736,22968,22693,29107,33047,46105,52757,53342,56846,55912,61733,45108,54982,13274,22605,728370,404230,68595,52386,180793,120189,20434,34,28
2021-06-30T23:59:59+02:00,3601,3244,43359,40917,54538,50197,65101,66077,86402,89064,99124,98970,69977,76147,50014,60996,14412,24682,199,211,12796,12133,21797,21794,27517,31677,44251,51039,49704,52883,54583,60399,44752,54543,13218,22477,727225,388460,68543,50482,180772,116754,20249,33,28
2021-06-29T23:59:59+02:00,3384,3024,42440,40082,53931,49594,64661,65649,85989,88611,98776,98643,69852,75998,49957,60925,14393,24651,170,159,12195,11526,20998,21026,26150,30468,41627,48626,47831,51335,53613,59288,44345,54005,13124,22324,721239,376414,68490,48957,180756,113370,20042,33,27
2021-06-28T23:59:59+02:00,3166,2845,41483,39084,53265,48941,64195,65258,85606,88221,98443,98299,69712,75838,49892,60825,14375,24628,127,127,11693,11074,20339,20435,25180,29570,39532,46686,46205,49969,52504,58241,43983,53498,13044,22203,715069,366921,68379,47922,180747,109692,19848,33,27
2021-06-27T23:59:59+02:00,3161,2842,41446,39050,53219,48906,64157,65224,85554,88185,98391,98273,69692,75825,49883,60811,14370,24625,109,110,11499,10880,20013,20118,24602,29008,38506,45833,45039,48875,51471,57229,43549,52991,12962,22060,714859,362312,68350,47478,180711,105376,19661,33,27
2021-06-26T23:59:59+02:00,2679,2369,40052,37680,52495,48161,63605,64660,85067,87666,97966,97840,69501,75650,49810,60707,14351,24602,99,99,11384,10777,19842,19963,24403,28790,38026,45394,44671,48522,51357,57084,43503,52943,12957,22045,706144,359351,68323,47473,180711,105358,19650,33,27
2021-06-25T23:59:59+02:00,2272,2036,39202,36869,52144,47802,63281,64336,84786,87356,97714,97573,69397,75534,49763,60645,14337,24580,75,81,11084,10467,19459,19537,23876,28167,35337,43089,42485,46607,51019,56705,43404,52812,12933,22014,701085,347773,68187,47027,180704,104706,19618,33,27
2021-06-24T23:59:59+02:00,2218,1984,38712,36409,51793,47474,63064,64127,84552,87163,97526,97416,69315,75468,49728,60599,14331,24564,62,58,10486,9882,18394,18658,22452,26911,33237,41250,40052,44311,49537,55055,42834,52111,12816,21811,698138,334881,68158,44424,180683,101154,19431,33,27
2021-06-23T23:59:59+02:00,2205,1960,38481,36178,51631,47305,62950,64016,84454,87068,97449,97332,69284,75437,49710,60578,14327,24553,35,32,10031,9450,17767,18102,21522,26053,31305,39616,36083,39846,48243,53691,42448,51604,12736,21645,696905,319348,68126,43802,180667,97843,19189,31,27
2021-06-22T23:59:59+02:00,2126,1899,37495,35251,50880,46633,62468,63568,84079,86658,97085,97020,69135,75294,49643,60497,14314,24520,13,17,9559,9017,16897,17413,20297,24973,28177,36851,33777,37969,47285,52719,42039,51046,12596,21411,690767,307163,68081,41062,180654,94773,19032,31,26
2021-06-21T23:59:59+02:00,1979,1760,36143,34028,49859,45765,61747,62906,83582,86186,96645,96615,68966,75123,49577,60402,14303,24485,9,10,9240,8719,16435,17049,19672,24494,26431,35285,32238,36675,46234,51639,41585,50497,12491,21219,682807,299803,68053,40419,180639,91132,18542,30,26
2021-06-20T23:59:59+02:00,1968,1751,36056,33975,49715,45644,61610,62771,83502,86127,96575,96556,68932,75095,49562,60384,14303,24474,8,9,9091,8616,16217,16881,19355,24236,25615,34631,31295,35724,46039,51436,41554,50445,12482,21199,682169,296013,68014,39828,180621,90800,18166,30,26
2021-06-19T23:59:59+02:00,1600,1451,34440,32431,48809,44824,61122,62266,83031,85653,96169,96204,68783,74929,49497,60303,14288,24450,7,8,9051,8542,16113,16758,19235,24083,25509,34472,31166,35582,45943,51340,41536,50420,12478,21189,673463,294672,67997,39825,180614,90763,18146,30,26
2021-06-18T23:59:59+02:00,1404,1278,32793,30845,47602,43635,60183,61346,82225,84906,95555,95627,68564,74707,49408,60165,14272,24420,7,8,8976,8457,15954,16603,19046,23890,25256,34232,30882,35262,45649,50993,41452,50343,12465,21175,662333,292477,67863,39709,180613,90342,18096,30,26
2021-06-17T23:59:59+02:00,1329,1220,31871,30002,46737,42926,59377,60496,81483,84260,95145,95243,68422,74563,49366,60088,14258,24391,7,8,8434,8091,15264,16047,18216,23063,24153,33106,29402,33901,44322,49489,40967,49731,12345,20986,655402,283531,67749,38882,180582,87679,17414,30,26
2021-06-16T23:59:59+02:00,1246,1156,31180,29301,45934,42179,58451,59618,80706,83489,94722,94863,68287,74403,49309,59996,14238,24365,7,8,7946,7764,14649,15532,17438,22335,23012,32150,28222,32790,42423,47370,40420,49152,12237,20801,648333,273778,67624,38282,180564,85278,16892,30,26
2021-06-15T23:59:59+02:00,1104,1037,29288,27511,44186,40657,56862,57981,79319,82169,93964,94192,68000,74110,49196,59839,14205,24300,7,6,7771,7637,14339,15292,17076,22033,22491,31765,27688,32361,41486,46353,40034,48726,12113,20580,633379,270700,67576,37775,180527,82849,16408,30,26
2021-06-14T23:59:59+02:00,1011,923,27738,26041,42584,39142,55209,56331,78219,81059,93270,93564,67749,73868,49102,59718,14185,24255,6,5,7588,7464,13964,14957,16548,21587,21799,31181,27009,31767,41100,45929,39650,48275,11982,20374,620143,268018,67522,37360,180499,80008,15774,30,25
2021-06-13T23:59:59+02:00,987,898,27539,25861,42200,38810,54664,55810,77873,80752,93078,93374,67659,73788,49065,59660,14170,24230,6,5,7446,7296,13691,14662,16160,21187,21371,30690,26472,31263,40702,45524,39187,47710,11803,20088,617444,265922,67381,37291,180471,76933,15092,30,25
2021-06-12T23:59:59+02:00,858,784,26025,24269,41036,37730,53991,55076,77340,80258,92529,92850,67504,73611,48996,59583,14157,24209,6,5,7401,7246,13569,14554,16028,21074,21187,30544,26354,31162,40685,45507,39177,47699,11803,20087,607905,265141,67375,37289,180466,76603,15030,30,25
2021-06-11T23:59:59+02:00,745,675,24407,22746,39685,36538,52761,53867,76371,79406,91955,92274,67270,73376,48934,59475,14138,24174,6,5,7345,7158,13396,14367,15811,20878,20915,30284,26082,30905,40379,45131,39092,47584,11785,20058,596144,263243,67295,37144,180457,75898,14871,30,25
2021-06-10T23:59:59+02:00,644,585,23410,21737,38465,35356,51156,52363,75054,78210,90349,90726,66915,72981,48808,59301,14113,24119,6,5,7064,6933,12870,13931,15172,20306,20153,29528,25291,30228,39674,44269,38741,47166,11671,19874,583244,259777,66813,37110,180405,72170,13800,30,25
2021-06-09T23:59:59+02:00,574,536,22956,21349,37804,34833,50047,51317,73810,77014,89758,90221,66788,72836,48758,59216,14098,24089,6,5,6791,6624,12278,13326,14387,19494,19236,28503,24306,29065,37106,41348,38177,46522,11523,19635,576072,249450,66352,37037,180366,68636,13184,30,25
2021-06-08T23:59:59+02:00,468,425,21437,19885,36197,33474,47934,49357,71668,75076,88283,88742,66473,72451,48623,59055,14065,24045,6,5,6660,6450,11894,12954,13903,19005,18632,27901,23749,28528,36820,41093,37886,46155,11414,19478,558699,247790,66076,36959,180334,65240,12519,30,25
2021-06-07T23:59:59+02:00,353,331,20431,18910,34651,32143,45659,47335,69533,73198,87305,87893,66249,72185,48549,58920,14045,24009,6,5,6506,6288,11469,12603,13360,18521,17904,27312,23115,27930,36500,40789,37468,45674,11301,19279,543514,245797,65904,36889,180281,61349,11970,30,25
2021-06-06T23:59:59+02:00,330,310,20251,18764,34256,31858,45051,46761,68914,72713,87094,87728,66193,72124,48537,58894,14039,23997,6,5,6374,6113,11141,12188,12930,17949,17267,26502,22418,27123,36032,40313,36986,45122,11146,19010,540392,243348,65577,36840,180238,56836,11577,30,24
2021-06-05T23:59:59+02:00,258,245,19004,17498,32924,30644,43824,45588,68340,72195,86562,87218,66102,72022,48489,58846,14032,23985,6,5,6323,6032,11037,12025,12805,17770,17096,26291,22247,26934,35968,40237,36964,45098,11144,19005,530395,242744,65577,36428,180218,56235,11556,30,24
2021-06-04T23:59:59+02:00,177,175,17810,16347,31614,29353,42271,44091,66997,70880,85755,86466,65915,71809,48413,58754,14016,23956,6,5,6220,5890,10863,11815,12591,17514,16741,25905,21726,26496,35080,39382,36648,44798,11127,18983,517565,240901,65510,36101,180211,53282,11483,30,23
2021-06-03T23:59:59+02:00,122,122,17170,15772,30628,28526,40810,42796,65222,69349,83506,84181,65489,71356,48285,58592,13998,23918,6,5,6050,5681,10553,11459,12273,17047,16290,25244,21177,25917,34416,38591,36472,44595,11094,18933,503769,238563,64813,35714,180172,50446,11058,30,22
2021-06-02T23:59:59+02:00,93,79,16827,15461,30317,28260,40146,42174,63632,67956,82565,83379,65348,71193,48225,58509,13995,23903,6,4,5933,5589,10378,11299,12044,16831,15997,24938,20831,25524,31168,34963,36244,44372,11065,18880,496257,229860,64810,35382,180171,50008,10794,30,22
2021-06-01T23:59:59+02:00,37,44,16034,14790,28819,27154,37783,40113,60063,64771,80132,81056,64998,70829,48097,58319,13961,23849,6,4,5659,5309,9860,10865,11506,16236,15330,24142,20094,24765,30826,34667,36049,44194,11036,18818,477889,228398,63253,34877,180104,46496,9574,29,21
2021-05-31T23:59:59+02:00,29,36,15470,14311,27879,26452,35822,38448,56619,61742,78101,79353,64667,70473,47953,58144,13929,23797,6,3,5496,5101,9448,10499,11078,15755,14793,23457,19470,24060,30540,34413,35864,44001,11001,18761,462118,227716,62531,34490,180038,43010,8509,29,21
2021-05-30T23:59:59+02:00,27,33,15323,14184,27593,26221,35369,38038,55906,61122,77782,79080,64605,70416,47928,58109,13925,23786,6,3,5393,4905,9120,10137,10666,15267,14341,22654,18944,23290,29862,33698,35637,43808,10979,18699,459136,227251,62093,34410,179990,37528,8199,29,21
2021-05-29T23:59:59+02:00,25,32,14926,13792,26744,25405,33610,36446,54423,59826,77193,78513,64455,70267,47875,58056,13918,23772,6,3,5360,4830,9057,10024,10572,15149,14232,22505,18813,23151,29833,33675,35631,43800,10978,18696,449009,226768,62060,34410,179986,36922,8194,29,21
2021-05-28T23:59:59+02:00,22,31,14520,13391,25929,24660,31761,34685,52251,57820,76141,77516,64250,70015,47823,57979,13908,23749,6,3,5276,4712,8880,9880,10416,14975,14071,22268,18601,22850,29764,33628,35614,43783,10977,18691,437049,226094,61591,34404,179897,35991,7885,29,21
2021-05-27T23:59:59+02:00,18,26,13891,12923,24861,23943,30511,33756,50644,56444,73040,74530,63808,69478,47689,57817,13885,23694,6,3,5163,4477,8547,9539,10012,14542,13629,21635,18095,22251,29541,33424,35503,43671,10956,18663,424892,225442,59632,34333,179265,32721,7140,29,21
2021-05-26T23:59:59+02:00,17,24,13404,12500,23947,23298,29589,33053,49558,55518,70081,71337,63193,68867,47554,57646,13854,23648,6,3,5076,4314,8291,9222,9710,14153,13271,21034,17661,21650,29345,33257,35405,43566,10929,18611,414065,224828,57457,34215,178767,29670,6770,29,21
2021-05-25T23:59:59+02:00,17,19,13062,12203,23365,22893,28532,32192,46956,53281,67819,69211,62840,68500,47441,57497,13836,23593,6,3,4997,4193,8082,8959,9456,13776,12959,20513,17277,21100,29186,33101,35321,43460,10902,18555,402202,224275,56390,34133,178144,26925,6492,29,21
2021-05-24T23:59:59+02:00,16,18,12764,11920,22866,22510,27912,31740,44333,50847,65357,67020,62531,68201,47330,57371,13800,23536,6,3,4925,4084,7832,8725,9136,13390,12629,20000,16892,20543,29042,32961,35247,43388,10878,18508,390531,223694,55906,34066,177477,24279,6129,29,21
2021-05-23T23:59:59+02:00,16,18,12702,11851,22771,22425,27832,31661,44076,50620,64769,66471,62451,68113,47305,57353,13798,23534,6,3,4904,4069,7797,8693,9077,13356,12550,19939,16813,20488,29033,32948,35243,43381,10878,18506,388326,223411,55825,34059,177463,24070,6123,29,21
2021-05-22T23:59:59+02:00,16,18,12478,11613,22448,22117,26831,30771,42240,49044,63913,65730,62288,67922,47239,57262,13788,23511,6,3,4887,4014,7769,8629,9036,13291,12519,19853,16783,20420,29022,32938,35239,43375,10877,18505,379833,223319,55814,34059,177458,23672,6095,29,21
2021-05-21T23:59:59+02:00,16,17,12175,11362,21879,21676,26017,30079,39846,47149,61937,64061,62026,67649,47155,57174,13773,23485,6,3,4868,3987,7714,8543,8970,13202,12443,19760,16708,20334,29006,32912,35232,43365,10875,18504,369400,223123,54758,34044,177266,23221,6023,29,21
2021-05-20T23:59:59+02:00,15,17,11562,10789,20750,20782,24865,29049,38338,45870,59590,61988,61205,66748,46954,56914,13739,23429,6,3,4591,3809,7313,8252,8529,12806,11986,19248,16288,19812,28884,32816,35181,43312,10871,18494,358889,222717,52403,33932,175984,20232,5299,29,21
2021-05-19T23:59:59+02:00,15,17,11122,10476,19962,20230,24017,28449,37435,45185,56357,58351,60515,66045,46845,56779,13716,23382,6,3,4438,3649,7058,8009,8253,12478,11654,18818,15918,19389,28785,32704,35138,43236,10860,18479,348420,222234,50781,33814,174855,17993,4813,29,21
2021-05-18T23:59:59+02:00,15,17,10791,10189,19380,19779,23363,27888,36025,43957,54943,57222,60143,65618,46715,56618,13691,23357,6,3,4331,3522,6810,7774,7992,12193,11419,18415,15570,18959,28701,32612,35108,43195,10856,18472,343024,221942,48927,33732,173375,15887,4356,29,21
2021-05-17T23:59:59+02:00,14,16,10570,10008,18942,19490,22927,27577,34822,42964,53631,56184,59894,65371,46651,56519,13675,23324,6,3,4260,3436,6602,7555,7740,11898,11162,18018,15258,18551,28609,32524,35083,43154,10850,18459,338939,221641,47932,33664,171855,14018,3824,29,21
2021-05-16T23:59:59+02:00,14,15,10379,9879,18646,19286,22592,27336,34183,42504,52392,55013,59701,65206,46614,56465,13664,23304,6,3,4191,3362,6385,7389,7450,11644,10893,17665,14963,18187,28543,32462,35067,43136,10843,18455,336498,221390,47054,33602,170236,12254,3377,28,21
2021-05-15T23:59:59+02:00,14,15,10283,9779,18495,19138,22421,27191,33798,42135,51996,54635,59586,65060,46566,56420,13661,23288,6,3,4150,3326,6301,7323,7357,11541,10791,17546,14859,18057,28449,32344,34975,43043,10839,18450,334095,220301,47053,33600,170102,12235,3203,28,21
2021-05-14T23:59:59+02:00,13,15,10000,9575,18065,18895,22020,26904,31446,40356,49844,52778,59365,64831,46518,56335,13644,23267,6,3,4021,3243,6015,7158,7052,11317,10445,17195,14512,17730,27876,31638,34852,42851,10820,18422,324931,217006,47000,33594,169490,12112,2423,27,21
2021-05-13T23:59:59+02:00,13,15,9539,9206,17273,18333,21152,26223,30329,39366,47600,50604,58514,63857,46308,56052,13605,23194,6,3,3520,3049,5676,6905,6740,11008,10034,16805,14135,17296,26978,30438,34428,42332,10789,18360,316438,212407,45137,33038,167467,10921,2115,26,21
2021-05-12T23:59:59+02:00,13,15,9248,9012,16840,18076,20681,25933,29799,38980,44597,46958,57941,63215,46224,55938,13587,23169,6,3,3380,2961,5444,6794,6459,10861,9751,16596,13896,17031,26330,29615,34262,42139,10763,18327,307248,209374,44320,33012,167174,10753,1458,26,21
2021-05-11T23:59:59+02:00,13,13,8812,8733,16067,17559,19817,25313,28060,37537,42661,45455,57564,62769,46140,55803,13566,23141,6,3,3261,2830,5210,6453,6161,10447,9383,16040,13457,16470,24906,27945,33750,41511,10712,18239,301758,203390,41262,32829,164687,9254,1290,26,21
2021-05-10T23:59:59+02:00,13,12,8551,8580,15555,17304,19184,24992,27070,36847,41200,44310,57297,62496,46060,55699,13546,23110,6,2,3151,2705,4978,6218,5907,10123,9060,15562,13094,16048,23855,26614,33261,40927,10676,18181,298454,198732,40353,32801,162016,7838,978,25,19
2021-05-09T23:59:59+02:00,13,12,8395,8498,15248,17123,18802,24737,26403,36418,39421,42644,57001,62217,46005,55641,13538,23090,6,2,3031,2651,4797,6078,5738,9949,8862,15355,12926,15875,23579,26281,33116,40754,10666,18166,295480,197534,39979,32758,159016,6815,706,25,19
2021-05-08T23:59:59+02:00,13,12,8320,8425,15067,16977,18593,24537,26175,36180,39188,42453,56874,62067,45967,55604,13535,23079,6,2,3023,2632,4766,6042,5694,9903,8785,15290,12840,15805,23209,25854,32830,40440,10658,18150,293916,196345,39526,32047,158893,6812,706,25,19
2021-05-07T23:59:59+02:00,12,11,8147,8329,14739,16793,18205,24300,25752,35890,38732,42073,56599,61712,45918,55557,13528,23069,6,2,2724,2498,4416,5855,5424,9641,8469,14979,12444,15409,22110,24479,32180,39605,10630,18100,291371,192880,39094,30545,158565,5218,311,25,17
2021-05-06T23:59:59+02:00,11,11,7496,7972,13840,16193,17146,23445,24410,34775,36587,40408,55470,60391,45675,55250,13493,23002,6,2,2598,2385,4242,5659,5216,9337,8125,14538,12011,14955,20803,22802,31325,38596,10576,17986,280721,187259,37811,29586,156744,4026,274,25,17
2021-05-05T23:59:59+02:00,9,11,6958,7663,13056,15644,16110,22678,23023,33750,34755,38920,53627,58350,45354,54904,13460,22936,6,2,2511,2326,4067,5502,5026,9125,7778,14200,11642,14594,19413,21019,30130,37180,10536,17883,269248,181122,36888,28414,154951,3291,96,25,17
2021-05-04T23:59:59+02:00,9,10,6769,7571,12690,15467,15622,22407,22374,33404,33795,38221,52773,57387,45231,54777,13442,22895,6,2,2456,2256,3913,5333,4850,8871,7436,13792,11216,14135,17760,19089,29032,35848,10440,17763,265468,174303,36020,27473,153289,2363,43,24,16
2021-05-03T23:59:59+02:00,9,10,6623,7422,12312,15248,15116,22095,21666,32997,32642,37330,52475,57069,45135,54669,13427,22863,6,2,2397,2186,3819,5153,4710,8635,7218,13443,10895,13727,16557,17590,28151,34744,10375,17655,262176,168723,35559,27123,151317,1369,32,24,16
2021-05-02T23:59:59+02:00,9,10,6542,7330,12097,15076,14821,21862,21189,32676,31491,36382,52191,56778,45073,54578,13409,22832,6,2,2382,2179,3798,5120,4679,8599,7152,13372,10811,13635,16245,17194,27854,34439,10363,17641,259740,167155,35485,27009,149066,1262,31,24,14
2021-05-01T23:59:59+02:00,9,10,6524,7307,12034,15027,14741,21798,21087,32603,31364,36288,52185,56763,45069,54577,13407,22830,6,2,2379,2172,3774,5103,4638,8574,7115,13335,10750,13580,16047,16971,27739,34302,10360,17631,259169,166189,35484,26984,148915,1260,31,24,14
2021-04-30T23:59:59+02:00,9,10,6486,7268,11943,14932,14635,21679,20892,32416,31124,36097,51914,56403,45024,54524,13401,22818,6,2,2351,2151,3712,5040,4542,8465,6965,13152,10472,13317,15231,15944,26868,33228,10319,17543,257384,162981,35441,25092,148696,1191,30,24,14
2021-04-29T23:59:59+02:00,9,10,6281,7141,11621,14744,14280,21441,20373,32126,30371,35606,51265,55577,44932,54405,13375,22739,6,2,2313,2105,3619,4953,4418,8329,6771,12933,10195,13030,14255,14710,25563,31682,10256,17449,254200,157274,35346,24343,146697,929,29,24,14
2021-04-28T23:59:59+02:00,9,10,6017,6977,11244,14407,13786,20973,19733,31518,29205,34473,48596,52570,44638,54080,13312,22661,6,2,2275,2064,3552,4892,4302,8212,6611,12749,9945,12811,13114,13227,24070,29801,10194,17346,244245,151297,35219,23139,144705,709,16,24,12
2021-04-27T23:59:59+02:00,9,10,5913,6885,11091,14284,13586,20809,19454,31308,28644,34085,48390,52350,44582,54026,13303,22639,6,2,2233,2030,3463,4798,4209,8103,6445,12562,9662,12535,11897,11661,22413,27644,10115,17200,242868,144466,35171,21954,143289,531,16,24,11
2021-04-26T23:59:59+02:00,9,10,5864,6841,10974,14216,13425,20687,19227,31097,27810,33518,48052,51981,44528,53960,13294,22610,6,2,2211,2003,3408,4754,4147,8035,6342,12429,9473,12360,10978,10502,21132,25886,10054,17110,242137,139180,35144,21206,140783,421,16,23,9
2021-04-25T23:59:59+02:00,9,10,5818,6794,10869,14121,13265,20531,18980,30813,27049,32779,47554,51469,44444,53861,13280,22590,6,2,2185,1993,3378,4735,4129,8016,6309,12388,9416,12299,10816,10309,20889,25562,10044,17096,240425,138327,35101,20857,138671,363,16,23,9
2021-04-24T23:59:59+02:00,9,10,5796,6745,10792,14031,13166,20387,18846,30634,26888,32598,47453,51346,44350,53765,13276,22585,6,2,2178,1983,3353,4707,4090,7969,6237,12316,9284,12181,10659,10128,20754,25430,10028,17078,238944,137799,35083,20215,138611,344,16,23,9
2021-04-23T23:59:59+02:00,9,10,5734,6656,10659,13831,12963,20133,18535,30254,26491,32236,46506,50209,44196,53520,13253,22553,6,2,2160,1961,3310,4670,4041,7915,6142,12225,9120,12053,10392,9828,20430,25009,9980,16996,234544,136675,35023,19207,138142,333,16,23,9
2021-04-22T23:59:59+02:00,9,10,5632,6542,10449,13632,12610,19796,18023,29782,25861,31643,44777,48054,43624,52791,13207,22452,5,2,2146,1950,3271,4617,3964,7842,6013,12125,8860,11888,9958,9421,19973,24418,9930,16919,228289,134548,34910,18428,135656,301,16,23,9
2021-04-21T23:59:59+02:00,9,9,5534,6405,10219,13430,12279,19482,17520,29288,25143,30910,40495,43183,43144,52257,13140,22348,5,2,2133,1941,3235,4580,3909,7784,5932,12032,8684,11728,9626,9037,19474,23825,9864,16822,216157,132899,34843,17415,133756,278,16,23,5
2021-04-20T23:59:59+02:00,9,9,5456,6315,10025,13213,12003,19216,17097,28881,24589,30342,38740,41168,42488,51477,13068,22207,5,2,2108,1928,3193,4556,3842,7740,5800,11933,8513,11600,9342,8717,19001,23154,9767,16681,209909,131527,34753,16110,131602,224,16,23,5
2021-04-19T23:59:59+02:00,9,8,5377,6237,9864,13083,11798,19006,16734,28499,24043,29870,37180,39375,41896,50755,13015,22120,5,2,2092,1911,3158,4521,3802,7696,5760,11863,8428,11508,9104,8432,18592,22586,9720,16588,204870,129829,34695,15715,129267,203,16,21,5
2021-04-18T23:59:59+02:00,9,7,5315,6186,9733,12998,11598,18867,16453,28301,23635,29557,35867,38009,41543,50350,12981,22056,5,2,2079,1896,3130,4499,3776,7680,5716,11816,8378,11459,9006,8343,18438,22398,9707,16563,203322,129348,34653,15324,125454,198,16,20,5
2021-04-17T23:59:59+02:00,9,7,5309,6170,9699,12967,11551,18827,16376,28234,23571,29498,35556,37668,41435,50252,12975,22045,5,2,2069,1888,3103,4486,3718,7635,5646,11765,8292,11407,8895,8233,18332,22281,9686,16550,202091,128542,34644,15234,125378,196,16,20,5
2021-04-16T23:59:59+02:00,9,7,5244,6131,9610,12906,11416,18715,16164,28074,23218,29150,34473,36408,41023,49727,12955,22011,5,2,1936,1802,2874,4306,3358,7317,4876,11232,6802,10314,6364,6156,16513,20584,9491,16252,197922,119165,34554,10805,124730,193,16,19,5
2021-04-15T23:59:59+02:00,9,7,5178,6041,9408,12732,11121,18468,15668,27680,22528,28545,32575,34092,39976,48519,12874,21843,5,2,1893,1770,2807,4241,3239,7196,4659,11050,6424,10004,5906,5757,15920,19897,9299,15917,192093,116027,34501,9754,120635,184,16,19,5
2021-04-14T23:59:59+02:00,9,7,5116,5995,9242,12605,10905,18291,15266,27365,21876,28065,30647,31839,38756,47097,12799,21656,5,2,1810,1716,2723,4172,3128,7103,4458,10884,6116,9754,5428,5343,15337,19209,9095,15561,185710,113399,34362,8295,117429,129,16,19,5
2021-04-13T23:59:59+02:00,9,7,5069,5941,9105,12477,10728,18123,14923,27089,21354,27602,28542,29386,37493,45497,12655,21449,5,2,1766,1699,2686,4129,3072,7042,4324,10745,5846,9543,5085,5039,14885,18760,8959,15357,178812,111975,34296,6915,114307,33,16,18,5
2021-04-12T23:59:59+02:00,9,7,5006,5892,8997,12339,10521,17975,14602,26808,20815,27146,26501,27114,36333,44027,12525,21248,5,2,1731,1655,2656,4109,3044,6989,4265,10677,5743,9442,4918,4894,14585,18391,8846,15157,173087,111129,34217,5927,110527,32,16,18,5
2021-04-11T23:59:59+02:00,9,7,4970,5849,8903,12260,10363,17874,14338,26631,20390,26822,25298,25823,35628,43242,12436,21098,5,2,1722,1649,2634,4089,3019,6961,4230,10630,5656,9374,4826,4839,14469,18268,8807,15104,171301,110919,34146,5319,106461,26,15,18,5
2021-04-10T23:59:59+02:00,9,7,4959,5836,8861,12232,10308,17839,14270,26582,20294,26742,24982,25448,35281,42822,12429,21077,5,2,1717,1643,2625,4081,3005,6944,4200,10599,5597,9335,4748,4762,14340,18102,8760,15019,170087,110120,33421,5318,106437,26,15,18,5
2021-04-09T23:59:59+02:00,9,7,4912,5804,8777,12153,10184,17715,14102,26408,20034,26498,24142,24292,34326,41611,12397,21003,4,2,1689,1614,2568,4047,2933,6885,4049,10489,5342,9112,4332,4387,13770,17385,8530,14650,166719,106436,31904,5310,105723,26,11,17,5
2021-04-08T23:59:59+02:00,9,7,4836,5739,8630,12044,9971,17543,13706,26094,19429,26030,22432,22302,32632,39637,12247,20766,4,2,1659,1598,2514,4002,2850,6800,3902,10352,5049,8848,3873,3960,12775,16138,8046,13886,160952,101441,30998,4779,102076,22,11,17,5
2021-04-07T23:59:59+02:00,9,6,4789,5686,8446,11967,9744,17393,13388,25867,18958,25668,20625,20187,30869,37372,12129,20552,4,2,1626,1582,2460,3949,2789,6719,3795,10207,4861,8659,3607,3668,12085,15336,7669,13325,154907,98114,29820,4201,98905,13,10,13,5
2021-04-06T23:59:59+02:00,9,6,4742,5640,8302,11855,9584,17227,13068,25599,18438,25281,18769,18118,28942,34883,11926,20207,4,2,1590,1563,2436,3923,2756,6681,3733,10163,4779,8568,3498,3544,11611,14688,7383,12911,148056,95802,28855,4004,95663,12,10,12,5
2021-04-05T23:59:59+02:00,9,6,4711,5599,8206,11764,9446,17130,12855,25387,18036,24936,17040,16189,27314,32735,11779,19981,4,2,1568,1551,2405,3905,2726,6632,3690,10104,4693,8452,3385,3435,11270,14319,7225,12629,142647,94404,28419,3565,92037,11,10,10,5
2021-04-04T23:59:59+02:00,9,6,4704,5593,8198,11754,9432,17115,12829,25366,18008,24911,16908,16013,27118,32489,11770,19967,4,2,1567,1550,2403,3902,2723,6628,3688,10100,4689,8449,3376,3424,11259,14307,7222,12621,141928,94325,28326,3565,91920,11,8,8,5
2021-04-03T23:59:59+02:00,9,6,4700,5586,8184,11747,9413,17095,12790,25335,17930,24847,16828,15923,27071,32432,11765,19960,4,2,1564,1548,2394,3894,2705,6614,3665,10072,4606,8394,3259,3309,11178,14232,7216,12611,141397,93678,28300,3565,91908,11,8,8,5
2021-04-02T23:59:59+02:00,9,6,4674,5566,8125,11693,9349,17027,12651,25228,17694,24646,16376,15447,26595,31855,11733,19906,4,2,1562,1539,2380,3888,2698,6598,3644,10040,4536,8301,3189,3241,10940,13930,7064,12408,140188,92379,26887,3561,91489,11,8,8,5
2021-04-01T23:59:59+02:00,8,6,4631,5505,8013,11551,9219,16867,12378,24942,17249,24245,15624,14721,25836,30892,11606,19724,4,2,1545,1519,2351,3855,2675,6569,3605,10001,4468,8235,3076,3110,10004,12813,6450,11557,137946,88362,26223,3456,88834,10,6,8,5
2021-03-31T23:59:59+02:00,8,6,4419,5426,7902,11429,9078,16700,12159,24666,16895,23880,14927,13957,25002,29880,11496,19524,4,2,1536,1514,2337,3835,2649,6540,3555,9953,4398,8163,2986,3020,9430,12109,6085,11059,136143,85924,24759,3230,86438,10,6,8,5
2021-03-30T23:59:59+02:00,8,6,4388,5373,7827,11302,8991,16543,11997,24476,16611,23568,14326,13316,24241,28894,11357,19279,4,2,1522,1504,2316,3810,2623,6511,3515,9888,4331,8092,2859,2872,8835,11451,5734,10563,134652,83593,23543,2823,84294,5,6,8,5
2021-03-29T23:59:59+02:00,8,6,4348,5318,7727,11190,8884,16380,11838,24202,16282,23221,13781,12714,23476,27918,11197,19030,4,2,1504,1491,2297,3794,2601,6482,3481,9829,4267,8017,2806,2804,8546,11063,5545,10251,132804,82204,22783,2564,81919,5,6,8,5
2021-03-28T23:59:59+02:00,8,6,4313,5234,7642,11080,8805,16226,11703,23972,16023,22947,13452,12403,22904,27223,11022,18745,4,2,1495,1484,2275,3778,2586,6453,3441,9779,4229,7959,2758,2753,8467,10958,5500,10182,132305,81852,22258,2236,79131,4,6,8,5
2021-03-27T23:59:59+01:00,8,6,4299,5223,7616,11048,8739,16154,11603,23877,15879,22831,13247,12190,22701,27009,10987,18716,4,2,1494,1482,2272,3776,2585,6452,3427,9751,4219,7937,2750,2747,8409,10893,5465,10142,131422,81556,21612,2236,79085,4,6,8,5
2021-03-26T23:59:59+01:00,8,6,4256,5156,7506,10914,8564,15969,11268,23573,15266,22328,12327,11361,21910,26166,10840,18489,2,2,1489,1468,2267,3755,2572,6429,3410,9725,4178,7901,2720,2708,8228,10674,5344,9972,127364,80707,20000,2122,78529,4,6,8,5
2021-03-25T23:59:59+01:00,8,5,4201,4995,7343,10635,8319,15562,10884,22949,14621,21629,11653,10698,21039,25097,10521,17943,2,2,1469,1454,2235,3729,2538,6390,3373,9678,4107,7819,2588,2568,7249,9413,4727,9055,124074,76499,19218,1883,74797,4,5,8,5
2021-03-24T23:59:59+01:00,8,5,4125,4854,7206,10347,8104,15150,10620,22399,14150,21018,11046,10140,20104,24008,10188,17376,2,2,1448,1425,2208,3691,2494,6353,3331,9613,4028,7719,2487,2471,6597,8648,4341,8472,121473,73861,18024,1460,71343,2,2,6,5
2021-03-23T23:59:59+01:00,8,5,4085,4762,7099,10107,7949,14809,10357,21893,13747,20526,10578,9697,19377,23155,9873,16908,2,2,1437,1407,2182,3670,2475,6325,3271,9559,3934,7643,2393,2370,5867,7715,3887,7779,120004,70779,16916,1131,68008,2,1,6,5
2021-03-22T23:59:59+01:00,8,5,4032,4683,6971,9867,7789,14487,10097,21425,13397,20025,10184,9342,18807,22445,9679,16559,2,1,1428,1400,2175,3656,2463,6309,3247,9536,3904,7609,2332,2319,5410,7105,3529,7286,119111,68662,16513,1041,64171,2,1,6,5
2021-03-21T23:59:59+01:00,8,5,3985,4580,6837,9603,7621,14129,9876,20885,13054,19500,9864,9062,18270,21842,9490,16246,2,1,1425,1396,2174,3645,2460,6301,3241,9527,3894,7595,2318,2300,5293,6973,3471,7185,118906,68152,16116,1041,59828,2,1,6,5
2021-03-20T23:59:59+01:00,8,5,3974,4560,6802,9549,7563,14056,9792,20776,12948,19410,9777,8969,18130,21665,9439,16159,2,1,1422,1391,2170,3641,2455,6296,3227,9517,3874,7585,2283,2268,4965,6599,3282,6943,118074,66872,16021,1041,59480,2,1,6,5
2021-03-19T23:59:59+01:00,7,5,3799,4420,6509,9300,7122,13631,8879,20046,11221,18084,6914,6623,15876,19460,9077,15596,2,1,1418,1387,2165,3634,2443,6283,3215,9492,3823,7539,2216,2227,4590,6127,3013,6618,108773,65177,11300,1008,56489,2,1,6,5
2021-03-18T23:59:59+01:00,7,4,3695,4288,6332,8991,6854,13192,8491,19386,10583,17347,6199,5971,14652,17986,8559,14770,2,1,1414,1381,2142,3607,2425,6247,3186,9451,3783,7506,2171,2193,4169,5595,2730,6203,103636,63298,10293,900,53371,2,1,6,5
2021-03-17T23:59:59+01:00,7,4,3616,4215,6201,8845,6683,13015,8193,19076,10180,16957,5790,5585,13838,17066,8159,14181,2,1,1404,1368,2126,3588,2395,6215,3155,9423,3746,7470,2116,2133,3760,5149,2477,5815,100400,61569,8604,766,52600,2,1,6,5
2021-03-16T23:59:59+01:00,7,4,3537,4081,6047,8575,6476,12646,7881,18495,9633,16301,5262,5131,13021,16105,7821,13680,2,1,1395,1359,2117,3571,2379,6200,3139,9404,3721,7444,2089,2096,3240,4507,2137,5302,98073,59333,7194,762,49429,2,1,6,5
2021-03-15T23:59:59+01:00,7,4,3489,3934,5858,8302,6257,12235,7604,17923,9198,15678,4944,4846,12362,15362,7554,13218,2,1,1395,1349,2101,3556,2359,6176,3120,9355,3697,7405,2052,2045,2872,4045,1852,4906,96575,57537,6212,744,45982,2,0,6,5
2021-03-14T23:59:59+01:00,7,4,3445,3799,5628,7971,5967,11789,7295,17204,8739,14927,4621,4571,12071,15106,7506,13119,2,1,1388,1343,2085,3527,2346,6127,3102,9297,3680,7367,2045,2034,2793,3937,1799,4820,96452,57137,5596,549,41715,2,0,6,5
2021-03-13T23:59:59+01:00,7,4,3429,3758,5587,7855,5908,11666,7210,17056,8590,14772,4470,4421,11981,15020,7500,13108,2,1,1388,1343,2085,3527,2345,6127,3101,9296,3679,7367,2042,2026,2740,3882,1765,4766,95758,56926,5596,549,40982,2,0,6,5
2021-03-12T23:59:59+01:00,7,4,3410,3687,5530,7720,5848,11514,7124,16830,8454,14538,4362,4325,11707,14695,7343,12889,2,1,1388,1343,2081,3521,2344,6119,3097,9290,3677,7362,2040,2024,2652,3771,1681,4677,94325,56514,5588,549,40068,2,0,6,5
2021-03-11T23:59:59+01:00,7,4,3333,3493,5322,7420,5615,11097,6784,16162,8016,13900,4018,3989,10626,13438,6685,11975,2,1,1383,1341,2070,3507,2325,6094,3074,9257,3653,7329,2010,1999,2412,3505,1525,4458,90121,55421,5152,517,36605,2,0,6,5
2021-03-10T23:59:59+01:00,7,4,3237,3375,5104,7149,5403,10735,6514,15616,7679,13354,3795,3761,9980,12646,6296,11438,2,1,1378,1330,2043,3469,2296,6004,3026,9135,3596,7210,1966,1922,2196,3268,1391,4263,87646,54206,4776,283,33665,2,0,6,5
2021-03-09T23:59:59+01:00,6,4,3163,3248,4939,6960,5200,10449,6283,15181,7382,12845,3611,3554,9342,11947,5921,10911,2,1,1371,1319,2008,3409,2265,5902,2964,8992,3528,7128,1936,1896,1916,2950,1219,4016,85362,52780,4512,35,31066,2,0,6,5
2021-03-08T23:59:59+01:00,6,4,3098,3091,4710,6695,4961,10096,6023,14668,7021,12259,3409,3361,8953,11504,5723,10594,2,1,1368,1301,1994,3330,2234,5805,2926,8846,3495,7034,1921,1874,1713,2718,1095,3822,83890,51441,4141,33,28139,0,0,6,5
2021-03-07T23:59:59+01:00,6,4,3066,3032,4637,6580,4877,9983,5918,14504,6904,12113,3358,3314,8866,11396,5682,10525,2,1,1362,1296,1988,3318,2226,5780,2919,8807,3483,7015,1913,1862,1658,2650,1044,3753,83529,51039,3965,33,27265,0,0,6,5
2021-03-06T23:59:59+01:00,6,4,3052,2975,4596,6488,4840,9916,5860,14384,6856,12002,3334,3291,8809,11330,5647,10482,2,1,1360,1283,1983,3304,2214,5753,2916,8780,3472,6996,1903,1838,1630,2626,1038,3744,83206,50805,3965,33,26695,0,0,6,5
2021-03-05T23:59:59+01:00,6,4,3028,2881,4537,6377,4776,9818,5797,14232,6753,11849,3289,3236,8622,11102,5524,10307,2,1,1351,1250,1951,3249,2189,5647,2875,8646,3428,6858,1859,1792,1566,2556,1016,3716,82298,49914,3957,33,25877,0,0,6,5
2021-03-04T23:59:59+01:00,4,4,2975,2690,4380,6141,4558,9505,5590,13816,6440,11460,3114,3060,7600,9806,4889,9389,2,1,1332,1201,1913,3126,2158,5464,2829,8369,3371,6626,1787,1702,1529,2504,1011,3698,78125,48586,3684,32,23606,0,0,6,5
2021-03-03T23:59:59+01:00,3,4,2936,2619,4241,5949,4392,9236,5387,13438,6184,11039,2989,2928,6949,9030,4492,8779,2,1,1320,1165,1886,3053,2136,5354,2798,8190,3318,6469,1719,1660,1488,2434,991,3644,75395,47592,3441,32,21753,0,0,6,4
2021-03-02T23:59:59+01:00,3,4,2876,2528,4055,5730,4186,8965,5190,13059,5915,10663,2842,2767,6187,8065,4020,8068,2,1,1287,1122,1859,2980,2112,5212,2748,7917,3269,6271,1645,1600,1422,2354,967,3593,72227,46325,2985,32,19905,0,0,6,4
2021-03-01T23:59:59+01:00,3,3,2837,2465,3891,5578,3999,8746,5000,12738,5676,10270,2741,2652,5693,7407,3654,7555,2,1,1281,1086,1835,2879,2086,5018,2708,7667,3209,6035,1602,1564,1372,2293,937,3550,70053,45089,2676,32,18173,0,0,6,4
2021-02-28T23:59:59+01:00,3,3,2795,2417,3733,5459,3778,8556,4816,12487,5489,9964,2684,2579,5571,7253,3592,7454,2,1,1277,1081,1830,2866,2077,4994,2701,7631,3199,6018,1593,1557,1367,2285,934,3540,69575,44918,2455,31,16597,0,0,6,4
2021-02-27T23:59:59+01:00,3,2,2780,2355,3706,5379,3744,8483,4782,12394,5455,9890,2643,2545,5236,6864,3391,7202,2,1,1270,1073,1823,2854,2064,4959,2682,7566,3183,5962,1575,1548,1361,2274,932,3539,68253,44634,2455,30,16140,0,0,6,4
2021-02-26T23:59:59+01:00,3,2,2760,2314,3664,5291,3678,8379,4720,12283,5370,9802,2566,2492,4852,6381,3112,6868,2,1,1213,1023,1773,2748,2015,4778,2626,7291,3111,5752,1514,1497,1338,2253,918,3530,66432,43350,2328,29,15771,0,0,6,4
2021-02-25T23:59:59+01:00,3,2,2588,2207,3478,5108,3493,8154,4516,11997,5151,9527,2477,2426,4402,5826,2823,6439,2,1,1197,965,1742,2639,1961,4503,2556,6895,3016,5465,1468,1454,1317,2238,915,3521,64563,41826,2001,26,14047,0,0,6,3
2021-02-24T23:59:59+01:00,3,2,2435,2074,3288,4914,3347,7950,4319,11743,4930,9277,2340,2306,3941,5314,2561,6040,1,1,1182,936,1719,2554,1925,4363,2496,6639,2963,5260,1437,1422,1299,2217,911,3498,62784,40802,1522,18,12472,0,0,6,3
2021-02-23T23:59:59+01:00,3,2,2302,1936,3110,4686,3195,7711,4144,11472,4745,9030,2251,2213,3384,4649,2218,5524,1,1,1168,888,1686,2458,1886,4172,2428,6340,2868,5000,1379,1367,1270,2173,895,3471,60571,39433,1169,15,10829,0,0,6,3
2021-02-22T23:59:59+01:00,3,2,2262,1885,3026,4593,3125,7604,4050,11286,4637,8905,2200,2172,3013,4182,1932,5137,1,1,1156,829,1654,2334,1844,3926,2352,5946,2742,4703,1316,1313,1247,2140,887,3446,58889,37829,1082,5,10037,0,0,6,3
2021-02-21T23:59:59+01:00,3,2,2226,1854,2974,4524,3045,7490,3969,11141,4571,8788,2185,2149,2928,4067,1876,5049,1,1,1153,811,1637,2282,1817,3819,2319,5790,2680,4580,1285,1290,1237,2126,880,3431,58455,37131,1049,5,9331,0,0,6,3
2021-02-20T23:59:59+01:00,3,2,2214,1851,2951,4511,3029,7454,3943,11108,4550,8766,2182,2141,2874,4010,1841,4994,1,1,1153,808,1637,2280,1816,3810,2318,5785,2679,4576,1284,1287,1236,2123,879,3430,58239,37095,1048,5,9131,0,0,6,3
2021-02-19T23:59:59+01:00,2,2,2202,1837,2915,4459,3004,7366,3898,11026,4496,8703,2174,2135,2783,3896,1756,4900,1,1,1102,799,1598,2272,1805,3801,2308,5764,2671,4563,1278,1276,1225,2118,874,3423,57817,36872,1016,4,8715,0,0,6,3
2021-02-18T23:59:59+01:00,2,2,2071,1742,2759,4276,2880,7168,3761,10740,4357,8498,2140,2102,2541,3625,1600,4677,1,1,1024,763,1526,2172,1755,3680,2235,5607,2614,4478,1264,1257,1219,2104,861,3405,56744,35959,951,4,7240,0,0,6,3
2021-02-17T23:59:59+01:00,2,2,2027,1694,2668,4144,2771,6956,3608,10399,4215,8256,2081,2018,2322,3395,1471,4484,1,1,872,698,1414,2046,1678,3490,2139,5380,2542,4305,1231,1211,1193,2059,845,3360,55669,34459,805,3,6033,0,0,6,3
2021-02-16T23:59:59+01:00,2,2,1857,1583,2492,3937,2631,6681,3447,10044,4037,7951,2036,1991,2040,3075,1297,4231,1,1,845,676,1344,1968,1609,3348,2045,5207,2447,4171,1169,1165,1133,1970,812,3258,54327,33164,769,2,4232,0,0,6,3
2021-02-15T23:59:59+01:00,2,2,1822,1528,2404,3767,2554,6408,3325,9676,3922,7681,2010,1962,1821,2835,1171,4038,1,1,827,664,1315,1920,1567,3279,1988,5035,2384,4070,1111,1124,1066,1878,792,3155,53218,32173,753,1,2951,0,0,6,3
2021-02-14T23:59:59+01:00,2,2,1732,1497,2356,3705,2512,6315,3254,9572,3875,7603,1999,1952,1763,2775,1121,3978,1,1,812,654,1299,1896,1540,3256,1954,4994,2358,4014,1101,1115,1059,1869,789,3143,52879,31851,724,1,2404,0,0,6,3
2021-02-13T23:59:59+01:00,2,2,1731,1485,2346,3698,2506,6301,3251,9556,3868,7593,1990,1932,1739,2755,1117,3968,1,1,812,654,1299,1896,1540,3256,1954,4994,2358,4014,1101,1115,1059,1869,789,3143,52722,31851,724,1,2388,0,0,6,3
2021-02-12T23:59:59+01:00,2,2,1652,1400,2245,3584,2427,6128,3146,9318,3743,7329,1943,1874,1675,2684,1094,3939,1,1,805,646,1287,1873,1527,3237,1946,4963,2342,3994,1096,1110,1058,1850,789,3112,51780,31634,724,0,1675,0,0,6,3
2021-02-11T23:59:59+01:00,2,2,1455,1264,2063,3372,2299,5836,2995,8885,3585,6982,1870,1772,1633,2620,1074,3916,1,1,776,597,1192,1694,1400,2958,1806,4602,2175,3704,1043,1046,1014,1772,748,2970,50379,29498,684,0,556,0,0,6,1
2021-02-10T23:59:59+01:00,2,2,1361,1217,1979,3243,2231,5664,2913,8606,3474,6751,1800,1725,1586,2553,1055,3854,1,1,565,515,969,1470,1260,2647,1621,4141,1971,3322,923,918,881,1514,656,2628,49204,26002,645,0,161,0,0,6,1
2021-02-09T23:59:59+01:00,2,2,1326,1167,1944,3150,2203,5479,2846,8267,3404,6493,1726,1663,1524,2492,1036,3811,1,1,303,382,752,1206,1074,2270,1414,3602,1722,2867,757,756,708,1206,522,2124,47935,21666,515,0,80,0,0,5,1
2021-02-08T23:59:59+01:00,2,2,1319,1132,1912,3032,2166,5257,2795,7989,3345,6257,1683,1629,1474,2437,1019,3788,1,1,267,342,649,1053,969,2053,1255,3208,1526,2551,656,635,607,1019,450,1839,46809,19080,345,0,79,0,0,5,1
2021-02-07T23:59:59+01:00,2,2,1293,1116,1882,2980,2140,5175,2765,7886,3303,6191,1667,1613,1459,2418,1007,3773,1,1,233,287,600,964,909,1897,1164,2982,1429,2378,615,615,585,984,440,1808,46523,17892,144,0,0,0,0,5,0
2021-02-06T23:59:59+01:00,2,2,1288,1110,1876,2968,2131,5147,2752,7842,3292,6146,1654,1605,1454,2408,1004,3772,1,1,214,254,579,926,881,1832,1121,2863,1372,2295,599,596,578,984,440,1808,46304,17344,144,0,0,0,0,5,0
2021-02-05T23:59:59+01:00,2,2,1229,1058,1827,2860,2079,4951,2691,7545,3215,5930,1591,1552,1437,2385,996,3766,1,1,198,222,543,876,845,1752,1083,2743,1319,2196,565,572,566,960,428,1783,44967,16653,144,0,0,0,0,5,0
2021-02-04T23:59:59+01:00,2,2,1217,994,1786,2712,2007,4638,2608,7099,3115,5601,1546,1519,1420,2368,991,3755,1,1,169,169,469,758,746,1611,970,2504,1206,1982,519,519,518,904,407,1663,43340,15116,36,0,0,0,0,4,0
2021-02-03T23:59:59+01:00,2,2,1199,965,1756,2631,1968,4490,2542,6837,3063,5386,1509,1487,1390,2333,972,3725,1,1,140,140,396,645,630,1373,824,2126,1011,1691,399,383,374,682,287,1258,42217,12361,36,0,0,0,0,4,0
2021-02-02T23:59:59+01:00,2,2,1182,909,1722,2530,1926,4270,2469,6505,2958,5114,1455,1440,1366,2302,962,3700,1,1,117,116,320,523,525,1135,679,1796,822,1382,298,280,293,499,225,947,40774,9959,36,0,0,0,0,4,0
2021-02-01T23:59:59+01:00,1,2,1169,849,1686,2407,1875,4025,2392,6115,2835,4818,1388,1358,1336,2256,949,3671,0,0,84,76,221,352,351,742,430,1159,480,860,186,170,172,298,126,562,39092,6269,36,0,0,0,0,4,0
2021-01-31T23:59:59+01:00,1,2,1165,831,1669,2350,1850,3903,2360,5931,2768,4699,1357,1335,1325,2240,942,3655,0,0,73,70,187,281,273,575,341,905,398,693,160,155,160,289,122,548,38346,5230,33,0,0,0,0,4,0
2021-01-30T23:59:59+01:00,1,2,1165,828,1668,2345,1848,3892,2358,5920,2765,4689,1356,1331,1324,2239,942,3654,0,0,70,63,154,233,245,507,306,787,355,618,159,148,155,285,122,547,38291,4754,32,0,0,0,0,4,0
2021-01-29T23:59:59+01:00,1,2,1113,819,1629,2338,1837,3885,2350,5905,2757,4678,1352,1328,1320,2239,942,3654,0,0,62,45,117,178,201,353,250,639,311,490,148,139,144,275,119,546,38115,4017,30,0,0,0,0,4,0
2021-01-28T23:59:59+01:00,1,2,1039,793,1573,2275,1804,3816,2303,5834,2724,4626,1340,1316,1311,2233,930,3640,0,0,40,20,75,105,132,206,155,383,203,293,115,106,118,221,107,496,37529,2775,27,0,0,0,0,4,0
2021-01-27T23:59:59+01:00,1,2,891,741,1477,2199,1736,3702,2230,5705,2666,4500,1311,1271,1282,2195,914,3605,0,0,31,13,63,87,106,162,122,326,176,248,107,88,105,201,103,459,36406,2397,18,0,0,0,0,4,0
2021-01-26T23:59:59+01:00,1,2,877,721,1414,2123,1675,3572,2143,5533,2578,4388,1252,1231,1232,2122,889,3545,0,0,30,12,60,84,102,156,118,311,175,239,104,82,98,180,92,409,35281,2252,13,0,0,0,0,4,0
2021-01-25T23:59:59+01:00,1,2,863,700,1383,2061,1642,3475,2097,5364,2521,4296,1199,1206,1177,2062,871,3479,0,0,28,12,57,84,99,154,117,309,174,239,103,81,97,179,90,406,34392,2229,4,0,0,0,0,3,0
2021-01-24T23:59:59+01:00,1,2,860,699,1377,2050,1637,3458,2089,5339,2509,4264,1195,1199,1172,2055,870,3473,0,0,28,12,57,84,98,153,117,309,174,238,103,81,97,179,90,405,34242,2225,4,0,0,0,0,3,0
2021-01-23T23:59:59+01:00,1,2,860,699,1377,2050,1636,3458,2089,5339,2509,4264,1195,1199,1172,2055,870,3473,0,0,28,12,57,84,98,153,117,309,173,238,103,81,97,179,90,405,34242,2224,3,0,0,0,0,3,0
2021-01-22T23:59:59+01:00,1,2,859,689,1363,2027,1621,3434,2076,5305,2493,4245,1193,1194,1171,2032,869,3439,0,0,28,12,57,84,98,153,117,309,172,238,103,81,97,179,90,405,34007,2223,3,0,0,0,0,3,0
2021-01-21T23:59:59+01:00,1,2,827,652,1286,1871,1520,3242,1980,5034,2382,4045,1152,1134,1142,1963,831,3318,0,0,26,11,53,79,90,144,107,280,158,215,89,72,86,155,74,345,32378,1984,3,0,0,0,0,1,0
2021-01-20T23:59:59+01:00,1,2,626,555,1092,1655,1384,2967,1804,4628,2178,3704,1023,1015,1012,1722,754,3014,0,0,24,11,52,75,87,143,99,267,147,196,78,65,80,130,62,307,29132,1823,3,0,0,0,0,1,0
2021-01-19T23:59:59+01:00,1,2,342,411,841,1397,1180,2620,1568,4099,1914,3253,848,842,838,1426,629,2564,0,0,20,8,37,53,58,78,73,180,103,133,58,50,52,96,47,238,24772,1284,2,0,0,0,0,1,0
2021-01-18T23:59:59+01:00,1,2,301,374,728,1210,1062,2366,1376,3598,1673,2871,708,689,678,1170,525,2119,0,0,8,4,12,18,20,26,24,52,25,47,13,11,13,33,11,72,21449,389,1,0,0,0,0,1,0
2021-01-17T23:59:59+01:00,1,2,259,320,662,1115,983,2195,1278,3326,1559,2660,662,659,649,1110,497,2051,0,0,0,0,1,0,3,2,2,1,2,2,1,4,1,0,0,1,19987,20,1,0,0,0,0,0,0
2021-01-16T23:59:59+01:00,1,2,242,289,646,1080,959,2133,1237,3215,1508,2586,646,641,641,1110,497,2050,0,0,0,0,0,0,1,2,1,1,1,2,0,1,1,0,0,1,19482,11,1,0,0,0,0,0,0
2021-01-15T23:59:59+01:00,1,2,227,255,616,1029,932,2055,1203,3097,1456,2490,615,615,634,1089,490,2038,0,0,0,0,0,0,0,0,0,0,0,0,0,0,0,0,0,0,18844,0,0,0,0,0,0,0,0
2021-01-14T23:59:59+01:00,1,2,197,205,555,908,843,1911,1108,2875,1341,2305,571,571,594,1043,483,1992,0,0,0,0,0,0,0,0,0,0,0,0,0,0,0,0,0,0,17505,0,0,0,0,0,0,0,0
2021-01-13T23:59:59+01:00,1,2,167,185,507,837,771,1786,1009,2638,1187,2081,455,452,452,825,367,1551,0,0,0,0,0,0,0,0,0,0,0,0,0,0,0,0,0,0,15273,0,0,0,0,0,0,0,0
2021-01-12T23:59:59+01:00,1,2,143,164,476,768,720,1631,920,2435,1079,1849,365,343,352,592,270,1114,0,0,0,0,0,0,0,0,0,0,0,0,0,0,0,0,0,0,13224,0,0,0,0,0,0,0,0
2021-01-11T23:59:59+01:00,0,1,114,127,400,638,630,1377,756,1977,847,1461,227,202,202,358,153,673,0,0,0,0,0,0,0,0,0,0,0,0,0,0,0,0,0,0,10143,0,0,0,0,0,0,0,0
2021-01-10T23:59:59+01:00,0,1,88,92,309,459,474,998,547,1449,623,1064,189,178,185,344,147,659,0,0,0,0,0,0,0,0,0,0,0,0,0,0,0,0,0,0,7806,0,0,0,0,0,0,0,0
2021-01-09T23:59:59+01:00,0,1,78,84,262,396,403,866,480,1232,547,906,183,168,180,339,147,657,0,0,0,0,0,0,0,0,0,0,0,0,0,0,0,0,0,0,6929,0,0,0,0,0,0,0,0
2021-01-08T23:59:59+01:00,0,1,65,64,189,288,305,585,366,934,441,687,175,163,164,327,145,657,0,0,0,0,0,0,0,0,0,0,0,0,0,0,0,0,0,0,5556,0,0,0,0,0,0,0,0
2021-01-07T23:59:59+01:00,0,0,46,24,81,121,140,231,164,421,223,342,130,127,145,277,131,602,0,0,0,0,0,0,0,0,0,0,0,0,0,0,0,0,0,0,3205,0,0,0,0,0,0,0,0
2021-01-06T23:59:59+01:00,0,0,34,18,70,92,119,180,136,344,194,278,111,98,116,227,112,517,0,0,0,0,0,0,0,0,0,0,0,0,0,0,0,0,0,0,2646,0,0,0,0,0,0,0,0
2021-01-05T23:59:59+01:00,0,0,31,13,60,88,108,166,120,329,180,255,109,94,115,220,109,499,0,0,0,0,0,0,0,0,0,0,0,0,0,0,0,0,0,0,2496,0,0,0,0,0,0,0,0
2021-01-04T23:59:59+01:00,0,0,28,12,57,85,100,158,115,314,178,243,108,90,108,206,99,461,0,0,0,0,0,0,0,0,0,0,0,0,0,0,0,0,0,0,2362,0,0,0,0,0,0,0,0
2021-01-03T23:59:59+01:00,0,0,28,12,57,85,100,158,115,314,178,243,108,90,107,205,99,461,0,0,0,0,0,0,0,0,0,0,0,0,0,0,0,0,0,0,2360,0,0,0,0,0,0,0,0
2021-01-02T23:59:59+01:00,0,0,28,12,57,85,100,158,115,314,177,243,108,90,107,205,99,461,0,0,0,0,0,0,0,0,0,0,0,0,0,0,0,0,0,0,2359,0,0,0,0,0,0,0,0
2021-01-01T23:59:59+01:00,0,0,28,12,57,85,100,158,115,314,175,242,108,90,107,205,99,461,0,0,0,0,0,0,0,0,0,0,0,0,0,0,0,0,0,0,2356,0,0,0,0,0,0,0,0
2020-12-31T23:59:59+01:00,0,0,28,12,57,85,100,158,115,314,175,242,108,90,107,205,99,461,0,0,0,0,0,0,0,0,0,0,0,0,0,0,0,0,0,0,2356,0,0,0,0,0,0,0,0
2020-12-30T23:59:59+01:00,0,0,27,12,57,84,99,155,115,313,175,242,108,90,107,205,99,461,0,0,0,0,0,0,0,0,0,0,0,0,0,0,0,0,0,0,2349,0,0,0,0,0,0,0,0
2020-12-29T23:59:59+01:00,0,0,20,9,42,60,76,91,86,218,128,190,83,77,78,171,80,373,0,0,0,0,0,0,0,0,0,0,0,0,0,0,0,0,0,0,1782,0,0,0,0,0,0,0,0
2020-12-28T23:59:59+01:00,0,0,9,6,18,30,31,45,40,113,53,103,36,42,40,98,43,211,0,0,0,0,0,0,0,0,0,0,0,0,0,0,0,0,0,0,918,0,0,0,0,0,0,0,0
2020-12-27T23:59:59+01:00,0,0,2,2,4,5,7,11,10,24,6,23,6,7,7,25,5,56,0,0,0,0,0,0,0,0,0,0,0,0,0,0,0,0,0,0,200,0,0,0,0,0,0,0,0
