Datum,<15_1_m,<15_1_w,15-24_1_m,15-24_1_w,25-34_1_m,25-34_1_w,35-44_1_m,35-44_1_w,45-54_1_m,45-54_1_w,55-64_1_m,55-64_1_w,65-74_1_m,65-74_1_w,75-84_1_m,75-84_1_w,>84_1_m,>84_1_w,<15_2_m,<15_2_w,15-24_2_m,15-24_2_w,25-34_2_m,25-34_2_w,35-44_2_m,35-44_2_w,45-54_2_m,45-54_2_w,55-64_2_m,55-64_2_w,65-74_2_m,65-74_2_w,75-84_2_m,75-84_2_w,>84_2_m,>84_2_w,bp_1,bp_2,mo_1,mo_2,az_1,az_2,ja,unb_1,unb_2
2021-10-25T23:59:59+02:00,11305,10546,61699,57872,67880,63457,76384,77443,97620,99447,108639,107431,74425,80749,52271,64163,15129,26084,9730,9010,56702,53623,63782,59199,72506,73152,93497,95095,104898,103916,72693,78776,51053,62645,14628,25058,848584,804979,71137,68564,182635,176114,50249,39,57
2021-10-24T23:59:59+02:00,11262,10508,61592,57796,67779,63371,76301,77371,97543,99402,108603,107403,74411,80735,52265,64161,15126,26084,9683,8971,56625,53546,63706,59119,72443,73103,93449,95044,104868,103880,72669,78761,51044,62636,14625,25056,847917,804378,71086,68552,182635,176105,50136,39,57
2021-10-23T23:59:59+02:00,11258,10505,61581,57783,67761,63355,76290,77356,97528,99394,108598,107397,74410,80734,52265,64161,15126,26084,9680,8969,56618,53535,63692,59111,72437,73088,93439,95037,104865,103876,72667,78759,51044,62634,14625,25055,847828,804313,71072,68544,182634,176104,50113,39,57
2021-10-22T23:59:59+02:00,11195,10457,61427,57671,67584,63221,76150,77236,97403,99293,108522,107349,74393,80714,52261,64153,15125,26079,9627,8921,56504,53438,63612,59032,72366,73016,93371,94982,104828,103849,72650,78741,51039,62624,14625,25055,846644,803588,70997,68513,182633,176102,50020,39,57
2021-10-21T23:59:59+02:00,11118,10380,61278,57552,67430,63096,76022,77115,97280,99205,108434,107284,74365,80685,52248,64126,15120,26070,9556,8820,56377,53308,63487,58908,72284,72915,93275,94900,104771,103801,72616,78706,51029,62601,14619,25050,845374,802480,70966,68489,182632,176100,49897,39,57
2021-10-20T23:59:59+02:00,11075,10330,61177,57450,67329,62993,75935,77030,97196,99144,108385,107246,74349,80665,52237,64116,15115,26063,9475,8761,56251,53171,63383,58807,72213,72805,93209,94842,104701,103746,72590,78674,51016,62576,14616,25040,844485,801424,70947,68464,182630,176098,49833,39,57
2021-10-19T23:59:59+02:00,11024,10281,61114,57379,67252,62913,75865,76966,97146,99105,108345,107212,74324,80647,52222,64091,15104,26046,9391,8674,56111,53059,63266,58695,72125,72714,93128,94744,104634,103676,72540,78628,50998,62539,14609,25020,843771,800189,70927,68440,182629,176096,49769,39,57
2021-10-18T23:59:59+02:00,10981,10237,61038,57309,67172,62849,75811,76909,97102,99054,108303,107167,74310,80627,52212,64065,15100,26030,9339,8624,55995,52915,63139,58561,72035,72616,93044,94646,104577,103619,72498,78591,50971,62511,14598,25003,843091,798997,70898,68426,182629,176085,49717,39,57
2021-10-17T23:59:59+02:00,10953,10211,60994,57272,67136,62813,75785,76886,97061,99018,108291,107144,74300,80615,52207,64052,15094,26023,9283,8577,55901,52837,63057,58469,71971,72532,92987,94590,104539,103577,72471,78560,50959,62484,14592,24985,842725,798180,70891,68402,182629,176064,49668,39,57
2021-10-16T23:59:59+02:00,10949,10207,60988,57268,67128,62805,75778,76882,97055,99016,108290,107141,74299,80615,52207,64051,15094,26023,9276,8572,55896,52823,63051,58463,71967,72528,92984,94585,104537,103573,72470,78558,50959,62484,14592,24985,842682,798133,70888,68394,182629,176064,49655,39,57
2021-10-15T23:59:59+02:00,10911,10161,60899,57205,67069,62742,75720,76822,97007,98965,108252,107118,74288,80600,52205,64050,15092,26021,9227,8523,55777,52704,62977,58390,71901,72455,92919,94527,104490,103531,72453,78540,50949,62468,14591,24981,842068,797313,70867,68349,182629,176063,49621,39,57
2021-10-14T23:59:59+02:00,10864,10101,60789,57110,67012,62647,75656,76749,96945,98908,108217,107070,74274,80582,52193,64036,15088,26015,9121,8442,55609,52572,62859,58261,71830,72359,92815,94437,104429,103462,72418,78507,50926,62434,14581,24968,841307,796073,70852,68323,182626,176049,49528,39,57
2021-10-13T23:59:59+02:00,10810,10060,60698,57029,66945,62555,75586,76683,96886,98870,108167,107029,74252,80560,52178,64017,15081,26005,9053,8381,55474,52443,62754,58135,71734,72263,92737,94353,104350,103387,72380,78474,50906,62400,14570,24948,840556,794893,70837,68312,182624,176029,49451,39,57
2021-10-12T23:59:59+02:00,10753,10010,60592,56946,66845,62473,75519,76628,96841,98817,108129,106995,74227,80536,52168,64005,15076,25996,8979,8319,55342,52293,62646,58020,71648,72157,92680,94270,104278,103320,72341,78426,50883,62369,14565,24930,839777,793711,70828,68291,182622,176021,49386,39,57
2021-10-11T23:59:59+02:00,10701,9961,60493,56883,66754,62374,75443,76559,96778,98763,108076,106951,74200,80505,52150,63978,15062,25974,8918,8263,55217,52165,62520,57887,71571,72049,92602,94196,104202,103253,72295,78382,50855,62335,14552,24908,838944,792535,70808,68272,182615,176012,49294,39,57
2021-10-10T23:59:59+02:00,10674,9936,60433,56842,66698,62333,75401,76516,96745,98733,108050,106931,74188,80494,52145,63970,15056,25962,8866,8221,55116,52047,62430,57764,71487,71964,92528,94111,104139,103201,72264,78352,50834,62313,14546,24896,838538,791549,70799,68262,182612,175998,49213,39,57
2021-10-09T23:59:59+02:00,10673,9933,60424,56834,66686,62326,75396,76510,96740,98724,108045,106929,74188,80490,52145,63970,15056,25961,8854,8213,55095,52031,62417,57748,71476,71955,92520,94105,104132,103197,72261,78351,50834,62313,14546,24896,838480,791436,70794,68256,182611,175995,49200,39,57
2021-10-08T23:59:59+02:00,10622,9884,60330,56739,66613,62249,75342,76443,96695,98682,108013,106902,74178,80482,52138,63958,15051,25960,8812,8162,54993,51941,62340,57684,71408,71889,92471,94051,104103,103164,72253,78340,50827,62307,14544,24894,837809,790767,70768,68224,182609,175985,49150,39,57
2021-10-07T23:59:59+02:00,10557,9818,60180,56630,66522,62152,75260,76347,96623,98628,107950,106847,74154,80460,52127,63944,15044,25954,8704,8068,54862,51798,62237,57555,71301,71780,92385,93960,104018,103099,72202,78303,50803,62282,14532,24883,836863,789532,70756,68191,182608,175968,49025,39,56
2021-10-06T23:59:59+02:00,10503,9777,60047,56538,66439,62073,75184,76289,96563,98586,107901,106802,74133,80436,52110,63921,15040,25938,8630,7997,54719,51635,62143,57421,71206,71676,92281,93873,103928,103016,72164,78260,50778,62248,14522,24869,836042,788259,70745,68184,182606,175952,48915,39,56
2021-10-05T23:59:59+02:00,10437,9708,59910,56415,66341,61975,75104,76217,96487,98524,107854,106748,74112,80409,52101,63892,15034,25927,8543,7917,54534,51464,62030,57275,71092,71559,92172,93771,103857,102945,72110,78216,50754,62209,14514,24856,835109,786885,70730,68155,182603,175941,48781,39,56
2021-10-04T23:59:59+02:00,10377,9655,59768,56299,66216,61865,75016,76130,96400,98450,107792,106700,74090,80378,52080,63856,15029,25907,8468,7856,54359,51279,61915,57122,70965,71429,92091,93665,103758,102858,72075,78161,50709,62170,14504,24836,834059,785433,70717,68148,182600,175923,48660,39,56
2021-10-03T23:59:59+02:00,10333,9616,59716,56215,66155,61815,74958,76092,96371,98419,107759,106662,74078,80360,52066,63836,15025,25898,8411,7814,54244,51165,61834,57032,70877,71328,92025,93591,103692,102772,72041,78132,50690,62137,14497,24832,833551,784468,70712,68143,182587,175895,48552,39,56
2021-10-02T23:59:59+02:00,10328,9614,59708,56200,66139,61803,74950,76079,96366,98414,107757,106659,74077,80360,52065,63834,15025,25898,8406,7810,54230,51154,61821,57025,70874,71318,92021,93588,103690,102763,72038,78132,50689,62135,14496,24832,833478,784397,70701,68137,182587,175894,48538,39,56
2021-10-01T23:59:59+02:00,10273,9557,59553,56102,66063,61718,74870,76012,96313,98361,107698,106624,74061,80337,52054,63821,15024,25894,8344,7749,54116,51046,61766,56961,70827,71270,91967,93532,103655,102730,72025,78125,50685,62123,14494,24827,832646,783735,70682,68110,182585,175892,48449,39,56
2021-09-30T23:59:59+02:00,10203,9475,59418,55953,65934,61594,74769,75921,96209,98271,107611,106564,74035,80300,52038,63797,15020,25879,8265,7674,53970,50913,61674,56856,70735,71188,91887,93450,103582,102666,71989,78082,50666,62089,14494,24816,831563,782749,70652,68088,182581,175882,48221,39,56
2021-09-29T23:59:59+02:00,10126,9418,59270,55822,65816,61479,74686,75828,96114,98183,107546,106507,73996,80255,52031,63769,15015,25868,8186,7588,53815,50760,61560,56721,70640,71081,91793,93358,103486,102599,71939,78038,50641,62038,14487,24806,830554,781560,70623,68058,182578,175863,47999,39,56
2021-09-28T23:59:59+02:00,10042,9336,59129,55672,65654,61338,74581,75743,96009,98097,107465,106441,73947,80213,52011,63741,15008,25852,8111,7519,53661,50609,61422,56606,70549,70965,91716,93278,103411,102521,71898,78000,50618,62005,14483,24795,829401,780501,70611,68039,182574,175854,47717,39,56
2021-09-27T23:59:59+02:00,9983,9284,58977,55512,65514,61209,74492,75639,95905,97992,107375,106388,73901,80169,51992,63714,15000,25832,8045,7452,53510,50481,61299,56472,70456,70858,91614,93182,103326,102469,71849,77953,50596,61969,14476,24776,828350,779512,70592,68023,182569,175808,47384,39,56
2021-09-26T23:59:59+02:00,9940,9243,58892,55426,65434,61126,74436,75563,95842,97936,107328,106352,73875,80144,51978,63687,14991,25817,7997,7410,53411,50369,61213,56392,70380,70769,91544,93106,103272,102437,71820,77924,50574,61945,14470,24764,827713,778767,70574,68015,182553,175772,47187,39,56
2021-09-25T23:59:59+02:00,9932,9231,58874,55407,65418,61116,74426,75554,95836,97928,107318,106348,73875,80143,51977,63686,14991,25817,7996,7399,53385,50361,61199,56374,70368,70761,91538,93100,103262,102435,71820,77922,50574,61942,14470,24764,827635,778691,70567,68011,182551,175771,47141,39,56
2021-09-24T23:59:59+02:00,9880,9175,58762,55283,65319,61016,74337,75462,95750,97855,107259,106307,73847,80121,51969,63676,14990,25807,7942,7344,53280,50254,61123,56300,70295,70690,91467,93039,103189,102385,71794,77904,50563,61926,14465,24754,826751,777904,70549,68003,182545,175765,46986,39,56
2021-09-23T23:59:59+02:00,9789,9083,58522,55092,65142,60858,74212,75316,95604,97719,107150,106196,73801,80085,51949,63636,14978,25789,7877,7269,53100,50119,61004,56164,70179,70579,91348,92929,103096,102311,71760,77859,50544,61901,14452,24740,825335,776890,70496,67975,182541,175747,46563,39,56
2021-09-22T23:59:59+02:00,9705,9023,58334,54943,64980,60713,74092,75192,95476,97619,107049,106138,73757,80036,51922,63593,14958,25762,7802,7205,52957,49969,60885,56044,70088,70482,91256,92823,103033,102258,71719,77810,50515,61864,14438,24726,824071,775907,70477,67951,182531,175733,46227,39,56
2021-09-21T23:59:59+02:00,9635,8935,58186,54788,64833,60568,73955,75058,95338,97500,106956,106045,73723,79977,51903,63567,14950,25740,7709,7120,52811,49808,60767,55913,69986,70376,91149,92719,102937,102164,71680,77765,50488,61823,14429,24701,822793,774734,70460,67938,182527,175726,45891,39,56
2021-09-20T23:59:59+02:00,9574,8874,58047,54650,64673,60434,73837,74907,95210,97409,106868,105952,73661,79933,51876,63531,14937,25720,7653,7064,52688,49673,60642,55793,69878,70268,91049,92629,102860,102089,71627,77721,50463,61774,14422,24683,821590,773751,70446,67921,182520,175697,45551,39,56
2021-09-19T23:59:59+02:00,9522,8834,57926,54562,64561,60318,73745,74802,95137,97309,106806,105880,73644,79908,51863,63512,14935,25709,7617,7023,52578,49556,60548,55681,69783,70174,90980,92557,102781,102020,71593,77688,50442,61743,14415,24677,820804,772975,70427,67906,182508,175671,45248,39,56
2021-09-18T23:59:59+02:00,9505,8817,57900,54533,64526,60287,73718,74778,95121,97287,106794,105859,73641,79907,51860,63509,14935,25708,7608,7010,52548,49521,60517,55658,69762,70154,90960,92541,102768,102000,71589,77685,50442,61742,14414,24675,820586,772783,70417,67897,182508,175670,45188,39,56
2021-09-17T23:59:59+02:00,9418,8739,57729,54385,64392,60159,73593,74659,95016,97184,106710,105787,73606,79875,51848,63491,14928,25701,7546,6949,52381,49410,60391,55548,69670,70064,90878,92461,102695,101941,71556,77648,50427,61712,14405,24668,819439,771837,70372,67878,182506,175663,44916,39,56
2021-09-16T23:59:59+02:00,9341,8664,57514,54233,64214,59972,73413,74491,94866,97049,106555,105675,73535,79817,51826,63449,14921,25686,7483,6885,52214,49284,60239,55424,69544,69950,90768,92358,102590,101860,71511,77599,50405,61674,14398,24655,817963,770862,70355,67859,182483,175631,44433,39,56
2021-09-15T23:59:59+02:00,9248,8583,57309,54012,64030,59769,73234,74312,94719,96896,106408,105541,73475,79749,51781,63397,14911,25665,7424,6826,52054,49118,60111,55289,69419,69846,90666,92278,102482,101770,71464,77542,50371,61636,14388,24644,816205,769779,70336,67842,182479,175619,44032,39,56
2021-09-14T23:59:59+02:00,9140,8477,57120,53780,63849,59582,73088,74134,94587,96738,106283,105441,73401,79684,51751,63347,14893,25644,7350,6747,51882,48919,59959,55148,69297,69726,90556,92149,102390,101677,71412,77481,50343,61592,14381,24631,814447,768449,70324,67829,182459,175584,43722,38,56
2021-09-13T23:59:59+02:00,9078,8410,56897,53575,63692,59387,72930,73964,94437,96585,106146,105310,73347,79634,51713,63300,14873,25613,7304,6693,51711,48756,59833,55016,69216,69634,90438,92060,102293,101604,71366,77439,50314,61550,14370,24620,812746,767387,70313,67816,182444,175557,43401,38,56
2021-09-12T23:59:59+02:00,9033,8382,56776,53488,63604,59292,72853,73878,94364,96518,106084,105242,73319,79609,51699,63277,14868,25606,7257,6647,51579,48645,59733,54917,69141,69556,90363,91995,102220,101535,71330,77409,50299,61525,14365,24607,812027,766579,70296,67802,182427,175532,43155,38,55
2021-09-11T23:59:59+02:00,9027,8373,56758,53465,63586,59279,72841,73865,94358,96504,106079,105237,73318,79608,51699,63277,14868,25606,7250,6641,51559,48624,59712,54905,69126,69545,90354,91980,102218,101530,71325,77407,50299,61525,14365,24605,811949,766530,70289,67756,182424,175530,43099,38,55
2021-09-10T23:59:59+02:00,8955,8312,56596,53319,63472,59159,72733,73759,94239,96386,106002,105176,73281,79572,51685,63251,14864,25601,7218,6616,51431,48559,59649,54842,69063,69497,90289,91923,102182,101492,71304,77391,50290,61515,14361,24599,810827,766065,70257,67701,182418,175527,42873,38,55
2021-09-09T23:59:59+02:00,8884,8247,56396,53126,63306,58975,72575,73615,94091,96246,105877,105082,73222,79508,51654,63217,14860,25588,7152,6557,51248,48393,59494,54710,68930,69370,90170,91817,102066,101400,71260,77347,50261,61485,14355,24583,809467,765007,70236,67651,182399,175505,42380,37,55
2021-09-08T23:59:59+02:00,8800,8170,56217,52956,63155,58794,72432,73463,93932,96117,105783,104974,73156,79448,51625,63162,14855,25573,7077,6489,51071,48227,59369,54572,68805,69221,90044,91710,101981,101300,71205,77289,50237,61444,14351,24567,808077,763852,70210,67599,182363,175481,41972,37,55
2021-09-07T23:59:59+02:00,8712,8110,56053,52800,63037,58654,72316,73332,93826,96017,105678,104875,73105,79402,51599,63122,14848,25553,6998,6435,50902,48064,59239,54427,68681,69104,89938,91595,101881,101200,71157,77241,50214,61418,14347,24547,806826,762631,70205,67585,182360,175459,41658,37,55
2021-09-06T23:59:59+02:00,8649,8044,55905,52631,62900,58497,72213,73201,93725,95906,105598,104787,73053,79353,51567,63092,14837,25537,6933,6379,50752,47922,59100,54278,68567,68983,89857,91500,101785,101113,71108,77193,50192,61388,14340,24537,805612,761508,70178,67543,182328,175435,41386,37,55
2021-09-05T23:59:59+02:00,8620,8006,55837,52538,62836,58436,72163,73144,93679,95856,105572,104744,73032,79331,51557,63072,14830,25531,6884,6327,50661,47837,59034,54212,68504,68924,89811,91444,101745,101064,71089,77165,50179,61371,14334,24528,805092,760888,70169,67533,182308,175414,41223,37,55
2021-09-04T23:59:59+02:00,8613,8001,55817,52529,62827,58427,72155,73136,93672,95852,105569,104738,73031,79330,51557,63072,14830,25531,6880,6322,50647,47822,59018,54198,68500,68916,89804,91439,101741,101060,71088,77163,50178,61371,14334,24528,805033,760824,70166,67528,182307,175413,41189,37,55
2021-09-03T23:59:59+02:00,8547,7932,55686,52442,62754,58330,72076,73056,93594,95789,105499,104677,73001,79297,51538,63041,14823,25521,6821,6270,50531,47727,58940,54132,68441,68845,89743,91378,101677,101007,71060,77129,50157,61348,14331,24519,804114,760048,70158,67510,182300,175404,41039,37,55
2021-09-02T23:59:59+02:00,8452,7837,55494,52286,62629,58225,71982,72928,93474,95675,105394,104592,72944,79241,51506,62994,14812,25501,6726,6181,50306,47556,58795,54014,68338,68731,89609,91273,101561,100911,71003,77081,50133,61321,14323,24503,802979,758897,70115,67467,182286,175354,40592,37,55
2021-09-01T23:59:59+02:00,8376,7744,55344,52138,62499,58093,71894,72803,93382,95585,105316,104521,72906,79197,51484,62959,14805,25483,6640,6072,50131,47347,58669,53874,68258,68619,89507,91171,101456,100817,70962,77039,50107,61280,14316,24487,801870,757665,70091,67428,182272,175302,40302,37,55
2021-08-31T23:59:59+02:00,8268,7650,55183,51983,62393,57979,71816,72702,93297,95502,105232,104443,72865,79156,51462,62930,14795,25469,6525,5953,49924,47146,58550,53735,68144,68496,89409,91066,101347,100737,70916,76987,50087,61245,14304,24471,800792,756306,70083,67412,182263,175277,39992,37,55
2021-08-30T23:59:59+02:00,8192,7570,55001,51820,62282,57850,71701,72585,93173,95373,105113,104348,72815,79113,51445,62896,14773,25446,6428,5868,49727,46932,58427,53596,68045,68385,89292,90953,101232,100628,70866,76952,50060,61216,14290,24454,799598,755102,70043,67347,182231,175220,39627,37,55
2021-08-29T23:59:59+02:00,8151,7524,54911,51741,62224,57773,71633,72538,93121,95309,105065,104313,72795,79091,51430,62881,14767,25437,6373,5820,49609,46829,58339,53497,67974,68308,89237,90893,101171,100575,70841,76936,50046,61203,14284,24451,799075,754448,70041,67337,182221,175176,39370,37,55
2021-08-28T23:59:59+02:00,8133,7510,54872,51703,62193,57753,71606,72521,93103,95293,105051,104302,72790,79089,51428,62877,14767,25437,6367,5816,49571,46810,58313,53481,67953,68294,89217,90870,101164,100562,70835,76932,50044,61201,14284,24451,798869,754301,70040,67330,182219,175176,39303,37,55
2021-08-27T23:59:59+02:00,8049,7432,54690,51565,62079,57614,71509,72398,92981,95172,104940,104216,72745,79038,51405,62841,14755,25431,6332,5776,49446,46725,58234,53399,67871,68223,89139,90803,101106,100514,70799,76897,50030,61190,14282,24451,797549,753598,70035,67324,182207,175168,39072,37,55
2021-08-26T23:59:59+02:00,7985,7359,54531,51418,61956,57503,71411,72290,92876,95043,104834,104135,72703,78987,51382,62821,14750,25417,6283,5735,49283,46569,58113,53293,67772,68129,89033,90724,101037,100445,70758,76862,50006,61168,14277,24442,796495,752770,70025,67285,182198,175135,38684,37,55
2021-08-25T23:59:59+02:00,7921,7306,54387,51268,61845,57351,71305,72174,92769,94943,104732,104049,72646,78936,51354,62786,14737,25403,6214,5653,49087,46378,57988,53153,67653,68005,88920,90611,100936,100355,70701,76814,49979,61129,14270,24427,795492,751634,69999,67252,182187,175097,38235,37,55
2021-08-24T23:59:59+02:00,7811,7217,54248,51064,61719,57214,71199,72045,92652,94823,104627,103952,72593,78889,51319,62741,14729,25387,6132,5563,48868,46155,57850,52981,67544,67869,88818,90518,100844,100274,70663,76761,49954,61103,14266,24410,794092,750234,69982,67230,182177,175075,37979,37,55
2021-08-23T23:59:59+02:00,7749,7143,54065,50892,61587,57090,71086,71934,92525,94716,104528,103852,72541,78828,51285,62699,14722,25376,6072,5508,48684,45981,57733,52855,67437,67772,88714,90427,100757,100195,70622,76710,49926,61064,14262,24398,792881,749216,69952,67204,182162,175019,37623,37,55
2021-08-22T23:59:59+02:00,7721,7117,53982,50814,61534,57029,71047,71881,92482,94674,104484,103823,72521,78813,51276,62686,14721,25370,6034,5470,48565,45872,57643,52762,67363,67712,88643,90369,100714,100153,70592,76686,49911,61046,14259,24391,792458,748536,69944,67196,182142,174969,37429,37,55
2021-08-21T23:59:59+02:00,7715,7114,53955,50799,61515,57018,71031,71867,92469,94656,104474,103813,72516,78811,51276,62685,14721,25369,6030,5466,48545,45855,57622,52754,67345,67693,88625,90354,100704,100143,70590,76683,49911,61045,14259,24391,792387,748444,69901,67177,182138,174963,37376,37,55
2021-08-20T23:59:59+02:00,7684,7077,53864,50724,61441,56957,70960,71804,92404,94593,104421,103777,72491,78783,51264,62659,14713,25358,6007,5447,48452,45780,57551,52691,67276,67638,88567,90294,100644,100105,70567,76661,49905,61029,14250,24387,791844,747929,69829,67164,182135,174939,37164,37,55
2021-08-19T23:59:59+02:00,7618,6997,53732,50601,61291,56841,70843,71696,92289,94504,104325,103686,72442,78726,51235,62619,14704,25338,5980,5421,48319,45676,57435,52598,67186,67560,88476,90215,100546,100039,70534,76633,49885,61005,14246,24378,790804,747283,69793,67130,182118,174894,36770,37,55
2021-08-18T23:59:59+02:00,7543,6940,53584,50463,61164,56730,70732,71604,92180,94415,104223,103602,72383,78673,51200,62583,14694,25317,5946,5378,48200,45549,57316,52500,67096,67486,88359,90126,100469,99963,70488,76593,49864,60979,14238,24361,789800,746560,69763,67095,182107,174843,36358,37,55
2021-08-17T23:59:59+02:00,7460,6859,53421,50299,61056,56605,70616,71482,92075,94310,104115,103502,72332,78630,51172,62557,14686,25306,5896,5339,48007,45371,57183,52361,66974,67379,88228,90030,100359,99867,70432,76544,49839,60958,14231,24349,788721,745526,69741,67061,182102,174788,35917,37,55
2021-08-16T23:59:59+02:00,7388,6796,53291,50168,60959,56491,70516,71387,91981,94205,104022,103402,72288,78578,51142,62513,14678,25298,5872,5304,47867,45253,57075,52291,66879,67295,88128,89943,100272,99773,70385,76503,49814,60928,14223,24344,787846,744897,69693,67002,182087,174721,35475,37,54
2021-08-15T23:59:59+02:00,7339,6756,53213,50087,60890,56421,70450,71327,91923,94154,103967,103355,72253,78549,51134,62497,14674,25289,5851,5286,47761,45158,56983,52202,66809,67233,88050,89879,100217,99725,70347,76468,49799,60907,14218,24332,787372,744412,69680,66971,182074,174639,35150,37,53
2021-08-14T23:59:59+02:00,7317,6741,53140,50017,60840,56377,70414,71280,91886,94115,103928,103319,72232,78541,51125,62486,14672,25286,5775,5232,47522,44885,56816,52014,66656,67079,87915,89757,100102,99618,70297,76425,49788,60884,14214,24327,786888,742581,69673,66965,182074,174628,35079,37,53
2021-08-13T23:59:59+02:00,7276,6705,53029,49921,60756,56297,70361,71211,91810,94058,103878,103274,72209,78518,51113,62475,14670,25279,5548,5017,47018,44386,56575,51746,66426,66824,87642,89504,99906,99413,70210,76323,49749,60824,14208,24306,786132,739100,69669,66955,182074,174554,34963,37,53
2021-08-12T23:59:59+02:00,7245,6678,52928,49851,60697,56218,70286,71161,91739,93999,103817,103228,72175,78486,51099,62459,14668,25265,5328,4843,46519,43940,56299,51442,66165,66602,87384,89281,99560,99138,70098,76187,49693,60760,14197,24277,785695,736045,69643,66915,182058,174100,34601,37,52
2021-08-11T23:59:59+02:00,7179,6609,52762,49681,60566,56099,70202,71067,91631,93895,103717,103121,72115,78421,51067,62417,14661,25249,5052,4560,45839,43320,55928,51060,65903,66304,87089,89016,99223,98770,69958,76041,49632,60657,14185,24248,784520,731924,69622,66878,182049,173665,34266,37,52
2021-08-10T23:59:59+02:00,7102,6525,52563,49494,60421,55979,70094,70944,91506,93765,103593,103016,72063,78364,51036,62386,14653,25240,4829,4319,44882,42412,55257,50405,65407,65850,86628,88531,98731,98313,69753,75842,49532,60556,14164,24209,783158,725652,69613,66826,182043,173163,33927,37,52
2021-08-09T23:59:59+02:00,7059,6478,52452,49401,60343,55905,70036,70884,91438,93693,103521,102957,72020,78328,51030,62370,14649,25232,4588,4103,43875,41350,54542,49714,64932,65418,86183,88097,98215,97844,69564,75618,49442,60430,14136,24170,782591,719189,69543,66751,182032,172602,33627,37,52
2021-08-08T23:59:59+02:00,7013,6437,52387,49333,60303,55873,69998,70858,91381,93646,103468,102917,71999,78306,51016,62349,14643,25227,4573,4090,43819,41287,54479,49668,64868,65380,86111,88039,98148,97794,69538,75587,49421,60404,14128,24163,782305,718901,69536,66735,182018,172519,33290,37,52
2021-08-07T23:59:59+02:00,6974,6396,52277,49205,60225,55797,69940,70793,91311,93584,103418,102869,71982,78289,51007,62343,14643,25226,4260,3779,42853,40264,53924,49096,64431,64975,85736,87641,97828,97447,69395,75444,49365,60322,14111,24145,781519,712532,69532,66718,182018,172511,33205,37,50
2021-08-06T23:59:59+02:00,6931,6334,52143,49076,60152,55731,69874,70712,91231,93508,103358,102812,71958,78266,50996,62324,14641,25222,3949,3557,42171,39651,53681,48829,64208,64733,85501,87419,97599,97244,69311,75353,49323,60281,14105,24132,780645,708913,69528,66636,182017,172374,33074,37,50
2021-08-05T23:59:59+02:00,6821,6227,51889,48852,59976,55542,69734,70567,91068,93361,103216,102675,71897,78203,50968,62284,14628,25203,3756,3387,41335,38955,53161,48369,63836,64384,85043,87019,96976,96725,69124,75169,49257,60183,14086,24101,779024,704363,69475,66585,181983,171245,32623,37,50
2021-08-04T23:59:59+02:00,6732,6141,51694,48619,59829,55364,69621,70416,90933,93246,103097,102558,71836,78139,50942,62238,14617,25174,3382,3032,40491,38167,52791,47966,63514,64064,84671,86691,96564,96318,68961,74998,49180,60086,14070,24067,777615,699771,69439,66566,181969,170459,32167,37,50
2021-08-03T23:59:59+02:00,6659,6084,51524,48482,59704,55234,69530,70325,90834,93147,103000,102477,71782,78104,50922,62212,14609,25158,3253,2930,39491,37221,51996,47283,62970,63531,84153,86206,95850,95688,68717,74782,49088,59969,14049,24022,776578,693519,69430,66543,181962,169276,31811,37,50
2021-08-02T23:59:59+02:00,6611,6041,51388,48343,59612,55155,69446,70256,90780,93074,102921,102415,71742,78062,50901,62189,14602,25145,3085,2752,38217,36058,51031,46471,62253,62943,83546,85640,95050,94986,68463,74525,49000,59835,14029,23983,775881,685882,69383,66492,181934,167964,31479,37,50
2021-08-01T23:59:59+02:00,6569,5986,51217,48181,59457,55040,69353,70142,90672,92983,102833,102322,71700,78025,50879,62149,14597,25129,3061,2734,38033,35924,50871,46371,62122,62850,83368,85497,94597,94583,68346,74415,48961,59786,14018,23963,774831,685236,69354,66433,181916,166654,31127,37,50
2021-07-31T23:59:59+02:00,6526,5952,51123,48060,59402,54968,69304,70098,90632,92953,102806,102297,71689,78013,50871,62145,14597,25126,2657,2353,36423,34412,49959,45502,61585,62285,82864,84984,94116,94149,68157,74210,48882,59691,14000,23930,774219,676075,69350,66424,181916,166539,31071,37,50
2021-07-30T23:59:59+02:00,6490,5899,50973,47919,59319,54887,69235,70038,90558,92873,102750,102258,71672,77989,50862,62121,14594,25122,2381,2125,34961,33007,48986,44551,60853,61593,82178,84363,93433,93573,67923,73973,48778,59541,13981,23899,773453,666537,69325,66413,181910,166234,30865,37,50
2021-07-29T23:59:59+02:00,6375,5779,50543,47551,59103,54617,69043,69848,90369,92685,102588,102121,71597,77907,50829,62066,14579,25104,2304,2061,34226,32389,48361,44101,60448,61238,81753,84012,92661,92897,67727,73815,48715,59454,13961,23868,771137,662665,69271,66266,181867,164587,30423,37,50
2021-07-28T23:59:59+02:00,6303,5716,50288,47357,58971,54462,68915,69751,90240,92561,102481,102027,71541,77850,50802,62026,14570,25087,2280,2042,33900,32095,48041,43863,60215,61014,81574,83840,92422,92697,67653,73748,48682,59421,13948,23858,769818,660956,69238,66177,181840,164065,30046,37,49
2021-07-27T23:59:59+02:00,6250,5669,50126,47217,58828,54366,68821,69662,90138,92452,102375,101950,71496,77797,50772,61992,14562,25073,2138,1927,32431,30690,46767,42768,59382,60219,80969,83309,91399,91848,67376,73463,48594,59294,13916,23817,768911,652282,69212,66106,181816,162269,29601,37,49
2021-07-26T23:59:59+02:00,6227,5640,50007,47129,58730,54279,68744,69609,90051,92391,102310,101898,71456,77760,50749,61972,14556,25064,2004,1812,31062,29429,45444,41642,58280,59232,80259,82674,90233,90817,67068,73190,48503,59177,13892,23775,768377,643195,69146,66011,181778,159972,29266,36,49
2021-07-25T23:59:59+02:00,6207,5623,49893,47024,58640,54213,68680,69550,89986,92334,102250,101850,71422,77724,50730,61949,14553,25054,1988,1804,30855,29272,45170,41444,58024,59001,79987,82464,89270,89962,66860,73016,48434,59104,13880,23751,767965,642005,69134,65892,181752,157513,28827,35,49
2021-07-24T23:59:59+02:00,6172,5594,49773,46936,58571,54151,68632,69494,89940,92290,102209,101809,71416,77717,50727,61946,14552,25050,1729,1585,29257,27680,44014,40357,57326,58286,79367,81890,88625,89395,66680,72825,48363,59002,13866,23727,767359,631929,69124,65875,181744,157373,28748,35,49
2021-07-23T23:59:59+02:00,6087,5507,49599,46758,58477,54047,68523,69391,89835,92186,102119,101713,71380,77660,50706,61915,14548,25044,1502,1366,27559,26159,42753,39266,56393,57397,78674,81272,87916,88731,66410,72551,48284,58901,13845,23697,765982,621355,69120,65709,181725,156899,28664,35,49
2021-07-22T23:59:59+02:00,5947,5394,49302,46471,58278,53841,68351,69223,89650,92033,101964,101579,71313,77577,50664,61864,14537,25025,1418,1311,26737,25329,41842,38452,55450,56568,77930,80645,86250,87223,66034,72151,48173,58770,13814,23645,764041,612859,69075,65207,181693,155427,28200,35,49
2021-07-21T23:59:59+02:00,5671,5111,48768,45942,57975,53528,68119,68944,89371,91785,101694,101312,71186,77446,50604,61799,14528,24999,1386,1285,26481,25105,41420,38170,55007,56177,77560,80363,85441,86617,65866,72023,48117,58704,13796,23620,760428,610882,69050,64928,181671,153650,27629,35,49
2021-07-20T23:59:59+02:00,5594,5037,48482,45663,57805,53319,67943,68799,89191,91630,101529,101168,71110,77379,50565,61752,14519,24971,1295,1200,25304,23950,40125,37136,53664,54971,76654,79588,84077,85271,65559,71681,48009,58567,13768,23574,758743,600468,69043,64770,181627,152067,27039,35,49
2021-07-19T23:59:59+02:00,5514,4951,48156,45337,57584,53111,67777,68596,89003,91451,101381,101007,71037,77297,50522,61701,14510,24942,1215,1138,24473,23111,38813,36013,51933,53473,75386,78532,82962,84289,65264,71425,47909,58449,13743,23534,756942,590417,69033,64624,181599,150273,26299,35,49
2021-07-18T23:59:59+02:00,5506,4950,48084,45279,57487,53032,67706,68522,88910,91384,101308,100942,71000,77256,50497,61669,14508,24930,1200,1132,24335,23010,38542,35791,51600,53182,75134,78336,82057,83519,65071,71247,47853,58377,13738,23512,756664,589351,69010,64461,181559,148042,25733,35,49
2021-07-17T23:59:59+02:00,5479,4913,47985,45201,57413,52971,67644,68465,88850,91322,101263,100923,70992,77241,50492,61662,14508,24929,1006,944,22947,21546,37153,34486,50356,51987,74528,77779,81422,82922,64942,71099,47786,58315,13729,23492,756100,578459,69005,64435,181550,147902,25594,35,49
2021-07-16T23:59:59+02:00,5376,4834,47743,44969,57289,52866,67526,68351,88712,91225,101156,100819,70946,77189,50469,61643,14502,24923,809,782,21689,20306,35855,33239,48900,50666,73517,76844,80721,82262,64722,70876,47704,58214,13710,23460,754644,566812,69003,64372,181543,147699,25344,35,49
2021-07-15T23:59:59+02:00,5234,4705,47345,44644,57080,52672,67333,68166,88500,91026,100968,100650,70848,77088,50420,61569,14493,24894,750,739,21083,19805,34927,32540,47660,49718,72332,75924,78569,80126,64122,70278,47560,58034,13691,23397,752584,557452,68986,63342,181496,145855,24557,35,49
2021-07-14T23:59:59+02:00,4860,4381,46753,44069,56846,52406,67125,67963,88286,90785,100751,100453,70741,76978,50352,61486,14481,24870,734,723,20876,19659,34664,32380,47287,49415,71800,75532,77902,79590,63798,70002,47477,57950,13668,23363,749134,555640,68970,63154,181444,143953,24026,35,47
2021-07-13T23:59:59+02:00,4769,4301,46552,43916,56681,52248,66963,67816,88128,90658,100605,100326,70668,76916,50315,61439,14477,24854,705,684,20314,19125,33638,31559,45666,47960,70038,73868,76297,78029,63422,69610,47349,57778,13639,23311,747769,544701,68953,62383,181370,142333,23528,35,47
2021-07-12T23:59:59+02:00,4704,4223,46364,43725,56529,52105,66808,67689,87955,90519,100449,100186,70592,76828,50277,61383,14470,24836,681,663,19837,18689,32851,30936,44002,46503,67655,71795,74405,76526,62891,69023,47204,57616,13611,23260,746495,533591,68930,61814,181269,139760,22936,35,47
2021-07-11T23:59:59+02:00,4699,4220,46293,43672,56466,52055,66756,67650,87892,90466,100377,100126,70554,76785,50267,61368,14467,24822,673,658,19628,18546,32500,30688,43554,46126,67193,71435,73625,75827,62491,68643,47133,57526,13595,23227,746344,531793,68919,61488,181203,137284,22456,35,47
2021-07-10T23:59:59+02:00,4573,4084,46009,43364,56280,51858,66606,67474,87758,90326,100275,100020,70498,76728,50246,61342,14464,24813,641,626,19064,17995,31555,29824,41802,44545,65709,70153,72989,75205,62326,68494,47080,57474,13588,23213,744244,521169,68913,61472,181191,137238,22357,35,47
2021-07-09T23:59:59+02:00,4444,3966,45734,43112,56112,51663,66444,67308,87606,90161,100141,99916,70445,76655,50210,61301,14459,24801,594,577,18472,17421,30581,28860,39848,42614,63411,68026,71827,74063,62052,68169,47004,57349,13570,23188,742189,507464,68899,61091,181185,136832,22192,35,47
2021-07-08T23:59:59+02:00,4415,3940,45591,42998,55986,51545,66312,67208,87481,90039,100022,99819,70391,76603,50189,61263,14448,24787,547,533,17529,16614,29177,27825,38127,41158,61280,66203,68467,70906,61152,67193,46759,57006,13525,23093,741458,492183,68839,59010,181114,134249,21605,35,47
2021-07-07T23:59:59+02:00,4403,3934,45525,42955,55901,51490,66229,67163,87428,89999,99979,99768,70375,76580,50180,61245,14444,24777,469,480,16568,15760,27784,26812,36599,39924,59659,64745,65235,67428,60134,66151,46522,56685,13475,23021,741151,476871,68790,57096,181062,132100,21337,35,47
2021-07-06T23:59:59+02:00,4351,3886,45379,42827,55775,51348,66123,67054,87319,89907,99898,99684,70337,76521,50162,61218,14441,24763,402,416,15797,15019,26705,25903,34751,38210,56258,61720,62582,64967,59379,65362,46249,56351,13435,22918,740017,458959,68770,56278,181003,129971,21169,34,47
2021-07-05T23:59:59+02:00,4288,3841,45201,42652,55622,51245,65999,66945,87202,89814,99813,99586,70274,76457,50140,61191,14438,24748,368,364,15137,14391,25755,25086,33518,37076,53155,58742,59805,62501,58540,64550,45996,56039,13390,22840,738830,442864,68731,55921,180923,127483,20938,34,47
2021-07-04T23:59:59+02:00,4279,3835,45154,42620,55556,51212,65956,66919,87164,89782,99781,99559,70250,76436,50134,61176,14432,24737,349,344,14932,14187,25316,24730,32919,36548,52490,58213,58820,61638,57878,63918,45812,55834,13371,22791,738635,438784,68699,55718,180854,124782,20760,34,46
2021-07-03T23:59:59+02:00,4059,3657,44620,42056,55239,50835,65659,66642,86917,89521,99580,99363,70177,76364,50111,61130,14428,24725,331,328,14646,13865,24962,24375,31941,35626,50744,56664,57951,60902,57704,63720,45744,55749,13359,22766,734821,430201,68684,55700,180848,124734,20696,34,46
2021-07-02T23:59:59+02:00,3750,3371,43967,41463,54913,50499,65377,66338,86644,89268,99344,99137,70074,76251,50059,61060,14422,24708,304,291,14228,13417,24266,23768,30781,34557,48110,54494,55814,59112,57309,63289,45584,55590,13343,22728,730486,417678,68667,54649,180835,124003,20624,33,31
2021-07-01T23:59:59+02:00,3612,3261,43611,41112,54711,50324,65217,66174,86490,89127,99190,99017,70003,76183,50028,61026,14414,24693,261,250,13538,12733,22964,22686,29103,33043,46098,52750,53319,56830,55885,61714,45090,54974,13270,22600,728340,404141,68603,52336,180785,120169,20432,33,30
2021-06-30T23:59:59+02:00,3601,3244,43347,40915,54527,50190,65098,66077,86398,89060,99120,98965,69976,76159,50016,61004,14410,24682,199,211,12793,12131,21794,21787,27514,31673,44244,51032,49682,52868,54556,60380,44734,54536,13214,22472,727195,388376,68551,50432,180764,116735,20247,32,30
2021-06-29T23:59:59+02:00,3384,3024,42431,40080,53920,49588,64658,65649,85985,88608,98773,98638,69851,76010,49959,60933,14391,24651,170,159,12192,11524,20995,21019,26147,30464,41620,48619,47809,51320,53586,59269,44327,53998,13120,22319,721215,376330,68498,48907,180748,113351,20040,32,29
2021-06-28T23:59:59+02:00,3166,2845,41474,39082,53254,48935,64194,65258,85602,88219,98440,98294,69711,75850,49894,60833,14373,24628,127,127,11690,11072,20336,20428,25177,29566,39525,46679,46183,49954,52477,58222,43965,53491,13040,22198,715048,366837,68387,47872,180739,109673,19846,32,29
2021-06-27T23:59:59+02:00,3161,2842,41437,39048,53208,48900,64156,65224,85550,88183,98388,98268,69691,75837,49885,60819,14368,24625,109,110,11496,10878,20010,20111,24599,29004,38499,45826,45017,48860,51444,57210,43531,52984,12958,22055,714838,362228,68358,47428,180703,105357,19659,32,29
2021-06-26T23:59:59+02:00,2679,2369,40043,37678,52484,48155,63604,64660,85063,87664,97963,97835,69500,75662,49812,60715,14349,24602,99,99,11381,10775,19840,19956,24400,28786,38019,45387,44649,48507,51330,57065,43485,52936,12953,22040,706123,359268,68331,47423,180703,105339,19648,32,29
2021-06-25T23:59:59+02:00,2272,2036,39193,36867,52133,47797,63281,64336,84782,87354,97711,97568,69396,75546,49765,60653,14335,24580,75,81,11081,10465,19457,19530,23873,28163,35331,43082,42464,46592,50992,56686,43387,52805,12929,22009,701066,347692,68195,46977,180696,104688,19616,32,29
2021-06-24T23:59:59+02:00,2218,1984,38704,36406,51782,47469,63064,64127,84548,87161,97523,97411,69314,75480,49730,60607,14329,24564,62,58,10483,9881,18392,18651,22450,26907,33231,41243,40031,44296,49510,55036,42817,52104,12812,21806,698119,334802,68166,44374,180675,101136,19429,32,29
2021-06-23T23:59:59+02:00,2205,1960,38473,36175,51620,47300,62950,64016,84450,87066,97446,97327,69283,75449,49712,60586,14325,24553,35,32,10028,9449,17765,18095,21520,26049,31299,39610,36062,39833,48216,53672,42431,51597,12732,21640,696886,319271,68134,43752,180659,97826,19187,30,29
2021-06-22T23:59:59+02:00,2126,1899,37488,35248,50869,46628,62468,63568,84075,86656,97082,97015,69134,75306,49645,60505,14312,24520,13,17,9556,9016,16895,17406,20295,24969,28171,36845,33756,37956,47258,52700,42022,51039,12592,21406,690749,307086,68089,41012,180646,94756,19030,30,28
2021-06-21T23:59:59+02:00,1979,1760,36136,34025,49848,45760,61747,62906,83578,86184,96642,96610,68965,75135,49579,60410,14301,24485,9,10,9237,8718,16433,17042,19670,24490,26425,35279,32217,36662,46207,51620,41568,50490,12487,21214,682789,299726,68061,40369,180631,91115,18540,29,28
2021-06-20T23:59:59+02:00,1968,1751,36049,33972,49704,45639,61610,62771,83498,86125,96573,96551,68931,75107,49564,60392,14301,24474,8,9,9088,8615,16215,16874,19354,24232,25608,34625,31274,35711,46012,51417,41537,50438,12478,21194,682152,295937,68022,39777,180613,90783,18164,29,28
2021-06-19T23:59:59+02:00,1600,1451,34433,32429,48798,44819,61122,62266,83027,85651,96167,96199,68782,74941,49499,60311,14286,24450,7,8,9048,8541,16111,16751,19234,24079,25502,34466,31145,35569,45916,51321,41519,50413,12474,21184,673447,294596,68005,39774,180606,90746,18144,29,28
2021-06-18T23:59:59+02:00,1404,1278,32786,30843,47591,43630,60183,61346,82221,84904,95553,95622,68563,74719,49410,60173,14270,24420,7,8,8973,8456,15952,16596,19045,23886,25249,34226,30862,35249,45622,50974,41435,50336,12461,21170,662317,292401,67871,39659,180605,90325,18094,29,28
2021-06-17T23:59:59+02:00,1329,1220,31864,30000,46726,42921,59377,60496,81479,84258,95142,95238,68421,74575,49368,60097,14256,24391,7,8,8431,8090,15262,16040,18215,23059,24146,33100,29381,33888,44296,49471,40950,49724,12341,20981,655387,283455,67757,38832,180574,87664,17411,29,28
2021-06-16T23:59:59+02:00,1246,1156,31173,29298,45923,42175,58451,59618,80702,83487,94719,94858,68285,74415,49311,60005,14236,24365,7,8,7943,7764,14647,15525,17437,22331,23005,32144,28201,32778,42399,47352,40403,49145,12233,20796,648318,273705,67632,38232,180555,85264,16889,29,28
2021-06-15T23:59:59+02:00,1104,1037,29281,27508,44175,40653,56862,57981,79315,82167,93961,94187,67998,74122,49197,59848,14203,24300,7,6,7768,7637,14337,15285,17075,22029,22484,31759,27667,32349,41461,46336,40018,48719,12109,20575,633364,270628,67584,37725,180517,82835,16405,29,28
2021-06-14T23:59:59+02:00,1011,923,27731,26038,42573,39138,55209,56331,78215,81057,93267,93559,67747,73881,49102,59727,14183,24255,6,5,7585,7464,13962,14950,16547,21583,21792,31175,26988,31755,41075,45912,39633,48268,11978,20369,620129,267946,67530,37310,180489,79994,15770,29,27
2021-06-13T23:59:59+02:00,987,898,27532,25858,42189,38806,54664,55810,77869,80750,93075,93369,67657,73801,49065,59669,14168,24230,6,5,7443,7296,13689,14655,16159,21183,21364,30684,26451,31251,40677,45507,39170,47703,11799,20083,617430,265850,67389,37241,180461,76919,15088,29,27
2021-06-12T23:59:59+02:00,858,784,26018,24266,41025,37726,53991,55076,77336,80256,92526,92845,67502,73624,48996,59592,14155,24209,6,5,7398,7246,13567,14547,16027,21070,21180,30538,26333,31150,40660,45490,39160,47692,11799,20082,607891,265069,67383,37239,180456,76589,15026,29,27
2021-06-11T23:59:59+02:00,745,675,24400,22743,39674,36534,52761,53867,76367,79404,91952,92269,67267,73389,48934,59484,14136,24174,6,5,7342,7158,13394,14360,15810,20874,20908,30278,26061,30893,40355,45114,39075,47577,11781,20053,596129,263172,67303,37094,180447,75884,14867,29,27
2021-06-10T23:59:59+02:00,644,585,23403,21735,38454,35352,51156,52363,75050,78208,90346,90721,66912,72994,48808,59310,14111,24119,6,5,7061,6933,12868,13924,15171,20302,20146,29522,25270,30216,39650,44252,38724,47159,11667,19869,583230,259706,66821,37060,180395,72156,13796,29,27
2021-06-09T23:59:59+02:00,574,536,22949,21347,37793,34829,50047,51317,73806,77012,89755,90216,66785,72849,48758,59225,14096,24089,6,5,6788,6624,12276,13319,14386,19491,19229,28497,24285,29053,37082,41331,38160,46515,11519,19630,576058,249379,66360,36987,180356,68623,13180,29,27
2021-06-08T23:59:59+02:00,468,425,21432,19882,36186,33469,47934,49357,71664,75074,88280,88737,66470,72464,48623,59064,14063,24045,6,5,6657,6449,11892,12948,13902,19002,18625,27895,23728,28516,36796,41076,37869,46148,11410,19473,558687,247719,66084,36909,180323,65228,12514,29,27
2021-06-07T23:59:59+02:00,353,331,20426,18907,34641,32138,45659,47335,69529,73196,87302,87889,66246,72198,48549,58929,14043,24009,6,5,6503,6287,11467,12597,13359,18518,17897,27306,23094,27918,36476,40772,37451,45667,11297,19274,543503,245726,65913,36839,180270,61337,11965,29,27
2021-06-06T23:59:59+02:00,330,310,20246,18761,34246,31853,45051,46761,68910,72711,87091,87724,66190,72137,48537,58903,14037,23997,6,5,6371,6112,11139,12182,12929,17946,17260,26496,22398,27111,36008,40296,36969,45115,11142,19005,540381,243277,65586,36790,180227,56825,11572,29,26
2021-06-05T23:59:59+02:00,258,245,18999,17495,32914,30639,43824,45588,68335,72193,86559,87214,66099,72035,48489,58855,14030,23985,6,5,6320,6031,11035,12019,12804,17767,17090,26285,22227,26922,35944,40220,36947,45091,11140,19000,530383,242674,65586,36378,180207,56224,11551,29,26
2021-06-04T23:59:59+02:00,177,175,17805,16344,31604,29348,42271,44091,66993,70878,85752,86462,65912,71822,48413,58763,14014,23956,6,5,6217,5889,10861,11809,12590,17511,16735,25899,21707,26484,35057,39365,36632,44791,11123,18978,517554,240832,65519,36051,180200,53273,11478,29,25
2021-06-03T23:59:59+02:00,122,122,17165,15770,30618,28521,40811,42796,65218,69347,83503,84177,65486,71369,48285,58601,13996,23918,6,5,6047,5680,10551,11453,12272,17044,16284,25238,21158,25905,34393,38574,36456,44588,11090,18928,503760,238494,64822,35664,180161,50437,11053,29,24
2021-06-02T23:59:59+02:00,93,79,16822,15459,30307,28256,40146,42174,63628,67954,82562,83375,65345,71206,48225,58518,13993,23903,6,4,5930,5588,10376,11293,12042,16828,15991,24932,20812,25512,31145,34946,36228,44365,11061,18875,496249,229791,64819,35332,180160,49999,10788,29,24
2021-06-01T23:59:59+02:00,37,44,16030,14787,28809,27150,37783,40113,60059,64769,80129,81053,64995,70842,48097,58328,13959,23849,6,4,5656,5308,9858,10859,11504,16233,15324,24136,20075,24754,30803,34650,36033,44187,11032,18813,477881,228329,63262,34827,180093,46487,9569,28,23
2021-05-31T23:59:59+02:00,29,36,15466,14308,27870,26448,35822,38448,56615,61740,78098,79350,64664,70486,47953,58153,13927,23797,6,3,5493,5100,9446,10493,11076,15752,14787,23451,19451,24049,30517,34396,35849,43995,10997,18756,462111,227647,62540,34440,180027,43003,8504,28,23
2021-05-30T23:59:59+02:00,27,33,15319,14181,27584,26217,35369,38038,55902,61120,77779,79077,64602,70429,47928,58118,13923,23786,6,3,5390,4904,9118,10131,10664,15264,14335,22648,18925,23279,29839,33681,35622,43802,10975,18694,459129,227182,62102,34360,179979,37521,8194,28,23
2021-05-29T23:59:59+02:00,25,32,14922,13789,26735,25401,33610,36446,54419,59824,77190,78510,64452,70280,47875,58065,13916,23772,6,3,5357,4829,9055,10018,10570,15146,14226,22499,18794,23140,29810,33658,35616,43794,10974,18691,449002,226699,62069,34360,179975,36915,8189,28,23
2021-05-28T23:59:59+02:00,22,31,14516,13388,25920,24656,31761,34685,52247,57818,76138,77513,64247,70028,47823,57988,13906,23749,6,3,5273,4711,8878,9874,10414,14972,14065,22262,18582,22839,29741,33611,35599,43777,10973,18686,437042,226025,61600,34354,179886,35984,7880,28,23
2021-05-27T23:59:59+02:00,18,26,13887,12921,24853,23939,30511,33756,50640,56442,73038,74527,63805,69491,47689,57826,13883,23694,6,3,5160,4476,8545,9534,10010,14539,13623,21629,18076,22240,29518,33407,35488,43665,10952,18658,424888,225374,59641,34283,179254,32714,7135,28,23
2021-05-26T23:59:59+02:00,17,24,13400,12498,23939,23295,29590,33053,49555,55516,70079,71335,63190,68880,47554,57655,13852,23648,6,3,5073,4313,8289,9217,9709,14150,13265,21028,17643,21639,29322,33240,35390,43560,10925,18606,414063,224760,57466,34165,178757,29664,6766,28,23
2021-05-25T23:59:59+02:00,17,19,13059,12201,23357,22890,28533,32192,46953,53279,67817,69209,62837,68513,47441,57506,13834,23593,6,3,4995,4192,8080,8954,9455,13773,12953,20507,17259,21089,29163,33084,35306,43454,10898,18550,402200,224207,56399,34083,178134,26919,6489,28,23
2021-05-24T23:59:59+02:00,16,18,12761,11918,22858,22507,27913,31740,44330,50845,65356,67018,62528,68214,47330,57380,13798,23536,6,3,4923,4083,7830,8720,9135,13387,12623,19994,16875,20532,29020,32944,35232,43382,10874,18503,390529,223627,55915,34016,177467,24273,6127,28,23
2021-05-23T23:59:59+02:00,16,18,12699,11849,22763,22422,27833,31661,44073,50618,64768,66469,62448,68126,47305,57362,13796,23534,6,3,4902,4068,7795,8688,9076,13353,12544,19933,16796,20477,29011,32931,35228,43375,10874,18501,388324,223344,55834,34009,177453,24064,6121,28,23
2021-05-22T23:59:59+02:00,16,18,12475,11611,22442,22114,26832,30771,42237,49042,63912,65728,62285,67935,47239,57271,13786,23511,6,3,4885,4013,7767,8624,9035,13288,12513,19847,16766,20409,29000,32921,35224,43369,10873,18500,379833,223252,55823,34009,177448,23666,6093,28,23
2021-05-21T23:59:59+02:00,16,17,12172,11360,21873,21673,26018,30079,39843,47147,61936,64059,62023,67662,47155,57183,13771,23485,6,3,4866,3986,7712,8538,8969,13199,12436,19754,16691,20323,28984,32895,35217,43359,10871,18499,369400,223055,54767,33994,177256,23215,6021,28,23
2021-05-20T23:59:59+02:00,15,17,11559,10787,20744,20779,24866,29049,38336,45868,59589,61986,61203,66761,46954,56923,13737,23429,6,3,4589,3808,7311,8247,8528,12803,11979,19242,16271,19801,28862,32799,35166,43306,10867,18489,358891,222649,52412,33882,175974,20226,5297,28,23
2021-05-19T23:59:59+02:00,15,17,11119,10474,19956,20227,24018,28449,37434,45184,56356,58349,60513,66058,46845,56788,13714,23382,6,3,4436,3648,7056,8004,8252,12474,11648,18812,15901,19378,28763,32687,35123,43230,10856,18474,348422,222166,50790,33764,174845,17985,4813,28,23
2021-05-18T23:59:59+02:00,15,17,10788,10187,19374,19776,23364,27888,36024,43956,54942,57220,60141,65631,46715,56627,13689,23357,6,3,4329,3521,6808,7770,7991,12189,11413,18409,15553,18948,28679,32595,35093,43189,10852,18467,343026,221874,48936,33682,173365,15880,4356,28,23
2021-05-17T23:59:59+02:00,14,16,10567,10006,18936,19487,22928,27577,34821,42963,53631,56183,59892,65384,46651,56528,13673,23324,6,3,4258,3435,6600,7551,7739,11894,11156,18012,15241,18541,28587,32507,35068,43148,10846,18454,338943,221573,47941,33614,171845,14012,3824,28,23
2021-05-16T23:59:59+02:00,14,15,10376,9877,18640,19283,22594,27336,34182,42503,52393,55012,59699,65219,46614,56474,13662,23304,6,3,4189,3361,6383,7385,7449,11641,10888,17660,14946,18177,28521,32445,35052,43130,10839,18450,336503,221322,47064,33552,170226,12251,3377,27,23
2021-05-15T23:59:59+02:00,14,15,10281,9777,18489,19135,22423,27191,33797,42134,51997,54634,59584,65073,46566,56429,13659,23288,6,3,4149,3325,6299,7319,7356,11538,10786,17541,14842,18047,28427,32327,34960,43037,10835,18445,334100,220233,47063,33550,170092,12232,3204,27,23
2021-05-14T23:59:59+02:00,13,15,9998,9573,18059,18892,22022,26904,31445,40355,49845,52777,59363,64844,46518,56344,13642,23266,6,3,4020,3242,6013,7155,7051,11314,10440,17190,14495,17720,27855,31621,34837,42845,10816,18416,324936,216940,47010,33544,169480,12109,2423,26,23
2021-05-13T23:59:59+02:00,13,15,9537,9204,17266,18330,21154,26223,30328,39365,47601,50603,58512,63870,46308,56061,13603,23193,6,3,3519,3048,5674,6902,6739,11005,10029,16800,14118,17286,26959,30421,34413,42326,10785,18354,316442,212343,45147,32988,167457,10918,2115,25,23
2021-05-12T23:59:59+02:00,13,15,9246,9010,16833,18073,20683,25933,29798,38979,44598,46958,57939,63228,46224,55947,13585,23168,6,3,3379,2960,5442,6791,6458,10858,9746,16591,13879,17021,26311,29598,34247,42133,10759,18321,307253,209310,44330,32962,167164,10750,1458,25,23
2021-05-11T23:59:59+02:00,13,13,8810,8731,16060,17556,19819,25313,28059,37536,42662,45455,57562,62782,46140,55812,13564,23140,6,3,3260,2829,5209,6450,6160,10445,9378,16035,13439,16460,24888,27928,33735,41505,10708,18233,301763,203327,41272,32779,164677,9252,1290,25,23
2021-05-10T23:59:59+02:00,13,12,8549,8578,15548,17301,19186,24992,27069,36846,41201,44310,57295,62509,46060,55708,13544,23109,6,2,3150,2704,4977,6215,5906,10121,9055,15558,13076,16038,23837,26597,33246,40921,10672,18175,298459,198670,40363,32751,162006,7836,978,24,21
2021-05-09T23:59:59+02:00,13,12,8393,8496,15241,17120,18803,24737,26402,36417,39422,42644,56999,62230,46005,55650,13536,23089,6,2,3030,2650,4796,6075,5737,9947,8857,15351,12908,15865,23561,26265,33101,40748,10662,18160,295485,197473,39989,32708,159005,6813,706,24,21
2021-05-08T23:59:59+02:00,13,12,8318,8423,15060,16974,18594,24537,26174,36179,39189,42453,56872,62080,45967,55613,13533,23078,6,2,3022,2631,4765,6039,5693,9901,8780,15286,12822,15795,23191,25838,32815,40434,10654,18144,293921,196284,39536,31997,158882,6810,706,24,21
2021-05-07T23:59:59+02:00,12,11,8145,8327,14732,16790,18206,24300,25751,35889,38733,42073,56598,61725,45918,55566,13526,23068,6,2,2723,2497,4415,5852,5423,9639,8464,14975,12426,15399,22092,24464,32165,39599,10626,18094,291377,192820,39104,30495,158554,5216,311,24,19
2021-05-06T23:59:59+02:00,11,11,7494,7970,13833,16190,17147,23445,24409,34774,36588,40408,55469,60404,45675,55259,13491,23001,6,2,2598,2384,4240,5656,5215,9335,8120,14534,11993,14945,20784,22787,31311,38590,10572,17980,280727,187199,37821,29536,156733,4025,274,24,18
2021-05-05T23:59:59+02:00,9,11,6956,7661,13049,15641,16111,22678,23022,33749,34756,38920,53628,58363,45354,54913,13458,22935,6,2,2511,2325,4065,5499,5025,9123,7773,14196,11624,14584,19394,21004,30116,37174,10532,17877,269256,181062,36898,28364,154940,3290,96,24,18
2021-05-04T23:59:59+02:00,9,10,6767,7569,12683,15464,15623,22407,22373,33403,33796,38221,52774,57400,45231,54785,13440,22894,6,2,2456,2255,3911,5330,4849,8869,7431,13788,11198,14125,17741,19075,29018,35842,10436,17757,265475,174244,36030,27423,153278,2362,43,23,17
2021-05-03T23:59:59+02:00,9,10,6621,7420,12305,15245,15117,22095,21666,32996,32643,37331,52476,57082,45135,54677,13425,22862,6,2,2397,2185,3817,5150,4709,8633,7213,13439,10877,13717,16538,17576,28138,34738,10371,17649,262184,168665,35569,27073,151307,1368,32,23,17
2021-05-02T23:59:59+02:00,9,10,6540,7328,12090,15073,14822,21862,21189,32675,31492,36383,52192,56791,45073,54586,13407,22831,6,2,2382,2178,3796,5117,4678,8597,7147,13368,10793,13625,16226,17180,27841,34433,10359,17635,259748,167097,35495,26959,149056,1261,31,23,15
2021-05-01T23:59:59+02:00,9,10,6522,7305,12027,15024,14742,21798,21088,32602,31365,36289,52186,56776,45069,54585,13405,22829,6,2,2379,2171,3772,5100,4637,8572,7110,13331,10732,13570,16028,16957,27726,34296,10356,17625,259178,166131,35494,26934,148905,1259,31,23,15
2021-04-30T23:59:59+02:00,9,10,6484,7266,11936,14929,14636,21679,20893,32415,31125,36098,51915,56416,45024,54532,13399,22817,6,2,2351,2150,3710,5037,4541,8463,6960,13148,10454,13308,15212,15930,26855,33222,10315,17537,257393,162923,35451,25043,148686,1190,30,23,15
2021-04-29T23:59:59+02:00,9,10,6279,7139,11614,14741,14281,21441,20374,32125,30372,35607,51266,55590,44932,54413,13372,22738,6,2,2313,2104,3617,4950,4417,8327,6766,12929,10177,13021,14236,14696,25550,31675,10253,17444,254209,157217,35356,24294,146686,928,29,23,15
2021-04-28T23:59:59+02:00,9,10,6015,6975,11237,14404,13787,20973,19734,31517,29206,34474,48597,52583,44638,54088,13309,22660,6,2,2275,2063,3550,4889,4301,8210,6606,12745,9928,12802,13095,13213,24058,29794,10191,17341,244254,151241,35229,23090,144694,709,16,23,13
2021-04-27T23:59:59+02:00,9,10,5911,6883,11084,14281,13587,20809,19455,31307,28645,34086,48391,52362,44582,54034,13300,22638,6,2,2233,2029,3461,4795,4208,8101,6440,12558,9646,12526,11878,11648,22402,27637,10112,17195,242877,144413,35181,21905,143277,531,16,23,12
2021-04-26T23:59:59+02:00,9,10,5862,6839,10967,14213,13426,20687,19228,31096,27811,33519,48053,51993,44527,53968,13291,22609,6,2,2211,2002,3406,4751,4146,8033,6337,12425,9457,12352,10959,10489,21122,25879,10051,17105,242145,139129,35154,21157,140771,421,16,22,10
2021-04-25T23:59:59+02:00,9,10,5816,6792,10862,14118,13266,20531,18981,30812,27050,32780,47555,51481,44443,53869,13277,22589,6,2,2185,1992,3376,4732,4128,8014,6304,12384,9400,12291,10797,10296,20879,25555,10041,17091,240433,138276,35111,20808,138659,363,16,22,10
2021-04-24T23:59:59+02:00,9,10,5794,6743,10785,14028,13167,20387,18847,30633,26889,32599,47454,51358,44349,53773,13273,22584,6,2,2178,1982,3351,4704,4089,7967,6232,12312,9268,12173,10640,10115,20744,25423,10025,17073,238952,137748,35093,20166,138599,344,16,22,10
2021-04-23T23:59:59+02:00,9,10,5732,6654,10652,13829,12964,20133,18536,30253,26492,32237,46508,50221,44195,53528,13250,22552,6,2,2160,1960,3308,4667,4040,7913,6137,12221,9104,12045,10373,9815,20420,25002,9977,16991,234554,136624,35033,19158,138130,333,16,22,10
2021-04-22T23:59:59+02:00,9,10,5630,6540,10442,13630,12611,19796,18024,29781,25862,31644,44779,48066,43623,52799,13204,22451,5,2,2146,1949,3269,4614,3963,7840,6008,12121,8844,11880,9939,9408,19963,24411,9927,16914,228299,134497,34920,18379,135644,301,16,22,10
2021-04-21T23:59:59+02:00,9,9,5532,6403,10212,13428,12280,19482,17521,29287,25144,30911,40497,43195,43143,52265,13137,22347,5,2,2133,1940,3233,4577,3908,7782,5927,12028,8668,11720,9607,9024,19464,23818,9861,16817,216167,132848,34853,17366,133744,278,16,22,6
2021-04-20T23:59:59+02:00,9,9,5454,6313,10018,13211,12004,19216,17098,28880,24590,30343,38742,41179,42487,51485,13065,22206,5,2,2108,1927,3192,4553,3841,7738,5795,11929,8497,11592,9323,8704,18991,23148,9764,16676,209918,131477,34763,16062,131590,224,16,22,6
2021-04-19T23:59:59+02:00,9,8,5375,6235,9857,13081,11799,19006,16735,28498,24044,29871,37183,39385,41895,50763,13011,22119,5,2,2092,1910,3157,4518,3801,7694,5755,11859,8412,11500,9085,8420,18582,22580,9717,16583,204878,129779,34705,15668,129255,203,16,20,6
2021-04-18T23:59:59+02:00,9,7,5313,6184,9726,12996,11599,18867,16454,28300,23636,29558,35870,38020,41542,50358,12977,22055,5,2,2079,1895,3129,4496,3775,7678,5711,11812,8362,11451,8987,8331,18428,22392,9704,16558,203331,129298,34663,15277,125442,198,16,19,6
2021-04-17T23:59:59+02:00,9,7,5307,6168,9692,12965,11552,18827,16377,28233,23572,29499,35559,37679,41434,50260,12971,22044,5,2,2069,1887,3102,4483,3717,7633,5641,11761,8276,11399,8876,8221,18322,22275,9683,16545,202100,128492,34654,15187,125366,196,16,19,6
2021-04-16T23:59:59+02:00,9,7,5242,6129,9603,12904,11417,18715,16165,28073,23219,29151,34476,36420,41022,49735,12951,22010,5,2,1936,1801,2873,4303,3357,7316,4871,11229,6786,10308,6350,6148,16505,20579,9488,16247,197932,119127,34564,10762,124718,193,16,18,6
2021-04-15T23:59:59+02:00,9,7,5176,6039,9401,12731,11122,18468,15669,27679,22529,28546,32578,34104,39975,48527,12870,21842,5,2,1893,1769,2806,4238,3238,7195,4654,11047,6408,9998,5893,5749,15912,19892,9296,15912,192104,115990,34511,9711,120623,184,16,18,6
2021-04-14T23:59:59+02:00,9,7,5114,5993,9235,12604,10906,18291,15267,27364,21877,28066,30650,31851,38755,47105,12795,21655,5,2,1810,1715,2722,4169,3127,7102,4453,10881,6100,9748,5414,5335,15329,19204,9092,15556,185721,113362,34372,8251,117417,129,16,18,6
2021-04-13T23:59:59+02:00,9,7,5067,5939,9098,12476,10729,18123,14924,27088,21355,27603,28545,29398,37492,45505,12651,21448,5,2,1766,1698,2685,4126,3071,7041,4319,10742,5830,9537,5071,5031,14877,18755,8956,15352,178823,111938,34306,6871,114295,33,16,17,6
2021-04-12T23:59:59+02:00,9,7,5004,5890,8990,12338,10522,17975,14603,26807,20816,27148,26504,27125,36332,44035,12521,21247,5,2,1731,1654,2655,4106,3043,6988,4260,10674,5727,9436,4904,4886,14576,18387,8843,15152,173098,111093,34227,5882,110515,32,16,17,6
2021-04-11T23:59:59+02:00,9,7,4968,5847,8896,12259,10364,17874,14339,26630,20391,26824,25300,25834,35627,43250,12432,21097,5,2,1722,1648,2633,4086,3018,6960,4225,10627,5640,9368,4812,4831,14460,18264,8804,15099,171311,110883,34156,5274,106449,26,15,17,6
2021-04-10T23:59:59+02:00,9,7,4957,5834,8854,12231,10309,17839,14271,26581,20295,26744,24984,25459,35280,42830,12425,21076,5,2,1717,1642,2624,4078,3004,6943,4195,10596,5581,9329,4734,4754,14331,18098,8757,15014,170097,110084,33431,5273,106425,26,15,17,6
2021-04-09T23:59:59+02:00,9,7,4910,5802,8770,12152,10185,17715,14103,26407,20035,26500,24144,24303,34325,41619,12393,21002,4,2,1689,1613,2567,4044,2932,6884,4044,10486,5326,9106,4318,4379,13761,17381,8527,14645,166729,106400,31914,5265,105711,26,11,16,6
2021-04-08T23:59:59+02:00,9,7,4834,5737,8623,12043,9972,17543,13707,26093,19430,26033,22435,22312,32630,39645,12244,20766,4,2,1659,1597,2513,3999,2849,6799,3897,10349,5033,8842,3860,3952,12767,16134,8043,13882,160964,101407,31007,4735,102065,22,11,16,6
2021-04-07T23:59:59+02:00,9,6,4787,5684,8439,11965,9745,17393,13389,25866,18959,25671,20627,20197,30868,37380,12126,20552,4,2,1626,1581,2459,3947,2788,6718,3790,10204,4846,8654,3596,3660,12077,15330,7666,13321,154917,98079,29829,4161,98895,13,10,12,6
2021-04-06T23:59:59+02:00,9,6,4740,5638,8295,11853,9585,17227,13069,25598,18439,25284,18771,18128,28941,34888,11923,20207,4,2,1591,1562,2435,3921,2755,6680,3728,10160,4764,8563,3487,3536,11603,14682,7380,12907,148063,95767,28864,3965,95653,12,10,11,6
2021-04-05T23:59:59+02:00,9,6,4709,5597,8199,11762,9446,17130,12856,25386,18037,24939,17042,16197,27314,32739,11776,19979,4,2,1569,1550,2404,3903,2725,6631,3685,10101,4678,8447,3374,3427,11262,14313,7222,12625,142649,94369,28428,3526,92027,11,10,9,6
2021-04-04T23:59:59+02:00,9,6,4702,5591,8191,11752,9432,17115,12830,25365,18009,24914,16910,16021,27118,32493,11767,19965,4,2,1568,1549,2402,3900,2722,6627,3683,10097,4674,8444,3365,3416,11251,14301,7219,12617,141930,94290,28335,3526,91910,11,8,7,6
2021-04-03T23:59:59+02:00,9,6,4698,5584,8177,11745,9413,17095,12791,25334,17931,24850,16830,15931,27071,32436,11762,19958,4,2,1565,1547,2393,3892,2704,6613,3660,10069,4591,8389,3248,3301,11170,14226,7213,12607,141399,93643,28309,3526,91898,11,8,7,6
2021-04-02T23:59:59+02:00,9,6,4672,5564,8118,11691,9349,17027,12652,25227,17695,24649,16377,15454,26595,31859,11730,19904,4,2,1563,1538,2379,3886,2697,6597,3639,10037,4521,8296,3178,3233,10932,13924,7061,12404,140188,92344,26896,3522,91479,11,8,7,6
2021-04-01T23:59:59+02:00,8,6,4629,5503,8006,11549,9219,16867,12379,24941,17250,24248,15625,14728,25836,30896,11603,19722,4,2,1546,1518,2350,3853,2674,6568,3600,9998,4453,8230,3065,3102,9996,12807,6447,11553,137946,88327,26232,3417,88824,10,6,7,6
2021-03-31T23:59:59+02:00,8,6,4417,5424,7895,11427,9078,16700,12160,24665,16896,23882,14928,13964,25002,29885,11493,19522,4,2,1537,1513,2337,3833,2649,6539,3552,9950,4387,8161,2977,3014,9423,12103,6082,11055,136143,85892,24768,3204,86428,10,6,7,6
2021-03-30T23:59:59+02:00,8,6,4386,5371,7821,11300,8991,16543,11998,24475,16612,23570,14327,13322,24242,28899,11354,19277,4,2,1523,1503,2316,3808,2623,6510,3512,9885,4321,8090,2850,2866,8828,11445,5731,10559,134652,83562,23552,2797,84285,5,6,7,6
2021-03-29T23:59:59+02:00,8,6,4346,5316,7721,11188,8884,16380,11839,24201,16283,23223,13782,12720,23477,27923,11194,19028,4,2,1505,1490,2297,3792,2601,6481,3478,9826,4257,8015,2797,2798,8539,11057,5542,10247,132804,82173,22792,2538,81910,5,6,7,6
2021-03-28T23:59:59+02:00,8,6,4311,5232,7637,11078,8805,16226,11704,23971,16024,22949,13453,12409,22905,27228,11019,18743,4,2,1496,1483,2275,3776,2586,6452,3438,9776,4219,7957,2749,2747,8460,10953,5497,10178,132305,81821,22267,2211,79123,4,6,7,6
2021-03-27T23:59:59+01:00,8,6,4297,5221,7611,11046,8739,16154,11604,23876,15880,22833,13248,12196,22702,27014,10984,18714,4,2,1495,1481,2272,3774,2585,6451,3424,9748,4209,7935,2741,2741,8402,10888,5462,10138,131422,81525,21621,2211,79077,4,6,7,6
2021-03-26T23:59:59+01:00,8,6,4254,5154,7501,10912,8564,15969,11269,23572,15266,22330,12326,11367,21910,26171,10837,18487,2,2,1490,1467,2267,3753,2572,6428,3407,9722,4168,7898,2711,2702,8221,10669,5341,9968,127361,80675,20008,2097,78521,4,6,7,6
2021-03-25T23:59:59+01:00,8,5,4199,4993,7338,10633,8319,15562,10885,22948,14621,21631,11652,10704,21039,25102,10518,17941,2,2,1470,1453,2235,3727,2538,6389,3371,9675,4098,7817,2581,2564,7243,9409,4724,9050,124071,76466,19226,1867,74789,4,5,7,6
2021-03-24T23:59:59+01:00,8,5,4123,4853,7201,10345,8104,15150,10621,22398,14150,21020,11045,10145,20104,24013,10185,17374,2,2,1449,1424,2208,3689,2494,6352,3329,9610,4019,7717,2482,2467,6592,8646,4339,8466,121470,73826,18031,1451,71336,2,2,5,6
2021-03-23T23:59:59+01:00,8,5,4083,4761,7094,10106,7949,14809,10358,21892,13747,20529,10577,9703,19377,23161,9871,16906,2,2,1438,1406,2182,3668,2475,6324,3270,9556,3929,7641,2389,2367,5864,7713,3887,7775,120001,70747,16925,1132,68004,2,1,5,6
2021-03-22T23:59:59+01:00,8,5,4030,4682,6966,9866,7789,14487,10098,21424,13397,20028,10183,9348,18808,22451,9677,16557,2,1,1429,1399,2175,3654,2463,6308,3246,9533,3899,7607,2328,2316,5409,7105,3529,7282,119109,68634,16522,1042,64167,2,1,5,6
2021-03-21T23:59:59+01:00,8,5,3983,4579,6832,9602,7621,14129,9877,20885,13054,19502,9863,9068,18271,21848,9488,16244,2,1,1426,1395,2174,3643,2460,6300,3240,9524,3889,7593,2314,2297,5292,6973,3471,7181,118904,68124,16125,1042,59824,2,1,5,6
2021-03-20T23:59:59+01:00,8,5,3972,4559,6797,9548,7563,14056,9793,20776,12948,19412,9776,8975,18131,21671,9437,16157,2,1,1423,1390,2170,3639,2455,6295,3226,9514,3869,7583,2279,2265,4964,6599,3282,6939,118072,66844,16030,1042,59476,2,1,5,6
2021-03-19T23:59:59+01:00,7,5,3797,4419,6504,9299,7122,13631,8880,20046,11221,18086,6913,6627,15875,19466,9074,15593,2,1,1419,1386,2165,3632,2443,6282,3214,9489,3818,7537,2212,2224,4589,6127,3013,6614,108766,65149,11308,1009,56485,2,1,5,6
2021-03-18T23:59:59+01:00,7,4,3693,4287,6327,8989,6854,13192,8492,19386,10582,17349,6198,5975,14652,17992,8556,14768,2,1,1415,1380,2142,3605,2425,6246,3185,9448,3778,7504,2167,2190,4167,5595,2730,6200,103631,63270,10300,901,53366,2,1,5,6
2021-03-17T23:59:59+01:00,7,4,3614,4214,6196,8844,6683,13015,8194,19076,10179,16959,5790,5588,13837,17066,8156,14179,2,1,1405,1367,2126,3586,2395,6214,3154,9420,3741,7468,2112,2130,3759,5149,2476,5812,100391,61542,8608,766,52596,2,1,5,6
2021-03-16T23:59:59+01:00,7,4,3535,4080,6042,8574,6476,12646,7881,18495,9632,16303,5262,5134,13021,16106,7818,13679,2,1,1396,1359,2117,3569,2379,6199,3138,9401,3716,7442,2085,2094,3240,4506,2136,5299,98067,59308,7197,762,49425,2,1,5,6
2021-03-15T23:59:59+01:00,7,4,3487,3933,5853,8301,6257,12235,7604,17923,9196,15680,4944,4849,12362,15363,7551,13216,2,1,1396,1349,2101,3554,2359,6175,3119,9352,3692,7403,2048,2043,2872,4044,1851,4903,96567,57512,6215,744,45978,2,0,5,6
2021-03-14T23:59:59+01:00,7,4,3443,3798,5623,7970,5967,11789,7295,17204,8737,14928,4621,4574,12071,15107,7503,13117,2,1,1389,1343,2085,3525,2346,6126,3101,9294,3675,7365,2041,2032,2793,3936,1798,4817,96444,57112,5598,549,41711,2,0,5,6
2021-03-13T23:59:59+01:00,7,4,3428,3757,5582,7854,5908,11666,7210,17056,8588,14773,4470,4424,11981,15022,7497,13106,2,1,1389,1343,2085,3525,2345,6126,3100,9293,3674,7365,2038,2024,2740,3881,1764,4763,95752,56901,5598,549,40978,2,0,5,6
2021-03-12T23:59:59+01:00,7,4,3409,3686,5525,7719,5848,11514,7124,16830,8452,14539,4362,4328,11707,14697,7340,12888,2,1,1389,1343,2081,3519,2344,6118,3096,9287,3672,7360,2036,2022,2652,3770,1680,4674,94320,56489,5590,549,40064,2,0,5,6
2021-03-11T23:59:59+01:00,7,4,3332,3492,5317,7419,5615,11097,6784,16162,8014,13901,4018,3992,10626,13440,6682,11974,2,1,1384,1341,2070,3505,2325,6093,3073,9254,3648,7327,2006,1997,2412,3504,1524,4455,90116,55396,5154,517,36601,2,0,5,6
2021-03-10T23:59:59+01:00,7,4,3236,3374,5099,7148,5403,10735,6514,15616,7677,13355,3795,3764,9980,12648,6293,11436,2,1,1379,1330,2043,3467,2296,6003,3025,9132,3591,7208,1962,1920,2196,3267,1390,4261,87640,54182,4778,283,33661,2,0,5,6
2021-03-09T23:59:59+01:00,6,4,3163,3247,4934,6959,5200,10449,6283,15181,7380,12846,3611,3557,9342,11946,5917,10909,2,1,1372,1319,2008,3407,2265,5901,2963,8989,3523,7126,1932,1894,1916,2949,1218,4014,85352,52756,4515,35,31062,2,0,5,6
2021-03-08T23:59:59+01:00,6,4,3098,3090,4706,6694,4961,10096,6023,14668,7019,12260,3409,3364,8951,11502,5720,10592,2,1,1369,1301,1994,3328,2234,5804,2925,8843,3490,7032,1917,1872,1713,2717,1094,3820,83878,51417,4144,33,28136,0,0,5,6
2021-03-07T23:59:59+01:00,6,4,3066,3031,4633,6579,4877,9983,5918,14504,6902,12114,3358,3317,8864,11394,5679,10523,2,1,1363,1296,1988,3316,2226,5779,2919,8804,3478,7013,1909,1860,1658,2649,1043,3751,83517,51016,3968,33,27262,0,0,5,6
2021-03-06T23:59:59+01:00,6,4,3052,2974,4592,6487,4840,9916,5860,14384,6854,12003,3334,3294,8807,11328,5644,10480,2,1,1361,1283,1983,3302,2214,5752,2916,8777,3467,6994,1899,1836,1630,2625,1037,3742,83194,50782,3968,33,26692,0,0,5,6
2021-03-05T23:59:59+01:00,6,4,3028,2880,4533,6376,4776,9817,5797,14232,6751,11850,3289,3239,8620,11100,5521,10305,2,1,1352,1250,1951,3247,2189,5646,2875,8643,3423,6856,1855,1790,1566,2555,1015,3714,82285,49891,3960,33,25874,0,0,5,6
2021-03-04T23:59:59+01:00,4,4,2975,2689,4376,6140,4558,9504,5590,13816,6438,11461,3113,3063,7599,9804,4886,9387,2,1,1333,1201,1913,3124,2158,5463,2829,8367,3367,6624,1783,1700,1529,2503,1010,3696,78113,48565,3686,32,23603,0,0,5,6
2021-03-03T23:59:59+01:00,3,4,2936,2618,4237,5948,4392,9235,5387,13438,6182,11039,2988,2931,6948,9028,4490,8777,2,1,1321,1165,1886,3051,2136,5353,2798,8188,3314,6467,1715,1658,1488,2433,990,3642,75383,47571,3443,32,21750,0,0,5,5
2021-03-02T23:59:59+01:00,3,4,2876,2527,4051,5729,4186,8964,5189,13059,5913,10663,2841,2770,6182,8060,4018,8067,2,1,1288,1122,1859,2978,2112,5211,2748,7915,3265,6269,1642,1598,1422,2353,966,3591,72208,46305,2987,32,19902,0,0,5,5
2021-03-01T23:59:59+01:00,3,3,2837,2464,3887,5577,3999,8745,4999,12738,5674,10270,2740,2655,5687,7402,3652,7555,2,1,1282,1086,1835,2877,2086,5017,2708,7665,3205,6033,1599,1562,1372,2292,936,3548,70034,45069,2678,32,18170,0,0,5,5
2021-02-28T23:59:59+01:00,3,3,2795,2416,3729,5458,3778,8555,4815,12487,5487,9964,2683,2581,5565,7248,3590,7454,2,1,1278,1081,1830,2864,2077,4993,2701,7629,3195,6016,1590,1555,1367,2284,933,3538,69556,44898,2456,31,16594,0,0,5,5
2021-02-27T23:59:59+01:00,3,2,2780,2354,3702,5378,3744,8482,4781,12394,5452,9890,2642,2547,5232,6862,3391,7202,2,1,1271,1073,1823,2852,2064,4958,2682,7564,3179,5960,1572,1546,1361,2273,931,3537,68240,44614,2456,30,16137,0,0,5,5
2021-02-26T23:59:59+01:00,3,2,2760,2313,3660,5290,3678,8378,4719,12283,5367,9802,2565,2494,4850,6379,3113,6871,2,1,1214,1023,1773,2746,2015,4777,2626,7289,3108,5751,1511,1495,1338,2252,918,3528,66425,43333,2329,29,15768,0,0,5,5
2021-02-25T23:59:59+01:00,3,2,2588,2206,3476,5107,3493,8153,4515,11997,5148,9527,2476,2427,4400,5824,2823,6443,2,1,1198,965,1742,2637,1961,4502,2556,6893,3013,5465,1465,1452,1317,2237,915,3519,64557,41810,2001,26,14045,0,0,5,4
2021-02-24T23:59:59+01:00,3,2,2435,2073,3286,4913,3347,7949,4318,11743,4928,9277,2339,2307,3940,5313,2561,6044,1,1,1183,936,1719,2554,1925,4362,2496,6637,2961,5260,1434,1420,1299,2216,911,3496,62780,40789,1522,18,12471,0,0,5,4
2021-02-23T23:59:59+01:00,3,2,2302,1935,3108,4685,3195,7710,4143,11472,4743,9030,2250,2214,3383,4647,2217,5525,1,1,1169,888,1686,2458,1886,4171,2428,6338,2866,5000,1377,1365,1270,2172,895,3469,60562,39421,1169,15,10828,0,0,5,4
2021-02-22T23:59:59+01:00,3,2,2262,1884,3024,4592,3125,7603,4049,11286,4635,8905,2199,2173,3012,4181,1931,5138,1,1,1157,829,1654,2334,1844,3925,2352,5944,2741,4703,1314,1311,1247,2139,887,3445,58881,37819,1082,5,10036,0,0,5,4
2021-02-21T23:59:59+01:00,3,2,2226,1853,2972,4523,3045,7489,3968,11141,4569,8788,2184,2150,2928,4066,1875,5050,1,1,1154,811,1637,2282,1817,3818,2319,5788,2679,4580,1284,1288,1237,2125,880,3430,58448,37122,1049,5,9330,0,0,5,4
2021-02-20T23:59:59+01:00,3,2,2214,1850,2949,4510,3029,7453,3942,11108,4548,8766,2181,2142,2874,4009,1840,4995,1,1,1153,808,1637,2280,1816,3809,2318,5783,2678,4576,1283,1285,1236,2122,879,3429,58232,37086,1048,5,9130,0,0,5,3
2021-02-19T23:59:59+01:00,2,2,2202,1836,2913,4458,3004,7365,3897,11026,4494,8703,2173,2136,2783,3895,1755,4901,1,1,1102,799,1598,2272,1805,3800,2308,5762,2670,4563,1277,1274,1225,2117,874,3422,57810,36863,1016,4,8714,0,0,5,3
2021-02-18T23:59:59+01:00,2,2,2071,1741,2757,4275,2880,7167,3760,10740,4355,8498,2139,2103,2541,3624,1598,4677,1,1,1024,763,1526,2172,1755,3679,2235,5605,2613,4478,1263,1255,1219,2103,861,3404,56735,35950,951,4,7239,0,0,5,3
2021-02-17T23:59:59+01:00,2,2,2027,1693,2666,4143,2771,6955,3607,10399,4213,8256,2080,2019,2322,3394,1469,4484,1,1,872,698,1414,2046,1678,3489,2139,5378,2541,4305,1230,1209,1193,2058,845,3359,55660,34450,805,3,6032,0,0,5,3
2021-02-16T23:59:59+01:00,2,2,1857,1582,2490,3936,2631,6680,3446,10044,4035,7951,2035,1992,2040,3074,1295,4231,1,1,845,676,1344,1968,1609,3347,2045,5205,2446,4171,1168,1163,1133,1969,812,3257,54318,33155,769,2,4231,0,0,5,3
2021-02-15T23:59:59+01:00,2,2,1822,1527,2402,3766,2554,6407,3324,9676,3921,7681,2009,1963,1821,2834,1169,4038,1,1,827,664,1315,1920,1567,3278,1988,5033,2383,4070,1110,1122,1066,1877,792,3154,53209,32164,753,1,2951,0,0,5,3
2021-02-14T23:59:59+01:00,2,2,1732,1496,2354,3704,2512,6314,3253,9572,3874,7603,1998,1953,1763,2774,1119,3978,1,1,812,654,1299,1896,1540,3255,1954,4992,2357,4014,1100,1113,1059,1868,789,3142,52870,31842,724,1,2404,0,0,5,3
2021-02-13T23:59:59+01:00,2,2,1731,1484,2344,3697,2506,6300,3250,9556,3867,7593,1989,1933,1739,2754,1115,3968,1,1,812,654,1299,1896,1540,3255,1954,4992,2357,4014,1100,1113,1059,1868,789,3142,52713,31842,724,1,2388,0,0,5,3
2021-02-12T23:59:59+01:00,2,2,1652,1399,2243,3583,2427,6127,3146,9318,3743,7328,1942,1875,1675,2683,1092,3939,1,1,805,646,1287,1873,1527,3236,1946,4961,2341,3994,1095,1108,1058,1849,789,3111,51772,31625,724,0,1675,0,0,5,3
2021-02-11T23:59:59+01:00,2,2,1455,1263,2062,3371,2299,5835,2995,8884,3585,6981,1869,1773,1633,2619,1072,3916,1,1,776,597,1192,1694,1400,2957,1806,4600,2174,3704,1042,1044,1014,1771,748,2969,50371,29489,684,0,556,0,0,5,1
2021-02-10T23:59:59+01:00,2,2,1361,1216,1978,3242,2231,5663,2913,8605,3474,6750,1799,1726,1586,2552,1053,3854,1,1,565,515,969,1470,1260,2646,1621,4139,1970,3322,922,916,881,1513,656,2627,49196,25993,645,0,161,0,0,5,1
2021-02-09T23:59:59+01:00,2,2,1325,1166,1943,3149,2203,5478,2846,8266,3404,6492,1725,1664,1524,2491,1034,3811,1,1,303,382,752,1206,1074,2269,1414,3600,1721,2867,756,754,708,1205,522,2123,47926,21657,515,0,80,0,0,4,1
2021-02-08T23:59:59+01:00,2,2,1318,1131,1911,3031,2166,5256,2795,7988,3345,6256,1682,1630,1474,2436,1017,3788,1,1,267,342,649,1053,969,2053,1255,3206,1525,2551,655,634,607,1018,450,1838,46800,19073,345,0,79,0,0,4,1
2021-02-07T23:59:59+01:00,2,2,1292,1115,1881,2979,2140,5174,2765,7885,3303,6190,1666,1614,1459,2417,1005,3773,1,1,233,287,600,964,909,1897,1164,2980,1428,2378,614,614,585,983,440,1807,46514,17885,144,0,0,0,0,4,0
2021-02-06T23:59:59+01:00,2,2,1287,1109,1875,2967,2131,5146,2752,7841,3292,6145,1653,1606,1454,2407,1002,3772,1,1,214,254,579,926,881,1832,1121,2861,1371,2295,598,595,578,983,440,1807,46295,17337,144,0,0,0,0,4,0
2021-02-05T23:59:59+01:00,2,2,1228,1057,1826,2859,2079,4950,2691,7544,3215,5929,1590,1553,1437,2384,994,3766,1,1,198,222,543,876,845,1752,1083,2741,1318,2196,564,571,566,959,428,1782,44958,16646,144,0,0,0,0,4,0
2021-02-04T23:59:59+01:00,2,2,1216,993,1785,2711,2007,4637,2608,7098,3115,5601,1545,1520,1420,2367,989,3755,1,1,169,169,469,758,746,1611,970,2503,1205,1982,518,518,518,903,407,1663,43332,15111,36,0,0,0,0,3,0
2021-02-03T23:59:59+01:00,2,2,1198,964,1755,2631,1968,4489,2542,6836,3063,5386,1508,1488,1390,2332,970,3725,1,1,140,140,396,645,630,1373,824,2126,1011,1691,399,382,374,681,287,1258,42210,12359,36,0,0,0,0,3,0
2021-02-02T23:59:59+01:00,2,2,1181,908,1721,2530,1926,4269,2469,6504,2958,5114,1455,1441,1366,2301,960,3700,1,1,117,116,320,523,525,1135,679,1796,822,1382,298,279,293,499,225,947,40768,9958,36,0,0,0,0,3,0
2021-02-01T23:59:59+01:00,1,2,1168,848,1685,2407,1875,4024,2392,6114,2835,4818,1388,1359,1336,2255,947,3671,0,0,84,76,221,352,351,742,430,1159,480,860,186,170,172,298,126,562,39086,6269,36,0,0,0,0,3,0
2021-01-31T23:59:59+01:00,1,2,1164,830,1668,2350,1850,3902,2360,5930,2768,4699,1357,1336,1325,2239,940,3655,0,0,73,70,187,281,273,575,341,905,398,693,160,155,160,289,122,548,38340,5230,33,0,0,0,0,3,0
2021-01-30T23:59:59+01:00,1,2,1164,827,1667,2345,1848,3891,2358,5919,2765,4689,1356,1332,1324,2238,940,3654,0,0,70,63,154,233,245,507,306,787,355,618,159,148,155,285,122,547,38285,4754,32,0,0,0,0,3,0
2021-01-29T23:59:59+01:00,1,2,1112,818,1628,2338,1837,3884,2350,5904,2757,4678,1352,1329,1320,2238,940,3654,0,0,62,45,117,178,201,353,250,639,311,490,148,139,144,275,119,546,38109,4017,30,0,0,0,0,3,0
2021-01-28T23:59:59+01:00,1,2,1038,792,1572,2275,1804,3815,2303,5833,2724,4626,1340,1317,1311,2232,928,3640,0,0,40,20,75,105,132,206,155,383,203,293,115,106,118,221,107,496,37523,2775,27,0,0,0,0,3,0
2021-01-27T23:59:59+01:00,1,2,890,740,1476,2199,1736,3701,2230,5704,2666,4500,1311,1272,1282,2194,912,3605,0,0,31,13,63,87,106,162,122,326,176,248,107,88,105,201,103,459,36400,2397,18,0,0,0,0,3,0
2021-01-26T23:59:59+01:00,1,2,876,720,1413,2123,1675,3571,2143,5532,2578,4388,1252,1232,1232,2121,887,3545,0,0,30,12,60,84,102,156,118,311,175,239,104,82,98,180,92,409,35275,2252,13,0,0,0,0,3,0
2021-01-25T23:59:59+01:00,1,2,862,699,1382,2061,1642,3474,2097,5363,2521,4296,1199,1207,1177,2061,869,3479,0,0,28,12,57,84,99,154,117,309,174,239,103,81,97,179,90,406,34386,2229,4,0,0,0,0,2,0
2021-01-24T23:59:59+01:00,1,2,859,698,1376,2050,1637,3457,2089,5338,2509,4264,1195,1200,1172,2054,868,3473,0,0,28,12,57,84,98,153,117,309,174,238,103,81,97,179,90,405,34236,2225,4,0,0,0,0,2,0
2021-01-23T23:59:59+01:00,1,2,859,698,1376,2050,1636,3457,2089,5338,2509,4264,1195,1200,1172,2054,868,3473,0,0,28,12,57,84,98,153,117,309,173,238,103,81,97,179,90,405,34236,2224,3,0,0,0,0,2,0
2021-01-22T23:59:59+01:00,1,2,858,688,1362,2027,1621,3433,2076,5304,2493,4245,1193,1195,1171,2031,867,3439,0,0,28,12,57,84,98,153,117,309,172,238,103,81,97,179,90,405,34001,2223,3,0,0,0,0,2,0
2021-01-21T23:59:59+01:00,1,2,827,651,1285,1870,1520,3241,1980,5033,2382,4046,1152,1135,1142,1963,830,3318,0,0,26,11,53,79,90,144,107,280,158,215,89,72,86,155,74,345,32374,1984,3,0,0,0,0,1,0
2021-01-20T23:59:59+01:00,1,2,626,554,1091,1654,1384,2966,1804,4627,2178,3705,1023,1016,1012,1722,754,3014,0,0,24,11,52,75,87,143,99,267,147,196,78,65,80,130,62,307,29129,1823,3,0,0,0,0,1,0
2021-01-19T23:59:59+01:00,1,2,342,410,840,1396,1180,2619,1568,4098,1914,3254,848,843,838,1426,629,2564,0,0,20,8,37,53,58,78,73,180,103,133,58,50,52,96,47,238,24769,1284,2,0,0,0,0,1,0
2021-01-18T23:59:59+01:00,1,2,301,373,727,1209,1062,2366,1376,3597,1673,2872,708,689,678,1170,525,2119,0,0,8,4,12,18,20,26,24,52,25,47,13,11,13,33,11,72,21446,389,1,0,0,0,0,1,0
2021-01-17T23:59:59+01:00,1,2,259,319,661,1114,983,2195,1278,3325,1559,2660,662,659,649,1110,497,2051,0,0,0,0,1,0,3,2,2,1,2,2,1,4,1,0,0,1,19983,20,1,0,0,0,0,0,0
2021-01-16T23:59:59+01:00,1,2,242,288,645,1079,959,2133,1237,3214,1508,2586,646,641,641,1110,497,2050,0,0,0,0,0,0,1,2,1,1,1,2,0,1,1,0,0,1,19478,11,1,0,0,0,0,0,0
2021-01-15T23:59:59+01:00,1,2,227,254,615,1028,932,2055,1203,3096,1456,2490,615,615,634,1089,490,2038,0,0,0,0,0,0,0,0,0,0,0,0,0,0,0,0,0,0,18840,0,0,0,0,0,0,0,0
2021-01-14T23:59:59+01:00,1,2,197,204,554,907,843,1911,1108,2875,1341,2305,571,571,594,1043,483,1992,0,0,0,0,0,0,0,0,0,0,0,0,0,0,0,0,0,0,17502,0,0,0,0,0,0,0,0
2021-01-13T23:59:59+01:00,1,2,167,185,506,836,771,1786,1009,2638,1187,2081,455,452,452,825,367,1551,0,0,0,0,0,0,0,0,0,0,0,0,0,0,0,0,0,0,15271,0,0,0,0,0,0,0,0
2021-01-12T23:59:59+01:00,1,2,143,164,475,767,720,1631,920,2435,1079,1849,365,343,352,592,270,1114,0,0,0,0,0,0,0,0,0,0,0,0,0,0,0,0,0,0,13222,0,0,0,0,0,0,0,0
2021-01-11T23:59:59+01:00,0,1,114,127,399,637,630,1377,756,1977,847,1461,227,202,202,358,153,673,0,0,0,0,0,0,0,0,0,0,0,0,0,0,0,0,0,0,10141,0,0,0,0,0,0,0,0
2021-01-10T23:59:59+01:00,0,1,88,92,308,458,474,998,547,1449,623,1064,189,178,185,344,147,659,0,0,0,0,0,0,0,0,0,0,0,0,0,0,0,0,0,0,7804,0,0,0,0,0,0,0,0
2021-01-09T23:59:59+01:00,0,1,78,84,261,395,403,866,480,1232,547,906,183,168,180,339,147,657,0,0,0,0,0,0,0,0,0,0,0,0,0,0,0,0,0,0,6927,0,0,0,0,0,0,0,0
2021-01-08T23:59:59+01:00,0,1,65,64,188,287,305,585,366,934,441,687,175,163,164,327,145,657,0,0,0,0,0,0,0,0,0,0,0,0,0,0,0,0,0,0,5554,0,0,0,0,0,0,0,0
2021-01-07T23:59:59+01:00,0,0,46,24,80,120,140,231,164,421,223,342,130,127,145,277,131,602,0,0,0,0,0,0,0,0,0,0,0,0,0,0,0,0,0,0,3203,0,0,0,0,0,0,0,0
2021-01-06T23:59:59+01:00,0,0,34,18,70,92,119,180,136,344,194,278,111,98,116,227,112,517,0,0,0,0,0,0,0,0,0,0,0,0,0,0,0,0,0,0,2646,0,0,0,0,0,0,0,0
2021-01-05T23:59:59+01:00,0,0,31,13,60,88,108,166,120,329,180,255,109,94,115,220,109,499,0,0,0,0,0,0,0,0,0,0,0,0,0,0,0,0,0,0,2496,0,0,0,0,0,0,0,0
2021-01-04T23:59:59+01:00,0,0,28,12,57,85,100,158,115,314,178,243,108,90,108,206,99,461,0,0,0,0,0,0,0,0,0,0,0,0,0,0,0,0,0,0,2362,0,0,0,0,0,0,0,0
2021-01-03T23:59:59+01:00,0,0,28,12,57,85,100,158,115,314,178,243,108,90,107,205,99,461,0,0,0,0,0,0,0,0,0,0,0,0,0,0,0,0,0,0,2360,0,0,0,0,0,0,0,0
2021-01-02T23:59:59+01:00,0,0,28,12,57,85,100,158,115,314,177,243,108,90,107,205,99,461,0,0,0,0,0,0,0,0,0,0,0,0,0,0,0,0,0,0,2359,0,0,0,0,0,0,0,0
2021-01-01T23:59:59+01:00,0,0,28,12,57,85,100,158,115,314,175,242,108,90,107,205,99,461,0,0,0,0,0,0,0,0,0,0,0,0,0,0,0,0,0,0,2356,0,0,0,0,0,0,0,0
2020-12-31T23:59:59+01:00,0,0,28,12,57,85,100,158,115,314,175,242,108,90,107,205,99,461,0,0,0,0,0,0,0,0,0,0,0,0,0,0,0,0,0,0,2356,0,0,0,0,0,0,0,0
2020-12-30T23:59:59+01:00,0,0,27,12,57,84,99,155,115,313,175,242,108,90,107,205,99,461,0,0,0,0,0,0,0,0,0,0,0,0,0,0,0,0,0,0,2349,0,0,0,0,0,0,0,0
2020-12-29T23:59:59+01:00,0,0,20,9,42,60,76,91,86,218,128,190,83,77,78,171,80,373,0,0,0,0,0,0,0,0,0,0,0,0,0,0,0,0,0,0,1782,0,0,0,0,0,0,0,0
2020-12-28T23:59:59+01:00,0,0,9,6,18,30,31,45,40,113,53,103,36,42,40,98,43,211,0,0,0,0,0,0,0,0,0,0,0,0,0,0,0,0,0,0,918,0,0,0,0,0,0,0,0
2020-12-27T23:59:59+01:00,0,0,2,2,4,5,7,11,10,24,6,23,6,7,7,25,5,56,0,0,0,0,0,0,0,0,0,0,0,0,0,0,0,0,0,0,200,0,0,0,0,0,0,0,0
