Datum,<15_m,<15_w,15-24_1_m,15-24_1_w,25-34_1_m,25-34_1_w,35-44_1_m,35-44_1_w,45-54_1_m,45-54_1_w,55-64_1_m,55-64_1_w,65-74_1_m,65-74_1_w,75-84_1_m,75-84_1_w,>84_1_m,>84_1_w,<24_2_m,<24_2_w,25-34_2_m,25-34_2_w,35-44_2_m,35-44_2_w,45-54_2_m,45-54_2_w,55-64_2_m,55-64_2_w,65-74_2_m,65-74_2_w,75-84_2_m,75-84_2_w,>84_2_m,>84_2_w,bp_1,bp_2,mo_1,mo_2,az_1,az_2,ja,unb_1,unb_2
2021-08-30T23:59:59+02:00,8131,7528,55161,52106,62079,57630,71353,72195,92914,95136,104881,104108,72503,78888,50973,62578,14309,24700,49809,47166,58221,53316,67651,67964,88952,90648,100946,100329,70576,76703,49695,60894,13945,23871,796584,751923,69544,66850,181858,174937,39162,25,49
2021-08-29T23:59:59+02:00,8091,7482,55071,52030,62026,57555,71292,72153,92863,95074,104832,104073,72485,78866,50959,62563,14303,24693,49694,47065,58141,53220,67588,67892,88897,90594,100889,100279,70554,76688,49681,60882,13940,23868,796070,751295,69542,66840,181849,174898,38925,25,49
2021-08-28T23:59:59+02:00,8074,7468,55032,51993,61997,57534,71266,72138,92845,95058,104819,104062,72481,78864,50957,62560,14303,24693,49656,47046,58117,53205,67570,67879,88877,90571,100882,100266,70549,76684,49679,60881,13940,23868,795867,751150,69541,66834,181847,174898,38864,25,49
2021-08-27T23:59:59+02:00,7991,7391,54852,51855,61888,57397,71168,72016,92724,94940,104711,103977,72436,78814,50934,62523,14291,24687,49530,46960,58045,53127,67487,67811,88802,90505,100828,100218,70514,76652,49665,60870,13938,23868,794564,750471,69536,66828,181837,174892,38633,25,49
2021-08-26T23:59:59+02:00,7929,7318,54699,51712,61769,57287,71076,71909,92622,94813,104606,103896,72394,78763,50911,62504,14287,24675,49370,46809,57928,53024,67396,67721,88699,90427,100763,100150,70473,76617,49642,60849,13934,23861,793527,749659,69525,66791,181826,174861,38267,25,49
2021-08-25T23:59:59+02:00,7866,7265,54556,51561,61663,57139,70971,71795,92520,94716,104508,103816,72338,78712,50884,62472,14274,24661,49173,46617,57806,52888,67282,67601,88591,90317,100667,100065,70419,76571,49617,60811,13928,23846,792539,748539,69500,66760,181815,174827,37838,25,49
2021-08-24T23:59:59+02:00,7772,7186,54432,51378,61545,57007,70874,71680,92412,94614,104418,103732,72291,78674,50855,62433,14266,24646,48965,46404,57670,52726,67177,67477,88497,90234,100579,99988,70385,76522,49596,60786,13924,23831,791316,747224,69483,66744,181805,174806,37586,25,49
2021-08-23T23:59:59+02:00,7711,7113,54260,51205,61415,56883,70761,71570,92288,94509,104322,103636,72239,78614,50821,62391,14259,24635,48781,46231,57559,52601,67074,67380,88401,90146,100499,99911,70346,76473,49570,60748,13920,23819,790126,746237,69455,66720,181790,174754,37236,25,49
2021-08-22T23:59:59+02:00,7684,7089,54176,51129,61361,56819,70723,71513,92247,94467,104279,103608,72220,78600,50812,62378,14258,24629,48666,46122,57469,52510,67002,67320,88338,90088,100456,99870,70319,76451,49555,60730,13917,23812,789704,745574,69446,66711,181770,174706,37047,25,49
2021-08-21T23:59:59+02:00,7678,7086,54151,51114,61343,56807,70707,71499,92234,94450,104269,103598,72215,78598,50812,62377,14258,24628,48647,46105,57449,52502,66986,67301,88320,90073,100447,99861,70319,76448,49555,60729,13917,23812,789635,745486,69403,66696,181767,174700,36994,25,49
2021-08-20T23:59:59+02:00,7647,7052,54064,51039,61272,56746,70643,71438,92171,94388,104215,103563,72190,78569,50800,62352,14250,24618,48554,46030,57381,52440,66924,67251,88264,90014,100387,99824,70297,76427,49548,60714,13909,23808,789106,744986,69333,66687,181764,174677,36789,25,49
2021-08-19T23:59:59+02:00,7582,6973,53930,50921,61132,56636,70529,71328,92059,94300,104124,103473,72143,78514,50771,62312,14241,24598,48421,45928,57267,52354,66836,67174,88172,89935,100291,99760,70265,76399,49528,60690,13905,23799,788096,744350,69296,66655,181749,174633,36400,25,49
2021-08-18T23:59:59+02:00,7508,6916,53785,50787,61009,56527,70417,71233,91950,94215,104025,103394,72085,78463,50738,62276,14231,24577,48304,45802,57155,52259,66746,67099,88059,89849,100218,99689,70220,76361,49509,60667,13899,23782,787113,743653,69268,66632,181742,174583,35988,25,49
2021-08-17T23:59:59+02:00,7425,6837,53623,50624,60909,56402,70301,71113,91846,94112,103919,103295,72035,78421,50710,62251,14223,24566,48114,45625,57027,52124,66628,66995,87934,89756,100110,99595,70168,76312,49485,60649,13892,23770,786046,742640,69246,66601,181737,174535,35558,25,49
2021-08-16T23:59:59+02:00,7352,6776,53497,50493,60814,56292,70204,71018,91755,94007,103828,103196,71991,78371,50682,62208,14215,24558,47977,45511,56925,52055,66535,66911,87837,89674,100028,99499,70126,76276,49461,60623,13885,23765,785183,742020,69199,66566,181724,174469,35126,25,49
2021-08-15T23:59:59+02:00,7304,6737,53417,50410,60746,56226,70140,70954,91700,93958,103777,103150,71956,78344,50675,62193,14211,24549,47870,45415,56830,51968,66467,66847,87764,89612,99973,99453,70089,76244,49449,60603,13880,23753,784715,741539,69188,66538,181714,174389,34805,25,49
2021-08-14T23:59:59+02:00,7283,6721,53344,50341,60699,56186,70105,70907,91662,93920,103738,103114,71935,78336,50666,62182,14209,24547,47627,45143,56668,51782,66319,66694,87631,89490,99860,99345,70040,76201,49438,60580,13876,23748,784238,739717,69181,66532,181714,174380,34737,25,49
2021-08-13T23:59:59+02:00,7246,6686,53236,50246,60616,56105,70052,70839,91587,93865,103687,103069,71912,78315,50654,62171,14207,24540,47119,44641,56428,51514,66089,66446,87359,89240,99664,99142,69953,76102,49399,60520,13870,23728,783493,736244,69177,66524,181714,174305,34624,25,49
2021-08-12T23:59:59+02:00,7217,6660,53134,50176,60555,56031,69982,70793,91518,93808,103628,103025,71882,78283,50640,62155,14205,24526,46622,44199,56149,51213,65831,66225,87105,89021,99328,98872,69850,75969,49345,60456,13859,23700,783066,733201,69152,66501,181699,173857,34276,25,49
2021-08-11T23:59:59+02:00,7153,6590,52970,50005,60425,55913,69897,70701,91410,93704,103528,102919,71821,78218,50609,62115,14199,24511,45945,43578,55772,50833,65574,65932,86813,88759,98996,98505,69710,75825,49286,60357,13848,23672,781898,729106,69131,66467,181690,173423,33944,25,49
2021-08-10T23:59:59+02:00,7078,6506,52773,49820,60287,55795,69795,70581,91286,93575,103408,102816,71770,78161,50579,62084,14191,24502,44990,42670,55107,50184,65086,65482,86355,88278,98511,98049,69511,75628,49194,60260,13828,23635,780556,722865,69122,66438,181684,172919,33620,25,49
2021-08-09T23:59:59+02:00,7036,6461,52662,49731,60213,55724,69741,70521,91219,93506,103341,102758,71728,78126,50573,62068,14187,24494,43976,41607,54397,49495,64614,65054,85913,87842,98001,97582,69331,75406,49114,60137,13803,23599,780011,716409,69054,66395,181673,172359,33326,25,49
2021-08-08T23:59:59+02:00,6991,6423,52597,49666,60169,55694,69708,70498,91167,93459,103288,102717,71707,78105,50559,62048,14181,24489,43922,41544,54330,49451,64558,65021,85846,87785,97938,97533,69307,75378,49095,60113,13795,23592,779738,716141,69049,66381,181659,172280,32995,25,49
2021-08-07T23:59:59+02:00,6954,6383,52487,49540,60101,55620,69653,70434,91097,93398,103237,102670,71690,78088,50549,62042,14181,24488,42956,40516,53771,48874,64125,64618,85475,87394,97620,97188,69164,75235,49039,60032,13778,23574,778965,709770,69044,66366,181659,172272,32919,25,47
2021-08-06T23:59:59+02:00,6914,6322,52349,49411,60026,55555,69587,70350,91019,93323,103178,102617,71666,78065,50538,62024,14179,24483,42274,39905,53524,48610,63903,64379,85242,87175,97392,96988,69081,75144,48997,59992,13772,23561,778098,706169,69041,66286,181658,172135,32784,25,47
2021-08-05T23:59:59+02:00,6807,6215,52096,49187,59857,55369,69445,70208,90863,93178,103041,102484,71606,78003,50512,61984,14166,24465,41442,39211,53009,48150,63537,64036,84792,86778,96776,96474,68897,74961,48932,59894,13754,23530,776500,701657,68990,66239,181628,171009,32343,25,47
2021-08-04T23:59:59+02:00,6720,6130,51901,48959,59709,55192,69335,70059,90728,93063,102923,102369,71546,77941,50486,61938,14155,24436,40599,38419,52636,47751,63221,63723,84423,86449,96364,96073,68734,74791,48856,59798,13739,23496,775109,697092,68949,66223,181614,170214,31893,25,45
2021-08-03T23:59:59+02:00,6646,6074,51734,48822,59584,55071,69244,69970,90630,92966,102828,102288,71495,77906,50466,61914,14147,24422,39609,37465,51842,47079,62681,63204,83907,85968,95658,95444,68494,74578,48765,59684,13718,23453,774085,690876,68940,66204,181607,169039,31550,25,45
2021-08-02T23:59:59+02:00,6597,6031,51600,48682,59494,54992,69162,69901,90577,92895,102753,102227,71457,77864,50446,61892,14140,24409,38330,36288,50877,46270,61974,62627,83305,85402,94862,94747,68242,74322,48679,59552,13698,23415,773395,683251,68892,66160,181580,167727,31227,25,45
2021-08-01T23:59:59+02:00,6555,5978,51428,48522,59348,54882,69069,69788,90469,92804,102666,102135,71417,77827,50424,61851,14136,24393,38147,36152,50723,46179,61847,62535,83126,85263,94412,94344,68126,74214,48640,59503,13688,23395,772356,682619,68864,66105,181562,166416,30885,25,45
2021-07-31T23:59:59+02:00,6512,5945,51333,48403,59294,54812,69021,69746,90429,92775,102640,102111,71406,77815,50416,61848,14136,24390,36538,34637,49817,45316,61311,61971,82621,84750,93931,93911,67936,74009,48561,59408,13670,23362,771755,673467,68860,66098,181562,166301,30830,25,45
2021-07-30T23:59:59+02:00,6477,5892,51182,48267,59213,54730,68951,69689,90356,92695,102585,102073,71389,77792,50407,61825,14133,24386,35072,33225,48842,44365,60584,61285,81938,84132,93249,93334,67703,73776,48456,59258,13651,23331,770999,663942,68836,66087,181556,165997,30626,25,45
2021-07-29T23:59:59+02:00,6362,5773,50751,47899,59001,54463,68760,69499,90167,92507,102425,101936,71314,77709,50375,61770,14118,24368,34343,32606,48220,43921,60185,60940,81516,83782,92483,92662,67507,73622,48394,59172,13631,23302,768691,660103,68783,65951,181513,164361,30185,25,45
2021-07-28T23:59:59+02:00,6290,5710,50495,47703,58870,54314,68635,69405,90043,92386,102318,101842,71257,77652,50351,61732,14109,24351,34015,32310,47907,43691,59961,60728,81342,83619,92247,92465,67433,73557,48365,59138,13618,23292,767385,658440,68753,65863,181486,163844,29814,25,44
2021-07-27T23:59:59+02:00,6239,5664,50335,47564,58735,54222,68542,69318,89945,92277,102211,101767,71215,77599,50322,61699,14102,24338,32552,30898,46636,42591,59130,59942,80740,83095,91232,91616,67158,73273,48278,59011,13588,23251,766503,649770,68729,65797,181463,162061,29374,25,44
2021-07-26T23:59:59+02:00,6216,5635,50213,47476,58634,54137,68467,69265,89856,92217,102147,101718,71177,77563,50298,61679,14097,24329,31180,29633,45314,41466,58030,58958,80038,82462,90066,90590,66850,73001,48188,58895,13565,23209,765965,640693,68663,65706,181425,159763,29046,25,44
2021-07-25T23:59:59+02:00,6197,5617,50099,47369,58547,54071,68406,69208,89792,92161,102089,101671,71144,77527,50281,61656,14094,24319,30972,29474,45050,41271,57776,58733,79768,82259,89109,89739,66644,72828,48121,58822,13554,23185,765558,639531,68651,65591,181401,157308,28613,25,44
2021-07-24T23:59:59+02:00,6163,5588,49980,47276,58482,54007,68357,69153,89746,92118,102049,101631,71139,77521,50278,61653,14093,24315,29359,27870,43884,40177,57080,58021,79152,81686,88467,89176,66465,72636,48050,58721,13540,23162,764954,629423,68643,65580,181393,157169,28534,25,44
2021-07-23T23:59:59+02:00,6079,5501,49802,47099,58387,53902,68249,69051,89641,92016,101959,101536,71103,77464,50257,61622,14089,24309,27656,26333,42623,39094,56152,57132,78463,81074,87759,88513,66195,72364,47972,58620,13519,23132,763578,618853,68639,65418,181374,156700,28450,25,44
2021-07-22T23:59:59+02:00,5941,5387,49506,46817,58186,53702,68077,68884,89458,91864,101803,101404,71038,77382,50217,61570,14078,24290,26833,25499,41703,38280,55209,56304,77720,80447,86087,87008,65822,71965,47864,58488,13488,23080,761652,610347,68597,64922,181343,155222,27987,25,44
2021-07-21T23:59:59+02:00,5664,5103,48970,46289,57879,53389,67846,68607,89182,91617,101532,101137,70911,77251,50158,61505,14069,24264,26578,25277,41282,38000,54773,55920,77354,80168,85278,86403,65656,71836,47809,58422,13470,23055,758044,608394,68572,64652,181319,153445,27413,25,44
2021-07-20T23:59:59+02:00,5587,5029,48684,46011,57708,53184,67671,68462,89002,91465,101369,100993,70834,77185,50119,61458,14060,24236,25408,24123,39981,36967,53436,54719,76454,79398,83918,85060,65353,71494,47702,58285,13442,23010,756363,598004,68567,64506,181275,151861,26827,25,44
2021-07-19T23:59:59+02:00,5507,4944,48356,45685,57493,52974,67504,68260,88817,91289,101221,100831,70759,77103,50078,61408,14051,24207,24575,23280,38673,35845,51705,53219,75191,78351,82808,84080,65063,71237,47611,58167,13418,22970,754567,587970,68557,64361,181246,150077,26092,25,44
2021-07-18T23:59:59+02:00,5499,4943,48289,45631,57402,52900,67440,68194,88730,91223,101150,100766,70727,77062,50052,61375,14049,24195,24438,23177,38409,35631,51380,52936,74943,78160,81910,83316,64878,71060,47555,58094,13413,22948,754298,586920,68534,64202,181206,147849,25564,25,44
2021-07-17T23:59:59+02:00,5473,4907,48190,45552,57329,52838,67380,68138,88671,91162,101107,100747,70720,77047,50047,61369,14049,24194,23043,21703,37014,34331,50133,51744,74343,77607,81276,82721,64749,70912,47489,58033,13404,22928,753740,576023,68532,64178,181201,147712,25422,25,44
2021-07-16T23:59:59+02:00,5369,4829,47946,45319,57205,52732,67265,68028,88535,91067,101002,100645,70675,76997,50024,61351,14043,24187,21781,20453,35709,33082,48681,50422,73338,76675,80575,82061,64530,70692,47408,57933,13385,22895,752299,564368,68532,64119,181195,147510,25168,25,44
2021-07-15T23:59:59+02:00,5227,4702,47547,44993,56996,52532,67074,67845,88324,90867,100814,100479,70578,76896,49975,61277,14033,24158,21172,19949,34780,32386,47446,49485,72160,75763,78420,79933,63932,70095,47265,57756,13366,22832,750239,555038,68516,63092,181148,145664,24389,25,44
2021-07-14T23:59:59+02:00,4855,4374,46955,44418,56765,52265,66871,67643,88112,90624,100596,100282,70472,76786,49910,61194,14022,24134,20967,19802,34525,32231,47080,49187,71632,75374,77754,79399,63610,69820,47184,57672,13344,22797,746789,553254,68502,62910,181097,143762,23865,25,42
2021-07-13T23:59:59+02:00,4766,4295,46752,44264,56598,52112,66708,67495,87956,90498,100451,100156,70400,76724,49871,61148,14018,24118,20402,19266,33502,31417,45466,47731,69878,73714,76155,77846,63237,69429,47056,57502,13315,22746,745429,542347,68485,62141,181023,142150,23368,25,42
2021-07-12T23:59:59+02:00,4701,4219,46566,44074,56448,51971,66553,67369,87783,90359,100295,100018,70325,76641,49834,61095,14011,24100,19922,18828,32713,30794,43804,46278,67504,71639,74265,76345,62707,68845,46914,57340,13287,22697,744170,531246,68464,61579,180923,139577,22780,25,42
2021-07-11T23:59:59+02:00,4696,4215,46494,44021,56390,51921,66504,67333,87723,90310,100223,99959,70288,76598,49824,61080,14009,24086,19716,18681,32375,30547,43361,45906,67047,71282,73485,75649,62309,68468,46844,57250,13272,22664,744032,529479,68455,61256,180857,137104,22305,25,42
2021-07-10T23:59:59+02:00,4570,4081,46211,43709,56205,51726,66357,67159,87591,90170,100124,99853,70232,76541,49803,61054,14006,24077,19152,18121,31423,29680,41611,44322,65566,70002,72851,75032,62144,68317,46791,57198,13265,22650,741940,518840,68450,61240,180846,137060,22208,25,42
2021-07-09T23:59:59+02:00,4443,3964,45938,43455,56037,51535,66200,67000,87440,90008,99992,99747,70179,76468,49767,61013,14001,24065,18554,17545,30451,28722,39648,42390,63266,67876,71690,73892,61872,67992,46715,57072,13248,22625,739896,505121,68439,60858,180840,136654,22052,25,42
2021-07-08T23:59:59+02:00,4411,3938,45799,43342,55917,51417,66072,66898,87319,89887,99868,99650,70127,76414,49746,60974,13990,24052,17612,16738,29053,27685,37930,40943,61135,66057,68334,70741,60981,67023,46474,56731,13203,22530,739165,489861,68383,58792,180770,134074,21478,25,42
2021-07-07T23:59:59+02:00,4400,3933,45731,43299,55841,51373,65991,66856,87265,89847,99825,99599,70111,76392,49737,60956,13986,24042,16646,15878,27673,26676,36409,39714,59520,64602,65111,67270,59967,65984,46238,56410,13153,22457,738875,474566,68340,56891,180717,131928,21227,25,42
2021-07-06T23:59:59+02:00,4346,3885,45587,43172,55712,51233,65886,66747,87160,89758,99747,99515,70073,76333,49719,60928,13983,24028,15872,15132,26596,25765,34573,38009,56124,61582,62465,64818,59214,65195,45966,56076,13112,22354,737756,456694,68320,56077,180656,129800,21055,25,42
2021-07-05T23:59:59+02:00,4285,3841,45411,42997,55564,51137,65770,66639,87045,89664,99663,99421,70010,76269,49698,60901,13980,24013,15213,14502,25637,24950,33349,36879,53026,58613,59693,62356,58377,64386,45716,55765,13067,22277,736589,440624,68287,55720,180579,127321,20828,25,42
2021-07-04T23:59:59+02:00,4277,3835,45364,42971,55504,51111,65731,66618,87007,89632,99631,99393,69987,76249,49692,60886,13975,24003,15004,14296,25200,24600,32754,36351,52361,58086,58711,61493,57718,63756,45534,55563,13048,22230,736417,436542,68257,55516,180511,124641,20656,25,40
2021-07-03T23:59:59+02:00,4057,3658,44828,42406,55183,50739,65441,66343,86763,89372,99434,99195,69914,76177,49669,60840,13971,23992,14717,13974,24849,24248,31774,35431,50619,56534,57843,60756,57545,63561,45467,55478,13036,22205,732615,427958,68244,55501,180504,124599,20594,25,40
2021-07-02T23:59:59+02:00,3749,3371,44174,41814,54857,50408,65158,66041,86492,89120,99199,98971,69810,76064,49617,60771,13965,23975,14296,13524,24149,23640,30616,34369,47993,54371,55714,58969,57151,63135,45308,55322,13020,22167,728280,415460,68227,54450,180491,123870,20534,24,20
2021-07-01T23:59:59+02:00,3611,3261,43822,41461,54655,50234,65003,65882,86340,88982,99046,98851,69739,75996,49586,60737,13957,23960,13604,12829,22852,22552,28941,32853,45986,52627,53221,56692,55730,61566,44813,54705,12947,22039,726150,401920,68164,52135,180442,120049,20343,24,20
2021-06-30T23:59:59+02:00,3600,3245,43553,41265,54474,50109,64891,65795,86254,88918,98977,98801,69712,75973,49574,60715,13953,23949,12851,12223,21684,21658,27352,31488,44142,50911,49582,52732,54402,60235,44457,54266,12891,21911,725037,386169,68119,50238,180420,116609,20159,23,20
2021-06-29T23:59:59+02:00,3382,3025,42637,40422,53867,49517,64460,65369,85848,88466,98630,98471,69585,75824,49517,60645,13934,23918,12250,11616,20887,20894,26004,30286,41523,48509,47715,51189,53431,59127,44050,53730,12797,21758,719055,374152,68068,48729,180406,113229,19965,23,20
2021-06-28T23:59:59+02:00,3165,2845,41673,39416,53210,48873,64003,64987,85463,88077,98297,98127,69447,75663,49452,60545,13916,23895,11746,11165,20235,20305,25044,29391,39432,46569,46089,49825,52326,58082,43688,53225,12718,21638,712893,364679,67962,47702,180397,109552,19779,23,20
2021-06-27T23:59:59+02:00,3160,2842,41638,39384,53168,48842,63968,64955,85411,88042,98246,98100,69430,75651,49443,60531,13911,23892,11552,10971,19909,19988,24467,28833,38410,45721,44929,48733,51296,57073,43254,52720,12636,21502,712699,360097,67937,47261,180360,105240,19595,23,20
2021-06-26T23:59:59+02:00,2678,2369,40239,38011,52433,48089,63414,64392,84925,87527,97822,97669,69239,75475,49370,60427,13892,23869,11436,10869,19739,19835,24270,28617,37933,45284,44563,48382,51182,56928,43208,52672,12631,21487,703959,357152,67913,47255,180360,105222,19585,23,20
2021-06-25T23:59:59+02:00,2271,2036,39383,37191,52082,47726,63086,64068,84643,87214,97570,97403,69135,75362,49323,60365,13877,23847,11132,10557,19357,19412,23747,27999,35238,42984,42382,46468,50844,56549,43109,52543,12607,21457,698875,345586,67779,46808,180353,104575,19552,23,20
2021-06-24T23:59:59+02:00,2217,1986,38893,36730,51733,47394,62872,63864,84411,87021,97385,97252,69054,75295,49288,60319,13871,23831,10531,9972,18295,18543,22329,26752,33138,41150,39952,44175,49363,54904,42538,51841,12490,21254,695940,332731,67755,44204,180331,101025,19367,23,20
2021-06-23T23:59:59+02:00,2205,1962,38664,36493,51570,47232,62767,63762,84317,86927,97309,97167,69023,75264,49271,60298,13868,23820,10074,9542,17667,17996,21394,25901,31210,39524,35988,39717,48072,53544,42153,51335,12409,21088,694726,317227,67728,43583,180316,97723,19128,21,20
2021-06-22T23:59:59+02:00,2127,1900,37675,35551,50823,46559,62290,63322,83938,86518,96946,96855,68875,75122,49205,60217,13855,23787,9600,9096,16803,17311,20173,24830,28089,36754,33684,37843,47118,52574,41744,50777,12269,20853,688581,305064,67687,40843,180306,94651,18970,21,20
2021-06-21T23:59:59+02:00,1981,1761,36316,34317,49802,45679,61571,62664,83441,86048,96507,96453,68706,74951,49139,60122,13843,23752,9283,8797,16342,16948,19547,24348,26347,35189,32151,36548,46070,51497,41290,50228,12163,20661,680603,297721,67661,40201,180290,91008,18478,21,20
2021-06-20T23:59:59+02:00,1970,1752,36231,34264,49665,45567,61439,62537,83363,85991,96440,96395,68672,74923,49124,60104,13843,23741,9136,8695,16128,16779,19231,24090,25530,34537,31214,35601,45875,51294,41259,50176,12154,20641,679996,293941,67624,39611,180273,90678,18107,21,20
2021-06-19T23:59:59+02:00,1601,1451,34608,32704,48754,44744,60949,62028,82894,85512,96031,96041,68522,74757,49058,60021,13828,23717,9096,8616,16027,16658,19113,23940,25424,34379,31086,35463,45779,51198,41241,50151,12150,20631,671234,292608,67611,39608,180267,90645,18087,21,19
2021-06-18T23:59:59+02:00,1406,1278,32954,31104,47539,43551,60012,61111,82089,84767,95414,95463,68303,74537,48968,59882,13812,23687,9021,8527,15869,16507,18928,23750,25174,34140,30801,35145,45487,50854,41156,50075,12137,20617,660066,290435,67486,39492,180266,90219,18038,21,19
2021-06-17T23:59:59+02:00,1330,1219,32021,30255,46666,42844,59208,60266,81351,84119,95004,95082,68161,74393,48925,59806,13798,23658,8480,8158,15182,15947,18103,22927,24070,33015,29321,33792,44161,49351,40671,49464,12017,20429,653116,281496,67375,38668,180234,87560,17360,21,19
2021-06-16T23:59:59+02:00,1247,1155,31324,29551,45867,42095,58289,59396,80572,83351,94585,94705,68022,74233,48868,59715,13779,23632,7988,7833,14568,15436,17336,22204,22937,32063,28144,32686,42271,47238,40128,48884,11909,20244,646049,271785,67259,38069,180213,85167,16844,21,19
2021-06-15T23:59:59+02:00,1105,1036,29434,27746,44114,40553,56706,57757,79185,82035,93829,94036,67735,73941,48756,59557,13746,23567,7811,7702,14263,15198,16974,21905,22422,31683,27618,32263,41335,46222,39745,48463,11786,20024,631071,268730,67214,37566,180173,82753,16359,21,19
2021-06-14T23:59:59+02:00,1012,923,27883,26267,42505,39036,55048,56108,78085,80930,93133,93409,67483,73700,48660,59434,13726,23523,7625,7527,13885,14868,16451,21467,21735,31103,26940,31669,40953,45799,39363,48015,11655,19819,617817,266068,67160,37157,180144,79918,15723,21,19
2021-06-13T23:59:59+02:00,988,898,27681,26084,42123,38706,54510,55589,77738,80626,92941,93219,67393,73620,48623,59377,13711,23498,7481,7356,13617,14575,16068,21075,21307,30615,26409,31170,40555,45395,38905,47451,11476,19534,615117,263992,67026,37089,180115,76854,15046,21,19
2021-06-12T23:59:59+02:00,859,783,26145,24479,40951,37620,53835,54856,77205,80131,92390,92694,67238,73442,48554,59300,13698,23477,7435,7305,13496,14466,15935,20964,21123,30468,26293,31073,40538,45379,38897,47441,11476,19533,605520,263216,67022,37087,180109,76526,14985,21,19
2021-06-11T23:59:59+02:00,745,674,24515,22941,39590,36425,52608,53649,76236,79280,91813,92119,67002,73208,48492,59192,13679,23442,7378,7216,13326,14283,15724,20773,20854,30213,26024,30816,40230,45003,38812,47327,11459,19505,593715,261334,66945,36942,180101,75831,14828,21,19
2021-06-10T23:59:59+02:00,645,587,23518,21927,38366,35240,51006,52147,74917,78088,90203,90574,66648,72813,48365,59019,13654,23387,7097,6990,12806,13847,15093,20206,20092,29458,25232,30144,39530,44142,38462,46911,11346,19322,580803,257896,66469,36910,180048,72101,13763,21,19
2021-06-09T23:59:59+02:00,575,538,23067,21536,37708,34717,49896,51111,73678,76892,89613,90069,66523,72668,48315,58934,13639,23357,6821,6678,12207,13245,14313,19397,19178,28437,24248,28988,36963,41228,37897,46266,11198,19082,573646,247592,66012,36835,180008,68563,13149,21,18
2021-06-08T23:59:59+02:00,469,427,21547,20058,36091,33349,47788,49153,71541,74958,88142,88588,66209,72282,48180,58774,13607,23313,6691,6500,11832,12878,13834,18912,18577,27836,23693,28454,36679,40975,37608,45899,11090,18926,556256,245952,65737,36758,179974,65179,12488,21,18
2021-06-07T23:59:59+02:00,354,333,20538,19071,34545,32011,45512,47129,69405,73081,87165,87737,65986,72017,48106,58639,13587,23278,6538,6337,11412,12529,13296,18436,17850,27250,23061,27859,36360,40671,37189,45418,10977,18730,541044,243970,65567,36694,179920,61300,11942,21,18
2021-06-06T23:59:59+02:00,331,312,20355,18926,34152,31728,44907,46563,68789,72600,86954,87570,65931,71958,48095,58612,13580,23266,6405,6168,11091,12117,12868,17866,17213,26440,22364,27054,35893,40197,36709,44863,10821,18462,537940,241534,65244,36645,179877,56798,11547,21,18
2021-06-05T23:59:59+02:00,259,247,19104,17642,32811,30510,43676,45385,68215,72083,86423,87060,65840,71856,48047,58563,13573,23254,6354,6087,10988,11964,12745,17696,17045,26232,22195,26871,35831,40119,36687,44839,10819,18457,527907,240946,65244,36232,179849,56217,11527,21,18
2021-06-04T23:59:59+02:00,178,177,17904,16485,31492,29213,42118,43888,66872,70766,85612,86308,65653,71643,47970,58471,13557,23226,6252,5945,10812,11757,12530,17443,16689,25847,21675,26433,34947,39266,36373,44539,10802,18435,515038,239117,65177,35906,179841,53260,11456,21,17
2021-06-03T23:59:59+02:00,123,124,17264,15908,30506,28388,40663,42602,65099,69237,83358,84024,65229,71191,47842,58309,13539,23188,6081,5737,10505,11406,12213,16981,16243,25185,21129,25853,34281,38478,36199,44337,10769,18385,501253,236797,64484,35520,179801,50425,11035,21,16
2021-06-02T23:59:59+02:00,94,81,16919,15595,30198,28128,39996,41980,63510,67846,82418,83224,65087,71027,47782,58226,13536,23173,5965,5645,10335,11253,11990,16771,15950,24883,20787,25462,31042,34857,35972,44114,10740,18331,493742,228132,64483,35189,179800,49996,10774,21,16
2021-06-01T23:59:59+02:00,38,46,16124,14921,28702,27039,37638,39922,59953,64666,79989,80906,64737,70662,47654,58037,13502,23118,5690,5359,9820,10821,11460,16183,15289,24094,20047,24709,30697,34560,35774,43934,10712,18269,475411,226671,62927,34684,179731,46494,9564,21,15
2021-05-31T23:59:59+02:00,30,38,15553,14443,27768,26342,35674,38255,56513,61641,77956,79200,64404,70306,47510,57862,13469,23066,5528,5144,9412,10458,11031,15706,14755,23412,19422,24003,30410,34308,35591,43740,10676,18212,459633,225998,62211,34298,179664,43005,8501,21,15
2021-05-30T23:59:59+02:00,29,35,15407,14317,27489,26116,35223,37849,55802,61022,77637,78926,64342,70248,47485,57827,13465,23056,5425,4951,9085,10091,10620,15221,14306,22612,18895,23234,29734,33595,35364,43546,10654,18151,456667,225546,61778,34218,179615,37520,8194,21,15
2021-05-29T23:59:59+02:00,27,34,15009,13917,26633,25296,33462,36254,54318,59724,77048,78360,64191,70099,47432,57774,13458,23042,5391,4875,9023,9980,10530,15108,14199,22466,18765,23097,29704,33572,35358,43538,10653,18148,446512,225073,61746,34218,179610,36921,8189,21,15
2021-05-28T23:59:59+02:00,24,33,14598,13511,25815,24547,31609,34488,52144,57717,75992,77365,63986,69848,47380,57697,13448,23019,5306,4758,8850,9834,10377,14939,14041,22231,18557,22795,29635,33525,35341,43522,10652,18144,434523,224413,61276,34212,179522,35997,7879,21,15
2021-05-27T23:59:59+02:00,20,28,13972,13042,24750,23825,30364,33560,50537,56342,72891,74380,63544,69311,47245,57535,13424,22965,5192,4518,8522,9498,9978,14511,13602,21600,18057,22198,29413,33321,35231,43410,10630,18116,422371,223781,59316,34143,178893,32733,7134,21,15
2021-05-26T23:59:59+02:00,19,26,13483,12612,23838,23173,29446,32864,49449,55415,69930,71188,62932,68702,47110,57364,13394,22919,5106,4353,8267,9182,9680,14124,13245,21001,17623,21601,29221,33154,35133,43306,10604,18066,411545,223180,57139,34025,178394,29690,6765,21,15
2021-05-25T23:59:59+02:00,19,21,13136,12311,23259,22767,28395,32008,46852,53181,67667,69059,62581,68335,46997,57215,13376,22868,5025,4229,8060,8925,9426,13752,12933,20481,17242,21054,29063,33000,35049,43203,10578,18011,399690,222642,56074,33944,177773,26951,6489,21,14
2021-05-24T23:59:59+02:00,18,20,12837,12029,22759,22384,27777,31558,44230,50750,65213,66872,62274,68037,46887,57089,13343,22812,4953,4121,7810,8693,9109,13375,12605,19970,16857,20497,28921,32862,34975,43131,10556,17965,388037,222077,55592,33880,177107,24306,6132,21,14
2021-05-23T23:59:59+02:00,18,20,12776,11959,22664,22301,27697,31482,43974,50520,64627,66323,62194,67948,46862,57071,13341,22810,4933,4106,7773,8663,9051,13344,12527,19910,16782,20443,28912,32849,34971,43125,10556,17963,385835,221804,55512,33873,177093,24100,6126,21,14
2021-05-22T23:59:59+02:00,18,20,12552,11719,22342,21996,26693,30594,42139,48937,63772,65585,62032,67757,46796,56980,13331,22787,4917,4051,7746,8601,9010,13281,12497,19828,16752,20378,28902,32839,34967,43119,10555,17962,377341,221717,55501,33873,177087,23710,6100,21,14
2021-05-21T23:59:59+02:00,18,19,12247,11466,21772,21558,25884,29907,39750,47046,61800,63920,61771,67486,46712,56892,13316,22762,4898,4023,7692,8513,8943,13192,12419,19734,16679,20294,28886,32814,34960,43109,10553,17961,366939,221519,54442,33859,176897,23260,6027,21,14
2021-05-20T23:59:59+02:00,17,19,11626,10887,20653,20672,24743,28887,38245,45768,59458,61853,60953,66587,46513,56634,13282,22707,4617,3844,7290,8220,8504,12796,11965,19223,16262,19774,28765,32718,34909,43058,10549,17951,356468,221122,52088,33750,175622,20263,5305,21,14
2021-05-19T23:59:59+02:00,17,19,11186,10572,19866,20127,23895,28293,37343,45083,56224,58216,60261,65883,46404,56499,13260,22660,4464,3677,7034,7975,8227,12467,11637,18797,15893,19351,28667,32605,34867,42984,10539,17936,346016,220648,50471,33634,174485,18018,4815,21,14
2021-05-18T23:59:59+02:00,17,19,10853,10285,19293,19676,23250,27737,35944,43859,54815,57089,59890,65459,46274,56337,13235,22635,4356,3552,6788,7743,7967,12182,11405,18396,15548,18921,28584,32515,34837,42945,10535,17929,340653,220363,48631,33554,173003,15922,4359,21,14
2021-05-17T23:59:59+02:00,16,18,10633,10102,18860,19391,22820,27429,34743,42863,53506,56055,59641,65212,46211,56238,13219,22602,4284,3465,6580,7525,7718,11888,11147,18000,15237,18517,28492,32428,34813,42903,10529,17916,336589,220069,47638,33487,171482,14052,3829,21,14
2021-05-16T23:59:59+02:00,16,17,10443,9970,18565,19189,22484,27190,34107,42404,52270,54886,59449,65048,46175,56184,13208,22582,4216,3389,6360,7359,7425,11634,10879,17647,14942,18154,28426,32366,34797,42885,10522,17912,334165,219821,46760,33424,169860,12283,3381,21,13
2021-05-15T23:59:59+02:00,16,17,10345,9869,18413,19042,22315,27049,33722,42035,51876,54510,59332,64901,46127,56139,13205,22566,4175,3354,6276,7294,7332,11531,10777,17528,14834,18024,28331,32248,34706,42792,10518,17907,331769,218732,46759,33422,169725,12264,3205,21,13
2021-05-14T23:59:59+02:00,15,17,10060,9660,17979,18801,21916,26764,31364,40259,49726,52655,59114,64674,46079,56055,13189,22544,4045,3269,5990,7132,7024,11307,10428,17177,14488,17697,27757,31542,34585,42600,10500,17878,322611,215431,46706,33417,169111,12144,2423,20,13
2021-05-13T23:59:59+02:00,15,17,9597,9283,17185,18237,21044,26086,30245,39274,47484,50484,58267,63701,45870,55772,13150,22472,3540,3070,5653,6877,6712,10998,10021,16788,14111,17263,26862,30342,34161,42084,10469,17816,314116,210838,44842,32863,167091,10947,2115,19,13
2021-05-12T23:59:59+02:00,15,17,9304,9092,16750,17981,20574,25800,29717,38889,44481,46840,57693,63060,45786,55659,13132,22447,3399,2982,5422,6766,6434,10853,9739,16579,13872,16998,26217,29522,33997,41889,10443,17782,304944,207816,44019,32837,166799,10779,1458,17,13
2021-05-11T23:59:59+02:00,15,15,8862,8806,15978,17466,19714,25184,27976,37444,42549,45337,57315,62614,45701,55524,13112,22419,3279,2851,5192,6424,6132,10438,9374,16018,13435,16442,24793,27855,33487,41267,10392,17697,299454,201850,40961,32654,164310,9280,1289,17,12
2021-05-10T23:59:59+02:00,15,14,8600,8653,15465,17215,19085,24868,26984,36755,41090,44189,57055,62343,45622,55421,13092,22388,3169,2723,4960,6193,5878,10112,9046,15542,13072,16024,23746,26525,33000,40681,10356,17639,296175,197204,40054,32628,161634,7857,975,16,10
2021-05-09T23:59:59+02:00,15,14,8441,8569,15157,17032,18707,24618,26316,36330,39309,42530,56757,62065,45569,55363,13084,22370,3048,2669,4779,6056,5708,9939,8849,15335,12904,15850,23472,26193,32855,40506,10346,17624,293220,196006,39682,32587,158627,6837,701,16,10
2021-05-08T23:59:59+02:00,15,14,8366,8493,14980,16887,18497,24420,26090,36092,39078,42341,56630,61916,45532,55326,13081,22360,3041,2651,4747,6020,5666,9893,8772,15270,12818,15780,23104,25766,32570,40195,10338,17608,291668,194819,39227,31882,158506,6835,701,16,10
2021-05-07T23:59:59+02:00,14,13,8192,8394,14657,16705,18115,24187,25668,35804,38625,41963,56356,61561,45483,55279,13076,22350,2737,2517,4397,5834,5397,9631,8458,14958,12424,15385,22008,24394,31925,39364,10310,17558,289143,191372,38796,30383,158180,5233,307,16,10
2021-05-06T23:59:59+02:00,13,13,7540,8033,13762,16106,17061,23340,24330,34692,36478,40301,55228,60241,45241,54973,13041,22284,2610,2404,4223,5637,5188,9321,8115,14516,11992,14930,20704,22712,31072,38360,10259,17447,278514,185761,37516,29424,156362,4034,269,16,10
2021-05-05T23:59:59+02:00,11,13,7000,7726,12978,15555,16034,22576,22950,33668,34654,38816,53391,58204,44924,54627,13008,22218,2520,2344,4049,5479,4999,9109,7770,14176,11624,14573,19316,20931,29882,36946,10219,17346,267079,179641,36594,28254,154574,3296,90,16,10
2021-05-04T23:59:59+02:00,11,12,6811,7630,12621,15383,15551,22305,22309,33323,33693,38122,52534,57244,44803,54501,12990,22177,2464,2273,3896,5309,4824,8851,7429,13768,11196,14113,17666,19007,28788,35618,10125,17226,263324,172835,35728,27317,152917,2363,36,15,10
2021-05-03T23:59:59+02:00,11,12,6664,7482,12246,15167,15046,21996,21601,32919,32543,37232,52236,56927,44707,54394,12975,22145,2405,2202,3803,5129,4682,8615,7213,13419,10875,13705,16463,17514,27909,34520,10061,17119,260040,167272,35269,26966,150953,1368,26,15,10
2021-05-02T23:59:59+02:00,11,12,6584,7392,12035,14995,14752,21763,21126,32599,31392,36287,51953,56636,44645,54303,12958,22114,2392,2195,3782,5097,4653,8579,7147,13347,10793,13614,16152,17121,27613,34214,10049,17107,257616,165711,35198,26856,148703,1263,25,15,8
2021-05-01T23:59:59+02:00,11,12,6566,7367,11973,14950,14675,21704,21026,32526,31265,36195,51947,56620,44641,54302,12956,22112,2389,2186,3759,5080,4611,8554,7110,13310,10733,13559,15954,16898,27497,34077,10046,17097,257058,164745,35198,26829,148552,1261,25,15,8
2021-04-30T23:59:59+02:00,11,12,6529,7329,11883,14861,14570,21587,20831,32340,31027,36004,51675,56260,44596,54248,12951,22100,2360,2165,3697,5018,4515,8445,6959,13125,10456,13295,15143,15872,26627,33003,10005,17008,255286,161541,35155,24938,148334,1190,24,15,8
2021-04-29T23:59:59+02:00,11,12,6324,7205,11563,14674,14217,21351,20312,32052,30273,35513,51025,55435,44505,54134,12927,22025,2323,2119,3605,4929,4390,8309,6765,12908,10180,13010,14172,14639,25324,31461,9944,16916,252122,155850,35061,24192,146337,929,23,15,8
2021-04-28T23:59:59+02:00,11,12,6057,7040,11186,14339,13729,20886,19675,31447,29106,34385,48360,52432,44214,53809,12864,21947,2284,2079,3536,4869,4275,8193,6605,12724,9933,12791,13029,13159,23835,29585,9883,16813,242196,149886,34932,22987,144345,710,11,15,7
2021-04-27T23:59:59+02:00,11,12,5955,6948,11037,14218,13529,20725,19398,31237,28546,33999,48154,52212,44158,53758,12856,21925,2242,2045,3445,4775,4182,8084,6439,12540,9654,12515,11817,11597,22183,27430,9807,16668,240836,143079,34885,21802,142932,533,11,14,6
2021-04-26T23:59:59+02:00,11,12,5907,6903,10920,14153,13368,20604,19171,31027,27715,33430,47817,51845,44104,53693,12847,21896,2219,2017,3392,4732,4120,8015,6338,12408,9465,12340,10902,10437,20903,25683,9749,16582,240117,137811,34858,21061,140424,423,11,13,4
2021-04-25T23:59:59+02:00,11,12,5861,6856,10817,14058,13208,20450,18927,30744,26955,32693,47319,51333,44021,53593,12833,21876,2192,2006,3362,4713,4102,7996,6305,12367,9408,12280,10741,10245,20661,25360,9739,16568,238420,136957,34815,20717,138308,364,11,13,4
2021-04-24T23:59:59+02:00,11,12,5840,6808,10742,13973,13112,20309,18795,30567,26794,32514,47218,51210,43928,53498,12829,21871,2185,1996,3338,4686,4063,7950,6233,12294,9278,12163,10584,10064,20529,25229,9723,16550,236957,136435,34797,20077,138253,346,11,13,4
2021-04-23T23:59:59+02:00,11,12,5776,6716,10612,13774,12913,20056,18486,30191,26402,32153,46274,50076,43774,53253,12806,21839,2167,1975,3297,4651,4015,7895,6138,12204,9113,12035,10317,9766,20205,24808,9675,16470,232571,135313,34740,19076,137789,335,11,13,4
2021-04-22T23:59:59+02:00,11,12,5673,6601,10404,13579,12563,19726,17977,29719,25774,31561,44544,47923,43202,52523,12760,21738,2153,1964,3257,4598,3938,7821,6010,12104,8854,11870,9886,9359,19753,24220,9625,16392,226333,133195,34630,18298,135303,303,11,13,4
2021-04-21T23:59:59+02:00,11,11,5577,6463,10175,13377,12235,19413,17474,29225,25059,30833,40274,43060,42726,51988,12694,21634,2141,1955,3222,4562,3883,7763,5931,12011,8678,11710,9556,8976,19253,23630,9566,16297,214239,131553,34564,17293,133402,280,11,13,4
2021-04-20T23:59:59+02:00,11,11,5497,6373,9981,13161,11959,19150,17054,28817,24507,30272,38519,41048,42074,51213,12624,21496,2116,1942,3183,4537,3817,7718,5798,11914,8506,11582,9273,8656,18783,22964,9469,16156,208024,130191,34474,15989,131246,226,11,12,4
2021-04-19T23:59:59+02:00,11,10,5417,6295,9822,13034,11758,18945,16692,28436,23965,29804,36965,39256,41486,50487,12568,21407,2100,1923,3148,4502,3776,7674,5759,11844,8422,11491,9036,8373,18378,22398,9423,16065,203004,128501,34418,15598,128915,205,11,10,4
2021-04-18T23:59:59+02:00,11,9,5355,6244,9691,12951,11560,18808,16414,28238,23562,29492,35659,37894,41138,50081,12536,21344,2088,1907,3119,4480,3750,7658,5714,11798,8371,11442,8936,8282,18225,22210,9410,16042,201470,128014,34377,15210,125119,200,11,10,4
2021-04-17T23:59:59+02:00,11,9,5349,6228,9656,12920,11515,18768,16337,28171,23498,29434,35350,37556,41031,49984,12530,21333,2078,1899,3092,4468,3692,7613,5643,11747,8285,11390,8826,8173,18121,22093,9389,16029,200244,127212,34368,15120,125047,198,11,10,4
2021-04-16T23:59:59+02:00,11,9,5284,6189,9567,12860,11382,18656,16124,28011,23149,29086,34269,36297,40622,49458,12510,21299,1945,1811,2865,4290,3334,7298,4876,11215,6794,10299,6326,6126,16318,20412,9199,15732,196084,117919,34280,10717,124398,196,11,10,4
2021-04-15T23:59:59+02:00,11,9,5217,6098,9367,12690,11086,18408,15627,27618,22459,28487,32370,33977,39581,48249,12434,21135,1900,1779,2800,4226,3217,7179,4659,11033,6417,9988,5865,5729,15727,19729,9013,15403,190265,114801,34229,9666,120308,189,11,10,4
2021-04-14T23:59:59+02:00,11,8,5156,6052,9199,12561,10867,18231,15226,27305,21812,28007,30447,31727,38365,46833,12360,20950,1818,1724,2717,4160,3108,7086,4454,10866,6111,9736,5383,5316,15143,19040,8811,15053,183899,112178,34093,8207,117104,133,11,10,4
2021-04-13T23:59:59+02:00,11,8,5109,5999,9062,12431,10688,18061,14884,27030,21290,27542,28349,29279,37108,45240,12220,20746,1773,1707,2679,4117,3053,7025,4323,10726,5841,9526,5043,5012,14696,18592,8679,14852,177023,110760,34027,6840,113986,36,11,10,4
2021-04-12T23:59:59+02:00,10,8,5047,5949,8952,12294,10484,17913,14562,26750,20748,27086,26310,27010,35950,43776,12093,20549,1740,1664,2650,4098,3026,6972,4263,10659,5738,9426,4882,4867,14397,18223,8568,14653,171307,109922,33950,5861,110213,35,11,10,4
2021-04-11T23:59:59+02:00,10,8,5008,5906,8861,12215,10326,17812,14299,26572,20324,26762,25112,25724,35245,42992,12005,20401,1731,1658,2629,4078,3004,6947,4230,10613,5651,9358,4790,4812,14282,18101,8530,14601,169526,109724,33879,5256,106156,27,11,10,4
2021-04-10T23:59:59+02:00,10,8,4997,5892,8820,12188,10271,17777,14231,26523,20228,26682,24798,25350,34900,42573,11998,20380,1726,1653,2620,4070,2990,6931,4201,10584,5594,9319,4712,4733,14156,17939,8483,14517,168314,108937,33157,5256,106134,27,11,10,4
2021-04-09T23:59:59+02:00,10,8,4950,5859,8735,12110,10148,17653,14063,26347,19967,26440,23963,24196,33947,41365,11965,20307,1698,1623,2566,4035,2918,6869,4050,10471,5340,9094,4292,4359,13595,17224,8257,14152,164953,105262,31643,5248,105419,27,8,10,4
2021-04-08T23:59:59+02:00,10,8,4873,5794,8587,11999,9934,17476,13667,26034,19361,25972,22261,22215,32261,39399,11820,20073,1668,1607,2512,3988,2837,6782,3902,10333,5047,8829,3839,3934,12609,15979,7785,13394,159206,100290,30738,4727,101782,22,8,10,4
2021-04-07T23:59:59+02:00,10,7,4826,5742,8405,11922,9706,17326,13347,25807,18893,25612,20450,20103,30504,37141,11705,19862,1635,1591,2456,3936,2775,6702,3793,10187,4858,8639,3578,3645,11926,15174,7416,12849,153168,96988,29564,4155,98620,12,7,9,4
2021-04-06T23:59:59+02:00,10,7,4779,5697,8261,11810,9545,17161,13029,25541,18374,25226,18599,18041,28587,34655,11510,19519,1600,1572,2433,3910,2742,6665,3728,10143,4776,8549,3470,3523,11449,14528,7134,12442,146345,94684,28604,3964,95387,11,7,8,4
2021-04-05T23:59:59+02:00,10,7,4748,5655,8165,11721,9406,17061,12818,25330,17973,24879,16872,16107,26960,32511,11366,19297,1579,1561,2403,3891,2713,6617,3685,10084,4691,8434,3359,3416,11111,14159,6978,12163,140936,93294,28169,3535,91768,10,7,6,4
2021-04-04T23:59:59+02:00,10,7,4740,5649,8157,11710,9393,17048,12793,25310,17945,24854,16740,15933,26764,32264,11357,19284,1578,1560,2401,3888,2711,6614,3683,10081,4687,8431,3349,3403,11100,14147,6975,12155,140216,93214,28077,3535,91655,10,6,4,4
2021-04-03T23:59:59+02:00,10,7,4736,5641,8143,11702,9373,17028,12754,25279,17867,24792,16660,15844,26719,32207,11352,19277,1575,1558,2392,3880,2693,6600,3659,10053,4605,8376,3231,3288,11018,14073,6969,12145,139689,92566,28049,3535,91643,10,6,4,4
2021-04-02T23:59:59+02:00,10,7,4710,5621,8086,11648,9310,16960,12615,25173,17632,24592,16209,15367,26244,31633,11320,19224,1573,1549,2379,3874,2686,6584,3638,10021,4536,8283,3162,3220,10781,13774,6817,11943,138486,91275,26640,3531,91225,10,6,4,4
2021-04-01T23:59:59+02:00,9,7,4667,5560,7974,11506,9179,16800,12342,24888,17187,24193,15461,14641,25489,30675,11194,19041,1556,1527,2348,3842,2664,6554,3598,9982,4467,8218,3051,3091,9851,12658,6206,11097,136253,87272,25976,3427,88576,9,4,4,4
2021-03-31T23:59:59+02:00,9,7,4457,5480,7864,11384,9038,16635,12124,24612,16835,23828,14765,13879,24657,29667,11089,18849,1547,1522,2334,3822,2638,6526,3550,9933,4396,8147,2961,3001,9281,11963,5843,10602,134458,84854,24519,3201,86194,9,4,4,4
2021-03-30T23:59:59+02:00,9,7,4426,5426,7791,11257,8952,16476,11961,24422,16556,23519,14173,13237,23901,28689,10951,18608,1533,1512,2315,3797,2612,6497,3511,9868,4330,8076,2837,2855,8698,11309,5493,10115,132979,82549,23309,2803,84065,4,4,4,4
2021-03-29T23:59:59+02:00,9,7,4385,5368,7691,11144,8845,16314,11802,24150,16228,23173,13632,12637,23142,27718,10798,18363,1515,1499,2296,3781,2591,6468,3476,9811,4266,8001,2784,2787,8411,10924,5303,9806,131143,81169,22557,2544,81698,4,4,4,4
2021-03-28T23:59:59+02:00,9,7,4350,5283,7606,11036,8768,16162,11667,23921,15969,22900,13308,12328,22576,27028,10624,18084,1506,1494,2274,3767,2576,6439,3436,9761,4228,7944,2736,2736,8333,10820,5260,9741,130644,80828,22038,2217,78936,4,4,4,4
2021-03-27T23:59:59+01:00,9,7,4336,5272,7580,11006,8702,16091,11567,23826,15827,22784,13102,12115,22375,26817,10589,18055,1505,1492,2271,3765,2575,6438,3423,9737,4217,7922,2726,2729,8276,10755,5226,9701,129763,80535,21395,2217,78894,4,4,4,4
2021-03-26T23:59:59+01:00,9,7,4293,5203,7471,10875,8526,15908,11233,23525,15214,22279,12182,11294,21591,25980,10448,17831,1500,1478,2265,3744,2562,6415,3406,9711,4176,7885,2696,2690,8098,10537,5109,9533,125731,79695,19787,2102,78343,4,4,4,4
2021-03-25T23:59:59+01:00,9,6,4234,5044,7310,10597,8283,15503,10849,22903,14573,21581,11512,10634,20726,24914,10135,17294,1480,1464,2233,3718,2527,6376,3369,9663,4104,7804,2562,2551,7124,9287,4503,8628,122463,75520,19014,1866,74623,4,3,4,4
2021-03-24T23:59:59+01:00,9,6,4158,4903,7171,10312,8069,15089,10587,22356,14105,20974,10909,10075,19796,23828,9812,16733,1459,1434,2207,3680,2482,6340,3327,9599,4026,7705,2463,2452,6481,8527,4122,8049,119876,72900,17829,1450,71182,2,1,4,4
2021-03-23T23:59:59+01:00,9,6,4118,4808,7064,10077,7915,14750,10329,21853,13703,20482,10444,9633,19077,22978,9502,16272,1447,1416,2181,3659,2462,6313,3266,9545,3934,7631,2370,2350,5752,7598,3676,7362,118418,69835,16727,1125,67871,2,0,4,4
2021-03-22T23:59:59+01:00,9,6,4066,4728,6937,9838,7755,14430,10073,21389,13354,19985,10052,9277,18515,22271,9316,15932,1438,1409,2172,3645,2450,6297,3243,9522,3904,7597,2309,2299,5300,6992,3329,6873,117538,67738,16330,1038,64061,2,0,4,4
2021-03-21T23:59:59+01:00,9,6,4019,4623,6805,9573,7587,14075,9850,20849,13014,19460,9731,8998,17986,21668,9126,15625,1435,1406,2171,3634,2447,6290,3237,9513,3894,7583,2295,2280,5183,6860,3271,6772,117343,67230,15936,1038,59721,2,0,4,4
2021-03-20T23:59:59+01:00,9,6,4008,4601,6770,9519,7529,14004,9766,20744,12908,19371,9644,8904,17851,21494,9075,15538,1432,1401,2167,3631,2442,6285,3224,9503,3875,7573,2260,2248,4860,6487,3087,6530,116519,65964,15841,1038,59377,2,0,4,4
2021-03-19T23:59:59+01:00,8,6,3833,4460,6480,9268,7088,13581,8853,20014,11179,18044,6794,6563,15621,19296,8721,14977,1428,1397,2162,3624,2430,6272,3212,9479,3825,7527,2193,2207,4491,6015,2825,6215,107251,64293,11135,1006,56396,2,0,4,4
2021-03-18T23:59:59+01:00,8,5,3728,4327,6302,8959,6823,13141,8461,19355,10539,17307,6083,5910,14408,17829,8214,14162,1424,1391,2139,3597,2412,6236,3184,9438,3785,7493,2148,2173,4072,5487,2544,5806,102146,62428,10132,898,53279,2,0,4,4
2021-03-17T23:59:59+01:00,8,5,3650,4253,6170,8815,6656,12963,8167,19045,10139,16916,5678,5527,13592,16899,7821,13587,1414,1379,2123,3578,2382,6203,3153,9410,3748,7457,2092,2113,3666,5041,2295,5423,98922,60711,8450,763,52515,2,0,4,4
2021-03-16T23:59:59+01:00,7,5,3572,4118,6018,8544,6450,12596,7853,18460,9592,16260,5156,5074,12780,15936,7491,13096,1405,1370,2114,3561,2367,6188,3137,9390,3723,7431,2064,2077,3147,4401,1961,4917,96612,58491,7049,759,49343,2,0,4,4
2021-03-15T23:59:59+01:00,7,5,3524,3970,5832,8267,6232,12188,7579,17887,9156,15636,4841,4793,12127,15194,7229,12639,1405,1360,2098,3546,2347,6163,3119,9341,3699,7392,2028,2027,2784,3941,1676,4525,95122,56704,6079,744,45901,2,0,4,4
2021-03-14T23:59:59+01:00,7,5,3478,3838,5605,7938,5946,11744,7272,17170,8695,14884,4527,4521,11838,14938,7184,12540,1398,1354,2082,3517,2333,6113,3101,9283,3682,7353,2021,2016,2706,3834,1624,4441,95005,56305,5473,550,41648,2,0,4,4
2021-03-13T23:59:59+01:00,7,5,3462,3797,5566,7826,5887,11627,7190,17027,8550,14732,4375,4371,11746,14852,7178,12529,1398,1354,2082,3517,2332,6113,3100,9282,3681,7353,2018,2008,2653,3779,1590,4387,94316,56094,5473,550,40934,2,0,4,4
2021-03-12T23:59:59+01:00,7,5,3444,3725,5510,7690,5825,11480,7106,16803,8415,14499,4268,4275,11477,14529,7024,12314,1398,1354,2078,3511,2331,6105,3096,9276,3680,7347,2016,2006,2567,3669,1510,4301,92900,55692,5465,550,40027,2,0,4,4
2021-03-11T23:59:59+01:00,7,5,3366,3530,5301,7392,5594,11060,6768,16138,7983,13861,3933,3941,10406,13274,6376,11412,1393,1351,2068,3498,2312,6080,3073,9242,3656,7314,1987,1981,2329,3407,1360,4082,88730,54613,5048,517,36565,2,0,4,4
2021-03-10T23:59:59+01:00,7,5,3271,3412,5088,7122,5381,10703,6498,15593,7648,13315,3713,3714,9765,12482,5992,10879,1388,1340,2040,3460,2282,5990,3025,9120,3598,7195,1943,1905,2113,3170,1231,3894,86268,53409,4679,282,33637,2,0,4,4
2021-03-09T23:59:59+01:00,6,5,3197,3282,4933,6933,5187,10424,6269,15162,7351,12811,3530,3509,9136,11781,5620,10362,1381,1330,2004,3400,2251,5888,2964,8976,3531,7114,1913,1879,1839,2854,1063,3649,84005,51998,4424,35,31065,2,0,4,4
2021-03-08T23:59:59+01:00,6,5,3131,3121,4707,6668,4950,10071,6010,14652,6989,12223,3331,3317,8749,11338,5423,10050,1378,1311,1990,3322,2220,5794,2925,8830,3498,7021,1898,1857,1639,2623,945,3459,82538,50676,4063,33,28136,0,0,4,4
2021-03-07T23:59:59+01:00,6,5,3099,3062,4633,6556,4866,9958,5905,14489,6873,12078,3281,3275,8665,11233,5385,9983,1372,1306,1983,3310,2212,5767,2918,8791,3486,7002,1890,1845,1583,2556,893,3392,82187,50272,3898,33,27263,0,0,4,4
2021-03-06T23:59:59+01:00,6,5,3085,3004,4589,6466,4832,9895,5847,14375,6825,11969,3257,3252,8608,11167,5351,9940,1370,1293,1978,3296,2200,5740,2915,8763,3475,6983,1881,1821,1556,2532,888,3383,81870,50040,3898,33,26701,0,0,4,4
2021-03-05T23:59:59+01:00,6,5,3061,2911,4531,6357,4770,9797,5785,14224,6725,11816,3213,3197,8424,10937,5232,9768,1361,1260,1948,3241,2175,5633,2873,8629,3431,6845,1838,1776,1492,2461,866,3357,80972,49152,3890,33,25893,0,0,4,4
2021-03-04T23:59:59+01:00,4,5,3008,2717,4372,6118,4552,9486,5579,13804,6414,11427,3035,3020,7410,9647,4613,8856,1341,1210,1910,3118,2143,5450,2827,8352,3375,6613,1767,1686,1456,2412,862,3339,76828,47828,3620,32,23615,0,0,4,4
2021-03-03T23:59:59+01:00,3,5,2969,2645,4231,5927,4387,9218,5376,13427,6160,11007,2914,2889,6766,8878,4220,8254,1329,1172,1883,3046,2121,5339,2795,8174,3322,6455,1698,1642,1415,2342,842,3286,74118,46829,3391,32,21763,0,0,4,3
2021-03-02T23:59:59+01:00,3,5,2908,2556,4047,5711,4180,8945,5179,13051,5893,10633,2768,2732,5999,7913,3758,7549,1296,1129,1856,2974,2097,5200,2746,7901,3273,6257,1626,1582,1351,2264,822,3243,70960,45585,2945,32,19921,0,0,4,3
2021-03-01T23:59:59+01:00,3,4,2868,2493,3881,5560,3993,8725,4991,12729,5654,10246,2668,2618,5510,7259,3405,7044,1290,1093,1832,2873,2070,5007,2705,7651,3213,6021,1583,1546,1303,2205,796,3204,68811,44360,2646,32,18190,0,0,4,3
2021-02-28T23:59:59+01:00,3,4,2827,2444,3723,5441,3772,8535,4808,12479,5467,9941,2611,2546,5387,7103,3343,6943,1286,1088,1828,2859,2061,4983,2698,7615,3203,6004,1575,1539,1297,2196,794,3194,68333,44189,2428,31,16612,0,0,4,3
2021-02-27T23:59:59+01:00,3,3,2812,2379,3697,5361,3738,8466,4774,12389,5432,9867,2570,2512,5058,6716,3147,6692,1279,1080,1821,2847,2048,4948,2679,7550,3187,5948,1557,1530,1291,2185,791,3193,67026,43904,2428,30,16158,0,0,4,3
2021-02-26T23:59:59+01:00,3,3,2792,2338,3657,5276,3672,8364,4713,12280,5347,9780,2493,2459,4681,6235,2878,6369,1220,1030,1771,2738,1999,4767,2625,7276,3114,5736,1496,1479,1268,2163,777,3184,65235,42615,2302,29,15799,0,0,4,2
2021-02-25T23:59:59+01:00,3,3,2618,2229,3473,5095,3490,8141,4509,11994,5128,9506,2406,2394,4233,5683,2590,5948,1204,972,1740,2630,1946,4493,2554,6882,3019,5450,1451,1436,1248,2148,775,3175,63380,41099,1980,26,14079,0,0,4,1
2021-02-24T23:59:59+01:00,3,3,2463,2091,3283,4903,3342,7935,4312,11740,4909,9258,2269,2275,3780,5173,2333,5555,1189,943,1717,2544,1912,4354,2494,6625,2967,5244,1420,1405,1230,2128,771,3156,61616,40082,1511,18,12496,0,0,4,1
2021-02-23T23:59:59+01:00,3,3,2326,1953,3103,4675,3187,7701,4140,11467,4727,9012,2183,2181,3226,4508,1995,5043,1175,895,1686,2449,1873,4161,2426,6326,2869,4984,1362,1350,1201,2085,758,3131,59414,38718,1164,14,10851,0,0,4,1
2021-02-22T23:59:59+01:00,3,3,2286,1902,3019,4582,3117,7593,4046,11281,4620,8887,2133,2140,2862,4045,1708,4657,1163,836,1654,2323,1830,3915,2350,5932,2743,4686,1300,1295,1178,2052,751,3110,57741,37115,1080,4,10059,0,0,4,1
2021-02-21T23:59:59+01:00,3,3,2250,1870,2968,4513,3035,7479,3965,11134,4554,8770,2119,2117,2778,3931,1653,4569,1159,818,1637,2270,1805,3806,2317,5777,2680,4562,1268,1272,1168,2038,744,3097,57310,36415,1047,4,9350,0,0,4,1
2021-02-20T23:59:59+01:00,3,3,2239,1867,2946,4500,3019,7443,3939,11101,4533,8749,2116,2109,2724,3874,1618,4514,1159,815,1637,2268,1804,3797,2316,5772,2679,4558,1267,1269,1167,2035,743,3096,57095,36379,1046,4,9152,0,0,4,1
2021-02-19T23:59:59+01:00,2,3,2227,1854,2910,4448,2994,7355,3894,11019,4479,8686,2108,2103,2636,3761,1538,4421,1107,806,1598,2260,1794,3788,2306,5751,2670,4546,1261,1258,1156,2030,738,3089,56683,36155,1015,4,8736,0,0,4,1
2021-02-18T23:59:59+01:00,2,3,2095,1758,2753,4263,2870,7157,3757,10731,4339,8481,2076,2069,2396,3495,1386,4199,1028,771,1523,2162,1744,3665,2233,5593,2614,4458,1247,1238,1151,2016,728,3071,55624,35239,948,4,7254,0,0,4,1
2021-02-17T23:59:59+01:00,2,3,2051,1709,2661,4130,2761,6943,3604,10390,4198,8238,2018,1986,2177,3266,1262,4012,874,708,1414,2036,1669,3475,2139,5369,2540,4287,1213,1193,1126,1971,713,3031,54561,33756,803,3,6043,0,0,4,1
2021-02-16T23:59:59+01:00,2,3,1878,1596,2486,3923,2622,6668,3443,10035,4022,7931,1974,1959,1902,2947,1092,3760,847,686,1342,1961,1601,3333,2045,5197,2443,4156,1153,1146,1068,1881,681,2938,53233,32477,767,2,4239,0,0,4,1
2021-02-15T23:59:59+01:00,2,3,1843,1540,2398,3754,2544,6395,3320,9668,3907,7662,1948,1931,1687,2709,971,3574,829,673,1313,1915,1560,3265,1990,5025,2380,4056,1088,1106,1004,1790,662,2845,52140,31501,754,1,2958,0,0,4,1
2021-02-14T23:59:59+01:00,2,3,1753,1509,2353,3693,2502,6305,3250,9565,3861,7584,1937,1921,1629,2650,921,3515,814,663,1296,1890,1533,3242,1956,4984,2355,4001,1078,1097,997,1780,659,2833,51806,31178,725,1,2418,0,0,4,1
2021-02-13T23:59:59+01:00,2,3,1752,1497,2343,3686,2496,6291,3246,9549,3854,7574,1928,1901,1606,2630,918,3505,814,663,1296,1890,1533,3242,1956,4984,2355,4001,1078,1097,997,1780,659,2833,51651,31178,725,1,2401,0,0,4,1
2021-02-12T23:59:59+01:00,2,3,1672,1411,2244,3574,2416,6117,3141,9311,3730,7309,1881,1844,1543,2558,895,3478,808,656,1284,1868,1518,3223,1948,4953,2339,3981,1073,1092,996,1761,659,2803,50711,30963,725,0,1689,0,0,4,1
2021-02-11T23:59:59+01:00,2,3,1469,1273,2062,3359,2287,5825,2989,8878,3571,6963,1809,1742,1501,2497,881,3455,780,605,1189,1688,1392,2949,1809,4594,2173,3694,1023,1029,953,1688,626,2672,49316,28865,684,0,562,0,0,4,1
2021-02-10T23:59:59+01:00,2,3,1373,1224,1974,3232,2218,5651,2907,8599,3460,6733,1738,1694,1456,2430,865,3398,566,521,966,1463,1253,2641,1624,4131,1970,3315,906,902,831,1435,547,2356,48148,25428,644,0,161,0,0,4,1
2021-02-09T23:59:59+01:00,2,3,1337,1174,1937,3140,2191,5470,2840,8258,3390,6474,1664,1632,1395,2370,848,3361,303,384,747,1200,1066,2266,1414,3592,1721,2862,737,738,663,1148,437,1911,46888,21190,515,0,80,0,0,3,1
2021-02-08T23:59:59+01:00,2,3,1330,1139,1905,3021,2153,5248,2788,7978,3331,6238,1623,1598,1350,2315,832,3341,267,343,645,1045,960,2048,1254,3201,1523,2546,634,619,559,969,380,1661,45768,18655,345,0,79,0,0,3,1
2021-02-07T23:59:59+01:00,2,3,1303,1123,1876,2969,2128,5166,2759,7875,3289,6173,1607,1582,1335,2296,821,3326,233,287,597,955,900,1893,1161,2975,1425,2374,594,599,538,936,370,1632,45486,17471,144,0,0,0,0,3,0
2021-02-06T23:59:59+01:00,2,3,1298,1117,1870,2957,2119,5138,2746,7831,3278,6128,1594,1574,1330,2286,818,3325,214,253,575,918,872,1827,1119,2857,1368,2292,578,581,531,936,370,1632,45267,16925,144,0,0,0,0,3,0
2021-02-05T23:59:59+01:00,2,3,1237,1065,1821,2846,2067,4942,2687,7535,3201,5912,1531,1520,1311,2260,810,3318,198,223,540,871,838,1747,1081,2740,1315,2193,544,557,520,912,360,1607,43921,16248,144,0,0,0,0,3,0
2021-02-04T23:59:59+01:00,2,3,1225,1001,1780,2697,1996,4630,2604,7090,3101,5585,1486,1487,1293,2244,806,3310,170,169,467,753,739,1608,970,2501,1202,1979,497,505,477,858,343,1494,42302,14734,36,0,0,0,0,2,0
2021-02-03T23:59:59+01:00,2,3,1207,972,1750,2616,1957,4484,2537,6828,3049,5370,1449,1455,1264,2209,788,3281,139,140,392,641,623,1371,824,2123,1005,1688,378,370,342,644,240,1133,41183,12055,36,0,0,0,0,2,0
2021-02-02T23:59:59+01:00,2,3,1189,916,1717,2516,1914,4261,2464,6496,2942,5097,1395,1409,1241,2179,779,3257,118,116,316,520,520,1136,679,1793,815,1378,280,270,264,472,188,849,39739,9716,36,0,0,0,0,2,0
2021-02-01T23:59:59+01:00,1,3,1176,856,1682,2391,1864,4015,2387,6103,2820,4801,1328,1328,1211,2133,768,3232,85,76,216,349,347,741,431,1156,479,859,174,165,152,279,100,496,38061,6105,36,0,0,0,0,2,0
2021-01-31T23:59:59+01:00,1,3,1171,838,1665,2333,1840,3892,2355,5920,2753,4682,1297,1305,1200,2118,761,3220,74,70,183,279,270,575,342,903,397,692,148,149,144,271,96,482,37319,5075,33,0,0,0,0,2,0
2021-01-30T23:59:59+01:00,1,3,1171,835,1664,2328,1838,3881,2353,5909,2750,4672,1296,1301,1199,2117,761,3219,70,63,151,232,242,507,307,785,354,617,147,142,139,267,96,481,37264,4600,32,0,0,0,0,2,0
2021-01-29T23:59:59+01:00,1,3,1118,826,1625,2321,1827,3874,2345,5895,2742,4660,1292,1298,1195,2117,761,3219,62,45,114,177,198,353,250,636,310,489,136,133,127,256,93,481,37088,3860,30,0,0,0,0,1,0
2021-01-28T23:59:59+01:00,1,3,1043,801,1567,2261,1794,3805,2298,5824,2709,4606,1280,1286,1188,2111,752,3205,40,20,72,105,129,206,155,380,202,292,103,101,102,205,83,434,36506,2629,27,0,0,0,0,1,0
2021-01-27T23:59:59+01:00,1,3,893,750,1476,2185,1727,3690,2227,5694,2651,4482,1252,1242,1164,2072,740,3173,29,12,62,86,104,162,122,323,175,247,95,84,91,186,79,403,35403,2260,18,0,0,0,0,1,0
2021-01-26T23:59:59+01:00,1,3,879,731,1411,2111,1664,3560,2140,5522,2563,4371,1197,1202,1118,2001,716,3124,28,11,59,83,100,156,118,309,174,237,93,79,84,165,68,357,34301,2121,12,0,0,0,0,1,0
2021-01-25T23:59:59+01:00,1,3,866,710,1379,2051,1633,3463,2095,5356,2506,4281,1146,1177,1071,1944,698,3065,26,11,56,83,97,154,117,307,173,237,92,78,83,164,66,354,33441,2098,3,0,0,0,0,1,0
2021-01-24T23:59:59+01:00,1,3,863,709,1373,2040,1628,3446,2087,5330,2495,4249,1142,1170,1066,1937,697,3060,26,11,56,83,96,153,117,307,173,236,92,78,83,164,66,354,33292,2095,3,0,0,0,0,1,0
2021-01-23T23:59:59+01:00,1,3,863,709,1373,2040,1628,3446,2087,5330,2495,4249,1142,1170,1066,1937,697,3060,26,11,56,83,96,153,117,307,172,236,92,78,83,164,66,354,33292,2094,3,0,0,0,0,1,0
2021-01-22T23:59:59+01:00,1,3,863,699,1359,2018,1612,3422,2074,5296,2479,4229,1140,1165,1065,1914,696,3027,26,11,56,83,96,153,117,307,171,236,92,78,83,164,66,354,33058,2093,3,0,0,0,0,1,0
2021-01-21T23:59:59+01:00,1,3,832,662,1281,1863,1512,3232,1978,5024,2369,4032,1102,1107,1038,1849,665,2922,24,10,52,78,88,145,107,278,157,213,79,70,74,144,54,301,31468,1874,3,0,0,0,0,1,0
2021-01-20T23:59:59+01:00,1,3,629,563,1087,1644,1378,2958,1801,4619,2166,3695,977,989,920,1620,600,2652,22,10,51,74,85,144,99,265,146,194,69,64,69,122,45,269,28298,1728,3,0,0,0,0,1,0
2021-01-19T23:59:59+01:00,1,3,342,417,835,1387,1177,2618,1566,4090,1906,3245,810,821,756,1347,502,2247,18,7,36,52,56,78,73,178,102,131,52,49,48,91,34,208,24067,1213,2,0,0,0,0,1,0
2021-01-18T23:59:59+01:00,1,3,300,376,723,1199,1056,2364,1374,3592,1668,2865,682,672,611,1103,428,1863,7,3,11,17,19,27,24,50,25,46,12,11,13,33,7,61,20878,366,1,0,0,0,0,1,0
2021-01-17T23:59:59+01:00,1,3,259,321,657,1105,978,2193,1276,3318,1553,2654,637,643,584,1047,407,1805,0,0,1,0,2,2,2,1,2,2,1,4,1,0,0,1,19440,19,1,0,0,0,0,0,0
2021-01-16T23:59:59+01:00,1,3,242,289,641,1072,954,2130,1235,3208,1502,2581,621,626,576,1047,407,1804,0,0,0,0,1,2,1,1,1,2,0,1,1,0,0,1,18938,11,1,0,0,0,0,0,0
2021-01-15T23:59:59+01:00,1,3,227,256,612,1024,927,2052,1201,3092,1450,2485,590,600,569,1026,400,1792,0,0,0,0,0,0,0,0,0,0,0,0,0,0,0,0,18307,0,0,0,0,0,0,0,0
2021-01-14T23:59:59+01:00,1,2,197,204,552,902,838,1909,1108,2869,1335,2302,546,557,531,982,394,1750,0,0,0,0,0,0,0,0,0,0,0,0,0,0,0,0,16979,0,0,0,0,0,0,0,0
2021-01-13T23:59:59+01:00,1,2,166,185,503,833,766,1783,1010,2636,1181,2077,433,440,404,777,296,1353,0,0,0,0,0,0,0,0,0,0,0,0,0,0,0,0,14846,0,0,0,0,0,0,0,0
2021-01-12T23:59:59+01:00,1,2,144,164,471,764,716,1628,920,2433,1074,1843,344,332,313,557,214,965,0,0,0,0,0,0,0,0,0,0,0,0,0,0,0,0,12885,0,0,0,0,0,0,0,0
2021-01-11T23:59:59+01:00,0,1,115,127,395,634,626,1375,756,1975,847,1457,213,194,174,329,116,568,0,0,0,0,0,0,0,0,0,0,0,0,0,0,0,0,9902,0,0,0,0,0,0,0,0
2021-01-10T23:59:59+01:00,0,1,89,92,305,458,471,995,549,1448,623,1061,176,171,162,316,111,555,0,0,0,0,0,0,0,0,0,0,0,0,0,0,0,0,7583,0,0,0,0,0,0,0,0
2021-01-09T23:59:59+01:00,0,1,78,84,259,395,401,863,482,1231,547,903,169,161,157,311,111,553,0,0,0,0,0,0,0,0,0,0,0,0,0,0,0,0,6706,0,0,0,0,0,0,0,0
2021-01-08T23:59:59+01:00,0,1,65,64,186,287,304,584,367,933,441,684,161,156,141,299,109,553,0,0,0,0,0,0,0,0,0,0,0,0,0,0,0,0,5335,0,0,0,0,0,0,0,0
2021-01-07T23:59:59+01:00,0,0,46,24,78,121,137,230,165,419,223,340,116,121,123,251,98,504,0,0,0,0,0,0,0,0,0,0,0,0,0,0,0,0,2996,0,0,0,0,0,0,0,0
2021-01-06T23:59:59+01:00,0,0,32,17,69,92,116,180,137,342,194,276,97,93,97,205,83,429,0,0,0,0,0,0,0,0,0,0,0,0,0,0,0,0,2459,0,0,0,0,0,0,0,0
2021-01-05T23:59:59+01:00,0,0,29,12,59,87,106,166,121,327,180,253,96,88,95,198,81,411,0,0,0,0,0,0,0,0,0,0,0,0,0,0,0,0,2309,0,0,0,0,0,0,0,0
2021-01-04T23:59:59+01:00,0,0,26,11,56,84,98,157,116,312,178,241,95,85,88,184,71,380,0,0,0,0,0,0,0,0,0,0,0,0,0,0,0,0,2182,0,0,0,0,0,0,0,0
2021-01-03T23:59:59+01:00,0,0,26,11,56,84,98,157,116,312,178,241,95,85,87,183,71,380,0,0,0,0,0,0,0,0,0,0,0,0,0,0,0,0,2180,0,0,0,0,0,0,0,0
2021-01-02T23:59:59+01:00,0,0,26,11,56,84,98,157,116,312,177,241,95,85,87,183,71,380,0,0,0,0,0,0,0,0,0,0,0,0,0,0,0,0,2179,0,0,0,0,0,0,0,0
2021-01-01T23:59:59+01:00,0,0,26,11,56,84,98,157,116,312,175,240,95,85,87,183,71,380,0,0,0,0,0,0,0,0,0,0,0,0,0,0,0,0,2176,0,0,0,0,0,0,0,0
2020-12-31T23:59:59+01:00,0,0,26,11,56,84,98,157,116,312,175,240,95,85,87,183,71,380,0,0,0,0,0,0,0,0,0,0,0,0,0,0,0,0,2176,0,0,0,0,0,0,0,0
2020-12-30T23:59:59+01:00,0,0,25,11,56,83,97,154,116,311,175,240,95,85,87,183,71,380,0,0,0,0,0,0,0,0,0,0,0,0,0,0,0,0,2169,0,0,0,0,0,0,0,0
2020-12-29T23:59:59+01:00,0,0,18,8,41,59,74,91,86,216,128,188,73,73,65,151,56,304,0,0,0,0,0,0,0,0,0,0,0,0,0,0,0,0,1631,0,0,0,0,0,0,0,0
2020-12-28T23:59:59+01:00,0,0,8,5,17,28,31,45,40,111,53,101,30,40,37,91,29,175,0,0,0,0,0,0,0,0,0,0,0,0,0,0,0,0,841,0,0,0,0,0,0,0,0
2020-12-27T23:59:59+01:00,0,0,2,2,4,5,7,11,10,23,6,22,5,7,6,25,3,48,0,0,0,0,0,0,0,0,0,0,0,0,0,0,0,0,186,0,0,0,0,0,0,0,0
