Datum,<15_m,<15_w,15-24_1_m,15-24_1_w,25-34_1_m,25-34_1_w,35-44_1_m,35-44_1_w,45-54_1_m,45-54_1_w,55-64_1_m,55-64_1_w,65-74_1_m,65-74_1_w,75-84_1_m,75-84_1_w,>84_1_m,>84_1_w,<24_2_m,<24_2_w,25-34_2_m,25-34_2_w,35-44_2_m,35-44_2_w,45-54_2_m,45-54_2_w,55-64_2_m,55-64_2_w,65-74_2_m,65-74_2_w,75-84_2_m,75-84_2_w,>84_2_m,>84_2_w,bp_1,bp_2,mo_1,mo_2,az_1,az_2,ja,unb_1,unb_2
2021-10-09T23:59:59+02:00,10645,9928,60413,56826,66666,62308,75366,76485,96713,98701,108051,106925,74176,80495,52167,64003,15075,25972,55059,51999,62368,57705,71427,71916,92467,94057,104095,103156,72218,78321,50814,62287,14543,24875,838417,790978,70779,68228,182594,175920,49173,38,52
2021-10-08T23:59:59+02:00,10594,9879,60319,56731,66593,62231,75312,76419,96668,98659,108019,106897,74166,80487,52160,63991,15070,25971,54958,51910,62293,57641,71361,71850,92418,94004,104067,103123,72210,78310,50807,62281,14541,24873,837743,790317,70753,68196,182594,175911,49124,38,52
2021-10-07T23:59:59+02:00,10532,9815,60172,56626,66507,62138,75237,76326,96598,98608,107958,106844,74145,80470,52150,63977,15064,25965,54830,51770,62195,57515,71257,71743,92338,93917,103984,103061,72163,78277,50788,62259,14529,24863,836842,789114,70743,68185,182593,175894,49002,38,52
2021-10-06T23:59:59+02:00,10478,9774,60041,56535,66424,62060,75161,76267,96536,98566,107911,106799,74122,80446,52130,63952,15060,25948,54689,51608,62104,57381,71162,71639,92233,93832,103893,102978,72125,78234,50763,62228,14520,24849,836014,787850,70732,68178,182591,175878,48894,38,52
2021-10-05T23:59:59+02:00,10412,9705,59905,56413,66324,61963,75081,76196,96462,98507,107864,106745,74101,80418,52118,63922,15052,25935,54504,51438,61992,57235,71049,71522,92124,93734,103824,102907,72073,78190,50739,62190,14512,24836,835071,786483,70720,68149,182588,175867,48765,38,52
2021-10-04T23:59:59+02:00,10352,9652,59763,56297,66201,61853,74994,76109,96375,98434,107803,106696,74078,80387,52097,63885,15046,25915,54334,51255,61880,57083,70924,71394,92044,93628,103727,102820,72037,78135,50694,62151,14502,24816,834021,785048,70707,68142,182585,175849,48645,38,52
2021-10-03T23:59:59+02:00,10308,9613,59711,56212,66140,61804,74937,76071,96346,98403,107771,106657,74066,80369,52081,63859,15040,25901,54220,51142,61799,56993,70836,71294,91978,93555,103663,102735,72003,78106,50675,62118,14495,24812,833499,784090,70702,68137,182572,175821,48537,38,52
2021-10-02T23:59:59+02:00,10303,9611,59703,56197,66124,61792,74929,76058,96341,98398,107769,106654,74065,80369,52080,63857,15040,25901,54206,51131,61786,56986,70833,71284,91974,93552,103661,102726,72000,78106,50674,62116,14494,24812,833426,784019,70691,68131,182572,175820,48523,38,52
2021-10-01T23:59:59+02:00,10248,9554,59549,56099,66048,61707,74849,75992,96290,98345,107710,106619,74049,80346,52069,63844,15039,25897,54092,51023,61731,56923,70786,71237,91921,93496,103626,102693,71987,78099,50670,62104,14492,24807,832595,783357,70672,68104,182570,175818,48437,38,52
2021-09-30T23:59:59+02:00,10177,9473,59415,55949,65920,61586,74749,75904,96187,98258,107623,106559,74024,80309,52053,63820,15035,25883,53947,50890,61639,56818,70695,71156,91843,93414,103555,102628,71953,78058,50651,62070,14492,24796,831527,782384,70642,68082,182566,175809,48208,38,52
2021-09-29T23:59:59+02:00,10106,9417,59285,55824,65803,61470,74670,75812,96091,98171,107559,106502,73986,80264,52045,63791,15030,25872,53794,50738,61525,56683,70600,71049,91750,93321,103459,102561,71903,78014,50626,62019,14485,24786,830554,781200,70614,68052,182563,175790,47985,38,52
2021-09-28T23:59:59+02:00,10023,9334,59145,55674,65640,61329,74565,75726,95985,98086,107478,106435,73936,80222,52023,63763,15022,25852,53642,50587,61388,56569,70509,70934,91673,93243,103384,102483,71862,77976,50603,61986,14481,24775,829391,780148,70602,68033,182559,175781,47703,38,52
2021-09-27T23:59:59+02:00,9964,9281,58993,55515,65501,61201,74476,75623,95882,97980,107389,106381,73890,80179,52004,63736,15014,25832,53490,50459,61266,56435,70416,70827,91571,93146,103300,102431,71813,77929,50581,61950,14474,24756,828342,779159,70585,68018,182554,175735,47370,38,52
2021-09-26T23:59:59+02:00,9923,9241,58908,55428,65423,61120,74420,75546,95819,97925,107342,106344,73864,80154,51990,63707,15004,25815,53391,50345,61182,56357,70340,70739,91501,93070,103246,102399,71784,77900,50559,61926,14468,24744,827701,778412,70567,68010,182538,175700,47177,38,52
2021-09-25T23:59:59+02:00,9915,9229,58890,55409,65407,61110,74410,75537,95813,97917,107332,106340,73864,80153,51989,63706,15004,25815,53365,50337,61168,56339,70328,70731,91495,93064,103236,102397,71784,77898,50559,61923,14468,24744,827623,778336,70560,68006,182536,175699,47131,38,52
2021-09-24T23:59:59+02:00,9863,9174,58778,55285,65307,61010,74321,75445,95728,97844,107273,106299,73836,80131,51981,63696,15003,25805,53261,50231,61094,56265,70255,70660,91425,93003,103163,102347,71758,77880,50548,61907,14463,24734,826740,777553,70542,67999,182530,175693,46976,38,52
2021-09-23T23:59:59+02:00,9776,9082,58540,55095,65131,60852,74196,75301,95584,97708,107164,106190,73791,80095,51961,63656,14991,25787,53083,50096,60975,56129,70139,70548,91307,92893,103070,102274,71724,77835,50530,61882,14450,24718,825339,776542,70489,67971,182526,175675,46553,38,52
2021-09-22T23:59:59+02:00,9692,9022,58353,54946,64970,60707,74076,75176,95457,97608,107064,106132,73747,80046,51934,63610,14971,25761,52939,49946,60855,56009,70048,70451,91213,92787,103007,102222,71683,77787,50501,61845,14436,24704,824075,775555,70470,67948,182516,175661,46218,38,52
2021-09-21T23:59:59+02:00,9624,8934,58204,54790,64824,60562,73941,75044,95320,97489,106970,106039,73713,79987,51915,63584,14963,25739,52795,49786,60737,55880,69947,70346,91106,92683,102913,102128,71644,77742,50474,61804,14427,24679,822800,774388,70453,67936,182512,175654,45884,38,52
2021-09-20T23:59:59+02:00,9564,8873,58067,54652,64664,60428,73823,74893,95191,97398,106883,105946,73651,79943,51888,63548,14950,25718,52672,49651,60612,55761,69839,70238,91006,92593,102836,102053,71591,77698,50449,61755,14420,24661,821599,773406,70439,67919,182505,175625,45544,38,52
2021-09-19T23:59:59+02:00,9512,8833,57947,54564,64553,60312,73733,74788,95117,97297,106821,105874,73634,79918,51874,63528,14948,25707,52563,49534,60518,55649,69745,70144,90938,92522,102756,101984,71558,77665,50428,61724,14413,24655,820812,772631,70419,67905,182493,175600,45243,38,52
2021-09-18T23:59:59+02:00,9495,8816,57921,54535,64519,60281,73707,74764,95101,97275,106809,105853,73631,79917,51871,63525,14948,25706,52533,49499,60488,55625,69725,70124,90918,92506,102743,101964,71554,77662,50428,61723,14412,24653,820594,772438,70409,67896,182493,175599,45185,38,52
2021-09-17T23:59:59+02:00,9409,8738,57750,54387,64386,60153,73582,74645,94997,97173,106725,105780,73596,79885,51859,63507,14941,25699,52366,49388,60363,55515,69633,70034,90837,92425,102670,101905,71521,77625,50413,61693,14403,24646,819447,771491,70365,67877,182491,175592,44915,38,52
2021-09-16T23:59:59+02:00,9333,8664,57535,54235,64210,59966,73404,74478,94848,97040,106571,105668,73525,79826,51837,63465,14934,25684,52199,49262,60211,55393,69507,69920,90728,92324,102566,101824,71476,77577,50391,61655,14396,24633,817978,770520,70348,67858,182468,175560,44435,38,52
2021-09-15T23:59:59+02:00,9241,8583,57332,54015,64026,59763,73225,74300,94701,96889,106424,105533,73465,79758,51792,63414,14924,25663,52039,49096,60083,55258,69382,69816,90626,92245,102458,101735,71429,77520,50357,61617,14386,24622,816226,769438,70329,67841,182464,175548,44035,38,52
2021-09-14T23:59:59+02:00,9132,8477,57142,53782,63845,59575,73080,74122,94570,96733,106299,105433,73393,79693,51762,63364,14906,25641,51867,48897,59931,55117,69260,69696,90517,92118,102366,101643,71377,77459,50329,61572,14379,24609,814469,768112,70317,67828,182444,175513,43725,37,52
2021-09-13T23:59:59+02:00,9070,8410,56919,53577,63688,59381,72922,73952,94418,96580,106162,105303,73339,79642,51723,63317,14886,25612,51697,48733,59804,54986,69179,69604,90398,92029,102270,101571,71331,77418,50300,61530,14367,24598,812769,767053,70306,67815,182429,175485,43403,37,52
2021-09-12T23:59:59+02:00,9025,8382,56799,53490,63600,59286,72845,73866,94345,96514,106099,105235,73311,79617,51708,63294,14881,25605,51565,48623,59704,54886,69104,69527,90323,91964,102197,101501,71295,77388,50285,61505,14362,24585,812050,766245,70289,67801,182412,175460,43157,37,51
2021-09-11T23:59:59+02:00,9021,8373,56781,53467,63582,59273,72833,73853,94340,96500,106094,105230,73310,79616,51708,63294,14881,25605,51545,48603,59683,54874,69089,69516,90315,91949,102195,101496,71291,77386,50285,61505,14362,24583,811972,766196,70282,67757,182409,175458,43104,37,51
2021-09-10T23:59:59+02:00,8949,8313,56619,53321,63468,59153,72725,73748,94221,96384,106017,105169,73274,79580,51695,63268,14877,25600,51418,48538,59620,54811,69026,69469,90250,91892,102159,101458,71270,77370,50276,61495,14358,24577,810856,765733,70250,67702,182403,175455,42878,37,51
2021-09-09T23:59:59+02:00,8878,8249,56420,53129,63304,58970,72568,73604,94074,96246,105892,105075,73216,79518,51664,63234,14873,25587,51235,48372,59465,54679,68893,69342,90131,91786,102043,101366,71226,77325,50248,61466,14352,24561,809509,764676,70229,67652,182384,175433,42385,36,51
2021-09-08T23:59:59+02:00,8794,8172,56241,52957,63153,58789,72425,73452,93918,96116,105797,104966,73149,79456,51635,63180,14868,25572,51059,48207,59340,54541,68768,69190,90007,91680,101959,101266,71173,77269,50221,61424,14348,24544,808116,763519,70202,67601,182348,175410,41978,36,51
2021-09-07T23:59:59+02:00,8706,8112,56077,52802,63036,58649,72308,73321,93812,96015,105690,104865,73096,79408,51609,63140,14861,25550,50890,48044,59211,54396,68646,69074,89901,91565,101860,101166,71126,77224,50198,61398,14344,24525,806855,762307,70197,67587,182344,175388,41665,36,51
2021-09-06T23:59:59+02:00,8643,8046,55928,52633,62898,58493,72205,73190,93711,95904,105610,104777,73044,79359,51577,63110,14850,25534,50741,47903,59073,54247,68530,68954,89820,91469,101764,101081,71077,77176,50174,61369,14337,24514,805639,761182,70170,67544,182311,175366,41395,36,51
2021-09-05T23:59:59+02:00,8614,8008,55860,52539,62835,58434,72158,73133,93662,95854,105583,104733,73019,79336,51567,63090,14843,25528,50649,47820,59007,54183,68471,68895,89776,91412,101723,101031,71056,77147,50160,61352,14331,24505,805115,760562,70161,67534,182290,175346,41233,36,51
2021-09-04T23:59:59+02:00,8607,8003,55840,52530,62826,58425,72150,73125,93655,95850,105580,104727,73018,79335,51567,63090,14843,25528,50635,47805,58991,54169,68467,68886,89769,91407,101719,101027,71055,77145,50159,61352,14331,24505,805056,760497,70158,67529,182289,175345,41199,36,51
2021-09-03T23:59:59+02:00,8541,7934,55708,52443,62753,58328,72071,73045,93577,95787,105510,104666,72988,79301,51548,63059,14836,25518,50520,47710,58912,54102,68406,68814,89708,91346,101654,100974,71027,77112,50137,61326,14328,24496,804135,759713,70150,67511,182282,175336,41049,36,51
2021-09-02T23:59:59+02:00,8448,7839,55516,52287,62628,58223,71977,72916,93458,95672,105405,104581,72931,79246,51517,63012,14825,25498,50295,47540,58768,53983,68302,68697,89573,91238,101537,100875,70969,77065,50113,61298,14320,24480,803001,758548,70107,67470,182268,175287,40604,36,51
2021-09-01T23:59:59+02:00,8372,7746,55366,52141,62497,58091,71890,72792,93363,95581,105327,104510,72893,79202,51496,62977,14818,25480,50121,47332,58642,53843,68222,68585,89471,91135,101432,100781,70928,77022,50086,61257,14313,24464,801888,757316,70085,67431,182255,175234,40315,36,51
2021-08-31T23:59:59+02:00,8264,7652,55205,51986,62391,57977,71813,72692,93278,95498,105245,104431,72852,79161,51474,62948,14808,25466,49914,47131,58523,53704,68108,68462,89373,91030,101322,100702,70882,76969,50064,61221,14301,24447,800815,755953,70077,67415,182246,175209,40004,36,51
2021-08-30T23:59:59+02:00,8188,7572,55024,51821,62279,57849,71698,72575,93154,95369,105125,104336,72801,79119,51457,62914,14786,25443,49717,46919,58401,53565,68009,68351,89255,90917,101208,100593,70830,76934,50037,61192,14287,24430,799621,754750,70037,67349,182213,175153,39639,36,51
2021-08-29T23:59:59+02:00,8147,7526,54934,51742,62221,57771,71630,72527,93102,95305,105077,104301,72781,79097,51442,62898,14780,25434,49599,46816,58312,53465,67937,68276,89200,90856,101147,100540,70803,76918,50023,61179,14281,24427,799095,754092,70035,67339,182203,175109,39382,36,51
2021-08-28T23:59:59+02:00,8129,7512,54895,51704,62191,57750,71603,72510,93084,95289,105063,104290,72776,79095,51440,62894,14780,25434,49561,46797,58286,53449,67916,68262,89180,90833,101140,100527,70797,76914,50021,61177,14281,24427,798889,753945,70034,67332,182201,175109,39315,36,51
2021-08-27T23:59:59+02:00,8046,7434,54713,51566,62077,57613,71506,72387,92962,95168,104952,104204,72731,79045,51417,62858,14768,25428,49435,46712,58207,53367,67834,68190,89102,90766,101082,100479,70761,76879,50007,61166,14279,24427,797572,753240,70029,67326,182190,175101,39084,36,51
2021-08-26T23:59:59+02:00,7982,7361,54552,51419,61954,57502,71408,72279,92859,95040,104846,104123,72689,78993,51394,62838,14763,25414,49273,46556,58085,53262,67734,68095,88998,90687,101013,100410,70720,76843,49983,61144,14274,24417,796518,752410,70019,67287,182180,175068,38697,36,51
2021-08-25T23:59:59+02:00,7919,7308,54408,51269,61843,57350,71302,72163,92752,94939,104744,104037,72630,78942,51366,62802,14750,25400,49077,46365,57960,53122,67616,67971,88885,90573,100912,100320,70663,76795,49956,61104,14267,24402,795514,751275,69993,67254,182169,175030,38246,36,51
2021-08-24T23:59:59+02:00,7810,7219,54268,51065,61717,57213,71196,72034,92635,94819,104639,103939,72577,78895,51331,62757,14742,25384,48857,46142,57822,52951,67507,67836,88783,90480,100821,100238,70625,76742,49931,61078,14263,24385,794114,749877,69976,67232,182159,175008,37989,36,51
2021-08-23T23:59:59+02:00,7748,7145,54085,50892,61585,57090,71082,71923,92509,94712,104541,103840,72525,78835,51297,62715,14735,25373,48673,45968,57705,52825,67401,67739,88680,90389,100734,100159,70584,76691,49903,61039,14259,24373,792906,748859,69946,67206,182144,174953,37634,36,51
2021-08-22T23:59:59+02:00,7720,7119,54002,50814,61532,57027,71042,71870,92466,94670,104499,103811,72504,78819,51288,62702,14734,25367,48554,45859,57615,52732,67326,67679,88609,90331,100692,100117,70555,76667,49888,61021,14256,24366,792483,748180,69938,67198,182123,174903,37440,36,51
2021-08-21T23:59:59+02:00,7714,7116,53975,50799,61513,57016,71026,71856,92453,94652,104489,103801,72499,78817,51288,62701,14734,25366,48534,45842,57594,52725,67308,67660,88591,90316,100682,100107,70554,76664,49888,61020,14256,24366,792412,748090,69895,67179,182119,174897,37387,36,51
2021-08-20T23:59:59+02:00,7683,7079,53885,50723,61439,56955,70956,71793,92388,94589,104436,103765,72474,78789,51276,62675,14726,25355,48441,45767,57523,52662,67239,67604,88533,90256,100622,100069,70531,76641,49882,61004,14247,24362,791869,747573,69823,67166,182116,174873,37176,36,51
2021-08-19T23:59:59+02:00,7617,6999,53752,50600,61289,56839,70839,71686,92273,94500,104341,103675,72425,78733,51247,62635,14717,25335,48309,45664,57407,52569,67149,67526,88442,90177,100524,100003,70498,76613,49862,60980,14243,24353,790832,746929,69787,67132,182099,174828,36782,36,51
2021-08-18T23:59:59+02:00,7542,6943,53604,50463,61162,56728,70728,71594,92164,94412,104239,103592,72366,78680,51212,62599,14707,25314,48190,45537,57289,52471,67059,67452,88324,90088,100446,99927,70450,76571,49840,60952,14235,24336,789830,746202,69758,67093,182088,174776,36371,36,51
2021-08-17T23:59:59+02:00,7459,6862,53441,50299,61054,56603,70612,71473,92059,94307,104132,103492,72315,78637,51184,62573,14699,25303,47997,45359,57157,52332,66938,67345,88194,89992,100336,99830,70394,76522,49815,60931,14228,24324,788752,745170,69737,67059,182083,174721,35930,36,51
2021-08-16T23:59:59+02:00,7387,6799,53311,50168,60957,56489,70512,71378,91965,94202,104039,103392,72271,78586,51155,62528,14691,25295,47857,45241,57049,52262,66843,67260,88093,89905,100249,99736,70347,76481,49788,60900,14220,24319,787879,744542,69689,66995,182068,174654,35487,36,50
2021-08-15T23:59:59+02:00,7338,6759,53233,50087,60889,56419,70446,71318,91907,94151,103984,103344,72236,78557,51147,62512,14687,25286,47751,45145,56957,52174,66774,67198,88015,89840,100194,99689,70309,76444,49774,60879,14215,24307,787406,744054,69675,66966,182055,174573,35162,36,49
2021-08-14T23:59:59+02:00,7316,6743,53160,50017,60840,56375,70410,71271,91870,94112,103945,103308,72215,78549,51138,62501,14685,25283,47512,44871,56790,51986,66621,67044,87881,89718,100078,99582,70259,76401,49763,60856,14211,24302,786922,742222,69668,66960,182055,174562,35091,36,49
2021-08-13T23:59:59+02:00,7275,6707,53050,49921,60755,56295,70357,71202,91794,94056,103894,103263,72192,78527,51126,62490,14683,25276,47008,44372,56549,51718,66391,66789,87608,89465,99881,99377,70172,76299,49724,60796,14205,24281,786168,738741,69664,66950,182055,174488,34974,36,49
2021-08-12T23:59:59+02:00,7244,6680,52949,49850,60696,56216,70283,71152,91723,93997,103833,103217,72158,78495,51112,62474,14681,25262,46509,43927,56273,51416,66130,66567,87348,89241,99530,99101,70057,76160,49665,60732,14194,24252,785730,735687,69639,66894,182039,174034,34612,36,48
2021-08-11T23:59:59+02:00,7178,6611,52782,49681,60565,56097,70199,71058,91615,93893,103733,103110,72098,78430,51080,62432,14674,25246,45832,43308,55902,51034,65868,66270,87053,88976,99193,98733,69917,76014,49604,60629,14182,24223,784555,731572,69618,66857,182030,173599,34277,36,48
2021-08-10T23:59:59+02:00,7101,6527,52583,49494,60420,55977,70092,70936,91490,93763,103609,103005,72046,78373,51049,62401,14666,25237,44875,42401,55231,50380,65372,65816,86593,88491,98699,98276,69712,75815,49504,60528,14161,24184,783195,725301,69609,66806,182024,173096,33938,36,48
2021-08-09T23:59:59+02:00,7058,6480,52472,49403,60343,55902,70034,70876,91422,93691,103538,102946,72003,78337,51043,62385,14662,25229,43868,41337,54517,49690,64897,65384,86148,88057,98182,97807,69522,75591,49411,60402,14133,24144,782630,718837,69539,66727,182013,172533,33639,36,48
2021-08-08T23:59:59+02:00,7013,6440,52408,49335,60303,55870,69996,70851,91365,93644,103485,102906,71982,78315,51029,62364,14656,25224,43812,41274,54454,49644,64834,65346,86076,88000,98115,97757,69496,75561,49388,60375,14125,24137,782348,718549,69532,66711,181999,172450,33302,36,48
2021-08-07T23:59:59+02:00,6974,6399,52298,49208,60225,55794,69938,70786,91295,93582,103435,102858,71965,78298,51020,62358,14656,25223,42845,40251,53899,49072,64398,64941,85701,87602,97795,97410,69353,75418,49332,60293,14108,24119,781563,712178,69528,66694,181999,172442,33217,36,46
2021-08-06T23:59:59+02:00,6931,6338,52163,49081,60152,55728,69872,70704,91215,93506,103375,102801,71942,78275,51009,62339,14654,25219,42164,39638,53656,48805,64175,64700,85466,87380,97566,97209,69269,75327,49290,60252,14102,24106,780691,708563,69524,66612,181998,172305,33086,36,46
2021-08-05T23:59:59+02:00,6821,6231,51911,48858,59976,55539,69731,70559,91053,93360,103233,102665,71881,78212,50981,62299,14641,25200,41329,38942,53136,48345,63802,64352,85009,86980,96943,96691,69082,75143,49224,60154,14083,24075,779075,704017,69471,66561,181965,171176,32634,36,46
2021-08-04T23:59:59+02:00,6732,6146,51715,48626,59829,55361,69618,70408,90917,93246,103114,102548,71820,78150,50955,62253,14630,25171,40485,38154,52766,47942,63480,64032,84637,86653,96531,96284,68919,74971,49147,60056,14067,24041,777668,699424,69436,66542,181951,170389,32178,36,46
2021-08-03T23:59:59+02:00,6659,6089,51546,48489,59704,55232,69527,70317,90818,93147,103017,102467,71767,78115,50935,62227,14622,25155,39487,37208,51971,47258,62937,63499,84119,86169,95817,95654,68675,74755,49055,59939,14046,23996,776634,693174,69427,66519,181944,169207,31822,36,46
2021-08-02T23:59:59+02:00,6611,6046,51411,48350,59613,55153,69443,70248,90763,93074,102938,102405,71728,78074,50914,62204,14615,25142,38214,36045,51006,46447,62220,62911,83513,85603,95017,94953,68421,74498,48967,59805,14025,23957,775939,685539,69380,66468,181916,167895,31491,36,46
2021-08-01T23:59:59+02:00,6569,5991,51241,48188,59459,55038,69350,70134,90655,92983,102850,102312,71687,78037,50892,62164,14610,25126,38029,35911,50846,46347,62089,62818,83335,85461,94564,94550,68304,74388,48928,59756,14014,23937,774892,684894,69351,66409,181898,166585,31139,36,45
2021-07-31T23:59:59+02:00,6526,5957,51147,48067,59404,54966,69301,70090,90616,92953,102823,102288,71676,78025,50884,62160,14610,25123,36419,34399,49935,45478,61552,62251,82831,84948,94083,94116,68115,74183,48849,59661,13996,23904,774282,675732,69347,66400,181898,166470,31083,36,45
2021-07-30T23:59:59+02:00,6490,5904,50997,47926,59322,54885,69232,70031,90542,92873,102767,102250,71659,78001,50875,62137,14607,25119,34958,32994,48963,44526,60820,61560,82146,84327,93400,93540,67881,73946,48745,59511,13977,23873,773520,666197,69322,66389,181892,166165,30877,36,45
2021-07-29T23:59:59+02:00,6375,5784,50567,47557,59107,54615,69040,69841,90353,92685,102604,102112,71584,77919,50842,62082,14592,25101,34222,32378,48338,44077,60417,61205,81722,83976,92627,92864,67686,73788,48682,59424,13957,23842,771203,662329,69268,66243,181849,164519,30434,36,45
2021-07-28T23:59:59+02:00,6303,5720,50312,47363,58975,54460,68912,69745,90225,92561,102497,102018,71528,77862,50815,62042,14583,25084,33897,32083,48018,43838,60186,60981,81543,83804,92388,92664,67612,73721,48649,59391,13944,23832,769885,660621,69235,66154,181822,163997,30057,36,44
2021-07-27T23:59:59+02:00,6251,5673,50149,47223,58833,54364,68819,69656,90123,92451,102389,101941,71483,77809,50785,62008,14575,25070,32429,30678,46744,42744,59353,60186,80938,83272,91365,91816,67335,73436,48561,59264,13912,23791,768979,651951,69209,66083,181798,162201,29610,36,44
2021-07-26T23:59:59+02:00,6228,5644,50030,47134,58735,54276,68742,69603,90036,92390,102324,101890,71443,77772,50761,61988,14569,25061,31060,29418,45422,41618,58251,59199,80228,82637,90199,90786,67027,73163,48469,59147,13888,23749,768443,642865,69143,65988,181760,159905,29275,35,44
2021-07-25T23:59:59+02:00,6208,5627,49916,47029,58645,54210,68678,69544,89971,92332,102264,101842,71409,77736,50743,61965,14566,25051,30853,29261,45148,41422,57995,58968,79956,82429,89237,89931,66820,72990,48401,59074,13876,23725,768030,641679,69131,65869,181734,157449,28837,34,44
2021-07-24T23:59:59+02:00,6173,5598,49796,46941,58576,54148,68630,69488,89925,92289,102223,101801,71403,77729,50740,61962,14565,25047,29255,27669,43992,40335,57297,58253,79336,81855,88593,89364,66640,72799,48330,58972,13862,23701,767424,631604,69122,65852,181726,157309,28758,34,44
2021-07-23T23:59:59+02:00,6088,5511,49622,46763,58481,54044,68521,69385,89820,92185,102133,101705,71367,77672,50719,61931,14561,25041,27557,26148,42731,39245,56364,57364,78644,81239,87884,88700,66370,72527,48252,58871,13841,23671,766046,621035,69118,65686,181707,156837,28674,34,44
2021-07-22T23:59:59+02:00,5948,5398,49325,46478,58281,53839,68349,69218,89636,92032,101978,101571,71300,77589,50677,61880,14550,25022,26735,25319,41819,38431,55420,56535,77900,80612,86218,87192,65994,72127,48142,58740,13810,23619,764107,612538,69073,65184,181676,155365,28211,34,44
2021-07-21T23:59:59+02:00,5672,5115,48792,45950,57978,53526,68117,68940,89357,91784,101708,101304,71172,77459,50617,61815,14541,24996,26479,25095,41398,38149,54979,56144,77530,80330,85409,86586,65827,71999,48086,58674,13792,23594,760498,610564,69048,64905,181653,153589,27640,34,44
2021-07-20T23:59:59+02:00,5595,5041,48506,45671,57808,53318,67940,68795,89177,91629,101542,101160,71096,77392,50578,61768,14532,24968,25302,23940,40103,37115,53635,54940,76625,79556,84045,85241,65520,71657,47978,58537,13764,23548,758812,600151,69041,64750,181609,152006,27050,34,44
2021-07-19T23:59:59+02:00,5515,4955,48180,45344,57587,53109,67775,68592,88988,91451,101392,100999,71023,77310,50535,61717,14523,24939,24471,23102,38791,35993,51905,53442,75359,78501,82932,84260,65225,71401,47878,58419,13739,23508,757009,590107,69031,64604,181580,150214,26310,34,44
2021-07-18T23:59:59+02:00,5507,4954,48108,45287,57490,53030,67704,68518,88895,91384,101320,100935,70987,77268,50509,61684,14521,24927,24333,23003,38520,35771,51572,53152,75107,78305,82029,83491,65033,71222,47821,58346,13734,23486,756732,589042,69008,64441,181539,147985,25745,34,44
2021-07-17T23:59:59+02:00,5480,4917,48008,45209,57416,52970,67643,68461,88834,91323,101276,100916,70979,77253,50504,61677,14521,24926,22944,21540,37131,34466,50328,51960,74503,77748,81394,82894,64904,71074,47754,58284,13725,23466,756169,578156,69003,64415,181532,147846,25604,34,44
2021-07-16T23:59:59+02:00,5377,4838,47766,44977,57292,52865,67526,68347,88695,91226,101169,100812,70933,77201,50481,61658,14515,24920,21686,20300,35834,33219,48872,50639,73491,76813,80693,82234,64684,70851,47672,58183,13706,23434,754714,566510,69001,64352,181525,147643,25353,34,44
2021-07-15T23:59:59+02:00,5235,4709,47366,44651,57082,52669,67333,68161,88483,91025,100981,100644,70835,77100,50432,61584,14506,24891,21080,19799,34906,32520,47634,49691,72305,75894,78540,80098,64084,70253,47528,58004,13687,23371,752646,557150,68984,63322,181478,145801,24566,34,44
2021-07-14T23:59:59+02:00,4861,4385,46774,44076,56848,52403,67125,67958,88269,90784,100763,100447,70728,76990,50364,61501,14494,24867,20873,19653,34644,32360,47261,49388,71773,75502,77874,79562,63760,69977,47444,57920,13664,23337,749195,555339,68968,63135,181426,143898,24035,34,42
2021-07-13T23:59:59+02:00,4770,4304,46574,43922,56683,52245,66963,67810,88111,90657,100617,100320,70655,76927,50326,61454,14490,24851,20310,19120,33618,31539,45640,47933,70013,73839,76269,78002,63385,69585,47315,57748,13635,23285,747828,544405,68951,62364,181352,142279,23535,34,42
2021-07-12T23:59:59+02:00,4705,4226,46386,43731,56531,52103,66808,67683,87938,90518,100460,100179,70579,76839,50288,61398,14483,24833,19833,18684,32831,30916,43976,46476,67631,71766,74376,76498,62855,68998,47170,57586,13607,23234,746554,533297,68928,61795,181252,139706,22941,34,42
2021-07-11T23:59:59+02:00,4700,4223,46315,43678,56468,52053,66757,67644,87876,90465,100388,100118,70541,76796,50278,61383,14480,24819,19624,18541,32480,30668,43527,46100,67169,71407,73597,75798,62455,68618,47098,57496,13591,23201,746404,531498,68917,61469,181187,137231,22461,34,42
2021-07-10T23:59:59+02:00,4574,4087,46031,43371,56282,51856,66607,67467,87742,90325,100286,100011,70485,76739,50257,61357,14477,24810,19060,17990,31536,29805,41776,44519,65685,70125,72961,75177,62290,68469,47045,57444,13584,23187,744303,520878,68911,61453,181175,137185,22362,34,42
2021-07-09T23:59:59+02:00,4445,3969,45756,43119,56114,51661,66445,67302,87590,90160,100153,99906,70432,76666,50221,61316,14472,24798,18468,17416,30562,28842,39822,42589,63387,67998,71801,74037,62017,68144,46969,57319,13567,23162,742247,507179,68897,61072,181169,136779,22199,34,42
2021-07-08T23:59:59+02:00,4416,3943,45611,43005,55988,51543,66313,67202,87465,90038,100033,99808,70378,76612,50199,61277,14461,24784,17525,16609,29158,27807,38101,41134,61255,66176,68442,70880,61118,67169,46723,56977,13522,23067,741513,491902,68837,58991,181098,134199,21608,33,42
2021-07-07T23:59:59+02:00,4404,3937,45545,42963,55904,51489,66230,67158,87413,89997,99989,99757,70363,76590,50190,61259,14457,24774,16564,15755,27765,26794,36574,39903,59635,64720,65211,67402,60100,66127,46487,56656,13472,22995,741209,476597,68790,57078,181046,132050,21341,33,42
2021-07-06T23:59:59+02:00,4352,3889,45399,42835,55778,51347,66125,67049,87304,89904,99908,99673,70325,76532,50172,61231,14454,24760,15793,15014,26686,25885,34727,38190,56233,61696,62559,64942,59346,65338,46214,56321,13431,22892,740076,458690,68770,56260,180987,129920,21172,32,42
2021-07-05T23:59:59+02:00,4289,3844,45222,42659,55626,51244,66001,66940,87187,89810,99823,99575,70262,76467,50150,61204,14451,24745,15134,14387,25736,25068,33494,37056,53131,58721,59783,62475,58507,64526,45961,56009,13386,22814,738887,442599,68732,55904,180907,127433,20941,32,42
2021-07-04T23:59:59+02:00,4280,3838,45175,42627,55560,51211,65958,66914,87148,89778,99791,99547,70238,76446,50144,61189,14445,24734,14929,14183,25297,24712,32896,36528,52465,58192,58797,61610,57845,63894,45777,55804,13367,22765,738692,438520,68700,55699,180837,124731,20762,32,41
2021-07-03T23:59:59+02:00,4060,3660,44641,42063,55243,50834,65661,66637,86902,89517,99591,99351,70165,76374,50121,61143,14441,24722,14643,13861,24943,24357,31918,35607,50719,56644,57928,60874,57671,63696,45710,55719,13355,22740,734880,429940,68685,55681,180831,124683,20698,32,41
2021-07-02T23:59:59+02:00,3751,3373,43988,41468,54917,50497,65378,66333,86628,89264,99355,99125,70061,76261,50069,61073,14435,24705,14225,13412,24247,23750,30759,34538,48086,54474,55792,59084,57276,63265,45550,55560,13339,22702,730539,417420,68668,54630,180818,123952,20625,31,26
2021-07-01T23:59:59+02:00,3613,3263,43633,41117,54715,50322,65218,66169,86474,89124,99201,99005,69990,76193,50038,61039,14427,24690,13536,12727,22945,22668,29080,33024,46072,52729,53297,56802,55852,61690,45056,54944,13266,22575,728394,403879,68604,52316,180768,120119,20434,31,25
2021-06-30T23:59:59+02:00,3602,3246,43369,40920,54531,50188,65101,66072,86381,89057,99131,98952,69963,76169,50026,61017,14423,24679,12791,12125,21776,21769,27491,31654,44219,51012,49660,52840,54523,60355,44700,54506,13210,22447,727249,388114,68552,50413,180747,116686,20249,30,25
2021-06-29T23:59:59+02:00,3385,3026,42453,40085,53924,49587,64661,65644,85970,88605,98784,98625,69838,76020,49969,60946,14403,24648,12190,11518,20977,21001,26125,30446,41594,48599,47787,51292,53553,59244,44293,53968,13116,22294,721270,376069,68500,48888,180731,113302,20042,30,24
2021-06-28T23:59:59+02:00,3167,2846,41496,39086,53258,48935,64197,65253,85588,88216,98451,98281,69698,75860,49904,60846,14385,24625,11688,11067,20319,20410,25155,29548,39500,46659,46162,49926,52444,58197,43931,53460,13036,22173,715103,366580,68389,47852,180722,109624,19848,30,24
2021-06-27T23:59:59+02:00,3162,2843,41459,39054,53212,48900,64159,65219,85536,88180,98398,98254,69679,75847,49895,60832,14380,24622,11494,10873,19993,20093,24577,28986,38474,45809,44997,48832,51411,57184,43497,52953,12954,22030,714894,361973,68360,47408,180686,105309,19661,30,24
2021-06-26T23:59:59+02:00,2680,2370,40064,37684,52487,48155,63607,64655,85050,87661,97973,97821,69488,75672,49822,60728,14361,24599,11379,10770,19823,19938,24378,28768,37994,45370,44629,48479,51297,57039,43451,52905,12949,22015,706178,359013,68333,47403,180686,105291,19650,30,24
2021-06-25T23:59:59+02:00,2273,2037,39210,36872,52135,47796,63278,64330,84769,87351,97721,97554,69384,75556,49775,60666,14346,24577,11080,10460,19441,19512,23851,28145,35305,43066,42443,46564,50959,56660,43353,52774,12925,21984,701106,347437,68197,46957,180679,104641,19618,30,24
2021-06-24T23:59:59+02:00,2219,1985,38721,36411,51784,47468,63061,64121,84535,87158,97533,97397,69302,75490,49740,60620,14340,24561,10482,9876,18378,18634,22427,26889,33206,41227,40010,44269,49477,55009,42783,52073,12808,21781,698159,334551,68168,44354,180658,101088,19431,30,24
2021-06-23T23:59:59+02:00,2206,1960,38490,36179,51621,47299,62947,64010,84437,87063,97456,97313,69271,75459,49722,60599,14336,24550,10027,9445,17752,18078,21498,26031,31274,39594,36041,39807,48184,53645,42397,51566,12728,21615,696923,319023,68136,43732,180642,97780,19189,28,24
2021-06-22T23:59:59+02:00,2127,1899,37504,35251,50870,46626,62465,63562,84061,86652,97092,97001,69122,75316,49655,60518,14323,24517,9555,9012,16882,17390,20274,24951,28148,36827,33735,37930,47226,52673,41987,51009,12588,21381,690781,306840,68091,40991,180629,94711,19032,28,23
2021-06-21T23:59:59+02:00,1980,1760,36152,34028,49849,45758,61744,62900,83565,86180,96652,96596,68953,75145,49589,60423,14311,24482,9236,8714,16421,17026,19648,24472,26402,35261,32197,36636,46176,51593,41534,50460,12481,21189,682822,299480,68063,40348,180614,91072,18541,27,23
2021-06-20T23:59:59+02:00,1969,1751,36065,33975,49706,45637,61607,62765,83485,86122,96583,96537,68919,75117,49574,60405,14311,24471,9088,8611,16203,16858,19332,24214,25585,34607,31254,35686,45981,51390,41503,50408,12472,21169,682187,295693,68024,39756,180596,90740,18165,27,23
2021-06-19T23:59:59+02:00,1601,1451,34447,32426,48796,44817,61118,62260,83014,85645,96174,96183,68770,74951,49508,60323,14296,24447,9048,8536,16099,16735,19212,24061,25480,34448,31124,35544,45885,51294,41485,50383,12468,21159,673460,294351,68007,39753,180589,90704,18144,27,23
2021-06-18T23:59:59+02:00,1405,1278,32798,30837,47589,43627,60180,61341,82208,84898,95558,95605,68551,74729,49419,60184,14280,24417,8973,8451,15940,16580,19024,23868,25227,34209,30841,35224,45591,50947,41401,50306,12455,21145,662321,292157,67873,39638,180588,90283,18095,27,23
2021-06-17T23:59:59+02:00,1330,1220,31873,29994,46722,42918,59373,60491,81466,84252,95146,95221,68408,74585,49377,60108,14266,24388,8431,8085,15250,16024,18196,23042,24124,33083,29360,33862,44266,49444,40916,49694,12335,20957,655384,283212,67759,38811,180556,87625,17412,27,23
2021-06-16T23:59:59+02:00,1247,1156,31182,29292,45919,42172,58448,59613,80688,83480,94723,94842,68270,74425,49320,60016,14246,24362,7943,7759,14635,15509,17418,22314,22983,32128,28181,32753,42371,47326,40370,49115,12227,20772,648313,273468,67635,38211,180536,85226,16890,27,23
2021-06-15T23:59:59+02:00,1105,1037,29290,27502,44171,40650,56860,57975,79301,82160,93965,94171,67983,74132,49206,59859,14213,24297,7768,7632,14326,15269,17057,22012,22465,31743,27649,32324,41434,46310,39986,48689,12103,20552,633359,270396,67587,37704,180498,82802,16406,27,23
2021-06-14T23:59:59+02:00,1012,923,27740,26032,42570,39135,55207,56325,78199,81050,93271,93543,67733,73891,49111,59738,14193,24253,7585,7459,13952,14935,16531,21566,21773,31159,26970,31730,41049,45886,39602,48239,11972,20348,620125,267718,67533,37289,180469,79965,15772,27,22
2021-06-13T23:59:59+02:00,988,898,27541,25852,42186,38802,54663,55804,77853,80743,93078,93353,67643,73811,49074,59680,14178,24228,7443,7291,13679,14641,16143,21166,21345,30668,26432,31227,40651,45482,39140,47674,11793,20063,617426,265624,67392,37220,180441,76893,15089,27,22
2021-06-12T23:59:59+02:00,859,784,26027,24260,41022,37722,53990,55071,77320,80249,92527,92827,67488,73634,49005,59603,14165,24207,7398,7241,13557,14533,16011,21053,21161,30522,26314,31128,40634,45465,39130,47663,11793,20062,607885,264844,67386,37218,180435,76564,15027,27,22
2021-06-11T23:59:59+02:00,745,675,24409,22737,39671,36530,52760,53862,76351,79397,91953,92251,67253,73399,48943,59495,14146,24172,7342,7153,13385,14346,15794,20857,20889,30261,26043,30871,40328,45089,39045,47548,11776,20033,596122,262949,67306,37073,180426,75858,14868,27,22
2021-06-10T23:59:59+02:00,644,585,23412,21729,38451,35348,51155,52358,75034,78201,90347,90705,66898,73003,48816,59321,14121,24117,7061,6928,12859,13910,15155,20285,20128,29505,25252,30195,39623,44228,38693,47130,11662,19849,583225,259485,66824,37039,180372,72130,13797,27,22
2021-06-09T23:59:59+02:00,574,536,22958,21341,37791,34825,50046,51312,73789,77005,89756,90199,66771,72858,48766,59236,14106,24087,6788,6619,12267,13306,14370,19474,19211,28480,24267,29032,37056,41309,38129,46485,11514,19610,576052,249161,66363,36966,180333,68597,13181,27,22
2021-06-08T23:59:59+02:00,468,425,21440,19876,36182,33462,47931,49353,71647,75067,88281,88720,66455,72473,48631,59075,14073,24043,6657,6445,11883,12935,13886,18985,18607,27879,23711,28495,36772,41054,37838,46118,11405,19453,558674,247503,66087,36888,180299,65205,12515,27,22
2021-06-07T23:59:59+02:00,353,331,20433,18903,34637,32133,45656,47331,69512,73190,87305,87872,66231,72207,48557,58940,14053,24007,6502,6284,11458,12584,13343,18501,17879,27290,23078,27897,36452,40750,37420,45637,11292,19254,543495,245510,65916,36818,180246,61314,11967,27,22
2021-06-06T23:59:59+02:00,330,310,20253,18757,34242,31848,45048,46757,68893,72705,87094,87705,66175,72146,48545,58913,14046,23995,6370,6109,11130,12169,12914,17929,17242,26480,22382,27088,35985,40274,36938,45084,11136,18985,540373,243062,65589,36769,180203,56803,11570,27,21
2021-06-05T23:59:59+02:00,258,245,19006,17491,32910,30634,43821,45583,68318,72187,86562,87195,66084,72044,48497,58864,14039,23983,6319,6028,11026,12006,12789,17751,17072,26269,22211,26899,35921,40197,36916,45060,11134,18980,530374,242459,65589,36356,180182,56203,11549,27,21
2021-06-04T23:59:59+02:00,177,175,17812,16340,31601,29341,42268,44086,66973,70871,85752,86442,65897,71830,48420,58772,14023,23954,6216,5886,10852,11796,12575,17495,16716,25884,21691,26461,35035,39342,36601,44760,11117,18957,517533,240617,65522,36029,180175,53251,11477,27,20
2021-06-03T23:59:59+02:00,122,122,17172,15766,30615,28514,40809,42791,65198,69340,83503,84157,65471,71377,48292,58610,14005,23916,6046,5677,10542,11441,12257,17029,16265,25223,21143,25882,34371,38552,36425,44557,11084,18907,503740,238283,64825,35642,180136,50415,11052,27,19
2021-06-02T23:59:59+02:00,93,79,16829,15455,30305,28249,40145,42170,63608,67948,82562,83355,65330,71214,48232,58526,14002,23901,5929,5586,10367,11282,12027,16813,15973,24917,20797,25489,31123,34925,36197,44334,11055,18854,496232,229583,64822,35311,180135,49977,10787,27,19
2021-06-01T23:59:59+02:00,37,44,16037,14783,28805,27144,37782,40109,60042,64763,80130,81032,64981,70850,48104,58336,13968,23847,5655,5306,9849,10848,11490,16219,15308,24121,20060,24733,30780,34628,36001,44157,11026,18792,477867,228121,63265,34806,180066,46467,9570,26,18
2021-05-31T23:59:59+02:00,29,36,15472,14304,27865,26442,35821,38444,56597,61734,78098,79329,64650,70494,47960,58161,13936,23795,5491,5098,9437,10482,11062,15738,14773,23437,19435,24028,30494,34374,35818,43965,10991,18735,462095,227441,62544,34419,179999,42985,8503,26,18
2021-05-30T23:59:59+02:00,27,33,15326,14178,27579,26210,35368,38034,55883,61113,77777,79056,64588,70436,47935,58126,13932,23784,5388,4902,9109,10120,10650,15251,14322,22635,18907,23258,29816,33658,35591,43772,10969,18673,459112,226976,62106,34339,179950,37505,8191,26,18
2021-05-29T23:59:59+02:00,25,32,14929,13785,26730,25394,33609,36442,54400,59817,77188,78490,64438,70287,47882,58073,13925,23770,5355,4827,9046,10007,10556,15133,14213,22486,18776,23119,29787,33635,35585,43764,10968,18670,448985,226493,62073,34339,179946,36899,8186,26,18
2021-05-28T23:59:59+02:00,22,31,14523,13384,25915,24649,31760,34679,52229,57810,76136,77494,64232,70034,47830,57996,13915,23747,5271,4709,8869,9863,10400,14959,14052,22249,18565,22818,29718,33588,35568,43747,10967,18665,437023,225820,61603,34333,179857,35968,7877,26,18
2021-05-27T23:59:59+02:00,18,26,13893,12917,24847,23932,30510,33751,50622,56434,73031,74505,63790,69496,47695,57834,13892,23692,5158,4474,8537,9523,9997,14528,13611,21617,18060,22219,29495,33384,35458,43635,10946,18637,424859,225172,59644,34262,179224,32703,7132,26,18
2021-05-26T23:59:59+02:00,17,24,13406,12494,23933,23288,29589,33048,49536,55508,70072,71314,63176,68886,47560,57663,13861,23646,5071,4311,8281,9206,9697,14139,13252,21015,17627,21619,29299,33218,35360,43530,10919,18585,414036,224558,57469,34144,178727,29654,6763,26,18
2021-05-25T23:59:59+02:00,17,19,13063,12197,23351,22883,28532,32187,46934,53271,67810,69188,62824,68519,47447,57514,13843,23592,4992,4190,8072,8944,9443,13761,12940,20494,17243,21069,29140,33063,35276,43425,10892,18530,402174,224007,56401,34063,178104,26908,6486,26,18
2021-05-24T23:59:59+02:00,16,18,12765,11914,22853,22500,27911,31734,44311,50838,65349,66997,62515,68219,47336,57388,13807,23535,4920,4081,7822,8711,9122,13376,12610,19980,16859,20512,28998,32922,35201,43353,10868,18483,390504,223428,55917,33996,177437,24262,6122,26,18
2021-05-23T23:59:59+02:00,16,18,12703,11845,22758,22415,27831,31655,44054,50611,64761,66448,62435,68131,47311,57370,13805,23533,4899,4066,7787,8680,9063,13342,12531,19919,16780,20457,28989,32909,35197,43346,10868,18481,388299,223146,55836,33989,177423,24053,6116,26,18
2021-05-22T23:59:59+02:00,16,18,12479,11607,22437,22107,26830,30765,42218,49035,63905,65707,62272,67940,47245,57279,13795,23510,4882,4011,7759,8616,9022,13277,12500,19833,16750,20389,28978,32899,35193,43340,10867,18480,379808,223054,55825,33989,177418,23655,6088,26,18
2021-05-21T23:59:59+02:00,16,17,12176,11356,21868,21666,26015,30073,39824,47140,61929,64038,62010,67667,47161,57191,13780,23484,4863,3984,7704,8530,8956,13188,12423,19740,16675,20304,28962,32873,35186,43330,10865,18479,369374,222858,54769,33974,177226,23204,6016,26,18
2021-05-20T23:59:59+02:00,15,17,11563,10783,20739,20772,24863,29043,38317,45861,59584,61964,61191,66766,46960,56932,13746,23428,4586,3806,7303,8239,8515,12793,11967,19228,16255,19784,28841,32777,35135,43277,10861,18469,358866,222452,52414,33863,175945,20218,5293,26,18
2021-05-19T23:59:59+02:00,15,17,11123,10470,19952,20220,24015,28443,37416,45177,56351,58327,60501,66063,46851,56797,13723,23381,4433,3645,7048,7996,8239,12464,11638,18797,15885,19361,28742,32665,35092,43201,10850,18454,348398,221968,50792,33745,174816,17977,4810,26,18
2021-05-18T23:59:59+02:00,15,17,10792,10183,19370,19769,23362,27882,36010,43949,54938,57198,60129,65636,46721,56635,13698,23356,4326,3518,6801,7762,7979,12179,11403,18394,15537,18931,28658,32573,35062,43160,10846,18447,343007,221676,48938,33663,173336,15874,4353,26,18
2021-05-17T23:59:59+02:00,14,16,10571,10002,18932,19479,22926,27571,34807,42956,53628,56162,59880,65389,46657,56536,13682,23323,4255,3432,6593,7545,7727,11884,11146,17998,15226,18525,28566,32485,35037,43119,10840,18434,338923,221377,47943,33595,171816,14007,3823,26,18
2021-05-16T23:59:59+02:00,14,15,10379,9873,18636,19275,22592,27330,34168,42496,52389,54990,59687,65224,46620,56482,13671,23303,4186,3358,6376,7379,7437,11631,10877,17646,14932,18161,28500,32423,35021,43101,10833,18430,336482,221126,47065,33533,170196,12247,3376,25,17
2021-05-15T23:59:59+02:00,14,15,10284,9773,18485,19128,22421,27185,33783,42127,51993,54612,59571,65078,46572,56437,13668,23287,4146,3322,6292,7314,7344,11528,10775,17527,14828,18031,28405,32305,34929,43008,10829,18425,334080,220038,47064,33531,170062,12228,3202,25,17
2021-05-14T23:59:59+02:00,13,15,10001,9569,18055,18885,22019,26898,31431,40348,49841,52755,59351,64849,46524,56352,13652,23265,4017,3239,6006,7150,7039,11304,10430,17176,14482,17704,27833,31599,34806,42816,10811,18396,324917,216748,47011,33525,169450,12105,2421,24,17
2021-05-13T23:59:59+02:00,13,15,9540,9200,17262,18323,21150,26217,30315,39358,47597,50582,58500,63875,46314,56069,13613,23192,3516,3045,5667,6897,6727,10995,10019,16786,14105,17270,26938,30400,34382,42298,10780,18334,316424,212154,45148,32969,167427,10914,2113,23,17
2021-05-12T23:59:59+02:00,13,15,9249,9006,16830,18066,20679,25928,29786,38972,44595,46938,57927,63233,46230,55955,13595,23167,3376,2957,5435,6786,6447,10849,9736,16577,13866,17006,26290,29577,34216,42105,10754,18301,307239,209123,44331,32943,167134,10746,1457,23,17
2021-05-11T23:59:59+02:00,13,13,8812,8727,16057,17548,19817,25308,28048,37530,42660,45436,57550,62787,46146,55820,13574,23139,3257,2826,5202,6444,6149,10436,9368,16020,13427,16445,24867,27907,33705,41477,10703,18213,301754,203142,41272,32760,164648,9248,1288,23,16
2021-05-10T23:59:59+02:00,13,12,8551,8574,15546,17293,19183,24987,27058,36840,41199,44291,57283,62514,46066,55716,13554,23108,3147,2701,4970,6209,5895,10112,9045,15543,13063,16023,23816,26576,33216,40894,10668,18156,298449,198487,40363,32732,161978,7832,976,22,14
2021-05-09T23:59:59+02:00,13,12,8395,8492,15239,17113,18800,24732,26392,36411,39420,42624,56987,62235,46011,55658,13546,23088,3027,2647,4789,6069,5727,9938,8848,15336,12895,15850,23541,26244,33071,40721,10658,18141,295476,197292,39989,32689,158976,6809,705,22,14
2021-05-08T23:59:59+02:00,13,12,8320,8419,15058,16967,18591,24532,26164,36173,39187,42433,56860,62085,45973,55621,13543,23077,3019,2628,4758,6033,5683,9892,8771,15270,12809,15780,23171,25818,32785,40408,10650,18125,293912,196102,39536,31980,158853,6806,705,22,14
2021-05-07T23:59:59+02:00,12,11,8146,8323,14731,16783,18203,24295,25741,35884,38731,42053,56586,61730,45924,55574,13536,23067,2719,2494,4409,5846,5413,9630,8455,14959,12413,15384,22072,24444,32135,39573,10622,18075,291369,192638,39104,30478,158525,5212,310,22,12
2021-05-06T23:59:59+02:00,11,11,7495,7966,13832,16184,17144,23440,24399,34770,36585,40388,55457,60409,45681,55267,13501,23001,2594,2381,4235,5650,5205,9326,8112,14518,11980,14930,20765,22767,31280,38564,10568,17961,280721,187018,37821,29519,156704,4021,273,22,12
2021-05-05T23:59:59+02:00,9,11,6957,7657,13048,15636,16107,22673,23012,33744,34755,38899,53618,58368,45360,54921,13468,22935,2507,2322,4060,5493,5014,9114,7765,14180,11611,14569,19375,20985,30086,37148,10528,17858,269251,180883,36899,28347,154912,3286,94,22,12
2021-05-04T23:59:59+02:00,9,10,6768,7565,12682,15459,15619,22403,22363,33398,33794,38201,52763,57405,45237,54793,13450,22893,2452,2252,3906,5324,4838,8860,7423,13772,11185,14110,17723,19058,28988,35816,10431,17738,265469,174066,36031,27406,153250,2358,41,21,12
2021-05-03T23:59:59+02:00,9,10,6622,7416,12304,15240,15113,22091,21656,32991,32642,37311,52464,57087,45141,54685,13435,22861,2393,2182,3812,5144,4698,8624,7206,13423,10864,13702,16520,17559,28108,34712,10366,17630,262177,168488,35570,27056,151280,1364,30,21,12
2021-05-02T23:59:59+02:00,9,10,6541,7324,12089,15068,14818,21858,21179,32670,31492,36363,52180,56796,45079,54594,13417,22830,2378,2175,3791,5111,4668,8588,7140,13352,10780,13610,16208,17163,27811,34407,10354,17617,259740,166922,35496,26942,149031,1257,29,21,10
2021-05-01T23:59:59+02:00,9,10,6523,7301,12026,15019,14738,21794,21078,32597,31365,36269,52174,56781,45075,54593,13415,22828,2375,2168,3767,5094,4627,8563,7103,13315,10719,13555,16010,16940,27696,34270,10351,17607,259170,165956,35495,26917,148880,1255,29,21,10
2021-04-30T23:59:59+02:00,9,10,6485,7262,11935,14924,14632,21675,20883,32411,31125,36078,51903,56421,45030,54540,13409,22816,2347,2147,3705,5031,4531,8454,6953,13132,10441,13292,15194,15913,26825,33196,10310,17519,257386,162748,35452,25025,148661,1186,28,21,10
2021-04-29T23:59:59+02:00,9,10,6280,7135,11612,14736,14278,21438,20364,32121,30372,35587,51254,55595,44938,54421,13382,22737,2309,2101,3613,4944,4408,8318,6759,12914,10164,13006,14218,14679,25521,31649,10248,17426,254203,157044,35357,24277,146661,926,27,21,10
2021-04-28T23:59:59+02:00,9,10,6016,6971,11235,14400,13785,20970,19723,31513,29205,34454,48586,52590,44643,54096,13319,22659,2271,2060,3546,4883,4293,8201,6599,12730,9916,12787,13077,13197,24029,29771,10186,17323,244249,151073,35229,23073,144670,707,15,21,8
2021-04-27T23:59:59+02:00,9,10,5912,6879,11082,14278,13585,20806,19444,31303,28645,34067,48380,52370,44587,54042,13310,22637,2229,2026,3457,4789,4200,8092,6433,12545,9634,12511,11860,11632,22373,27614,10107,17177,242876,144246,35181,21888,143253,530,15,21,7
2021-04-26T23:59:59+02:00,9,10,5863,6835,10965,14210,13424,20684,19218,31092,27811,33500,48042,52001,44532,53976,13301,22608,2207,1999,3403,4746,4138,8024,6331,12412,9445,12337,10941,10473,21093,25857,10046,17087,242145,138966,35154,21140,140747,420,15,20,5
2021-04-25T23:59:59+02:00,9,10,5817,6788,10860,14115,13264,20528,18971,30808,27050,32761,47544,51489,44448,53877,13287,22588,2181,1989,3373,4727,4120,8005,6298,12370,9388,12276,10779,10280,20850,25534,10036,17073,240433,138112,35111,20792,138635,362,15,20,5
2021-04-24T23:59:59+02:00,9,10,5795,6739,10783,14026,13165,20384,18838,30629,26889,32580,47442,51366,44354,53781,13283,22583,2174,1979,3348,4699,4081,7958,6226,12298,9257,12158,10622,10099,20715,25402,10020,17055,238952,137584,35093,20151,138576,343,15,20,5
2021-04-23T23:59:59+02:00,9,10,5733,6650,10650,13827,12963,20130,18528,30249,26492,32218,46496,50229,44200,53536,13260,22551,2156,1957,3305,4662,4032,7904,6131,12207,9093,12030,10355,9799,20391,24980,9972,16973,234555,136459,35033,19143,138108,332,15,20,5
2021-04-22T23:59:59+02:00,9,10,5631,6536,10440,13628,12610,19794,18016,29776,25862,31625,44767,48074,43628,52807,13214,22450,2142,1946,3266,4609,3955,7831,6002,12107,8834,11865,9921,9392,19935,24389,9922,16896,228300,134334,34921,18364,135621,300,15,20,5
2021-04-21T23:59:59+02:00,9,9,5533,6399,10210,13426,12279,19480,17514,29281,25144,30892,40486,43203,43148,52273,13147,22346,2130,1937,3230,4572,3900,7773,5921,12014,8658,11706,9591,9009,19436,23797,9856,16799,216168,132686,34855,17352,133721,277,15,20,5
2021-04-20T23:59:59+02:00,9,9,5455,6309,10017,13210,12003,19214,17091,28873,24591,30324,38731,41187,42493,51493,13075,22205,2105,1924,3189,4548,3833,7729,5788,11916,8487,11578,9307,8691,18963,23128,9759,16658,209923,131318,34765,16048,131567,223,15,19,5
2021-04-19T23:59:59+02:00,9,8,5376,6231,9856,13080,11798,19004,16728,28491,24045,29853,37174,39393,41901,50771,13020,22116,2089,1907,3154,4513,3793,7685,5748,11847,8402,11486,9069,8407,18555,22560,9712,16566,204882,129622,34707,15654,129233,203,15,17,5
2021-04-18T23:59:59+02:00,9,7,5314,6180,9725,12995,11598,18865,16447,28293,23637,29540,35862,38028,41548,50366,12986,22052,2076,1892,3126,4491,3767,7669,5704,11800,8352,11437,8971,8318,18401,22372,9699,16541,203336,129141,34665,15263,125420,198,15,16,5
2021-04-17T23:59:59+02:00,9,7,5308,6164,9691,12964,11551,18825,16370,28225,23573,29481,35551,37687,41440,50268,12980,22041,2066,1884,3099,4478,3709,7624,5634,11749,8266,11385,8861,8208,18295,22256,9678,16528,202104,128337,34656,15173,125344,196,15,16,5
2021-04-16T23:59:59+02:00,9,7,5243,6125,9602,12903,11416,18713,16159,28065,23220,29133,34467,36424,41027,49742,12960,22006,1933,1798,2869,4299,3349,7307,4864,11216,6776,10297,6342,6143,16484,20562,9483,16230,197930,118992,34565,10753,124696,193,15,15,5
2021-04-15T23:59:59+02:00,9,7,5177,6035,9400,12730,11121,18466,15663,27671,22530,28528,32569,34108,39980,48533,12879,21838,1890,1766,2802,4234,3230,7186,4647,11034,6398,9989,5885,5744,15892,19875,9290,15895,192101,115858,34512,9701,120601,184,15,15,5
2021-04-14T23:59:59+02:00,9,7,5115,5989,9233,12603,10905,18289,15261,27356,21878,28048,30641,31856,38760,47111,12804,21651,1807,1712,2718,4166,3119,7093,4446,10868,6090,9739,5406,5330,15309,19187,9086,15539,185719,113231,34373,8241,117394,129,15,15,5
2021-04-13T23:59:59+02:00,9,7,5068,5935,9096,12475,10728,18121,14918,27080,21355,27585,28535,29404,37497,45512,12660,21444,1763,1695,2681,4123,3063,7032,4312,10728,5820,9528,5063,5027,14858,18738,8950,15335,178821,111808,34307,6861,114271,33,15,15,5
2021-04-12T23:59:59+02:00,9,7,5005,5886,8988,12338,10521,17973,14597,26799,20816,27130,26494,27130,36337,44042,12530,21243,1728,1652,2651,4103,3035,6979,4253,10661,5717,9428,4897,4881,14557,18370,8837,15134,173097,110962,34228,5875,110490,32,15,15,5
2021-04-11T23:59:59+02:00,9,7,4969,5843,8895,12259,10364,17872,14334,26622,20392,26806,25291,25839,35631,43257,12441,21093,1719,1646,2630,4083,3010,6951,4218,10614,5629,9360,4806,4826,14441,18247,8798,15081,171311,110752,34157,5267,106426,26,15,15,5
2021-04-10T23:59:59+02:00,9,7,4958,5830,8853,12231,10309,17837,14266,26573,20296,26726,24975,25464,35284,42838,12434,21072,1714,1640,2621,4075,2996,6934,4188,10583,5570,9321,4728,4749,14312,18081,8751,14996,170098,109953,33432,5266,106402,26,15,15,5
2021-04-09T23:59:59+02:00,9,7,4911,5798,8769,12152,10185,17713,14098,26399,20035,26482,24135,24309,34329,41627,12402,20998,1686,1611,2564,4041,2924,6874,4038,10473,5316,9097,4313,4374,13742,17363,8521,14627,166730,106269,31915,5258,105688,26,11,14,5
2021-04-08T23:59:59+02:00,9,7,4835,5733,8623,12043,9972,17541,13702,26085,19430,26015,22427,22319,32634,39653,12253,20762,1656,1595,2510,3996,2841,6787,3890,10337,5024,8833,3856,3947,12748,16116,8037,13864,160965,101277,31008,4728,102045,21,11,14,5
2021-04-07T23:59:59+02:00,9,6,4788,5680,8439,11965,9745,17391,13384,25858,18959,25653,20617,20203,30872,37389,12135,20548,1623,1580,2456,3944,2780,6706,3783,10192,4836,8645,3593,3655,12058,15312,7660,13303,154916,97950,29830,4154,98875,12,10,10,5
2021-04-06T23:59:59+02:00,9,6,4741,5634,8295,11853,9585,17225,13064,25590,18439,25266,18761,18137,28944,34896,11932,20202,1588,1561,2432,3918,2747,6668,3721,10149,4754,8554,3484,3531,11585,14664,7374,12891,148062,95641,28865,3959,95633,11,10,9,5
2021-04-05T23:59:59+02:00,9,6,4710,5593,8200,11763,9446,17128,12851,25378,18037,24920,17031,16205,27315,32744,11785,19974,1566,1549,2401,3900,2717,6619,3678,10090,4668,8438,3371,3422,11244,14296,7216,12610,142644,94244,28429,3520,92005,11,10,7,5
2021-04-04T23:59:59+02:00,9,6,4703,5587,8192,11752,9432,17113,12825,25357,18009,24895,16899,16029,27119,32498,11776,19960,1565,1548,2399,3897,2714,6615,3676,10086,4665,8435,3362,3411,11232,14284,7213,12602,141925,94165,28335,3520,91888,11,8,5,5
2021-04-03T23:59:59+02:00,9,6,4699,5580,8178,11745,9413,17093,12786,25326,17931,24831,16819,15939,27072,32441,11771,19953,1562,1546,2390,3889,2696,6601,3653,10058,4582,8380,3245,3296,11151,14210,7207,12592,141394,93519,28309,3520,91876,11,8,5,5
2021-04-02T23:59:59+02:00,9,6,4673,5560,8119,11691,9349,17025,12647,25219,17695,24630,16366,15461,26596,31862,11739,19899,1560,1537,2376,3883,2689,6585,3632,10026,4512,8287,3175,3228,10914,13909,7055,12389,140181,92222,26896,3516,91456,11,8,5,5
2021-04-01T23:59:59+02:00,8,6,4630,5499,8007,11549,9219,16865,12374,24933,17250,24229,15615,14734,25837,30899,11612,19716,1543,1517,2347,3850,2666,6556,3593,9987,4444,8221,3063,3097,9978,12791,6441,11539,137937,88206,26232,3411,88802,10,6,5,5
2021-03-31T23:59:59+02:00,8,6,4419,5420,7895,11427,9078,16698,12155,24657,16896,23863,14918,13970,25002,29887,11502,19517,1534,1512,2334,3830,2641,6527,3545,9939,4378,8152,2975,3008,9407,12088,6075,11040,136133,85770,24768,3199,86406,10,6,5,5
2021-03-30T23:59:59+02:00,8,6,4388,5367,7821,11300,8991,16541,11993,24467,16612,23551,14318,13327,24241,28902,11363,19272,1520,1502,2313,3805,2615,6498,3505,9874,4312,8081,2848,2860,8812,11433,5724,10545,134642,83443,23551,2792,84264,6,6,5,5
2021-03-29T23:59:59+02:00,8,6,4348,5312,7721,11188,8884,16378,11834,24193,16283,23204,13773,12725,23475,27925,11203,19023,1502,1489,2294,3789,2593,6469,3470,9815,4248,8006,2795,2792,8523,11046,5535,10233,132792,82055,22791,2532,81889,6,6,5,5
2021-03-28T23:59:59+02:00,8,6,4313,5228,7636,11078,8805,16224,11699,23963,16024,22930,13444,12414,22904,27230,11028,18739,1493,1482,2272,3773,2578,6440,3430,9765,4210,7948,2747,2741,8444,10942,5490,10165,132293,81704,22266,2205,79103,5,6,5,5
2021-03-27T23:59:59+01:00,8,6,4299,5217,7610,11046,8739,16152,11600,23868,15879,22814,13238,12201,22701,27016,10993,18710,1492,1480,2269,3771,2577,6439,3416,9737,4200,7926,2739,2735,8386,10877,5455,10125,131408,81408,21620,2205,79058,5,6,5,5
2021-03-26T23:59:59+01:00,8,6,4256,5150,7500,10912,8563,15967,11265,23564,15265,22311,12317,11371,21910,26173,10846,18482,1487,1466,2264,3750,2564,6416,3399,9711,4159,7889,2709,2696,8205,10658,5334,9955,127346,80558,20007,2091,78502,5,6,5,5
2021-03-25T23:59:59+01:00,8,5,4201,4989,7337,10633,8318,15560,10881,22940,14620,21613,11642,10707,21039,25105,10526,17936,1467,1452,2232,3724,2530,6377,3364,9664,4089,7808,2580,2559,7229,9398,4719,9038,124056,76354,19225,1864,74769,5,5,5,5
2021-03-24T23:59:59+01:00,8,5,4125,4848,7200,10344,8103,15148,10617,22392,14149,21004,11036,10148,20104,24013,10193,17369,1446,1423,2205,3686,2486,6340,3322,9599,4010,7708,2481,2462,6579,8635,4334,8454,121454,73714,18031,1449,71315,3,2,4,5
2021-03-23T23:59:59+01:00,8,5,4085,4756,7094,10106,7948,14807,10354,21886,13746,20513,10569,9706,19377,23162,9879,16902,1435,1405,2179,3665,2467,6312,3263,9545,3920,7631,2388,2362,5852,7702,3883,7764,119987,70636,16925,1131,67986,3,1,4,5
2021-03-22T23:59:59+01:00,8,5,4032,4677,6966,9866,7788,14485,10094,21418,13396,20012,10175,9351,18808,22452,9685,16553,1426,1398,2172,3651,2455,6296,3239,9522,3890,7597,2327,2311,5397,7094,3525,7272,119095,68524,16522,1041,64149,3,1,4,5
2021-03-21T23:59:59+01:00,8,5,3985,4574,6832,9602,7620,14128,9873,20879,13053,19486,9855,9071,18271,21849,9495,16239,1423,1394,2171,3640,2452,6289,3233,9513,3880,7583,2313,2292,5280,6961,3467,7171,118890,68015,16125,1041,59805,2,1,4,5
2021-03-20T23:59:59+01:00,8,5,3974,4554,6797,9548,7562,14055,9789,20770,12947,19397,9768,8978,18131,21671,9443,16152,1420,1389,2167,3637,2447,6284,3220,9503,3861,7573,2278,2260,4952,6588,3278,6929,118056,66739,16030,1041,59458,2,1,4,5
2021-03-19T23:59:59+01:00,7,5,3799,4414,6504,9299,7121,13630,8877,20040,11220,18072,6906,6629,15875,19466,9078,15587,1416,1385,2162,3630,2435,6271,3208,9478,3810,7527,2211,2219,4577,6116,3009,6604,108751,65044,11307,1008,56466,2,1,4,5
2021-03-18T23:59:59+01:00,7,4,3695,4282,6327,8989,6853,13190,8489,19381,10581,17336,6191,5977,14650,17993,8560,14762,1412,1379,2139,3603,2417,6235,3179,9437,3770,7494,2166,2185,4155,5585,2726,6190,103614,63166,10299,900,53349,2,1,4,5
2021-03-17T23:59:59+01:00,7,4,3616,4209,6196,8844,6682,13013,8191,19071,10178,16945,5783,5590,13833,17065,8158,14173,1402,1366,2123,3584,2387,6203,3148,9409,3733,7458,2111,2126,3747,5139,2472,5802,100369,61439,8605,765,52579,2,1,4,5
2021-03-16T23:59:59+01:00,7,4,3537,4075,6043,8574,6475,12644,7877,18489,9630,16290,5255,5136,13015,16103,7820,13673,1393,1358,2114,3567,2371,6188,3132,9390,3708,7432,2084,2090,3230,4496,2132,5289,98041,59207,7193,761,49408,2,1,4,5
2021-03-15T23:59:59+01:00,7,4,3489,3929,5854,8301,6256,12233,7600,17916,9194,15668,4938,4851,12357,15360,7553,13208,1393,1348,2098,3552,2351,6164,3113,9341,3684,7393,2047,2039,2862,4034,1848,4894,96539,57413,6213,743,45962,2,0,4,5
2021-03-14T23:59:59+01:00,7,4,3445,3794,5624,7970,5966,11787,7292,17198,8735,14916,4616,4576,12066,15105,7505,13109,1386,1342,2082,3523,2338,6115,3095,9283,3667,7355,2040,2028,2783,3926,1795,4808,96416,57013,5597,548,41698,2,0,4,5
2021-03-13T23:59:59+01:00,7,4,3429,3754,5583,7854,5907,11665,7207,17050,8586,14761,4466,4426,11977,15020,7499,13098,1386,1342,2082,3523,2337,6115,3094,9282,3666,7355,2037,2020,2731,3871,1761,4755,95725,56804,5597,548,40967,2,0,4,5
2021-03-12T23:59:59+01:00,7,4,3410,3683,5526,7719,5846,11513,7121,16824,8450,14529,4359,4330,11704,14695,7342,12879,1386,1342,2078,3517,2336,6107,3090,9276,3664,7350,2035,2018,2643,3760,1677,4668,94296,56394,5589,548,40052,2,0,4,5
2021-03-11T23:59:59+01:00,7,4,3333,3491,5318,7419,5613,11095,6782,16156,8012,13891,4016,3993,10623,13436,6684,11964,1381,1340,2067,3503,2317,6082,3068,9243,3640,7317,2005,1994,2404,3496,1523,4449,90089,55308,5154,516,36590,2,0,4,5
2021-03-10T23:59:59+01:00,7,4,3236,3373,5100,7148,5400,10733,6512,15610,7674,13345,3793,3765,9977,12644,6294,11426,1377,1329,2040,3465,2288,5992,3020,9121,3583,7198,1961,1917,2188,3259,1389,4255,87611,54095,4777,282,33649,2,0,4,5
2021-03-09T23:59:59+01:00,6,4,3163,3246,4935,6959,5197,10447,6281,15177,7377,12837,3609,3558,9340,11943,5917,10898,1370,1318,2005,3405,2257,5890,2958,8978,3515,7116,1931,1891,1909,2943,1217,4008,85323,52672,4515,34,31052,2,0,4,5
2021-03-08T23:59:59+01:00,6,4,3098,3089,4707,6694,4958,10094,6021,14664,7016,12252,3407,3365,8946,11499,5719,10581,1367,1300,1991,3327,2226,5793,2920,8832,3482,7023,1916,1869,1706,2711,1093,3814,83845,51335,4144,32,28127,0,0,4,5
2021-03-07T23:59:59+01:00,6,4,3066,3030,4634,6579,4874,9981,5916,14500,6899,12106,3356,3319,8859,11391,5678,10512,1361,1295,1985,3315,2218,5768,2914,8793,3470,7004,1908,1857,1651,2643,1041,3745,83485,50933,3968,32,27253,0,0,4,5
2021-03-06T23:59:59+01:00,6,4,3052,2973,4593,6488,4837,9914,5858,14380,6851,11995,3332,3296,8802,11326,5643,10470,1359,1282,1980,3301,2206,5741,2911,8766,3459,6985,1898,1833,1623,2619,1035,3736,83164,50699,3968,32,26684,0,0,4,5
2021-03-05T23:59:59+01:00,6,4,3028,2879,4534,6377,4773,9815,5795,14228,6748,11843,3287,3241,8614,11096,5520,10295,1350,1249,1948,3246,2181,5635,2870,8632,3415,6847,1854,1787,1559,2548,1013,3708,82252,49807,3960,32,25867,0,0,4,5
2021-03-04T23:59:59+01:00,4,4,2975,2688,4377,6141,4555,9502,5588,13812,6435,11454,3111,3065,7594,9799,4885,9377,1331,1200,1910,3123,2150,5452,2824,8356,3360,6615,1782,1698,1522,2496,1008,3690,78080,48483,3686,31,23596,0,0,4,5
2021-03-03T23:59:59+01:00,3,4,2936,2617,4238,5949,4389,9233,5384,13434,6179,11032,2985,2932,6945,9024,4487,8766,1319,1164,1883,3050,2128,5342,2793,8177,3307,6458,1714,1656,1481,2426,987,3636,75348,47488,3443,31,21742,0,0,4,4
2021-03-02T23:59:59+01:00,3,4,2876,2526,4052,5730,4183,8962,5187,13055,5910,10656,2837,2770,6178,8056,4016,8057,1286,1121,1856,2977,2104,5200,2743,7904,3258,6260,1641,1596,1415,2346,963,3585,72172,46222,2987,31,19895,0,0,4,4
2021-03-01T23:59:59+01:00,3,3,2837,2463,3888,5578,3996,8743,4997,12734,5671,10263,2736,2655,5683,7397,3650,7547,1280,1085,1832,2876,2078,5007,2703,7654,3199,6024,1598,1560,1365,2285,933,3542,69999,44988,2678,31,18163,0,0,4,4
2021-02-28T23:59:59+01:00,3,3,2795,2415,3730,5459,3775,8554,4813,12483,5485,9958,2679,2581,5560,7242,3588,7446,1276,1080,1827,2863,2069,4983,2696,7618,3189,6007,1589,1553,1360,2277,930,3532,69519,44817,2456,30,16590,0,0,4,4
2021-02-27T23:59:59+01:00,3,2,2780,2353,3703,5379,3741,8482,4779,12390,5450,9884,2638,2547,5227,6857,3388,7195,1269,1072,1820,2851,2056,4948,2677,7553,3173,5951,1571,1544,1354,2266,928,3531,68205,44533,2456,29,16133,0,0,4,4
2021-02-26T23:59:59+01:00,3,2,2760,2312,3661,5291,3675,8378,4717,12279,5364,9797,2561,2494,4846,6377,3111,6863,1212,1023,1770,2745,2007,4768,2621,7278,3101,5743,1510,1493,1331,2245,915,3522,66393,43254,2329,28,15765,0,0,4,4
2021-02-25T23:59:59+01:00,3,2,2588,2205,3478,5108,3491,8153,4513,11993,5145,9523,2473,2427,4396,5822,2822,6436,1196,965,1739,2636,1953,4493,2552,6883,3006,5457,1464,1450,1310,2230,912,3513,64527,41732,2002,25,14045,0,0,4,4
2021-02-24T23:59:59+01:00,3,2,2435,2072,3288,4914,3344,7949,4317,11738,4925,9273,2336,2307,3936,5311,2560,6038,1181,936,1716,2552,1919,4353,2492,6628,2954,5253,1433,1418,1292,2209,908,3490,62751,40714,1523,17,12470,0,0,4,4
2021-02-23T23:59:59+01:00,3,2,2302,1934,3110,4686,3192,7710,4142,11467,4740,9026,2247,2213,3380,4645,2215,5520,1167,888,1683,2456,1881,4162,2424,6329,2860,4993,1377,1364,1264,2165,892,3463,60533,39351,1170,14,10827,0,0,4,4
2021-02-22T23:59:59+01:00,3,2,2262,1883,3026,4593,3122,7603,4048,11281,4632,8901,2196,2172,3009,4177,1929,5132,1156,829,1651,2332,1839,3916,2348,5935,2735,4696,1314,1310,1241,2132,884,3440,58849,37751,1083,4,10035,0,0,4,4
2021-02-21T23:59:59+01:00,3,2,2226,1852,2974,4524,3042,7489,3967,11136,4566,8784,2181,2149,2925,4062,1872,5044,1153,811,1634,2280,1813,3809,2315,5779,2673,4573,1284,1287,1231,2118,877,3425,58415,37055,1050,4,9329,0,0,4,4
2021-02-20T23:59:59+01:00,3,2,2214,1849,2951,4511,3026,7453,3941,11103,4545,8762,2178,2141,2872,4005,1837,4991,1152,808,1634,2278,1812,3800,2314,5774,2672,4569,1283,1284,1230,2115,876,3424,58202,37019,1049,4,9129,0,0,4,3
2021-02-19T23:59:59+01:00,2,2,2202,1835,2915,4459,3001,7365,3896,11021,4491,8699,2170,2135,2781,3891,1753,4897,1101,799,1595,2270,1802,3791,2304,5753,2664,4556,1277,1273,1219,2110,871,3417,57781,36796,1017,4,8713,0,0,4,3
2021-02-18T23:59:59+01:00,2,2,2071,1740,2759,4276,2877,7167,3759,10736,4352,8494,2136,2101,2539,3621,1598,4674,1023,763,1523,2170,1752,3670,2231,5597,2607,4471,1263,1254,1213,2096,858,3399,56712,35884,949,4,7239,0,0,4,3
2021-02-17T23:59:59+01:00,2,2,2027,1692,2668,4144,2768,6955,3606,10395,4210,8251,2077,2017,2320,3391,1469,4481,871,698,1411,2044,1675,3480,2135,5370,2535,4298,1231,1209,1187,2051,842,3354,55637,34386,803,3,6031,0,0,4,3
2021-02-16T23:59:59+01:00,2,2,1857,1581,2492,3937,2628,6680,3445,10042,4032,7946,2032,1990,2038,3072,1295,4228,844,676,1341,1966,1606,3338,2043,5197,2443,4166,1171,1163,1128,1963,809,3252,54296,33102,767,2,4232,0,0,4,3
2021-02-15T23:59:59+01:00,2,2,1822,1526,2404,3767,2551,6407,3323,9674,3918,7677,2006,1961,1819,2832,1169,4035,826,664,1312,1918,1564,3269,1986,5026,2381,4065,1114,1123,1065,1871,789,3150,53188,32120,751,1,2952,0,0,4,3
2021-02-14T23:59:59+01:00,2,2,1733,1495,2356,3705,2509,6314,3252,9570,3871,7599,1995,1951,1761,2772,1118,3975,811,654,1296,1894,1537,3246,1952,4985,2355,4009,1104,1114,1058,1862,786,3138,52849,31798,722,1,2405,0,0,4,3
2021-02-13T23:59:59+01:00,2,2,1732,1483,2346,3698,2503,6300,3249,9554,3864,7589,1986,1931,1737,2752,1114,3965,811,654,1296,1894,1537,3246,1952,4985,2355,4009,1104,1114,1058,1862,786,3138,52692,31798,722,1,2389,0,0,4,3
2021-02-12T23:59:59+01:00,2,2,1653,1398,2245,3584,2424,6127,3145,9316,3740,7324,1939,1873,1673,2680,1091,3936,804,646,1284,1871,1524,3227,1944,4954,2339,3989,1099,1109,1057,1843,786,3107,51750,31581,722,0,1676,0,0,4,3
2021-02-11T23:59:59+01:00,2,2,1456,1262,2063,3372,2296,5835,2994,8882,3582,6977,1866,1771,1631,2616,1071,3914,775,597,1189,1692,1397,2949,1804,4593,2172,3698,1046,1045,1013,1766,745,2965,50350,29446,682,0,556,0,0,4,1
2021-02-10T23:59:59+01:00,2,2,1362,1215,1978,3243,2228,5663,2912,8603,3471,6746,1796,1724,1584,2549,1052,3852,564,515,967,1468,1258,2638,1619,4132,1968,3316,926,917,880,1508,654,2623,49174,25953,643,0,161,0,0,4,1
2021-02-09T23:59:59+01:00,2,2,1326,1165,1942,3150,2200,5478,2845,8262,3401,6487,1722,1662,1522,2488,1033,3809,302,382,750,1204,1071,2261,1410,3594,1719,2860,756,752,705,1200,522,2122,47900,21610,513,0,80,0,0,3,1
2021-02-08T23:59:59+01:00,2,2,1319,1130,1910,3031,2163,5256,2794,7983,3342,6252,1679,1628,1472,2432,1015,3786,266,342,647,1051,966,2045,1251,3200,1523,2544,654,633,604,1014,450,1837,46771,19027,343,0,79,0,0,3,1
2021-02-07T23:59:59+01:00,2,2,1293,1114,1880,2979,2138,5174,2764,7880,3300,6186,1663,1612,1457,2413,1003,3771,232,287,598,962,907,1889,1160,2974,1426,2371,613,613,583,979,440,1806,46486,17841,142,0,0,0,0,3,0
2021-02-06T23:59:59+01:00,2,2,1288,1108,1874,2967,2129,5146,2751,7836,3289,6141,1650,1604,1452,2403,1000,3770,213,254,576,924,879,1824,1117,2855,1369,2289,597,594,576,979,440,1806,46267,17293,142,0,0,0,0,3,0
2021-02-05T23:59:59+01:00,2,2,1229,1057,1825,2859,2077,4950,2691,7539,3212,5925,1587,1551,1435,2380,992,3764,197,222,540,875,843,1744,1079,2735,1316,2190,563,570,564,955,428,1781,44932,16603,142,0,0,0,0,3,0
2021-02-04T23:59:59+01:00,2,2,1217,993,1784,2711,2005,4637,2608,7093,3112,5597,1542,1518,1418,2363,987,3753,168,169,466,757,744,1604,966,2497,1203,1976,517,517,516,899,407,1662,43306,15069,34,0,0,0,0,2,0
2021-02-03T23:59:59+01:00,2,2,1199,964,1754,2632,1966,4489,2542,6831,3060,5382,1506,1486,1388,2328,968,3723,139,140,393,644,628,1366,820,2120,1010,1686,398,381,373,679,287,1257,42186,12322,34,0,0,0,0,2,0
2021-02-02T23:59:59+01:00,2,2,1181,908,1720,2531,1924,4269,2469,6499,2955,5111,1453,1439,1364,2297,958,3698,117,116,318,524,523,1129,675,1790,820,1377,297,279,292,497,225,946,40744,9926,34,0,0,0,0,2,0
2021-02-01T23:59:59+01:00,1,2,1168,848,1684,2408,1874,4024,2392,6109,2834,4815,1386,1358,1334,2251,945,3669,84,76,219,352,350,738,427,1155,480,857,185,170,171,296,126,562,39066,6248,34,0,0,0,0,2,0
2021-01-31T23:59:59+01:00,1,2,1164,830,1667,2351,1849,3902,2360,5925,2767,4696,1355,1335,1323,2235,938,3653,73,70,186,281,272,572,338,901,398,690,159,155,159,287,122,548,38320,5211,31,0,0,0,0,2,0
2021-01-30T23:59:59+01:00,1,2,1164,827,1666,2346,1847,3891,2358,5914,2764,4686,1354,1331,1322,2234,938,3652,70,63,153,233,244,504,303,783,355,615,158,148,154,283,122,547,38265,4735,30,0,0,0,0,2,0
2021-01-29T23:59:59+01:00,1,2,1112,818,1627,2339,1836,3884,2350,5900,2756,4675,1350,1328,1318,2234,938,3652,62,45,116,178,200,350,248,635,311,487,147,139,143,273,119,546,38090,3999,28,0,0,0,0,2,0
2021-01-28T23:59:59+01:00,1,2,1038,792,1571,2276,1803,3815,2303,5829,2723,4623,1338,1316,1309,2228,926,3638,40,20,74,105,131,204,153,379,203,290,115,106,117,220,107,496,37504,2760,25,0,0,0,0,2,0
2021-01-27T23:59:59+01:00,1,2,890,740,1475,2200,1735,3701,2230,5700,2665,4497,1309,1271,1280,2190,910,3603,31,13,62,87,105,160,120,322,176,245,107,88,105,201,103,459,36381,2384,16,0,0,0,0,2,0
2021-01-26T23:59:59+01:00,1,2,876,720,1412,2124,1674,3571,2143,5528,2577,4385,1250,1231,1230,2117,885,3543,30,12,59,84,101,154,116,307,175,236,104,82,98,180,92,409,35256,2239,11,0,0,0,0,2,0
2021-01-25T23:59:59+01:00,1,2,862,699,1381,2062,1641,3474,2097,5360,2520,4293,1197,1206,1175,2057,867,3477,28,12,56,84,98,152,115,305,174,236,103,81,97,179,90,406,34367,2216,3,0,0,0,0,1,0
2021-01-24T23:59:59+01:00,1,2,859,698,1375,2051,1636,3457,2089,5335,2508,4261,1193,1199,1170,2050,866,3471,28,12,56,84,97,151,115,305,174,235,103,81,97,179,90,405,34217,2212,3,0,0,0,0,1,0
2021-01-23T23:59:59+01:00,1,2,859,698,1375,2051,1636,3457,2089,5335,2508,4261,1193,1199,1170,2050,866,3471,28,12,56,84,97,151,115,305,173,235,103,81,97,179,90,405,34217,2211,3,0,0,0,0,1,0
2021-01-22T23:59:59+01:00,1,2,858,688,1361,2028,1621,3433,2076,5301,2492,4242,1191,1194,1169,2027,865,3437,28,12,56,84,97,151,115,305,172,235,103,81,97,179,90,405,33982,2210,3,0,0,0,0,1,0
2021-01-21T23:59:59+01:00,1,2,827,651,1284,1871,1520,3241,1980,5030,2381,4043,1151,1134,1140,1959,828,3317,26,11,52,79,89,142,105,276,158,212,89,72,86,155,74,345,32356,1971,3,0,0,0,0,1,0
2021-01-20T23:59:59+01:00,1,2,626,554,1090,1655,1384,2966,1804,4624,2178,3702,1023,1015,1010,1719,752,3013,24,11,51,75,86,141,97,263,147,193,78,65,80,130,62,307,29114,1810,3,0,0,0,0,1,0
2021-01-19T23:59:59+01:00,1,2,341,410,839,1397,1180,2619,1568,4095,1914,3251,848,843,837,1424,629,2564,20,8,36,53,57,76,71,176,103,130,58,50,52,96,47,238,24759,1271,2,0,0,0,0,1,0
2021-01-18T23:59:59+01:00,1,2,300,373,726,1210,1062,2366,1375,3595,1673,2869,708,689,677,1168,525,2119,8,4,12,18,19,26,23,51,25,46,13,11,13,33,11,72,21436,385,1,0,0,0,0,1,0
2021-01-17T23:59:59+01:00,1,2,258,319,660,1115,983,2195,1277,3323,1559,2657,662,659,648,1108,497,2051,0,0,1,0,3,2,2,1,2,2,1,4,1,0,0,1,19973,20,1,0,0,0,0,0,0
2021-01-16T23:59:59+01:00,1,2,241,288,644,1080,959,2133,1236,3212,1508,2583,646,641,640,1108,497,2050,0,0,0,0,1,2,1,1,1,2,0,1,1,0,0,1,19468,11,1,0,0,0,0,0,0
2021-01-15T23:59:59+01:00,1,2,226,254,614,1030,932,2055,1202,3095,1456,2487,615,615,633,1087,490,2038,0,0,0,0,0,0,0,0,0,0,0,0,0,0,0,0,18832,0,0,0,0,0,0,0,0
2021-01-14T23:59:59+01:00,1,2,196,204,553,909,843,1911,1107,2874,1341,2302,571,571,593,1041,483,1992,0,0,0,0,0,0,0,0,0,0,0,0,0,0,0,0,17494,0,0,0,0,0,0,0,0
2021-01-13T23:59:59+01:00,1,2,166,185,505,838,771,1786,1008,2637,1187,2080,455,452,451,824,367,1551,0,0,0,0,0,0,0,0,0,0,0,0,0,0,0,0,15266,0,0,0,0,0,0,0,0
2021-01-12T23:59:59+01:00,1,2,143,164,474,769,720,1631,919,2434,1079,1848,365,343,351,592,270,1114,0,0,0,0,0,0,0,0,0,0,0,0,0,0,0,0,13219,0,0,0,0,0,0,0,0
2021-01-11T23:59:59+01:00,0,1,114,127,398,638,630,1377,755,1976,847,1459,227,202,201,357,153,673,0,0,0,0,0,0,0,0,0,0,0,0,0,0,0,0,10135,0,0,0,0,0,0,0,0
2021-01-10T23:59:59+01:00,0,1,88,92,308,459,474,998,547,1448,623,1062,189,178,184,343,147,659,0,0,0,0,0,0,0,0,0,0,0,0,0,0,0,0,7800,0,0,0,0,0,0,0,0
2021-01-09T23:59:59+01:00,0,1,78,84,261,396,403,866,480,1231,547,904,183,168,179,338,147,657,0,0,0,0,0,0,0,0,0,0,0,0,0,0,0,0,6923,0,0,0,0,0,0,0,0
2021-01-08T23:59:59+01:00,0,1,65,64,188,288,305,585,366,933,441,685,175,163,163,326,145,657,0,0,0,0,0,0,0,0,0,0,0,0,0,0,0,0,5550,0,0,0,0,0,0,0,0
2021-01-07T23:59:59+01:00,0,0,46,24,81,121,140,231,164,420,223,340,130,127,144,276,131,602,0,0,0,0,0,0,0,0,0,0,0,0,0,0,0,0,3200,0,0,0,0,0,0,0,0
2021-01-06T23:59:59+01:00,0,0,34,18,70,92,119,180,136,343,194,276,111,98,116,227,112,517,0,0,0,0,0,0,0,0,0,0,0,0,0,0,0,0,2643,0,0,0,0,0,0,0,0
2021-01-05T23:59:59+01:00,0,0,31,13,60,88,108,166,121,329,180,253,109,94,115,220,109,499,0,0,0,0,0,0,0,0,0,0,0,0,0,0,0,0,2495,0,0,0,0,0,0,0,0
2021-01-04T23:59:59+01:00,0,0,28,12,57,85,100,158,116,314,178,241,108,90,108,206,99,461,0,0,0,0,0,0,0,0,0,0,0,0,0,0,0,0,2361,0,0,0,0,0,0,0,0
2021-01-03T23:59:59+01:00,0,0,28,12,57,85,100,158,116,314,178,241,108,90,107,205,99,461,0,0,0,0,0,0,0,0,0,0,0,0,0,0,0,0,2359,0,0,0,0,0,0,0,0
2021-01-02T23:59:59+01:00,0,0,28,12,57,85,100,158,116,314,177,241,108,90,107,205,99,461,0,0,0,0,0,0,0,0,0,0,0,0,0,0,0,0,2358,0,0,0,0,0,0,0,0
2021-01-01T23:59:59+01:00,0,0,28,12,57,85,100,158,116,314,175,240,108,90,107,205,99,461,0,0,0,0,0,0,0,0,0,0,0,0,0,0,0,0,2355,0,0,0,0,0,0,0,0
2020-12-31T23:59:59+01:00,0,0,28,12,57,85,100,158,116,314,175,240,108,90,107,205,99,461,0,0,0,0,0,0,0,0,0,0,0,0,0,0,0,0,2355,0,0,0,0,0,0,0,0
2020-12-30T23:59:59+01:00,0,0,27,12,57,84,99,155,116,313,175,240,108,90,107,205,99,461,0,0,0,0,0,0,0,0,0,0,0,0,0,0,0,0,2348,0,0,0,0,0,0,0,0
2020-12-29T23:59:59+01:00,0,0,20,9,42,60,76,91,86,218,128,188,83,77,78,171,80,373,0,0,0,0,0,0,0,0,0,0,0,0,0,0,0,0,1780,0,0,0,0,0,0,0,0
2020-12-28T23:59:59+01:00,0,0,9,6,18,30,31,45,40,113,53,101,36,42,40,98,43,211,0,0,0,0,0,0,0,0,0,0,0,0,0,0,0,0,916,0,0,0,0,0,0,0,0
2020-12-27T23:59:59+01:00,0,0,2,2,4,5,7,11,10,24,6,22,6,7,7,25,5,56,0,0,0,0,0,0,0,0,0,0,0,0,0,0,0,0,199,0,0,0,0,0,0,0,0
