Datum,<15_1_m,<15_1_w,15-24_1_m,15-24_1_w,25-34_1_m,25-34_1_w,35-44_1_m,35-44_1_w,45-54_1_m,45-54_1_w,55-64_1_m,55-64_1_w,65-74_1_m,65-74_1_w,75-84_1_m,75-84_1_w,>84_1_m,>84_1_w,<15_2_m,<15_2_w,15-24_2_m,15-24_2_w,25-34_2_m,25-34_2_w,35-44_2_m,35-44_2_w,45-54_2_m,45-54_2_w,55-64_2_m,55-64_2_w,65-74_2_m,65-74_2_w,75-84_2_m,75-84_2_w,>84_2_m,>84_2_w,bp_1,bp_2,mo_1,mo_2,az_1,az_2,ja,unb_1,unb_2
2021-11-23T23:59:59+01:00,15502,14571,68271,63093,74573,69590,82088,82316,102304,103741,111973,110330,75515,81978,52780,64926,15302,26493,11099,10371,59890,56195,66784,62069,75182,75606,95888,97281,106775,105506,73485,79713,51498,63224,14764,25361,906535,832599,73892,69538,182820,176333,52148,61,73
2021-11-22T23:59:59+01:00,15285,14398,68163,63003,74460,69459,81984,82226,102204,103625,111877,110220,75446,81913,52745,64876,15291,26458,11055,10321,59764,56096,66630,61951,75055,75522,95803,97172,106696,105435,73447,79670,51472,63194,14759,25351,905005,831366,73734,69500,182820,176331,52123,61,73
2021-11-21T23:59:59+01:00,15017,14124,68045,62903,74326,69322,81880,82142,102117,103519,111790,110140,75406,81867,52720,64844,15276,26428,11030,10286,59683,56022,66523,61870,74960,75442,95720,97104,106646,105382,73421,79640,51453,63173,14755,25342,903428,830528,73568,69421,182816,176328,52102,61,73
2021-11-20T23:59:59+01:00,14751,13891,67927,62793,74196,69188,81756,82051,102034,103441,111712,110049,75382,81831,52708,64817,15270,26418,11015,10272,59639,55960,66462,61821,74904,75398,95665,97059,106599,105347,73412,79625,51449,63168,14753,25341,901858,830002,73494,69390,182815,176328,52096,61,73
2021-11-19T23:59:59+01:00,14417,13543,67677,62599,74010,68990,81599,81886,101902,103275,111601,109935,75327,81787,52684,64785,15262,26401,10954,10206,59478,55855,66321,61698,74761,75272,95534,96949,106491,105272,73388,79592,51435,63146,14749,25335,899459,828612,73376,69344,182814,176328,52079,61,73
2021-11-18T23:59:59+01:00,14108,13257,67396,62323,73779,68729,81381,81658,101722,103087,111462,109790,75271,81705,52656,64736,15254,26383,10865,10135,59311,55722,66122,61537,74609,75142,95383,96831,106363,105194,73351,79530,51418,63121,14744,25323,896691,827010,73213,69263,182814,176328,52027,61,73
2021-11-17T23:59:59+01:00,13926,13081,67200,62150,73538,68512,81213,81493,101541,102954,111331,109663,75216,81644,52627,64682,15239,26357,10806,10078,59164,55602,65971,61398,74476,75021,95243,96726,106258,105124,73314,79480,51394,63091,14741,25304,894534,825602,73091,69217,182812,176322,51977,61,73
2021-11-16T23:59:59+01:00,13729,12905,66970,61946,73283,68256,80990,81282,101359,102799,111196,109543,75156,81577,52593,64619,15224,26327,10757,10026,59036,55498,65835,61267,74349,74912,95128,96631,106173,105055,73277,79440,51374,63064,14735,25287,892035,824332,73021,69185,182812,176321,51933,61,73
2021-11-15T23:59:59+01:00,13568,12739,66710,61735,73031,67983,80774,81068,101170,102607,111058,109407,75102,81527,52573,64589,15212,26302,10712,9989,58931,55402,65727,61169,74250,74825,95060,96554,106098,104982,73237,79400,51355,63038,14728,25278,889573,823294,72937,69158,182801,176319,51891,61,73
2021-11-14T23:59:59+01:00,13297,12491,66318,61425,72707,67667,80495,80836,100947,102390,110900,109279,75046,81470,52551,64553,15205,26280,10659,9929,58793,55292,65621,61075,74146,74712,94969,96473,106021,104907,73186,79361,51336,63022,14723,25269,886438,822133,72833,69136,182797,176316,51836,61,73
2021-11-13T23:59:59+01:00,13157,12350,66023,61186,72461,67440,80276,80648,100781,102214,110775,109197,75012,81433,52534,64535,15199,26275,10639,9906,58723,55224,65557,61022,74100,74666,94906,96429,105997,104873,73178,79349,51331,63019,14723,25267,884149,821582,72782,69122,182796,176316,51816,61,73
2021-11-12T23:59:59+01:00,12993,12170,65682,60903,72178,67204,80056,80430,100608,102013,110648,109076,74989,81398,52522,64511,15196,26272,10606,9862,58608,55115,65437,60928,73988,74577,94812,96349,105939,104834,73160,79327,51322,63007,14719,25259,881600,820582,72711,69089,182795,176315,51790,61,73
2021-11-11T23:59:59+01:00,12757,11941,65272,60572,71816,66860,79709,80124,100360,101768,110456,108900,74938,81324,52491,64472,15190,26257,10521,9783,58454,54982,65307,60814,73879,74453,94717,96243,105841,104754,73123,79281,51306,62981,14709,25247,878213,819224,72521,69057,182791,176313,51728,61,73
2021-11-10T23:59:59+01:00,12615,11819,65021,60325,71507,66561,79461,79905,100174,101601,110315,108760,74879,81249,52457,64431,15183,26242,10460,9732,58348,54868,65173,60684,73772,74357,94605,96150,105763,104690,73090,79232,51284,62959,14704,25240,875687,818068,72446,69034,182783,176301,51635,61,73
2021-11-09T23:59:59+01:00,12459,11663,64609,60034,71118,66240,79163,79639,99914,101363,110110,108614,74811,81193,52434,64388,15177,26226,10400,9677,58222,54742,65054,60558,73684,74254,94512,96056,105680,104618,73047,79193,51259,62931,14697,25219,872510,816883,72380,69021,182771,176286,51540,61,73
2021-11-08T23:59:59+01:00,12349,11554,64233,59787,70743,65936,78884,79401,99677,101166,109961,108469,74760,81132,52413,64341,15172,26206,10352,9643,58110,54648,64968,60439,73598,74158,94418,95958,105611,104556,73017,79149,51243,62901,14693,25203,869709,815855,72303,68995,182757,176281,51461,61,73
2021-11-07T23:59:59+01:00,12269,11476,63944,59588,70452,65683,78611,79222,99481,101015,109836,108355,74724,81072,52393,64321,15168,26194,10314,9595,58002,54574,64883,60345,73508,74088,94340,95891,105550,104499,72998,79125,51231,62881,14691,25194,867539,815035,72198,68967,182749,176270,51364,61,73
2021-11-06T23:59:59+01:00,12164,11378,63749,59378,70212,65452,78431,79074,99309,100851,109729,108266,74709,81049,52380,64312,15166,26191,10300,9585,57950,54538,64839,60294,73482,74060,94312,95862,105530,104477,72986,79114,51227,62877,14690,25192,865591,814671,72170,68966,182748,176268,51337,61,73
2021-11-05T23:59:59+01:00,12026,11257,63514,59170,69962,65209,78210,78867,99146,100685,109621,108169,74678,81023,52374,64301,15165,26189,10261,9541,57864,54488,64775,60233,73427,74010,94269,95811,105491,104440,72970,79096,51219,62868,14690,25189,863576,814085,71994,68924,182746,176265,51295,61,73
2021-11-04T23:59:59+01:00,11938,11161,63281,58977,69680,64970,78007,78665,98955,100523,109493,108052,74638,80992,52364,64283,15160,26165,10198,9473,57735,54406,64687,60126,73338,73928,94200,95739,105431,104375,72941,79070,51196,62844,14682,25173,861592,813132,71825,68888,182742,176259,51190,61,73
2021-11-03T23:59:59+01:00,11856,11101,63059,58821,69453,64793,77817,78523,98800,100412,109390,107986,74615,80967,52350,64265,15156,26155,10133,9420,57607,54287,64574,60004,73244,73845,94115,95673,105374,104326,72913,79037,51176,62817,14675,25157,859985,812089,71745,68865,182741,176258,51092,61,73
2021-11-02T23:59:59+01:00,11777,11023,62835,58660,69163,64571,77595,78360,98609,100261,109267,107887,74593,80930,52336,64240,15150,26144,10073,9352,57452,54188,64463,59890,73142,73765,94023,95594,105317,104259,72877,78996,51168,62790,14666,25141,858067,811010,71662,68846,182739,176254,50973,61,73
2021-11-01T23:59:59+01:00,11684,10941,62561,58478,68903,64379,77391,78215,98438,100129,109158,107801,74566,80907,52326,64219,15145,26133,10005,9282,57321,54081,64330,59794,73051,73663,93949,95521,105258,104206,72841,78963,51155,62759,14659,25120,856244,809967,71587,68801,182718,176251,50866,60,73
2021-10-31T23:59:59+01:00,11673,10929,62528,58462,68879,64356,77366,78190,98420,100119,109146,107793,74564,80907,52326,64219,15145,26132,9988,9264,57302,54066,64318,59778,73040,73650,93945,95516,105253,104202,72841,78961,51155,62758,14658,25120,856063,809853,71573,68795,182716,176251,50843,60,73
2021-10-30T23:59:59+02:00,11667,10925,62512,58444,68853,64339,77348,78170,98404,100107,109139,107791,74562,80907,52326,64219,15144,26131,9984,9264,57288,54057,64311,59775,73029,73641,93938,95510,105250,104201,72841,78960,51154,62758,14658,25119,855929,809805,71564,68789,182716,176251,50820,60,73
2021-10-29T23:59:59+02:00,11601,10866,62323,58324,68644,64190,77164,78047,98233,99981,109029,107732,74539,80893,52315,64203,15140,26123,9952,9237,57177,53976,64221,59698,72966,73579,93866,95465,105210,104178,72824,78942,51149,62746,14654,25113,854438,809155,71523,68761,182714,176251,50713,60,73
2021-10-28T23:59:59+02:00,11517,10794,62095,58167,68393,63993,76955,77890,98040,99824,108925,107647,74514,80850,52300,64192,15135,26115,9894,9185,57019,53826,64088,59587,72866,73482,93798,95388,105128,104109,72800,78910,51136,62733,14650,25103,852660,808098,71454,68731,182710,176237,50563,60,73
2021-10-27T23:59:59+02:00,11448,10710,61930,58012,68192,63838,76792,77764,97911,99723,108853,107593,74494,80817,52292,64174,15133,26102,9833,9128,56901,53709,63981,59488,72762,73394,93726,95323,105067,104074,72777,78879,51123,62710,14646,25088,851316,807141,71338,68708,182707,176229,50458,60,73
2021-10-26T23:59:59+02:00,11363,10611,61788,57856,68014,63671,76633,77655,97795,99620,108772,107535,74466,80792,52276,64150,15122,26080,9772,9053,56750,53592,63877,59372,72688,73323,93652,95258,105021,104029,72754,78855,51100,62683,14639,25080,849899,806162,71277,68681,182701,176219,50363,60,73
2021-10-25T23:59:59+02:00,11339,10592,61731,57806,67967,63633,76586,77612,97759,99599,108750,107517,74457,80780,52275,64145,15119,26079,9748,9030,56689,53550,63841,59343,72660,73285,93625,95239,105004,104012,72752,78850,51098,62679,14639,25078,849481,805816,71267,68676,182701,176219,50338,60,73
2021-10-24T23:59:59+02:00,11296,10552,61619,57728,67865,63543,76505,77538,97682,99552,108714,107488,74443,80766,52269,64143,15117,26078,9699,8990,56613,53471,63763,59261,72596,73237,93575,95185,104974,103973,72728,78834,51089,62669,14636,25076,848800,805201,71216,68663,182701,176210,50222,60,73
2021-10-23T23:59:59+02:00,11292,10549,61609,57715,67847,63527,76493,77524,97668,99544,108709,107483,74442,80765,52269,64143,15117,26078,9694,8988,56604,53458,63749,59253,72589,73223,93566,95178,104971,103969,72726,78832,51089,62667,14636,25075,848714,805131,71202,68655,182700,176209,50199,60,73
2021-10-22T23:59:59+02:00,11229,10501,61452,57602,67666,63393,76351,77404,97540,99443,108632,107433,74425,80746,52265,64135,15116,26073,9640,8940,56489,53361,63666,59173,72514,73151,93497,95122,104934,103942,72709,78814,51084,62657,14636,25075,847516,804394,71125,68623,182699,176207,50107,60,73
2021-10-21T23:59:59+02:00,11151,10422,61290,57480,67503,63263,76214,77271,97415,99349,108542,107364,74397,80717,52252,64107,15111,26062,9566,8836,56358,53225,63538,59043,72432,73048,93399,95038,104877,103892,72674,78779,51074,62633,14630,25068,846187,803258,71091,68599,182698,176205,49975,60,73
2021-10-20T23:59:59+02:00,11109,10372,61188,57380,67396,63157,76123,77184,97331,99288,108492,107324,74383,80698,52241,64099,15107,26055,9483,8776,56226,53085,63431,58938,72356,72933,93329,94979,104808,103836,72648,78747,51061,62608,14627,25058,845296,802173,71069,68574,182694,176202,49907,60,73
2021-10-19T23:59:59+02:00,11058,10321,61117,57308,67318,63073,76050,77116,97279,99251,108452,107289,74358,80681,52227,64075,15096,26038,9399,8689,56086,52972,63316,58826,72269,72838,93247,94880,104741,103766,72599,78701,51043,62570,14620,25038,844568,800938,71046,68548,182691,176200,49841,60,73
2021-10-18T23:59:59+02:00,11012,10274,61039,57234,67233,63003,75989,77051,97229,99196,108410,107243,74342,80662,52221,64051,15092,26022,9346,8639,55968,52827,63189,58690,72178,72739,93163,94780,104684,103709,72557,78663,51016,62542,14609,25021,843841,799737,71021,68533,182691,176189,49788,60,73
2021-10-17T23:59:59+02:00,10984,10248,60990,57195,67197,62963,75958,77026,97188,99157,108399,107217,74332,80652,52218,64039,15088,26016,9290,8592,55872,52747,63108,58596,72114,72653,93105,94725,104646,103667,72530,78632,51004,62515,14603,25003,843467,798916,71015,68508,182685,176168,49737,60,73
2021-10-16T23:59:59+02:00,10980,10243,60984,57191,67188,62954,75951,77022,97181,99155,108398,107214,74331,80652,52218,64038,15088,26016,9283,8587,55868,52733,63102,58590,72109,72649,93102,94720,104644,103663,72529,78630,51004,62515,14603,25003,843421,798869,71011,68500,182685,176168,49724,60,73
2021-10-15T23:59:59+02:00,10942,10197,60891,57128,67127,62890,75889,76961,97130,99102,108359,107191,74320,80637,52216,64036,15086,26014,9235,8538,55748,52614,63025,58516,72040,72576,93034,94660,104596,103620,72512,78611,50994,62498,14602,24999,842798,798044,70990,68454,182685,176167,49680,60,73
2021-10-14T23:59:59+02:00,10894,10133,60780,57032,67062,62792,75824,76886,97066,99041,108323,107143,74305,80618,52204,64022,15082,26008,9129,8455,55582,52481,62908,58386,71969,72478,92930,94569,104536,103551,72477,78578,50972,62464,14592,24985,842021,796801,70969,68429,182675,176153,49586,60,73
2021-10-13T23:59:59+02:00,10837,10091,60689,56948,66994,62698,75753,76816,97007,99002,108272,107102,74285,80597,52189,64004,15078,25998,9061,8394,55447,52351,62805,58259,71872,72381,92853,94483,104457,103476,72439,78545,50952,62430,14581,24965,841259,795618,70955,68417,182672,176133,49510,60,73
2021-10-12T23:59:59+02:00,10778,10039,60581,56863,66892,62616,75684,76759,96962,98949,108234,107068,74261,80574,52180,63991,15073,25989,8986,8333,55315,52199,62695,58138,71787,72274,92796,94398,104384,103409,72399,78498,50928,62399,14576,24946,840471,794422,70945,68396,182669,176125,49444,60,73
2021-10-11T23:59:59+02:00,10724,9990,60479,56799,66802,62517,75607,76690,96900,98894,108181,107023,74235,80544,52163,63963,15058,25969,8925,8277,55191,52070,62567,58005,71709,72165,92718,94322,104308,103343,72353,78453,50899,62363,14563,24924,839634,793237,70925,68377,182662,176116,49352,60,73
2021-10-10T23:59:59+02:00,10694,9961,60417,56757,66742,62471,75565,76646,96867,98862,108154,107002,74223,80533,52160,63957,15053,25959,8873,8235,55090,51952,62474,57880,71625,72080,92644,94238,104247,103291,72322,78423,50878,62341,14557,24912,839217,792251,70916,68367,182656,176102,49269,60,73
2021-10-09T23:59:59+02:00,10693,9958,60407,56749,66729,62464,75559,76640,96862,98853,108149,107000,74223,80529,52160,63957,15053,25958,8861,8227,55073,51936,62463,57864,71614,72070,92637,94232,104240,103287,72319,78422,50878,62341,14557,24912,839156,792144,70911,68361,182655,176099,49256,60,73
2021-10-08T23:59:59+02:00,10642,9908,60312,56653,66654,62384,75500,76573,96813,98808,108114,106973,74213,80521,52153,63945,15048,25957,8819,8176,54970,51845,62385,57800,71546,72004,92588,94177,104212,103255,72311,78411,50871,62335,14555,24910,838466,791476,70884,68329,182653,176089,49203,60,73
2021-10-07T23:59:59+02:00,10578,9839,60161,56541,66561,62287,75412,76474,96739,98753,108050,106918,74188,80499,52143,63933,15041,25950,8711,8082,54838,51701,62281,57671,71435,71895,92501,94085,104126,103191,72259,78374,50848,62310,14543,24899,837510,790241,70871,68296,182652,176072,49069,60,72
2021-10-06T23:59:59+02:00,10522,9798,60022,56446,66476,62207,75333,76411,96678,98707,108002,106872,74168,80475,52126,63910,15038,25934,8636,8012,54698,51538,62187,57536,71339,71789,92396,93998,104036,103108,72221,78331,50823,62276,14533,24885,836664,788966,70860,68289,182650,176055,48960,60,72
2021-10-05T23:59:59+02:00,10455,9726,59883,56323,66375,62109,75252,76338,96603,98644,107955,106817,74146,80448,52117,63881,15032,25923,8549,7933,54513,51367,62073,57391,71226,71672,92288,93895,103965,103037,72167,78286,50799,62237,14525,24872,835716,787591,70845,68260,182647,176044,48828,60,72
2021-10-04T23:59:59+02:00,10394,9673,59730,56199,66232,61991,75146,76244,96505,98562,107891,106763,74125,80417,52097,63848,15028,25904,8474,7872,54337,51182,61957,57237,71093,71541,92205,93789,103867,102950,72132,78231,50754,62198,14515,24852,834588,786139,70832,68253,182642,176026,48696,60,72
2021-10-03T23:59:59+02:00,10351,9634,59676,56113,66163,61939,75087,76205,96475,98531,107857,106723,74113,80399,52087,63836,15027,25897,8417,7829,54221,51068,61873,57144,71006,71440,92139,93715,103802,102864,72098,78202,50735,62165,14508,24848,834082,785172,70827,68248,182630,175999,48583,60,72
2021-10-02T23:59:59+02:00,10345,9632,59666,56097,66148,61927,75078,76191,96470,98526,107855,106720,74112,80399,52086,63834,15027,25897,8412,7825,54206,51057,61861,57135,71003,71430,92135,93712,103800,102855,72095,78202,50734,62163,14507,24848,834004,785100,70816,68241,182630,175998,48569,60,72
2021-10-01T23:59:59+02:00,10290,9576,59507,55997,66069,61838,74998,76124,96416,98473,107796,106685,74096,80376,52075,63821,15026,25893,8350,7762,54090,50948,61806,57070,70956,71382,92080,93657,103765,102822,72082,78195,50729,62151,14505,24843,833160,784433,70797,68214,182628,175995,48479,60,72
2021-09-30T23:59:59+02:00,10216,9490,59363,55844,65934,61706,74894,76032,96309,98380,107705,106619,74067,80338,52060,63796,15022,25876,8271,7687,53940,50816,61709,56961,70862,71298,91995,93571,103692,102756,72046,78151,50708,62116,14505,24832,832018,783421,70768,68191,182624,175984,48248,60,72
2021-09-29T23:59:59+02:00,10138,9433,59210,55711,65814,61588,74808,75937,96209,98289,107640,106562,74029,80293,52052,63767,15017,25865,8192,7601,53781,50663,61597,56822,70765,71191,91900,93477,103596,102688,71996,78107,50683,62065,14498,24822,830985,782224,70739,68160,182621,175965,48023,60,72
2021-09-28T23:59:59+02:00,10053,9351,59069,55560,65651,61448,74701,75850,96102,98203,107558,106497,73978,80251,52032,63739,15010,25848,8117,7532,53629,50512,61460,56705,70671,71075,91823,93399,103520,102609,71956,78069,50660,62032,14494,24811,829821,781164,70726,68141,182617,175955,47742,60,72
2021-09-27T23:59:59+02:00,9993,9299,58912,55400,65509,61320,74610,75746,95998,98098,107467,106444,73932,80207,52013,63712,15004,25828,8051,7465,53476,50384,61333,56571,70578,70968,91721,93303,103433,102557,71907,78022,50638,61996,14487,24792,828770,780172,70703,68125,182612,175908,47405,60,72
2021-09-26T23:59:59+02:00,9951,9258,58825,55313,65424,61234,74552,75670,95934,98041,107420,106407,73907,80182,52001,63687,14997,25815,8003,7423,53377,50273,61245,56490,70500,70878,91649,93227,103378,102525,71878,77994,50616,61972,14481,24781,828128,779423,70685,68117,182596,175872,47206,60,72
2021-09-25T23:59:59+02:00,9942,9246,58808,55293,65407,61223,74541,75661,95927,98033,107411,106403,73907,80181,52000,63686,14997,25815,8002,7412,53351,50263,61231,56470,70487,70870,91643,93221,103367,102523,71878,77992,50616,61969,14481,24781,828048,779343,70678,68113,182594,175871,47158,60,72
2021-09-24T23:59:59+02:00,9890,9190,58698,55169,65309,61123,74450,75568,95841,97960,107352,106362,73878,80159,51992,63676,14996,25805,7948,7356,53245,50156,61155,56395,70414,70799,91572,93160,103294,102473,71851,77974,50605,61953,14476,24771,827164,778553,70660,68105,182588,175865,47002,60,72
2021-09-23T23:59:59+02:00,9799,9098,58459,54980,65134,60965,74326,75422,95696,97823,107243,106251,73832,80122,51972,63636,14984,25786,7881,7281,53064,50021,61036,56259,70299,70688,91454,93050,103201,102399,71816,77928,50587,61928,14463,24757,825748,777533,70607,68077,182584,175846,46584,60,72
2021-09-22T23:59:59+02:00,9715,9038,58271,54832,64973,60820,74211,75296,95569,97722,107143,106193,73789,80074,51946,63593,14964,25758,7806,7217,52920,49870,60916,56139,70208,70591,91361,92942,103138,102346,71774,77878,50556,61891,14449,24743,824492,776539,70585,68052,182575,175832,46250,60,72
2021-09-21T23:59:59+02:00,9645,8950,58121,54677,64825,60673,74072,75161,95431,97604,107051,106101,73755,80015,51929,63569,14956,25736,7713,7132,52772,49710,60797,56008,70107,70485,91254,92838,103043,102253,71735,77833,50530,61850,14440,24718,823209,775363,70568,68040,182571,175825,45918,60,72
2021-09-20T23:59:59+02:00,9584,8889,57983,54535,64667,60539,73953,75011,95304,97513,106962,106007,73693,79971,51903,63533,14943,25716,7657,7076,52653,49575,60674,55891,69998,70377,91154,92748,102966,102177,71682,77789,50506,61801,14433,24700,822002,774386,70554,68022,182564,175796,45581,60,72
2021-09-19T23:59:59+02:00,9532,8849,57864,54449,64558,60423,73865,74907,95232,97413,106900,105935,73676,79946,51890,63514,14941,25705,7621,7035,52544,49460,60583,55778,69905,70283,91087,92676,102887,102108,71648,77755,50485,61770,14428,24694,821222,773612,70535,68007,182552,175771,45285,60,72
2021-09-18T23:59:59+02:00,9515,8832,57837,54419,64523,60392,73837,74883,95216,97390,106888,105914,73673,79945,51887,63511,14941,25704,7612,7022,52514,49425,60552,55754,69884,70263,91067,92660,102874,102088,71645,77752,50485,61769,14427,24692,821000,773420,70525,67998,182552,175770,45225,60,72
2021-09-17T23:59:59+02:00,9428,8753,57668,54270,64393,60264,73712,74764,95112,97286,106804,105842,73638,79912,51875,63493,14934,25697,7549,6961,52348,49314,60430,55643,69792,70172,90985,92580,102801,102031,71612,77715,50470,61739,14418,24685,819852,772475,70480,67979,182551,175763,44956,60,72
2021-09-16T23:59:59+02:00,9350,8678,57457,54118,64219,60078,73533,74596,94963,97153,106650,105731,73568,79854,51852,63451,14927,25682,7485,6896,52183,49189,60284,55517,69665,70059,90874,92478,102697,101950,71567,77667,50449,61701,14411,24672,818384,771504,70463,67960,182528,175730,44478,60,72
2021-09-15T23:59:59+02:00,9257,8597,57252,53897,64036,59875,73352,74415,94817,96999,106504,105598,73508,79787,51807,63402,14917,25661,7426,6837,52024,49022,60156,55380,69539,69954,90771,92398,102591,101862,71521,77607,50415,61664,14401,24661,816626,770416,70444,67943,182524,175719,44079,60,72
2021-09-14T23:59:59+02:00,9149,8491,57062,53664,63857,59688,73205,74238,94685,96842,106379,105498,73435,79723,51778,63352,14901,25640,7351,6758,51853,48822,60002,55239,69417,69833,90662,92269,102497,101769,71470,77546,50387,61620,14393,24648,814870,769077,70432,67929,182503,175684,43774,59,72
2021-09-13T23:59:59+02:00,9087,8424,56845,53458,63700,59493,73046,74067,94536,96689,106244,105367,73382,79673,51739,63305,14881,25610,7305,6704,51687,48658,59874,55105,69335,69741,90544,92181,102402,101696,71426,77505,50359,61580,14383,24637,813178,768025,70421,67917,182488,175657,43451,59,72
2021-09-12T23:59:59+02:00,9041,8396,56723,53371,63610,59398,72969,73981,94462,96621,106182,105299,73354,79648,51725,63283,14876,25603,7258,6658,51555,48545,59772,55004,69259,69662,90468,92115,102329,101626,71390,77475,50344,61555,14378,24624,812457,767209,70404,67903,182471,175632,43202,59,71
2021-09-11T23:59:59+02:00,9035,8387,56706,53349,63592,59382,72956,73968,94454,96607,106177,105294,73353,79647,51725,63283,14876,25603,7251,6652,51535,48525,59752,54991,69243,69651,90458,92100,102326,101621,71385,77473,50344,61555,14378,24622,812378,767159,70396,67858,182468,175630,43144,59,71
2021-09-10T23:59:59+02:00,8963,8326,56546,53204,63478,59264,72849,73862,94336,96489,106101,105233,73316,79611,51710,63257,14872,25598,7219,6627,51408,48459,59688,54928,69182,69603,90393,92043,102289,101583,71364,77457,50335,61545,14374,24617,811262,766693,70363,67803,182462,175627,42920,59,71
2021-09-09T23:59:59+02:00,8892,8261,56347,53011,63312,59080,72691,73718,94187,96349,105976,105139,73257,79548,51679,63223,14868,25585,7153,6568,51222,48292,59533,54793,69048,69477,90274,91936,102174,101491,71321,77412,50307,61515,14368,24601,809903,765629,70342,67753,182443,175605,42427,58,71
2021-09-08T23:59:59+02:00,8806,8184,56166,52838,63159,58898,72546,73566,94025,96218,105882,105033,73192,79488,51651,63167,14863,25570,7077,6499,51045,48125,59408,54653,68923,69328,90148,91826,102089,101389,71265,77354,50284,61474,14364,24585,808501,764465,70314,67701,182407,175580,42019,58,71
2021-09-07T23:59:59+02:00,8719,8124,56001,52682,63041,58759,72429,73434,93920,96116,105777,104934,73141,79441,51624,63127,14855,25550,6999,6445,50876,47962,59276,54508,68797,69210,90043,91710,101989,101289,71217,77305,50262,61448,14359,24566,807247,763239,70308,67689,182404,175558,41704,58,71
2021-09-06T23:59:59+02:00,8657,8058,55854,52513,62903,58602,72321,73303,93817,96005,105695,104846,73089,79393,51592,63097,14844,25534,6933,6389,50727,47820,59137,54358,68682,69089,89961,91615,101893,101201,71168,77258,50240,61418,14352,24556,806027,762115,70282,67647,182372,175534,41430,58,71
2021-09-05T23:59:59+02:00,8627,8020,55786,52420,62841,58541,72273,73245,93770,95955,105667,104802,73068,79371,51582,63077,14837,25528,6884,6337,50636,47735,59073,54293,68619,69029,89915,91559,101852,101151,71148,77230,50227,61401,14346,24547,805506,761494,70273,67637,182350,175512,41268,58,71
2021-09-04T23:59:59+02:00,8620,8015,55766,52411,62832,58530,72265,73237,93763,95951,105664,104796,73067,79370,51582,63077,14837,25528,6880,6332,50622,47720,59057,54278,68614,69021,89907,91554,101848,101147,71147,77228,50226,61401,14346,24547,805445,761428,70270,67632,182349,175510,41234,58,71
2021-09-03T23:59:59+02:00,8554,7947,55631,52324,62760,58434,72186,73156,93685,95887,105594,104736,73037,79337,51563,63046,14830,25518,6821,6280,50506,47626,58978,54211,68555,68950,89846,91492,101784,101095,71119,77194,50205,61378,14343,24538,804523,760652,70263,67613,182342,175501,41084,58,71
2021-09-02T23:59:59+02:00,8459,7851,55439,52167,62636,58327,72092,73027,93564,95773,105489,104651,72980,79281,51531,62998,14819,25498,6726,6190,50282,47453,58832,54092,68452,68835,89713,91388,101667,101000,71062,77146,50181,61350,14335,24522,803388,759502,70218,67570,182328,175450,40633,58,71
2021-09-01T23:59:59+02:00,8383,7757,55286,52019,62505,58195,72003,72902,93471,95685,105411,104580,72942,79238,51508,62962,14812,25480,6640,6081,50107,47244,58707,53952,68372,68723,89611,91285,101562,100906,71023,77104,50156,61309,14328,24506,802272,758272,70194,67531,182314,175400,40343,58,70
2021-08-31T23:59:59+02:00,8275,7664,55124,51865,62399,58078,71923,72799,93383,95601,105326,104502,72900,79196,51486,62932,14802,25466,6525,5963,49900,47042,58587,53808,68257,68597,89513,91179,101453,100826,70977,77051,50136,61273,14316,24490,801186,756908,70186,67513,182304,175374,40028,58,70
2021-08-30T23:59:59+02:00,8199,7584,54948,51704,62287,57950,71808,72682,93260,95473,105208,104407,72850,79153,51469,62899,14781,25443,6428,5878,49702,46829,58462,53669,68158,68484,89397,91068,101340,100719,70927,77015,50109,61244,14302,24473,800002,755702,70146,67447,182272,175319,39666,58,70
2021-08-29T23:59:59+02:00,8157,7537,54856,51624,62228,57870,71741,72634,93206,95409,105160,104372,72830,79131,51454,62884,14775,25434,6374,5830,49584,46728,58373,53571,68088,68407,89340,91008,101279,100666,70902,76999,50095,61231,14296,24470,799467,755050,70144,67437,182262,175274,39410,58,70
2021-08-28T23:59:59+02:00,8139,7523,54818,51586,62197,57850,71714,72617,93188,95392,105146,104360,72825,79129,51452,62880,14775,25434,6368,5826,49546,46708,58347,53555,68067,68393,89320,90985,101272,100653,70896,76995,50093,61229,14296,24470,799259,754901,70143,67430,182260,175274,39344,58,70
2021-08-27T23:59:59+02:00,8054,7445,54636,51448,62085,57710,71617,72495,93065,95271,105035,104275,72780,79078,51429,62844,14763,25428,6333,5786,49421,46624,58268,53474,67985,68321,89240,90919,101215,100605,70861,76960,50079,61218,14294,24470,797942,754200,70138,67424,182248,175268,39111,58,70
2021-08-26T23:59:59+02:00,7990,7372,54481,51301,61967,57598,71519,72386,92960,95142,104928,104193,72738,79028,51406,62824,14758,25414,6283,5745,49258,46468,58148,53369,67888,68226,89134,90839,101146,100536,70820,76925,50055,61196,14289,24461,796897,753375,70128,67385,182238,175235,38721,58,70
2021-08-25T23:59:59+02:00,7926,7318,54336,51152,61856,57446,71411,72270,92852,95041,104827,104111,72682,78977,51378,62787,14745,25399,6214,5663,49062,46276,58023,53228,67769,68101,89018,90726,101048,100446,70763,76877,50029,61157,14283,24446,795890,752237,70102,67349,182227,175200,38273,58,70
2021-08-24T23:59:59+02:00,7814,7229,54195,50947,61730,57309,71304,72139,92735,94922,104722,104014,72629,78929,51343,62743,14737,25384,6132,5573,48843,46054,57885,53056,67659,67963,88916,90632,100956,100365,70725,76825,50004,61133,14279,24430,794482,750837,70085,67327,182217,175178,38019,58,69
2021-08-23T23:59:59+02:00,7752,7155,54020,50775,61600,57184,71190,72028,92608,94815,104623,103915,72577,78868,51309,62701,14730,25373,6072,5518,48661,45880,57765,52928,67552,67865,88811,90540,100869,100288,70685,76774,49976,61094,14275,24418,793280,749814,70055,67303,182202,175122,37663,58,69
2021-08-22T23:59:59+02:00,7724,7129,53936,50696,61547,57119,71151,71974,92565,94773,104577,103885,72557,78853,51300,62689,14729,25367,6034,5480,48542,45770,57674,52834,67477,67803,88740,90481,100825,100246,70655,76750,49961,61076,14272,24411,792849,749126,70047,67295,182181,175072,37469,58,69
2021-08-21T23:59:59+02:00,7718,7126,53911,50681,61529,57108,71135,71960,92552,94755,104566,103875,72552,78851,51300,62688,14729,25366,6029,5476,48523,45752,57654,52826,67458,67783,88722,90466,100815,100236,70653,76747,49961,61075,14272,24411,792777,749031,70005,67276,182177,175066,37417,58,69
2021-08-20T23:59:59+02:00,7687,7089,53819,50605,61455,57047,71064,71897,92487,94693,104514,103839,72527,78823,51288,62662,14720,25355,6006,5457,48431,45677,57579,52763,67390,67728,88665,90406,100756,100198,70630,76725,49955,61059,14263,24407,792232,748514,69933,67263,182174,175043,37206,58,69
2021-08-19T23:59:59+02:00,7621,7009,53687,50482,61305,56930,70946,71789,92373,94605,104418,103749,72478,78766,51258,62621,14711,25335,5979,5431,48297,45574,57460,52670,67298,67649,88574,90327,100658,100133,70597,76697,49935,61035,14259,24398,791189,747862,69896,67227,182157,174998,36815,58,69
2021-08-18T23:59:59+02:00,7546,6952,53543,50343,61178,56820,70835,71695,92264,94517,104316,103665,72420,78713,51223,62585,14701,25314,5945,5388,48179,45447,57342,52575,67208,67574,88458,90237,100582,100060,70553,76659,49915,61011,14253,24381,790186,747146,69866,67199,182146,174947,36406,58,69
2021-08-17T23:59:59+02:00,7463,6871,53380,50179,61073,56695,70719,71573,92159,94411,104208,103565,72367,78670,51195,62559,14693,25302,5895,5349,47985,45268,57212,52435,67084,67468,88327,90141,100473,99964,70497,76610,49890,60990,14246,24369,789102,746108,69844,67164,182141,174893,35969,58,69
2021-08-16T23:59:59+02:00,7389,6808,53251,50047,60976,56580,70618,71478,92066,94306,104115,103465,72324,78619,51165,62515,14685,25294,5871,5314,47845,45148,57104,52366,66988,67384,88229,90053,100389,99869,70454,76570,49866,60962,14239,24364,788227,745477,69796,67119,182126,174825,35526,58,68
2021-08-15T23:59:59+02:00,7340,6768,53171,49966,60907,56509,70552,71418,92008,94254,104060,103417,72289,78589,51156,62499,14681,25285,5850,5296,47740,45054,57012,52276,66918,67322,88151,89989,100333,99820,70417,76535,49850,60941,14234,24352,787749,744992,69782,67088,182112,174743,35200,58,67
2021-08-14T23:59:59+02:00,7318,6752,53098,49896,60858,56465,70516,71371,91971,94214,104021,103381,72268,78581,51147,62488,14679,25282,5774,5242,47502,44781,56844,52088,66764,67168,88016,89867,100218,99713,70368,76492,49839,60918,14230,24347,787264,743161,69775,67082,182112,174732,35129,58,67
2021-08-13T23:59:59+02:00,7277,6716,52987,49801,60774,56384,70464,71302,91895,94157,103971,103336,72245,78558,51135,62477,14677,25275,5546,5027,46997,44284,56603,51820,66535,66913,87743,89614,100022,99507,70281,76391,49800,60858,14224,24326,786507,739679,69771,67072,182112,174658,35015,58,67
2021-08-12T23:59:59+02:00,7246,6689,52888,49732,60716,56305,70389,71252,91825,94098,103910,103290,72211,78525,51121,62461,14675,25261,5326,4853,46500,43838,56328,51512,66276,66690,87487,89391,99682,99233,70171,76257,49746,60794,14213,24298,786073,736625,69745,67047,182096,174203,34654,58,66
2021-08-11T23:59:59+02:00,7179,6620,52721,49561,60586,56186,70306,71158,91716,93994,103810,103181,72150,78459,51089,62420,14669,25245,5050,4570,45821,43219,55954,51128,66014,66392,87192,89126,99347,98864,70031,76111,49686,60693,14202,24269,784891,732500,69724,67014,182087,173767,34322,58,66
2021-08-10T23:59:59+02:00,7102,6536,52523,49376,60439,56067,70197,71035,91591,93863,103687,103075,72097,78401,51058,62389,14661,25236,4827,4329,44865,42316,55283,50471,65517,65938,86729,88641,98854,98408,69826,75912,49586,60592,14181,24231,783527,726232,69715,66961,182079,173262,33985,58,66
2021-08-09T23:59:59+02:00,7058,6489,52412,49284,60361,55992,70139,70975,91522,93790,103615,103016,72054,78365,51052,62373,14657,25228,4587,4112,43858,41256,54566,49783,65041,65506,86282,88206,98338,97939,69638,75688,49496,60466,14153,24192,782959,719772,69645,66886,182067,172699,33684,58,66
2021-08-08T23:59:59+02:00,7012,6448,52347,49215,60322,55959,70101,70949,91465,93742,103562,102976,72034,78343,51038,62352,14651,25223,4572,4099,43803,41192,54506,49735,64974,65465,86209,88146,98271,97889,69613,75657,49475,60440,14145,24185,782671,719477,69638,66869,182053,172616,33348,58,66
2021-08-07T23:59:59+02:00,6973,6407,52236,49088,60241,55882,70043,70884,91396,93679,103512,102928,72017,78326,51029,62346,14651,25222,4259,3787,42836,40174,53951,49165,64539,65058,85833,87747,97950,97541,69469,75513,49419,60358,14128,24167,781879,713107,69634,66850,182053,172608,33265,58,64
2021-08-06T23:59:59+02:00,6930,6345,52103,48960,60167,55816,69977,70803,91316,93602,103452,102871,71993,78303,51018,62328,14649,25218,3951,3565,42152,39561,53706,48897,64315,64815,85596,87524,97721,97339,69385,75422,49377,60318,14122,24154,781007,709486,69629,66766,182052,172470,33134,58,64
2021-08-05T23:59:59+02:00,6819,6237,51848,48736,59991,55628,69834,70656,91154,93454,103310,102734,71932,78240,50991,62288,14636,25199,3758,3394,41316,38869,53188,48436,63944,64463,85137,87123,97097,96820,69198,75238,49311,60220,14103,24124,779381,704938,69576,66714,182017,171341,32682,58,64
2021-08-04T23:59:59+02:00,6730,6151,51652,48504,59844,55448,69725,70505,91018,93337,103192,102618,71871,78176,50965,62242,14625,25170,3384,3039,40471,38085,52817,48030,63624,64141,84765,86794,96685,96413,69034,75067,49234,60124,14087,24090,777973,700347,69540,66693,182004,170555,32225,58,64
2021-08-03T23:59:59+02:00,6657,6094,51482,48367,59719,55319,69633,70412,90917,93237,103095,102537,71817,78140,50946,62216,14617,25154,3254,2937,39468,37138,52018,47344,63080,63605,84246,86308,95971,95783,68791,74850,49142,60007,14066,24046,776932,694083,69531,66669,181997,169370,31868,58,64
2021-08-02T23:59:59+02:00,6609,6051,51346,48227,59627,55240,69549,70343,90862,93163,103015,102475,71777,78098,50925,62194,14610,25141,3085,2759,38195,35983,51056,46534,62366,63019,83640,85742,95170,95081,68538,74592,49054,59874,14046,24007,776231,686465,69483,66615,181968,168058,31539,58,64
2021-08-01T23:59:59+02:00,6566,5996,51176,48065,59474,55125,69456,70228,90754,93072,102926,102382,71735,78061,50903,62154,14605,25125,3061,2741,38010,35849,50897,46435,62235,62924,83462,85598,94717,94676,68421,74482,49015,59825,14035,23987,775178,685814,69454,66555,181950,166747,31190,58,64
2021-07-31T23:59:59+02:00,6523,5962,51081,47945,59418,55053,69406,70184,90714,93042,102899,102357,71724,78049,50895,62150,14605,25122,2657,2359,36399,34337,49987,45563,61698,62358,82958,85082,94237,94242,68234,74277,48936,59730,14017,23954,774565,676652,69450,66544,181950,166632,31133,58,64
2021-07-30T23:59:59+02:00,6487,5909,50931,47805,59332,54972,69337,70123,90641,92962,102843,102319,71707,78025,50886,62126,14602,25118,2381,2130,34944,32931,49015,44614,60966,61663,82270,84458,93555,93665,67999,74041,48831,59580,13998,23923,773798,667114,69425,66532,181944,166327,30927,58,64
2021-07-29T23:59:59+02:00,6372,5789,50500,47436,59113,54699,69146,69932,90453,92773,102680,102182,71632,77942,50853,62071,14587,25100,2304,2064,34211,32314,48389,44163,60559,61307,81844,84108,92781,92990,67803,73883,48768,59493,13978,23892,771472,663237,69371,66385,181901,164680,30485,58,64
2021-07-28T23:59:59+02:00,6300,5726,50246,47241,58980,54544,69018,69835,90322,92649,102571,102088,71576,77885,50826,62031,14578,25083,2280,2045,33884,32015,48065,43923,60325,61081,81662,83937,92542,92790,67729,73816,48734,59460,13965,23882,770153,661511,69335,66296,181874,164159,30106,58,63
2021-07-27T23:59:59+02:00,6247,5679,50085,47097,58838,54446,68923,69745,90220,92539,102465,102011,71531,77832,50796,61998,14570,25070,2138,1930,32413,30618,46788,42829,59490,60284,81057,83403,91516,91940,67453,73531,48646,59334,13933,23842,769242,652833,69308,66224,181850,162363,29662,57,63
2021-07-26T23:59:59+02:00,6224,5650,49966,47010,58739,54357,68844,69690,90132,92478,102399,101959,71490,77796,50774,61978,14564,25061,2004,1814,31042,29363,45465,41701,58385,59294,80345,82768,90349,90907,67142,73257,48556,59217,13909,23800,768705,643740,69241,66126,181812,160065,29324,56,63
2021-07-25T23:59:59+02:00,6204,5633,49853,46905,58650,54290,68780,69631,90067,92422,102337,101910,71457,77760,50755,61955,14561,25051,1988,1806,30831,29204,45193,41501,58121,59058,80070,82557,89383,90051,66935,73083,48487,59144,13897,23776,768291,642523,69229,66003,181786,157609,28887,55,63
2021-07-24T23:59:59+02:00,6169,5604,49733,46814,58581,54227,68732,69574,90021,92377,102296,101869,71452,77753,50752,61952,14560,25047,1730,1587,29239,27618,44048,40415,57424,58342,79453,81979,88737,89483,66755,72892,48416,59042,13883,23752,767681,632470,69219,65985,181778,157470,28807,55,63
2021-07-23T23:59:59+02:00,6084,5517,49557,46637,58486,54122,68622,69470,89915,92273,102206,101772,71416,77697,50731,61921,14556,25041,1501,1367,27543,26099,42790,39323,56489,57452,78761,81358,88029,88819,66485,72618,48337,58941,13862,23722,766300,621894,69215,65819,181758,156998,28722,55,63
2021-07-22T23:59:59+02:00,5944,5403,49262,46350,58289,53918,68451,69301,89729,92120,102050,101638,71349,77614,50689,61870,14545,25022,1417,1312,26722,25275,41881,38512,55545,56621,78015,80729,86362,87309,66110,72217,48226,58811,13831,23670,764361,613399,69170,65314,181725,155529,28260,55,63
2021-07-21T23:59:59+02:00,5668,5120,48727,45821,57985,53602,68220,69020,89451,91873,101782,101371,71222,77483,50630,61805,14536,24996,1385,1286,26467,25051,41456,38228,55099,56228,77641,80444,85553,86705,65941,72089,48170,58745,13813,23645,760749,611408,69144,65034,181703,153753,27688,55,63
2021-07-20T23:59:59+02:00,5591,5046,48444,45542,57813,53392,68045,68872,89271,91718,101616,101227,71146,77415,50591,61758,14527,24968,1294,1201,25287,23904,40163,37190,53757,55023,76732,79666,84186,85360,65634,71747,48062,58608,13785,23599,759066,600997,69137,64873,181658,152172,27093,55,63
2021-07-19T23:59:59+02:00,5511,4960,48119,45217,57589,53184,67878,68669,89084,91538,101468,101066,71073,77333,50548,61707,14518,24939,1214,1139,24460,23064,38850,36068,52024,53522,75459,78607,83071,84378,65340,71491,47962,58490,13760,23559,757262,590936,69127,64725,181630,150380,26354,55,63
2021-07-18T23:59:59+02:00,5503,4959,48044,45158,57491,53104,67805,68595,88989,91470,101395,101001,71036,77292,50523,61675,14516,24927,1199,1133,24317,22963,38577,35844,51688,53230,75207,78410,82166,83609,65148,71312,47907,58418,13755,23537,756975,589860,69103,64562,181590,148148,25787,55,63
2021-07-17T23:59:59+02:00,5476,4922,47945,45081,57417,53044,67742,68538,88929,91408,101350,100982,71027,77277,50518,61668,14516,24926,1005,945,22932,21502,37193,34544,50443,52035,74600,77853,81531,83012,65018,71164,47840,58356,13746,23517,756409,578980,69098,64535,181581,148008,25650,55,63
2021-07-16T23:59:59+02:00,5374,4843,47703,44849,57290,52937,67623,68425,88791,91311,101242,100878,70981,77226,50495,61649,14510,24920,809,783,21679,20264,35899,33300,48986,50714,73590,76918,80830,82351,64798,70941,47758,58255,13727,23485,754947,567346,69096,64471,181574,147805,25402,55,63
2021-07-15T23:59:59+02:00,5232,4714,47304,44528,57080,52742,67427,68239,88577,91111,101054,100709,70884,77124,50446,61575,14501,24891,750,740,21073,19761,34965,32598,47747,49765,72405,75999,78673,80217,64199,70343,47616,58076,13708,23422,752883,557979,69078,63440,181528,145959,24616,55,63
2021-07-14T23:59:59+02:00,4859,4390,46713,43952,56846,52475,67221,68034,88362,90867,100837,100512,70777,77014,50378,61492,14489,24867,734,724,20866,19616,34700,32437,47374,49462,71870,75607,78007,79680,63875,70065,47533,57993,13685,23388,749431,556163,69060,63251,181476,144056,24085,55,61
2021-07-13T23:59:59+02:00,4768,4310,46514,43798,56681,52316,67058,67887,88204,90740,100691,100385,70704,76952,50341,61445,14485,24851,705,685,20303,19079,33673,31617,45751,48006,70102,73939,76398,78117,63498,69673,47404,57821,13656,23336,748068,545209,69043,62475,181402,142434,23584,55,61
2021-07-12T23:59:59+02:00,4703,4232,46327,43606,56530,52174,66903,67761,88032,90601,100534,100245,70629,76864,50303,61389,14478,24833,681,664,19828,18647,32886,30994,44086,46549,67721,71865,74504,76612,62967,69087,47259,57659,13628,23285,746796,534099,69019,61906,181301,139862,22994,55,61
2021-07-11T23:59:59+02:00,4698,4229,46257,43553,56466,52124,66851,67722,87969,90548,100462,100185,70591,76821,50293,61374,14475,24819,673,659,19619,18502,32533,30749,43636,46171,67259,71505,73724,75914,62565,68708,47188,57570,13612,23252,746644,532295,69008,61581,181235,137387,22515,55,61
2021-07-10T23:59:59+02:00,4572,4093,45971,43245,56281,51926,66702,67546,87835,90408,100360,100079,70536,76764,50272,61348,14472,24810,641,627,19055,17953,31585,29889,41882,44590,65773,70222,73088,75294,62398,68557,47135,57518,13605,23238,744544,521669,69002,61565,181223,137339,22416,55,61
2021-07-09T23:59:59+02:00,4443,3975,45698,42992,56114,51730,66540,67380,87683,90243,100226,99974,70483,76691,50235,61307,14467,24798,594,578,18465,17380,30614,28925,39926,42658,63478,68095,71928,74153,62124,68231,47059,57392,13587,23213,742487,507970,68988,61184,181217,136933,22252,55,61
2021-07-08T23:59:59+02:00,4414,3949,45555,42877,55990,51610,66409,67279,87557,90120,100107,99877,70428,76638,50213,61269,14456,24784,547,534,17526,16577,29214,27889,38208,41203,61346,66270,68561,70998,61224,67257,46813,57049,13542,23117,741753,492697,68928,59106,181147,134348,21663,55,61
2021-07-07T23:59:59+02:00,4402,3943,45488,42833,55905,51554,66323,67234,87502,90080,100063,99826,70411,76615,50204,61251,14452,24774,469,481,16567,15724,27821,26875,36680,39967,59723,64811,65330,67519,60206,66213,46576,56727,13492,23044,741439,477387,68879,57189,181095,132195,21393,55,61
2021-07-06T23:59:59+02:00,4350,3895,45343,42702,55775,51414,66219,67125,87395,89988,99981,99741,70372,76554,50186,61224,14449,24760,402,417,15795,14986,26741,25964,34829,38252,56319,61786,62674,65056,59450,65423,46302,56393,13452,22941,740302,459476,68858,56362,181037,130060,21223,54,61
2021-07-05T23:59:59+02:00,4287,3850,45160,42526,55621,51310,66096,67014,87274,89894,99895,99642,70309,76490,50164,61196,14446,24745,368,365,15133,14365,25790,25149,33594,37117,53218,58809,59897,62591,58610,64611,46048,56081,13407,22863,739103,443384,68815,56013,180957,127567,20991,54,61
2021-07-04T23:59:59+02:00,4278,3844,45112,42492,55553,51275,66050,66986,87235,89862,99863,99615,70285,76469,50158,61181,14440,24734,349,345,14929,14160,25348,24789,32993,36589,52553,58280,58909,61728,57942,63977,45864,55877,13388,22813,738901,439294,68782,55811,180888,124859,20808,54,61
2021-07-03T23:59:59+02:00,4059,3665,44580,41930,55235,50899,65752,66706,86988,89601,99662,99419,70212,76397,50135,61135,14436,24722,331,329,14642,13837,24992,24434,32013,35669,50807,56730,58040,60992,57768,63779,45796,55792,13376,22788,735093,430709,68764,55793,180882,124811,20741,54,61
2021-07-02T23:59:59+02:00,3749,3379,43927,41335,54907,50560,65464,66401,86714,89350,99426,99193,70109,76284,50083,61065,14430,24705,304,292,14224,13391,24294,23822,30851,34602,48173,54560,55901,59202,57374,63348,45636,55633,13360,22750,730749,418182,68745,54741,180869,124080,20666,53,48
2021-07-01T23:59:59+02:00,3611,3269,43572,40986,54705,50384,65304,66237,86558,89208,99272,99072,70040,76216,50052,61031,14422,24690,261,251,13533,12708,22989,22739,29174,33087,46154,52814,53406,56921,55948,61774,45142,55017,13287,22622,728606,404637,68680,52427,180819,120244,20472,53,47
2021-06-30T23:59:59+02:00,3600,3252,43308,40789,54523,50248,65184,66137,86466,89143,99201,99021,70012,76192,50040,61009,14418,24679,199,212,12790,12106,21824,21839,27585,31716,44298,51099,49767,52957,54616,60437,44787,54577,13231,22493,727452,388873,68628,50520,180799,116802,20291,53,47
2021-06-29T23:59:59+02:00,3384,3032,42388,39958,53912,49642,64743,65704,86052,88689,98852,98693,69887,76043,49983,60938,14398,24649,170,160,12188,11506,21022,21068,26216,30507,41674,48684,47891,51408,53645,59326,44378,54040,13137,22340,721455,376821,68574,48995,180783,113415,20083,53,46
2021-06-28T23:59:59+02:00,3166,2852,41432,38965,53244,48988,64277,65312,85669,88297,98518,98349,69747,75883,49918,60838,14380,24625,127,128,11685,11054,20361,20479,25247,29609,39576,46739,46264,50040,52541,58280,44017,53534,13057,22218,715288,367325,68462,47956,180772,109743,19886,53,46
2021-06-27T23:59:59+02:00,3161,2849,41395,38929,53198,48949,64238,65276,85617,88262,98466,98321,69728,75870,49909,60824,14375,24622,109,111,11491,10860,20037,20164,24668,29044,38551,45886,45097,48946,51509,57267,43582,53025,12975,22075,715070,362720,68432,47513,180736,105419,19699,53,46
2021-06-26T23:59:59+02:00,2679,2375,40002,37566,52476,48206,63686,64712,85129,87741,98041,97888,69537,75695,49836,60720,14356,24599,99,100,11376,10758,19868,20008,24468,28827,38072,45448,44729,48594,51395,57122,43535,52977,12970,22060,706365,359764,68403,47508,180736,105400,19688,53,46
2021-06-25T23:59:59+02:00,2274,2039,39155,36757,52124,47848,63362,64387,84849,87430,97791,97622,69433,75578,49789,60658,14342,24577,75,82,11075,10447,19485,19581,23938,28203,35388,43142,42543,46679,51056,56743,43436,52846,12946,22029,701312,348184,68266,47062,180729,104746,19656,53,46
2021-06-24T23:59:59+02:00,2220,1986,38667,36298,51774,47520,63143,64176,84615,87235,97604,97465,69351,75513,49754,60612,14336,24562,62,59,10478,9864,18425,18694,22514,26948,33289,41302,40111,44385,49573,55091,42866,52146,12829,21826,698365,335287,68237,44463,180708,101197,19469,53,46
2021-06-23T23:59:59+02:00,2207,1962,38437,36072,51610,47349,63027,64065,84515,87139,97528,97381,69320,75482,49734,60591,14332,24551,35,33,10023,9432,17798,18135,21580,26088,31353,39664,36146,39916,48277,53727,42480,51639,12747,21660,697129,319739,68203,43837,180692,97883,19228,51,46
2021-06-22T23:59:59+02:00,2128,1901,37452,35143,50857,46676,62545,63617,84139,86728,97163,97069,69171,75339,49667,60510,14319,24518,13,18,9555,9003,16926,17444,20353,25009,28226,36902,33843,38037,47321,52754,42072,51080,12607,21425,690985,307564,68157,41098,180680,94811,19070,51,45
2021-06-21T23:59:59+02:00,1981,1762,36102,33927,49834,45809,61824,62954,83640,86256,96723,96662,69001,75168,49601,60415,14308,24483,9,11,9237,8707,16466,17080,19728,24527,26480,35336,32303,36744,46267,51671,41620,50531,12501,21233,683032,300196,68123,40457,180665,91172,18581,50,45
2021-06-20T23:59:59+02:00,1970,1753,36014,33874,49689,45686,61683,62816,83560,86194,96650,96601,68967,75140,49586,60397,14308,24472,8,10,9089,8604,16247,16910,19411,24268,25663,34684,31361,35791,46072,51468,41589,50479,12492,21213,682379,296408,68081,39863,180647,90839,18204,50,45
2021-06-19T23:59:59+02:00,1602,1453,34399,32327,48788,44863,61195,62311,83089,85718,96244,96249,68819,74974,49521,60316,14293,24448,7,9,9048,8530,16144,16787,19292,24115,25558,34525,31233,35648,45977,51372,41571,50454,12488,21203,673674,295069,68062,39860,180640,90803,18184,50,45
2021-06-18T23:59:59+02:00,1406,1280,32756,30744,47586,43677,60254,61391,82283,84969,95632,95671,68600,74752,49432,60178,14277,24418,7,9,8973,8444,15984,16631,19102,23921,25305,34284,30948,35329,45681,51025,41486,50377,12475,21189,662558,292868,67928,39743,180639,90383,18132,50,44
2021-06-17T23:59:59+02:00,1331,1222,31835,29907,46721,42970,59448,60541,81540,84321,95220,95289,68458,74608,49390,60101,14263,24389,7,9,8432,8078,15294,16075,18272,23093,24201,33157,29468,33969,44355,49521,41001,49767,12355,21000,655636,283926,67811,38915,180608,87719,17450,50,44
2021-06-16T23:59:59+02:00,1248,1158,31146,29209,45918,42220,58524,59661,80760,83550,94796,94909,68323,74448,49332,60009,14243,24363,7,8,7944,7754,14681,15557,17494,22365,23059,32199,28288,32857,42455,47400,40452,49188,12248,20815,648567,274167,67684,38316,180589,85316,16928,50,44
2021-06-15T23:59:59+02:00,1106,1039,29253,27433,44169,40699,56931,58027,79371,82232,94036,94237,68035,74155,49219,59852,14210,24298,7,6,7771,7627,14372,15317,17130,22063,22538,31812,27751,32426,41516,46382,40065,48761,12124,20594,633626,271086,67635,37809,180551,82882,16441,50,44
2021-06-14T23:59:59+02:00,1013,925,27706,25966,42564,39182,55275,56376,78271,81120,93341,93609,67786,73913,49125,59730,14190,24253,6,5,7588,7454,13995,14980,16600,21617,21844,31228,27071,31832,41130,45959,39681,48309,11993,20388,620391,268399,67579,37393,180522,80041,15804,50,43
2021-06-13T23:59:59+02:00,989,900,27504,25786,42180,38844,54728,55854,77925,80811,93148,93419,67696,73833,49088,59672,14175,24228,6,5,7447,7286,13723,14685,16211,21218,21414,30735,26531,31328,40732,45554,39215,47743,11815,20101,617679,266301,67437,37322,180494,76962,15121,50,43
2021-06-12T23:59:59+02:00,860,786,25994,24199,41026,37766,54054,55119,77395,80316,92598,92894,67540,73656,49019,59595,14162,24207,6,5,7401,7235,13597,14575,16079,21105,21230,30588,26412,31226,40714,45537,39205,47732,11815,20100,608161,265514,67431,37320,180488,76628,15057,50,43
2021-06-11T23:59:59+02:00,747,677,24381,22679,39679,36575,52826,53909,76426,79464,92024,92317,67306,73422,48957,59487,14143,24172,6,5,7346,7147,13425,14386,15860,20909,20957,30328,26138,30967,40408,45162,39120,47617,11797,20071,596416,263614,67351,37175,180479,75921,14896,50,43
2021-06-10T23:59:59+02:00,646,587,23384,21673,38460,35396,51219,52404,75107,78267,90417,90772,66951,73026,48831,59313,14118,24118,6,5,7063,6923,12898,13949,15220,20335,20192,29573,25346,30290,39702,44299,38767,47199,11682,19886,583519,260135,66867,37141,180428,72190,13826,50,43
2021-06-09T23:59:59+02:00,576,537,22932,21288,37798,34874,50113,51358,73862,77074,89825,90268,66825,72881,48781,59228,14103,24087,6,5,6793,6614,12307,13349,14435,19521,19274,28549,24361,29125,37135,41379,38200,46554,11534,19647,576354,249811,66405,37068,180391,68655,13211,50,43
2021-06-08T23:59:59+02:00,470,426,21411,19836,36195,33509,48001,49396,71724,75134,88349,88787,66510,72496,48645,59067,14071,24043,6,5,6662,6443,11921,12975,13951,19032,18671,27948,23802,28586,36848,41124,37908,46187,11426,19490,558988,248149,66127,36989,180359,65257,12547,50,43
2021-06-07T23:59:59+02:00,355,332,20405,18865,34650,32176,45725,47373,69587,73253,87371,87939,66286,72230,48571,58932,14051,24006,6,5,6507,6279,11496,12621,13407,18549,17943,27360,23166,27990,36529,40820,37489,45705,11313,19291,543801,246153,65955,36919,180306,61365,11996,50,43
2021-06-06T23:59:59+02:00,332,311,20225,18718,34256,31893,45117,46800,68967,72767,87159,87774,66229,72169,48559,58906,14045,23994,6,5,6375,6106,11170,12205,12975,17977,17304,26548,22469,27181,36061,40346,37007,45154,11157,19024,540679,243701,65628,36866,180262,56858,11603,50,42
2021-06-05T23:59:59+02:00,260,246,18983,17456,32934,30680,43893,45628,68393,72249,86626,87264,66138,72067,48511,58858,14038,23982,6,5,6323,6025,11067,12039,12847,17798,17131,26338,22298,26992,35996,40269,36985,45130,11155,19019,530704,243093,65628,36453,180244,56254,11581,50,42
2021-06-04T23:59:59+02:00,179,176,17791,16307,31627,29390,42341,44130,67051,70933,85819,86511,65951,71854,48435,58766,14022,23953,6,5,6220,5885,10890,11827,12632,17542,16776,25954,21778,26553,35105,39412,36669,44830,11138,18997,517879,241245,65562,36126,180237,53298,11509,50,41
2021-06-03T23:59:59+02:00,124,123,17152,15734,30642,28561,40883,42834,65277,69400,83568,84227,65526,71400,48307,58604,14004,23915,6,5,6050,5674,10580,11468,12314,17074,16324,25291,21226,25972,34439,38620,36493,44626,11105,18947,504090,238900,64864,35738,180200,50459,11078,50,39
2021-06-02T23:59:59+02:00,95,80,16809,15425,30329,28295,40215,42213,63688,68006,82629,83426,65385,71236,48247,58522,14001,23900,6,4,5932,5582,10402,11308,12084,16857,16028,24984,20879,25576,31190,34993,36265,44404,11076,18894,496580,230187,64860,35406,180199,50019,10813,50,39
2021-06-01T23:59:59+02:00,38,45,16018,14757,28833,27189,37846,40148,60117,64821,80197,81105,65034,70872,48119,58333,13967,23846,6,4,5658,5305,9877,10877,11545,16261,15358,24188,20145,24814,30847,34694,36069,44226,11047,18832,478214,228716,63301,34900,180133,46512,9588,49,37
2021-05-31T23:59:59+02:00,30,37,15454,14283,27894,26488,35886,38484,56675,61792,78165,79402,64702,70516,47975,58158,13935,23794,6,3,5495,5101,9470,10512,11114,15778,14820,23501,19519,24108,30561,34439,35884,44033,11012,18775,462447,228027,62578,34513,180068,43026,8528,49,37
2021-05-30T23:59:59+02:00,28,34,15310,14154,27606,26254,35434,38074,55962,61175,77844,79128,64640,70459,47950,58123,13931,23783,6,3,5393,4903,9141,10151,10701,15289,14366,22695,18989,23333,29881,33724,35657,43840,10990,18712,459461,227554,62140,34433,180022,37536,8217,49,34
2021-05-29T23:59:59+02:00,26,33,14913,13763,26756,25442,33673,36486,54478,59877,77255,78562,64490,70309,47897,58070,13924,23769,6,3,5360,4827,9075,10035,10607,15170,14256,22545,18858,23194,29852,33701,35651,43832,10989,18709,449337,227064,62107,34433,180018,36927,8212,49,34
2021-05-28T23:59:59+02:00,23,32,14506,13363,25945,24700,31822,34726,52307,57870,76204,77566,64285,70057,47845,57993,13914,23746,6,3,5274,4712,8896,9891,10449,14997,14095,22306,18645,22893,29782,33654,35634,43815,10988,18704,437387,226387,61640,34427,179928,35996,7900,49,34
2021-05-27T23:59:59+02:00,19,27,13875,12894,24876,23981,30572,33797,50695,56493,73098,74580,63843,69520,47711,57831,13891,23690,6,3,5161,4478,8562,9550,10044,14561,13647,21668,18138,22295,29559,33450,35523,43702,10967,18675,425222,225727,59676,34356,179298,32724,7148,49,34
2021-05-26T23:59:59+02:00,18,25,13388,12471,23963,23333,29649,33094,49607,55567,70139,71386,63228,68909,47576,57661,13860,23644,6,3,5073,4315,8306,9236,9740,14173,13289,21066,17705,21693,29362,33282,35426,43596,10940,18623,414394,225110,57496,34238,178800,29673,6779,49,34
2021-05-25T23:59:59+02:00,18,20,13044,12173,23383,22925,28590,32230,47005,53328,67876,69259,62876,68542,47462,57512,13842,23590,6,3,4994,4193,8093,8973,9485,13795,12977,20545,17318,21141,29203,33125,35342,43490,10913,18568,402524,224547,56426,34156,178176,26927,6500,49,34
2021-05-24T23:59:59+02:00,17,19,12747,11892,22884,22546,27968,31777,44384,50897,65416,67068,62567,68243,47351,57386,13806,23533,6,3,4923,4084,7842,8739,9165,13410,12647,20031,16931,20580,29057,32983,35268,43418,10889,18521,390866,223959,55943,34090,177507,24278,6136,49,34
2021-05-23T23:59:59+02:00,17,19,12685,11824,22788,22461,27888,31697,44127,50669,64827,66519,62487,68155,47326,57368,13804,23531,6,3,4901,4069,7807,8708,9104,13375,12567,19968,16852,20524,29048,32969,35264,43410,10889,18519,388658,223671,55862,34083,177493,24067,6130,49,32
2021-05-22T23:59:59+02:00,17,19,12461,11586,22468,22152,26885,30809,42290,49092,63971,65778,62324,67964,47260,57277,13794,23508,6,3,4885,4014,7779,8643,9062,13309,12535,19882,16822,20455,29037,32959,35260,43404,10888,18518,380166,223576,55851,34083,177488,23669,6101,49,32
2021-05-21T23:59:59+02:00,17,18,12159,11334,21896,21708,26068,30117,39899,47199,61996,64109,62061,67691,47176,57189,13779,23482,6,3,4866,3986,7722,8557,8996,13221,12459,19789,16747,20368,29021,32933,35253,43393,10886,18517,369729,223377,54795,34068,177296,23217,6029,49,32
2021-05-20T23:59:59+02:00,16,18,11549,10762,20769,20806,24916,29088,38390,45920,59648,62035,61238,66791,46975,56929,13745,23426,6,3,4591,3808,7319,8267,8554,12824,12006,19277,16324,19844,28900,32835,35202,43339,10882,18507,359216,222967,52440,33956,176011,20228,5305,49,32
2021-05-19T23:59:59+02:00,16,18,11106,10448,19983,20252,24067,28489,37486,45234,56414,58396,60547,66088,46867,56795,13722,23379,6,3,4438,3650,7065,8025,8277,12494,11672,18844,15953,19423,28800,32723,35159,43263,10871,18492,348738,222478,50817,33838,174883,17991,4820,49,31
2021-05-18T23:59:59+02:00,16,18,10776,10162,19402,19801,23411,27928,36075,44001,54998,57265,60174,65661,46737,56634,13697,23354,6,3,4333,3523,6817,7788,8014,12211,11437,18440,15605,18990,28715,32631,35129,43222,10867,18485,343333,222183,48962,33756,173403,15883,4363,49,31
2021-05-17T23:59:59+02:00,15,17,10556,9981,18964,19510,22975,27615,34874,43008,53683,56224,59924,65414,46673,56535,13682,23320,6,3,4263,3436,6609,7569,7761,11917,11180,18044,15293,18583,28623,32542,35104,43181,10861,18471,339242,221879,47967,33688,171884,14018,3830,47,31
2021-05-16T23:59:59+02:00,15,16,10366,9852,18669,19306,22642,27373,34234,42547,52444,55053,59731,65249,46636,56481,13671,23300,6,3,4195,3363,6392,7403,7473,11661,10911,17691,14997,18219,28557,32480,35088,43163,10854,18467,336801,221624,47087,33627,170266,12256,3385,46,31
2021-05-15T23:59:59+02:00,15,16,10270,9752,18517,19158,22470,27228,33852,42179,52048,54675,59616,65103,46588,56436,13668,23284,6,3,4154,3327,6308,7337,7380,11558,10809,17571,14892,18088,28463,32362,34994,43070,10850,18462,334400,220531,47086,33624,170132,12237,3211,46,31
2021-05-14T23:59:59+02:00,14,16,9987,9549,18090,18918,22068,26940,31504,40401,49899,52820,59394,64874,46540,56351,13651,23263,6,3,4026,3244,6022,7172,7073,11334,10461,17219,14543,17760,27889,31656,34871,42878,10831,18434,325248,217229,47033,33618,169523,12114,2430,45,31
2021-05-13T23:59:59+02:00,14,16,9525,9180,17296,18353,21200,26256,30385,39410,47655,50647,58545,63899,46330,56068,13612,23189,6,3,3526,3050,5683,6919,6761,11023,10048,16827,14166,17323,26988,30456,34445,42359,10800,18373,316743,212619,45172,33060,167499,10924,2122,44,31
2021-05-12T23:59:59+02:00,14,16,9234,8985,16863,18094,20725,25966,29853,39024,44655,47000,57972,63257,46246,55954,13594,23164,6,3,3386,2962,5451,6808,6478,10876,9766,16618,13929,17057,26341,29632,34279,42166,10774,18339,307545,209584,44355,33034,167206,10756,1466,44,31
2021-05-11T23:59:59+02:00,14,14,8800,8709,16091,17576,19859,25345,28116,37581,42718,45494,57596,62809,46162,55819,13573,23136,6,3,3266,2831,5218,6467,6180,10461,9399,16059,13492,16497,24918,27961,33768,41538,10723,18251,302052,203602,41298,32851,164720,9256,1298,44,31
2021-05-10T23:59:59+02:00,14,13,8538,8556,15578,17320,19227,25024,27124,36891,41257,44348,57330,62534,46083,55715,13553,23105,6,2,3156,2705,4987,6233,5925,10137,9075,15581,13129,16074,23869,26629,33279,40953,10686,18193,298743,198943,40391,32822,162047,7839,986,43,29
2021-05-09T23:59:59+02:00,14,13,8382,8471,15272,17137,18844,24767,26456,36462,39478,42681,57034,62255,46027,55657,13545,23084,6,2,3035,2649,4805,6091,5756,9961,8877,15373,12960,15900,23592,26296,33134,40780,10676,18178,295766,197741,40011,32778,159049,6812,711,42,29
2021-05-08T23:59:59+02:00,14,13,8307,8398,15089,16990,18636,24568,26228,36224,39243,42489,56907,62105,45989,55620,13542,23073,6,2,3027,2630,4774,6055,5712,9915,8800,15307,12873,15830,23221,25868,32848,40466,10668,18162,294201,196551,39556,32064,158925,6809,711,42,29
2021-05-07T23:59:59+02:00,13,12,8135,8303,14763,16806,18245,24331,25804,35933,38783,42109,56632,61750,45940,55573,13535,23063,6,2,2728,2495,4426,5869,5441,9655,8484,14996,12477,15433,22121,24490,32199,39631,10640,18112,291656,193083,39125,30564,158593,5216,315,41,27
2021-05-06T23:59:59+02:00,12,12,7489,7946,13862,16203,17186,23474,24459,34819,36636,40443,55505,60428,45697,55267,13500,22996,6,2,2603,2382,4252,5672,5233,9350,8138,14555,12043,14980,20813,22814,31344,38622,10586,17998,281003,187461,37842,29604,156772,4025,278,39,25
2021-05-05T23:59:59+02:00,10,12,6951,7638,13080,15659,16149,22705,23070,33791,34806,38953,53662,58388,45375,54921,13467,22930,6,2,2515,2324,4076,5515,5042,9138,7790,14216,11673,14620,19422,21031,30148,37205,10546,17895,269535,181319,36918,28429,154976,3292,99,39,25
2021-05-04T23:59:59+02:00,10,11,6761,7548,12712,15483,15661,22434,22422,33446,33844,38251,52808,57425,45252,54794,13449,22889,6,2,2460,2254,3921,5345,4865,8884,7446,13807,11247,14161,17770,19101,29045,35873,10450,17775,265754,174490,36049,27488,153314,2364,46,37,24
2021-05-03T23:59:59+02:00,10,10,6615,7398,12334,15262,15153,22123,21710,33038,32690,37359,52505,57105,45156,54687,13434,22857,6,2,2400,2184,3827,5165,4725,8649,7228,13458,10926,13753,16565,17601,28165,34770,10386,17667,262448,168908,35587,27139,151340,1371,35,36,24
2021-05-02T23:59:59+02:00,10,10,6534,7308,12120,15090,14852,21891,21233,32717,31540,36410,52221,56813,45094,54596,13416,22826,6,2,2385,2177,3805,5132,4694,8613,7161,13387,10841,13660,16253,17205,27867,34465,10374,17653,260011,167335,35513,27025,149088,1264,34,35,22
2021-05-01T23:59:59+02:00,10,10,6516,7284,12056,15040,14772,21828,21130,32645,31413,36316,52215,56798,45090,54595,13414,22824,6,2,2382,2169,3781,5115,4653,8588,7124,13350,10780,13605,16055,16982,27752,34328,10371,17643,259437,166369,35512,26999,148938,1262,34,35,22
2021-04-30T23:59:59+02:00,10,10,6478,7246,11963,14945,14666,21708,20934,32458,31173,36125,51944,56438,45045,54542,13408,22812,6,2,2353,2149,3719,5052,4556,8477,6974,13168,10502,13341,15240,15955,26881,33255,10330,17555,257651,163159,35468,25107,148718,1194,33,35,22
2021-04-29T23:59:59+02:00,10,10,6273,7118,11641,14755,14310,21468,20414,32167,30420,35636,51295,55611,44953,54423,13382,22732,6,2,2314,2103,3626,4963,4432,8341,6781,12950,10225,13054,14266,14721,25575,31707,10267,17459,254457,157450,35373,24357,146721,931,32,35,22
2021-04-28T23:59:59+02:00,10,10,6010,6952,11259,14417,13816,21000,19770,31560,29250,34503,48627,52603,44659,54099,13319,22654,6,2,2276,2062,3557,4901,4316,8224,6620,12767,9976,12835,13123,13239,24082,29826,10205,17356,244490,151469,35246,23153,144729,714,18,35,19
2021-04-27T23:59:59+02:00,10,10,5906,6861,11103,14294,13614,20837,19489,31349,28687,34114,48419,52381,44603,54045,13310,22632,6,2,2234,2027,3467,4807,4223,8114,6454,12580,9692,12559,11908,11674,22427,27665,10126,17210,243103,144635,35198,21968,143311,536,18,34,18
2021-04-26T23:59:59+02:00,10,10,5857,6819,10985,14225,13452,20713,19261,31137,27851,33547,48081,52011,44548,53979,13301,22603,6,2,2212,2000,3412,4762,4161,8047,6350,12447,9503,12383,10991,10515,21146,25905,10065,17120,242361,139348,35171,21220,140807,425,18,33,16
2021-04-25T23:59:59+02:00,10,10,5812,6772,10880,14130,13290,20556,19013,30853,27090,32806,47584,51500,44464,53880,13287,22584,6,2,2187,1990,3381,4743,4142,8028,6317,12406,9446,12322,10829,10321,20904,25581,10055,17105,240645,138495,35127,20869,138698,367,18,33,16
2021-04-24T23:59:59+02:00,10,10,5790,6724,10801,14038,13191,20411,18878,30673,26928,32624,47481,51377,44371,53784,13283,22579,6,2,2180,1979,3356,4715,4103,7982,6246,12334,9315,12204,10672,10141,20770,25450,10039,17087,239154,137969,35109,20230,138639,348,18,33,16
2021-04-23T23:59:59+02:00,10,10,5728,6635,10667,13839,12987,20157,18565,30292,26529,32262,46532,50239,44217,53539,13260,22547,6,2,2162,1957,3314,4678,4053,7928,6152,12243,9151,12076,10405,9840,20446,25030,9990,17004,234743,136842,35050,19224,138171,337,18,33,16
2021-04-22T23:59:59+02:00,10,10,5627,6521,10457,13641,12634,19819,18049,29817,25896,31669,44803,48086,43647,52810,13214,22447,5,2,2148,1946,3274,4625,3976,7854,6022,12143,8892,11911,9971,9434,19989,24438,9940,16926,228486,134714,34937,18444,135683,305,18,33,15
2021-04-21T23:59:59+02:00,10,9,5528,6386,10227,13439,12301,19505,17547,29323,25179,30935,40522,43215,43168,52275,13147,22342,5,2,2135,1937,3238,4588,3921,7795,5940,12050,8716,11751,9639,9049,19489,23845,9874,16829,216353,133064,34873,17430,133781,280,18,33,11
2021-04-20T23:59:59+02:00,10,9,5450,6295,10032,13221,12025,19238,17125,28914,24622,30367,38768,41198,42512,51495,13076,22202,5,2,2110,1924,3196,4564,3854,7751,5809,11951,8544,11624,9355,8729,19015,23174,9777,16689,210101,131692,34783,16126,131624,226,18,33,11
2021-04-19T23:59:59+02:00,10,8,5370,6219,9871,13091,11820,19029,16762,28531,24076,29895,37209,39405,41920,50774,13021,22115,5,2,2094,1907,3161,4529,3813,7705,5769,11881,8459,11532,9117,8444,18607,22607,9730,16596,205061,129993,34725,15731,129289,205,18,33,11
2021-04-18T23:59:59+02:00,10,7,5307,6168,9740,13006,11620,18889,16480,28333,23666,29581,35892,38039,41566,50368,12988,22051,5,2,2081,1892,3134,4507,3786,7688,5725,11834,8408,11483,9019,8355,18453,22420,9717,16571,203507,129509,34683,15342,125471,200,18,32,11
2021-04-17T23:59:59+02:00,10,7,5301,6152,9706,12975,11573,18849,16403,28266,23602,29522,35580,37697,41457,50270,12982,22040,5,2,2071,1884,3107,4494,3728,7643,5655,11783,8322,11431,8908,8245,18347,22302,9696,16558,202276,128701,34674,15252,125392,199,18,32,11
2021-04-16T23:59:59+02:00,10,7,5236,6112,9619,12913,11437,18738,16192,28107,23250,29172,34495,36435,41044,49745,12962,22006,5,2,1938,1797,2877,4314,3369,7325,4881,11247,6825,10337,6373,6162,16528,20602,9500,16258,198105,119304,34584,10812,124743,196,17,31,11
2021-04-15T23:59:59+02:00,10,7,5170,6022,9415,12740,11143,18491,15695,27713,22558,28568,32593,34120,39995,48537,12881,21838,5,2,1895,1765,2809,4250,3249,7203,4664,11064,6447,10027,5914,5763,15936,19916,9308,15923,192276,116163,34530,9763,120644,187,17,29,10
2021-04-14T23:59:59+02:00,10,7,5108,5976,9249,12614,10927,18313,15290,27396,21905,28087,30662,31867,38778,47116,12806,21651,5,2,1811,1711,2726,4181,3137,7109,4461,10899,6137,9777,5437,5349,15353,19227,9104,15567,185887,113531,34390,8305,117439,130,17,29,10
2021-04-13T23:59:59+02:00,10,7,5060,5922,9110,12485,10749,18146,14945,27119,21382,27625,28556,29415,37511,45517,12662,21444,5,2,1767,1694,2689,4138,3083,7047,4327,10759,5867,9564,5097,5046,14902,18776,8968,15363,178980,112109,34324,6924,114316,34,17,28,10
2021-04-12T23:59:59+02:00,10,7,4996,5873,9002,12346,10542,17998,14623,26838,20841,27168,26515,27143,36350,44050,12533,21243,5,2,1732,1650,2659,4117,3055,6994,4268,10691,5764,9463,4930,4900,14601,18408,8856,15163,173257,111260,34244,5938,110532,33,17,28,10
2021-04-11T23:59:59+02:00,10,7,4960,5830,8907,12267,10383,17896,14358,26661,20414,26844,25311,25853,35646,43264,12444,21092,5,2,1723,1644,2637,4096,3030,6966,4233,10644,5677,9395,4837,4845,14485,18283,8817,15110,171468,111049,34171,5327,106464,27,16,28,10
2021-04-10T23:59:59+02:00,10,7,4948,5817,8865,12239,10327,17861,14290,26611,20318,26764,24996,25477,35299,42844,12437,21071,5,2,1719,1638,2628,4088,3016,6949,4203,10613,5618,9356,4759,4768,14356,18117,8770,15025,170252,110251,33446,5326,106439,27,16,28,10
2021-04-09T23:59:59+02:00,10,7,4901,5785,8781,12160,10202,17736,14121,26436,20057,26520,24154,24322,34342,41632,12404,20997,4,2,1691,1609,2571,4054,2944,6889,4053,10503,5361,9130,4343,4392,13785,17400,8540,14656,166874,106560,31930,5318,105724,27,12,27,10
2021-04-08T23:59:59+02:00,10,7,4826,5720,8634,12052,9989,17564,13722,26121,19455,26051,22446,22330,32647,39659,12254,20760,4,2,1661,1593,2517,4009,2860,6804,3906,10366,5067,8865,3883,3965,12790,16154,8054,13894,161107,101562,31024,4787,102077,23,12,27,10
2021-04-07T23:59:59+02:00,10,6,4779,5667,8450,11974,9762,17414,13403,25893,18983,25689,20634,20214,30884,37396,12136,20546,4,2,1628,1577,2462,3956,2799,6722,3798,10221,4877,8676,3617,3673,12099,15348,7678,13334,155058,98227,29845,4209,98903,14,11,23,10
2021-04-06T23:59:59+02:00,10,6,4730,5622,8307,11862,9602,17247,13083,25625,18463,25302,18778,18145,28958,34901,11933,20200,4,2,1592,1558,2438,3930,2765,6682,3736,10176,4794,8584,3506,3548,11622,14700,7391,12919,148201,95904,28880,4010,95660,13,11,22,9
2021-04-05T23:59:59+02:00,10,6,4699,5581,8211,11771,9463,17149,12870,25413,18061,24957,17051,16214,27331,32750,11785,19972,4,2,1570,1546,2407,3912,2735,6633,3693,10117,4706,8468,3393,3439,11279,14331,7233,12637,142782,94505,28445,3568,92036,12,11,20,9
2021-04-04T23:59:59+02:00,10,6,4692,5575,8202,11761,9449,17134,12844,25392,18033,24932,16919,16038,27136,32504,11776,19958,4,2,1568,1545,2405,3909,2732,6629,3691,10113,4701,8465,3384,3428,11268,14319,7229,12629,142063,94423,28352,3568,91919,12,9,18,9
2021-04-03T23:59:59+02:00,10,6,4688,5567,8188,11754,9430,17114,12805,25360,17955,24868,16839,15948,27089,32447,11771,19951,4,2,1565,1543,2396,3901,2714,6615,3668,10085,4618,8410,3267,3313,11186,14245,7223,12619,141532,93776,28324,3568,91907,12,9,18,9
2021-04-02T23:59:59+02:00,10,6,4663,5547,8129,11700,9365,17045,12665,25253,17718,24666,16386,15471,26613,31870,11739,19896,4,2,1563,1534,2381,3896,2707,6599,3647,10053,4548,8317,3198,3244,10948,13942,7072,12416,140317,92478,26909,3564,91489,12,9,18,8
2021-04-01T23:59:59+02:00,9,6,4620,5486,8017,11557,9235,16886,12391,24967,17273,24266,15633,14744,25854,30909,11612,19713,4,2,1546,1514,2352,3863,2684,6570,3608,10014,4481,8252,3085,3113,10011,12823,6456,11565,138072,88459,26243,3458,88839,11,7,17,8
2021-03-31T23:59:59+02:00,9,6,4408,5406,7905,11434,9093,16719,12172,24689,16919,23901,14936,13979,25020,29898,11503,19513,4,2,1537,1509,2338,3843,2656,6541,3558,9966,4409,8180,2993,3023,9436,12119,6091,11068,136266,86016,24779,3232,86443,11,6,16,8
2021-03-30T23:59:59+02:00,9,6,4377,5354,7829,11307,9006,16562,12011,24499,16633,23589,14335,13335,24260,28912,11364,19268,4,2,1523,1499,2317,3818,2630,6511,3517,9901,4342,8109,2866,2875,8840,11459,5738,10572,134775,83678,23562,2825,84297,6,6,16,8
2021-03-29T23:59:59+02:00,9,6,4337,5301,7729,11195,8898,16396,11849,24225,16303,23241,13792,12735,23496,27935,11204,19019,4,2,1504,1486,2298,3802,2607,6483,3483,9841,4278,8034,2813,2807,8548,11071,5549,10259,132923,82283,22800,2566,81925,6,6,16,8
2021-03-28T23:59:59+02:00,9,6,4302,5217,7644,11087,8817,16241,11714,23995,16043,22968,13463,12424,22923,27241,11030,18733,4,2,1494,1479,2276,3786,2592,6454,3443,9791,4241,7975,2765,2756,8469,10965,5504,10192,132421,81931,22273,2238,79141,5,6,16,8
2021-03-27T23:59:59+01:00,9,6,4288,5206,7618,11055,8751,16168,11615,23900,15897,22852,13258,12211,22720,27027,10995,18704,4,2,1493,1477,2273,3784,2591,6453,3429,9764,4231,7952,2757,2750,8411,10901,5469,10152,131537,81636,21627,2238,79094,5,6,16,8
2021-03-26T23:59:59+01:00,9,6,4244,5138,7508,10921,8576,15983,11278,23596,15283,22349,12338,11381,21928,26183,10848,18475,2,2,1488,1463,2268,3763,2578,6430,3412,9738,4190,7916,2727,2711,8230,10682,5348,9981,127469,80786,20016,2124,78537,5,6,16,8
2021-03-25T23:59:59+01:00,9,5,4189,4976,7344,10642,8331,15574,10894,22972,14638,21649,11665,10718,21057,25114,10529,17929,2,2,1468,1450,2235,3736,2543,6392,3375,9691,4119,7834,2592,2571,7251,9421,4729,9063,124176,76571,19234,1885,74805,5,5,15,8
2021-03-24T23:59:59+01:00,9,5,4113,4837,7207,10353,8115,15161,10630,22422,14166,21039,11059,10158,20120,24024,10196,17361,2,2,1447,1421,2208,3698,2499,6355,3333,9626,4040,7734,2491,2474,6600,8653,4343,8481,121569,73932,18039,1462,71352,3,2,13,8
2021-03-23T23:59:59+01:00,9,5,4073,4745,7100,10113,7962,14819,10367,21917,13764,20546,10591,9717,19393,23170,9881,16894,2,2,1436,1403,2182,3677,2480,6327,3273,9572,3946,7658,2397,2373,5871,7722,3890,7788,120104,70855,16930,1132,68018,3,1,13,8
2021-03-22T23:59:59+01:00,9,5,4020,4666,6971,9872,7801,14497,10107,21449,13413,20044,10198,9360,18821,22459,9688,16546,2,1,1427,1396,2175,3663,2468,6311,3249,9549,3916,7624,2336,2322,5414,7111,3528,7295,119204,68733,16527,1042,64181,3,1,13,8
2021-03-21T23:59:59+01:00,9,5,3973,4564,6839,9607,7633,14138,9885,20907,13070,19518,9878,9081,18284,21857,9498,16233,2,1,1424,1392,2174,3652,2464,6303,3243,9540,3906,7610,2322,2303,5297,6979,3470,7194,118997,68222,16130,1042,59838,3,1,13,8
2021-03-20T23:59:59+01:00,9,5,3962,4544,6803,9552,7575,14064,9801,20797,12964,19428,9791,8988,18144,21679,9447,16146,2,1,1421,1387,2170,3648,2459,6298,3229,9530,3886,7600,2287,2271,4969,6605,3281,6952,118164,66942,16035,1042,59486,3,1,13,8
2021-03-19T23:59:59+01:00,8,5,3788,4403,6511,9302,7134,13638,8889,20067,11233,18100,6928,6633,15886,19474,9084,15583,2,1,1417,1383,2165,3641,2447,6285,3216,9504,3834,7554,2220,2230,4594,6131,3012,6627,108851,65243,11309,1009,56492,3,1,13,7
2021-03-18T23:59:59+01:00,8,4,3684,4272,6334,8994,6866,13199,8499,19409,10595,17360,6210,5981,14661,18001,8565,14757,2,1,1413,1377,2142,3614,2429,6248,3187,9462,3794,7521,2175,2196,4172,5598,2730,6212,103705,63361,10304,901,53376,3,1,13,7
2021-03-17T23:59:59+01:00,8,4,3605,4198,6204,8847,6694,13022,8200,19099,10190,16970,5801,5595,13842,17075,8165,14168,2,1,1403,1364,2126,3594,2399,6216,3156,9434,3757,7484,2120,2136,3762,5152,2477,5823,100456,61628,8612,767,52605,3,1,13,7
2021-03-16T23:59:59+01:00,8,4,3527,4066,6049,8577,6487,12652,7888,18516,9642,16315,5272,5139,13022,16112,7826,13668,2,1,1394,1355,2117,3577,2383,6201,3140,9415,3732,7458,2093,2099,3242,4511,2137,5310,98122,59393,7200,763,49434,3,1,13,7
2021-03-15T23:59:59+01:00,8,4,3479,3920,5862,8302,6268,12239,7611,17944,9207,15691,4955,4854,12363,15370,7561,13206,2,1,1394,1345,2101,3562,2363,6177,3121,9366,3708,7419,2056,2048,2874,4048,1850,4915,96621,57595,6220,745,45990,3,0,13,7
2021-03-14T23:59:59+01:00,8,4,3433,3787,5633,7973,5978,11793,7302,17224,8746,14940,4631,4579,12075,15114,7512,13106,2,1,1387,1340,2085,3533,2350,6128,3103,9307,3690,7380,2049,2037,2796,3940,1797,4829,96494,57194,5605,550,41726,3,0,13,7
2021-03-13T23:59:59+01:00,8,4,3416,3746,5592,7857,5917,11671,7216,17076,8597,14785,4480,4429,11984,15029,7506,13095,2,1,1387,1340,2085,3533,2349,6128,3102,9305,3689,7380,2046,2029,2743,3884,1763,4775,95800,56982,5605,550,40990,2,0,13,7
2021-03-12T23:59:59+01:00,8,4,3396,3676,5535,7719,5857,11519,7129,16849,8462,14552,4374,4332,11710,14703,7350,12877,2,1,1387,1340,2081,3527,2348,6120,3097,9299,3687,7375,2044,2027,2655,3773,1679,4686,94373,56569,5597,550,40070,2,0,12,7
2021-03-11T23:59:59+01:00,8,4,3318,3483,5326,7422,5626,11101,6790,16179,8023,13913,4030,3996,10630,13443,6691,11964,2,1,1382,1338,2070,3513,2329,6095,3074,9264,3663,7342,2014,2002,2415,3507,1523,4467,90166,55476,5162,517,36607,2,0,12,6
2021-03-10T23:59:59+01:00,8,4,3222,3365,5107,7150,5414,10738,6519,15633,7682,13365,3805,3767,9983,12650,6303,11429,2,1,1377,1327,2043,3475,2300,6005,3026,9141,3606,7222,1970,1925,2199,3270,1391,4272,87687,54261,4786,283,33659,2,0,12,6
2021-03-09T23:59:59+01:00,7,4,3148,3237,4940,6963,5210,10453,6287,15197,7385,12856,3621,3560,9346,11946,5924,10904,2,1,1370,1316,2009,3415,2269,5903,2964,8999,3538,7140,1940,1899,1919,2952,1219,4025,85395,52837,4521,35,31060,2,0,12,6
2021-03-08T23:59:59+01:00,7,4,3084,3081,4709,6699,4968,10099,6026,14683,7023,12270,3419,3367,8953,11503,5726,10586,2,1,1367,1298,1995,3337,2238,5806,2926,8853,3505,7045,1925,1877,1716,2720,1095,3830,83915,51497,4149,33,28132,0,0,11,6
2021-03-07T23:59:59+01:00,7,4,3051,3021,4636,6584,4884,9986,5921,14519,6905,12123,3368,3320,8864,11394,5685,10519,2,1,1361,1293,1989,3325,2230,5781,2919,8814,3493,7026,1917,1865,1661,2652,1044,3761,83553,51095,3971,33,27256,0,0,11,6
2021-03-06T23:59:59+01:00,6,4,3037,2963,4594,6491,4847,9919,5863,14400,6857,12011,3344,3297,8807,11328,5650,10476,2,1,1359,1280,1984,3311,2218,5754,2916,8787,3482,7007,1907,1841,1633,2628,1038,3752,83228,50861,3971,33,26684,0,0,11,6
2021-03-05T23:59:59+01:00,6,4,3013,2870,4535,6379,4783,9821,5800,14247,6754,11858,3299,3242,8621,11100,5527,10300,2,1,1350,1247,1952,3256,2193,5648,2876,8653,3438,6869,1863,1795,1569,2558,1016,3724,82320,49971,3963,33,25865,0,0,11,6
2021-03-04T23:59:59+01:00,4,4,2961,2681,4378,6140,4564,9508,5593,13830,6441,11469,3123,3066,7600,9804,4892,9381,2,1,1331,1198,1915,3133,2161,5466,2830,8376,3381,6636,1791,1705,1532,2506,1011,3706,78145,48643,3689,32,23594,0,0,11,6
2021-03-03T23:59:59+01:00,3,4,2922,2610,4238,5949,4397,9240,5389,13451,6185,11050,2997,2933,6950,9026,4494,8772,2,1,1319,1162,1888,3060,2139,5355,2800,8197,3328,6478,1723,1662,1490,2436,991,3651,75412,47645,3446,32,21741,0,0,11,5
2021-03-02T23:59:59+01:00,3,4,2862,2519,4051,5730,4193,8969,5191,13070,5916,10674,2849,2771,6184,8062,4021,8063,2,1,1286,1120,1861,2988,2115,5213,2750,7924,3279,6280,1649,1602,1424,2356,967,3600,72239,46380,2990,32,19892,0,0,11,5
2021-03-01T23:59:59+01:00,3,3,2823,2456,3887,5577,4007,8750,5002,12751,5677,10281,2748,2656,5689,7405,3655,7552,2,1,1280,1084,1838,2887,2089,5019,2709,7674,3219,6044,1606,1566,1375,2295,937,3557,70067,45145,2681,32,18163,0,0,11,5
2021-02-28T23:59:59+01:00,3,3,2781,2408,3729,5459,3784,8560,4819,12500,5490,9975,2691,2582,5567,7250,3593,7451,2,1,1276,1079,1833,2874,2080,4995,2702,7638,3209,6027,1597,1559,1369,2286,934,3547,69588,44972,2459,31,16587,0,0,11,5
2021-02-27T23:59:59+01:00,3,2,2768,2347,3703,5379,3750,8486,4785,12406,5455,9901,2650,2548,5232,6861,3392,7199,2,1,1269,1071,1826,2862,2067,4960,2683,7573,3193,5971,1579,1549,1363,2275,932,3546,68265,44687,2459,30,16132,0,0,11,5
2021-02-26T23:59:59+01:00,3,2,2748,2306,3663,5291,3684,8382,4722,12295,5368,9813,2573,2495,4848,6378,3113,6865,2,1,1212,1021,1776,2756,2018,4779,2627,7298,3120,5761,1518,1498,1340,2253,918,3537,66442,43401,2332,29,15765,0,0,10,5
2021-02-25T23:59:59+01:00,3,2,2577,2199,3476,5109,3499,8155,4519,12008,5149,9538,2484,2429,4399,5823,2824,6437,2,1,1196,964,1745,2647,1964,4505,2558,6901,3025,5474,1472,1455,1319,2238,915,3528,64575,41878,2005,26,14040,0,0,10,5
2021-02-24T23:59:59+01:00,3,2,2424,2066,3287,4915,3353,7949,4321,11752,4928,9287,2347,2309,3939,5311,2561,6038,1,1,1181,935,1722,2562,1928,4365,2498,6645,2972,5268,1441,1424,1301,2217,911,3505,62794,40854,1526,18,12462,0,0,10,5
2021-02-23T23:59:59+01:00,3,2,2295,1928,3108,4688,3200,7710,4146,11481,4744,9039,2258,2216,3381,4646,2216,5518,1,1,1167,887,1689,2467,1889,4174,2430,6346,2874,5008,1383,1368,1272,2173,895,3478,60574,39482,1173,15,10822,0,0,10,5
2021-02-22T23:59:59+01:00,3,2,2255,1877,3024,4595,3130,7601,4052,11294,4636,8914,2206,2175,3010,4178,1928,5132,1,1,1155,828,1657,2341,1847,3928,2354,5951,2749,4711,1320,1315,1249,2139,887,3453,58890,37876,1086,5,10026,0,0,10,5
2021-02-21T23:59:59+01:00,3,2,2219,1846,2972,4526,3050,7488,3971,11149,4570,8797,2191,2152,2926,4063,1872,5044,1,1,1152,810,1640,2289,1820,3821,2321,5796,2686,4585,1289,1292,1239,2125,880,3438,58457,37175,1053,5,9321,0,0,10,5
2021-02-20T23:59:59+01:00,3,2,2207,1843,2949,4513,3034,7452,3945,11116,4549,8775,2188,2144,2872,4006,1837,4989,1,1,1152,807,1640,2287,1819,3812,2320,5791,2685,4581,1288,1289,1238,2122,879,3437,58241,37139,1052,5,9121,0,0,10,5
2021-02-19T23:59:59+01:00,2,2,2195,1829,2913,4461,3009,7366,3900,11034,4495,8712,2180,2138,2781,3892,1752,4895,1,1,1102,798,1601,2279,1808,3803,2310,5770,2677,4568,1282,1278,1227,2117,874,3430,57819,36917,1020,4,8707,0,0,10,5
2021-02-18T23:59:59+01:00,2,2,2064,1734,2756,4278,2885,7168,3763,10747,4356,8507,2146,2104,2538,3620,1596,4672,1,1,1023,762,1529,2180,1758,3680,2237,5613,2620,4483,1268,1258,1220,2103,861,3412,56746,36000,952,4,7231,0,0,9,5
2021-02-17T23:59:59+01:00,2,2,2020,1686,2665,4147,2775,6956,3611,10406,4214,8264,2087,2020,2320,3391,1469,4479,1,1,871,697,1416,2054,1681,3489,2140,5385,2548,4310,1234,1212,1194,2058,845,3367,55674,34495,806,3,6025,0,0,9,5
2021-02-16T23:59:59+01:00,2,2,1850,1575,2491,3939,2635,6681,3450,10052,4036,7958,2042,1993,2038,3071,1295,4226,1,1,844,675,1346,1976,1612,3348,2045,5211,2453,4176,1172,1166,1134,1968,812,3264,54333,33197,770,2,4224,0,0,9,5
2021-02-15T23:59:59+01:00,2,2,1815,1520,2403,3768,2558,6409,3328,9684,3921,7688,2016,1964,1819,2830,1169,4033,1,1,826,663,1316,1929,1570,3279,1987,5038,2389,4075,1113,1125,1067,1877,793,3160,53223,32204,754,1,2943,0,0,9,4
2021-02-14T23:59:59+01:00,2,2,1725,1490,2355,3707,2516,6316,3257,9580,3874,7610,2005,1954,1761,2770,1119,3973,1,1,811,653,1300,1906,1543,3256,1953,4997,2363,4019,1103,1115,1060,1868,790,3148,52884,31883,725,1,2398,0,0,9,3
2021-02-13T23:59:59+01:00,2,2,1724,1478,2345,3700,2510,6302,3254,9564,3867,7600,1996,1934,1737,2750,1115,3963,1,1,811,653,1300,1906,1543,3256,1953,4997,2363,4019,1103,1115,1060,1868,790,3148,52727,31883,725,1,2382,0,0,9,3
2021-02-12T23:59:59+01:00,2,2,1645,1393,2244,3586,2431,6129,3149,9326,3743,7334,1948,1876,1673,2679,1092,3934,1,1,804,645,1288,1883,1530,3237,1945,4966,2347,3999,1098,1110,1059,1849,790,3117,51783,31666,725,0,1669,0,0,9,3
2021-02-11T23:59:59+01:00,2,2,1450,1258,2063,3374,2303,5837,2998,8892,3586,6986,1875,1774,1631,2615,1072,3911,1,1,775,597,1193,1704,1403,2959,1805,4604,2181,3709,1045,1046,1015,1771,749,2974,50383,29531,684,0,553,0,0,9,1
2021-02-10T23:59:59+01:00,2,2,1357,1211,1979,3247,2234,5665,2916,8613,3475,6754,1805,1727,1583,2548,1053,3848,1,1,565,513,971,1478,1261,2648,1620,4144,1977,3327,925,918,882,1513,657,2632,49205,26032,645,0,161,0,0,8,1
2021-02-09T23:59:59+01:00,2,2,1322,1162,1944,3153,2206,5480,2849,8273,3405,6496,1731,1665,1521,2487,1034,3806,1,1,303,380,756,1212,1075,2270,1413,3604,1727,2871,759,756,708,1206,523,2127,47936,21691,515,0,80,0,0,7,1
2021-02-08T23:59:59+01:00,2,2,1315,1127,1912,3036,2169,5258,2797,7994,3346,6260,1688,1631,1472,2432,1017,3783,1,1,267,341,653,1059,970,2054,1254,3211,1531,2555,657,636,606,1018,451,1841,46810,19105,345,0,79,0,0,7,1
2021-02-07T23:59:59+01:00,2,2,1289,1111,1882,2984,2143,5176,2767,7891,3304,6194,1672,1615,1457,2413,1005,3768,1,1,233,286,604,969,909,1899,1163,2983,1433,2383,616,616,584,983,441,1810,46524,17914,144,0,0,0,0,7,0
2021-02-06T23:59:59+01:00,2,2,1284,1105,1876,2972,2134,5148,2754,7847,3293,6149,1659,1607,1452,2403,1002,3767,1,1,214,255,582,930,881,1834,1120,2864,1376,2300,600,597,577,983,441,1810,46305,17366,144,0,0,0,0,7,0
2021-02-05T23:59:59+01:00,2,2,1225,1053,1827,2864,2082,4952,2693,7551,3216,5933,1596,1552,1435,2379,994,3761,1,1,197,222,546,879,845,1754,1082,2744,1323,2200,566,573,565,959,429,1785,44966,16671,144,0,0,0,0,7,0
2021-02-04T23:59:59+01:00,2,2,1213,990,1786,2716,2010,4640,2611,7103,3116,5604,1551,1519,1418,2362,989,3750,1,1,168,170,472,759,746,1613,969,2505,1209,1986,520,520,517,903,408,1665,43340,15132,36,0,0,0,0,6,0
2021-02-03T23:59:59+01:00,2,2,1195,961,1756,2635,1971,4492,2545,6841,3064,5390,1514,1487,1388,2327,970,3720,1,1,139,141,397,646,630,1375,823,2127,1011,1694,400,384,373,681,288,1259,42218,12370,36,0,0,0,0,6,0
2021-02-02T23:59:59+01:00,2,2,1178,905,1722,2534,1930,4272,2472,6509,2958,5118,1460,1440,1364,2296,960,3695,1,1,116,116,321,524,524,1137,678,1796,822,1385,299,280,292,499,225,947,40775,9963,36,0,0,0,0,6,0
2021-02-01T23:59:59+01:00,1,2,1165,845,1687,2410,1879,4027,2395,6118,2836,4822,1392,1357,1334,2250,947,3666,0,0,83,76,221,353,351,744,430,1159,480,863,186,170,171,298,126,562,39091,6273,36,0,0,0,0,6,0
2021-01-31T23:59:59+01:00,1,2,1161,827,1670,2353,1854,3905,2363,5934,2769,4701,1361,1334,1323,2234,940,3650,0,0,72,70,187,281,273,577,341,905,398,696,160,155,159,289,122,548,38343,5233,33,0,0,0,0,6,0
2021-01-30T23:59:59+01:00,1,2,1161,824,1669,2348,1852,3894,2361,5923,2766,4691,1360,1330,1322,2233,940,3649,0,0,69,63,154,234,245,509,306,787,355,621,159,148,154,285,122,547,38288,4758,32,0,0,0,0,6,0
2021-01-29T23:59:59+01:00,1,2,1110,815,1630,2340,1841,3887,2353,5908,2758,4680,1356,1327,1318,2233,940,3649,0,0,61,45,117,179,201,353,250,639,310,493,148,139,143,275,119,546,38112,4018,30,0,0,0,0,6,0
2021-01-28T23:59:59+01:00,1,2,1035,789,1574,2277,1808,3818,2306,5837,2725,4628,1344,1315,1308,2227,928,3635,0,0,39,20,75,106,132,206,155,383,202,296,115,106,117,221,107,496,37524,2776,27,0,0,0,0,6,0
2021-01-27T23:59:59+01:00,1,2,888,737,1479,2202,1740,3705,2233,5708,2667,4502,1314,1269,1279,2188,912,3599,0,0,30,13,63,88,106,162,122,326,175,250,107,88,104,201,103,459,36402,2397,18,0,0,0,0,5,0
2021-01-26T23:59:59+01:00,1,2,873,717,1416,2127,1679,3575,2145,5536,2579,4390,1255,1229,1229,2114,887,3538,0,0,29,12,60,85,102,156,118,311,174,240,104,82,97,180,92,409,35274,2251,13,0,0,0,0,5,0
2021-01-25T23:59:59+01:00,1,2,861,696,1384,2065,1646,3478,2099,5366,2522,4298,1201,1204,1174,2054,870,3472,0,0,27,12,57,85,99,154,117,309,173,240,103,81,96,179,90,406,34385,2228,4,0,0,0,0,4,0
2021-01-24T23:59:59+01:00,1,2,858,695,1378,2054,1641,3461,2091,5341,2510,4266,1197,1196,1169,2047,869,3466,0,0,27,12,57,85,98,153,117,309,173,239,103,81,96,179,90,405,34235,2224,4,0,0,0,0,3,0
2021-01-23T23:59:59+01:00,1,2,858,695,1378,2054,1640,3461,2091,5341,2510,4266,1197,1196,1169,2047,869,3466,0,0,27,12,57,85,98,153,117,309,172,239,103,81,96,179,90,405,34235,2223,3,0,0,0,0,3,0
2021-01-22T23:59:59+01:00,1,2,857,685,1364,2031,1625,3437,2078,5307,2494,4246,1195,1191,1168,2024,868,3432,0,0,27,12,57,85,98,153,117,309,171,239,103,81,96,179,90,405,33999,2222,3,0,0,0,0,3,0
2021-01-21T23:59:59+01:00,1,2,825,649,1287,1876,1524,3244,1982,5035,2384,4046,1154,1131,1139,1955,830,3311,0,0,25,11,53,80,90,144,107,280,157,216,89,72,85,155,74,345,32371,1983,3,0,0,0,0,1,0
2021-01-20T23:59:59+01:00,1,2,626,551,1093,1660,1386,2971,1805,4629,2179,3705,1025,1012,1009,1714,753,3007,0,0,23,11,52,76,87,143,99,267,146,197,78,65,79,130,62,307,29124,1822,3,0,0,0,0,1,0
2021-01-19T23:59:59+01:00,1,2,341,407,844,1404,1182,2623,1569,4100,1915,3256,850,842,838,1425,631,2565,0,0,19,8,37,53,58,78,73,180,103,134,58,50,51,96,47,238,24792,1283,2,0,0,0,0,1,0
2021-01-18T23:59:59+01:00,1,2,300,371,731,1215,1064,2369,1376,3599,1674,2875,709,690,677,1169,527,2120,0,0,8,4,12,18,20,26,24,52,25,47,13,11,13,33,11,72,21467,389,1,0,0,0,0,1,0
2021-01-17T23:59:59+01:00,1,2,258,319,664,1119,984,2198,1278,3326,1560,2663,663,660,648,1109,499,2052,0,0,0,0,1,0,3,2,2,1,2,2,1,4,1,0,0,1,20002,20,1,0,0,0,0,0,0
2021-01-16T23:59:59+01:00,1,2,241,289,648,1083,960,2136,1236,3215,1509,2589,647,642,640,1109,499,2051,0,0,0,0,0,0,1,2,1,1,1,2,0,1,1,0,0,1,19496,11,1,0,0,0,0,0,0
2021-01-15T23:59:59+01:00,1,2,225,255,618,1031,933,2058,1202,3097,1457,2492,616,616,633,1088,492,2039,0,0,0,0,0,0,0,0,0,0,0,0,0,0,0,0,0,0,18855,0,0,0,0,0,0,0,0
2021-01-14T23:59:59+01:00,1,2,195,206,557,908,844,1913,1107,2875,1342,2307,572,572,593,1042,485,1993,0,0,0,0,0,0,0,0,0,0,0,0,0,0,0,0,0,0,17514,0,0,0,0,0,0,0,0
2021-01-13T23:59:59+01:00,1,2,166,185,508,836,771,1787,1008,2638,1187,2082,456,453,451,824,369,1552,0,0,0,0,0,0,0,0,0,0,0,0,0,0,0,0,0,0,15276,0,0,0,0,0,0,0,0
2021-01-12T23:59:59+01:00,1,2,142,164,477,767,719,1632,919,2435,1079,1850,366,344,351,591,270,1115,0,0,0,0,0,0,0,0,0,0,0,0,0,0,0,0,0,0,13224,0,0,0,0,0,0,0,0
2021-01-11T23:59:59+01:00,0,1,113,127,401,637,629,1378,756,1977,847,1462,228,203,201,357,153,673,0,0,0,0,0,0,0,0,0,0,0,0,0,0,0,0,0,0,10143,0,0,0,0,0,0,0,0
2021-01-10T23:59:59+01:00,0,1,87,92,310,458,473,1000,547,1449,623,1065,190,179,184,344,147,659,0,0,0,0,0,0,0,0,0,0,0,0,0,0,0,0,0,0,7808,0,0,0,0,0,0,0,0
2021-01-09T23:59:59+01:00,0,1,77,84,263,396,402,867,480,1232,547,908,183,169,179,339,147,657,0,0,0,0,0,0,0,0,0,0,0,0,0,0,0,0,0,0,6931,0,0,0,0,0,0,0,0
2021-01-08T23:59:59+01:00,0,1,64,64,190,288,304,585,366,934,440,689,175,164,163,327,145,657,0,0,0,0,0,0,0,0,0,0,0,0,0,0,0,0,0,0,5556,0,0,0,0,0,0,0,0
2021-01-07T23:59:59+01:00,0,0,45,25,81,122,140,231,165,421,222,344,130,128,144,277,131,602,0,0,0,0,0,0,0,0,0,0,0,0,0,0,0,0,0,0,3208,0,0,0,0,0,0,0,0
2021-01-06T23:59:59+01:00,0,0,33,18,70,93,119,180,137,344,193,279,111,99,115,227,112,517,0,0,0,0,0,0,0,0,0,0,0,0,0,0,0,0,0,0,2647,0,0,0,0,0,0,0,0
2021-01-05T23:59:59+01:00,0,0,30,13,60,89,108,166,121,329,179,256,109,94,114,220,109,499,0,0,0,0,0,0,0,0,0,0,0,0,0,0,0,0,0,0,2496,0,0,0,0,0,0,0,0
2021-01-04T23:59:59+01:00,0,0,27,12,57,86,100,158,116,314,177,244,108,90,107,206,99,461,0,0,0,0,0,0,0,0,0,0,0,0,0,0,0,0,0,0,2362,0,0,0,0,0,0,0,0
2021-01-03T23:59:59+01:00,0,0,27,12,57,86,100,158,116,314,177,244,108,90,106,205,99,461,0,0,0,0,0,0,0,0,0,0,0,0,0,0,0,0,0,0,2360,0,0,0,0,0,0,0,0
2021-01-02T23:59:59+01:00,0,0,27,12,57,86,100,158,116,314,176,244,108,90,106,205,99,461,0,0,0,0,0,0,0,0,0,0,0,0,0,0,0,0,0,0,2359,0,0,0,0,0,0,0,0
2021-01-01T23:59:59+01:00,0,0,27,12,57,86,100,158,116,314,174,243,108,90,106,205,99,461,0,0,0,0,0,0,0,0,0,0,0,0,0,0,0,0,0,0,2356,0,0,0,0,0,0,0,0
2020-12-31T23:59:59+01:00,0,0,27,12,57,86,100,158,116,314,174,243,108,90,106,205,99,461,0,0,0,0,0,0,0,0,0,0,0,0,0,0,0,0,0,0,2356,0,0,0,0,0,0,0,0
2020-12-30T23:59:59+01:00,0,0,26,12,57,85,99,155,116,313,174,243,108,90,106,205,99,461,0,0,0,0,0,0,0,0,0,0,0,0,0,0,0,0,0,0,2349,0,0,0,0,0,0,0,0
2020-12-29T23:59:59+01:00,0,0,20,9,42,60,76,91,86,218,128,191,83,77,77,171,80,373,0,0,0,0,0,0,0,0,0,0,0,0,0,0,0,0,0,0,1782,0,0,0,0,0,0,0,0
2020-12-28T23:59:59+01:00,0,0,9,6,18,30,31,45,40,113,53,103,36,42,39,98,43,211,0,0,0,0,0,0,0,0,0,0,0,0,0,0,0,0,0,0,917,0,0,0,0,0,0,0,0
2020-12-27T23:59:59+01:00,0,0,2,2,4,5,7,11,10,24,6,23,6,7,7,25,5,56,0,0,0,0,0,0,0,0,0,0,0,0,0,0,0,0,0,0,200,0,0,0,0,0,0,0,0
