Datum,<24_1_m,<24_1_w,25-34_1_m,25-34_1_w,35-44_1_m,35-44_1_w,45-54_1_m,45-54_1_w,55-64_1_m,55-64_1_w,65-74_1_m,65-74_1_w,75-84_1_m,75-84_1_w,>84_1_m,>84_1_w,<24_2_m,<24_2_w,25-34_2_m,25-34_2_w,35-44_2_m,35-44_2_w,45-54_2_m,45-54_2_w,55-64_2_m,55-64_2_w,65-74_2_m,65-74_2_w,75-84_2_m,75-84_2_w,>84_2_m,>84_2_w,bp_1,bp_2,mo_1,mo_2,az_1,az_2,ja
2021-06-01T23:59:59+02:00,18340,17354,28914,26995,38082,41149,62724,67289,78564,79678,61724,67914,45650,56099,11102,19904,6447,6320,9776,10649,11224,16482,15615,24561,19782,23507,31409,35710,34318,42434,8796,15711,471767,224329,62515,34325,177896,44783,9304
2021-05-31T23:59:59+02:00,17718,16834,28018,26320,36022,39416,59485,64425,76963,78303,61445,67612,45531,55958,11077,19866,6269,6077,9394,10316,10827,15986,15110,23914,19217,22875,31150,35493,34156,42269,8767,15661,456993,223712,61823,33955,177835,41472,8342
2021-05-30T23:59:59+02:00,17553,16692,27757,26109,35554,38984,58820,63877,76740,78113,61399,67565,45510,55929,11073,19856,6153,5860,9058,9983,10453,15495,14664,23145,18741,22174,30521,34842,33966,42097,8750,15614,454290,223316,61395,33881,177795,36268,8051
2021-05-29T23:59:59+02:00,17112,16257,26822,25206,33759,37379,57461,62687,76183,77552,61279,67449,45460,55883,11070,19843,6114,5767,8997,9879,10364,15382,14550,22996,18621,22049,30502,34828,33961,42090,8749,15611,444204,222863,61362,33881,177790,35670,8046
2021-05-28T23:59:59+02:00,16656,15807,25944,24389,31783,35490,55426,60863,75203,76577,61127,67263,45415,55814,11061,19825,6019,5638,8840,9736,10211,15218,14393,22764,18420,21761,30455,34804,33946,42077,8748,15609,432304,222258,60899,33876,177699,34764,7741
2021-05-27T23:59:59+02:00,15918,15273,24896,23678,30539,34539,53777,59449,72159,73607,60815,66872,45298,55662,11041,19781,5874,5364,8511,9430,9820,14806,13964,22106,17961,21245,30268,34632,33844,41981,8731,15583,420242,221661,58971,33820,177083,31631,7008
2021-05-26T23:59:59+02:00,15334,14793,24020,23028,29644,33859,52616,58478,69122,70307,60440,66488,45178,55505,11015,19751,5770,5162,8256,9129,9537,14403,13600,21497,17553,20704,30101,34477,33755,41891,8712,15546,409494,221087,56830,33704,176587,28635,6667
2021-05-25T23:59:59+02:00,14939,14443,23457,22637,28477,32912,49797,56021,67149,68457,60190,66226,45079,55364,11003,19708,5682,5020,8038,8877,9295,14030,13282,20956,17186,20210,29965,34351,33683,41793,8694,15500,397712,220588,55770,33628,175973,25942,6404
2021-05-24T23:59:59+02:00,14584,14119,22976,22265,27864,32445,46700,53133,65187,66734,59932,65964,44981,55244,10975,19663,5605,4897,7793,8674,8998,13678,12986,20478,16844,19709,29856,34247,33619,41731,8676,15461,386110,220084,55285,33568,175311,23540,6060
2021-05-23T23:59:59+02:00,14512,14044,22884,22181,27792,32370,46406,52858,64633,66217,59861,65901,44961,55227,10973,19662,5582,4876,7756,8649,8938,13640,12914,20424,16779,19659,29850,34238,33616,41726,8676,15460,383921,219831,55208,33562,175299,23336,6054
2021-05-22T23:59:59+02:00,14258,13788,22578,21855,26650,31377,44579,51308,63924,65589,59714,65722,44905,55144,10964,19643,5560,4815,7733,8591,8902,13579,12883,20334,16755,19606,29844,34228,33611,41722,8676,15459,375479,219756,55195,33562,175294,22950,6030
2021-05-21T23:59:59+02:00,13911,13487,21993,21420,25751,30642,41997,49242,62255,64150,59522,65518,44830,55060,10952,19625,5538,4776,7678,8505,8840,13500,12808,20239,16683,19527,29835,34212,33606,41712,8674,15458,365156,219579,54136,33550,175105,22504,5958
2021-05-20T23:59:59+02:00,13196,12836,20864,20544,24641,29637,40430,47891,59928,62065,58864,64798,44654,54828,10926,19577,5213,4573,7284,8226,8447,13125,12356,19730,16318,19100,29737,34141,33562,41665,8672,15450,354768,219201,51843,33446,173822,19706,5246
2021-05-19T23:59:59+02:00,12697,12465,20071,20003,23805,29044,39543,47196,56412,58120,58545,64492,44562,54700,10908,19537,5041,4389,7053,7980,8163,12814,12021,19302,15987,18722,29659,34049,33522,41596,8664,15440,344391,218749,50254,33337,172699,17560,4756
2021-05-18T23:59:59+02:00,12322,12132,19496,19560,23176,28478,37981,45849,55196,57134,58221,64115,44444,54557,10887,19516,4924,4237,6804,7757,7924,12529,11788,18922,15673,18331,29599,33987,33493,41563,8661,15433,339083,218480,48428,33266,171248,15574,4305
2021-05-17T23:59:59+02:00,12063,11915,19066,19289,22745,28171,36621,44714,54066,56248,58025,63908,44386,54462,10876,19489,4843,4132,6586,7544,7676,12242,11540,18553,15382,17964,29532,33931,33473,41526,8655,15421,335067,218210,47456,33201,169741,13809,3780
2021-05-16T23:59:59+02:00,11846,11758,18773,19091,22415,27924,35927,44212,52842,55092,57916,63808,44351,54413,10867,19470,4763,4050,6352,7377,7409,11988,11265,18195,15119,17655,29482,33888,33458,41507,8648,15418,332658,217974,46583,33144,168131,12123,3333
2021-05-15T23:59:59+02:00,11740,11644,18615,18948,22252,27783,35487,43792,52494,54759,57814,63683,44311,54367,10864,19457,4716,4008,6262,7310,7318,11880,11167,18080,15014,17531,29382,33766,33384,41428,8644,15414,330276,216899,46583,33143,167996,12107,3155
2021-05-14T23:59:59+02:00,11422,11415,18191,18712,21859,27507,32736,41694,50744,53203,57662,63529,44264,54295,10852,19438,4565,3917,5969,7138,7015,11652,10819,17727,14667,17208,28855,33081,33272,41275,8631,15389,321226,213670,46530,33139,167385,11989,2382
2021-05-13T23:59:59+02:00,10906,10980,17378,18157,20988,26824,31601,40687,48449,50926,56963,62757,44082,54037,10821,19373,4004,3694,5655,6884,6716,11348,10408,17345,14274,16741,27972,31903,32916,40832,8605,15339,312798,209151,44671,32587,165383,10821,2077
2021-05-12T23:59:59+02:00,10572,10754,16951,17910,20516,26540,31068,40292,45160,46912,56735,62539,44003,53935,10807,19353,3842,3593,5424,6778,6445,11199,10127,17136,14025,16448,27375,31138,32777,40677,8582,15308,303680,206232,43850,32565,165095,10655,1422
2021-05-11T23:59:59+02:00,10083,10433,16155,17377,19673,25925,29097,38717,43453,45516,56439,62184,43923,53813,10792,19328,3699,3436,5200,6433,6145,10788,9761,16551,13556,15872,25970,29478,32332,40140,8545,15234,298226,200306,40796,32386,162621,9183,1265
2021-05-10T23:59:59+02:00,9778,10258,15633,17123,19070,25605,28042,37977,42051,44394,56263,61989,43852,53712,10774,19304,3576,3286,4969,6195,5897,10478,9428,16059,13158,15431,24943,28136,31907,39647,8514,15184,294996,195695,39894,32362,159970,7786,965
2021-05-09T23:59:59+02:00,9589,10165,15344,16935,18688,25362,27322,37505,40198,42657,56132,61864,43808,53658,10767,19287,3436,3224,4792,6057,5737,10304,9236,15849,12983,15268,24669,27806,31789,39490,8506,15175,292075,194523,39527,32323,156989,6785,690
2021-05-08T23:59:59+02:00,9497,10072,15169,16798,18483,25151,27091,37267,39975,42471,56020,61742,43775,53620,10764,19278,3426,3202,4758,6023,5693,10255,9154,15783,12885,15185,24279,27353,31553,39227,8499,15160,290538,193339,39077,31623,156868,6783,690
2021-05-07T23:59:59+02:00,9297,9959,14828,16616,18119,24920,26677,36980,39543,42089,55759,61423,43735,53573,10759,19271,3087,3042,4411,5850,5439,9979,8820,15476,12461,14740,23175,25962,31010,38519,8478,15126,288057,189958,38650,30131,156544,5189,297
2021-05-06T23:59:59+02:00,8607,9559,13949,15999,17062,24063,25296,35854,37420,40363,54776,60270,43520,53291,10729,19219,2940,2916,4239,5644,5230,9667,8452,15028,12019,14246,21826,24251,30286,37661,8434,15025,277560,184431,37379,29176,154779,3998,259
2021-05-05T23:59:59+02:00,8023,9206,13163,15449,16035,23276,23868,34818,35601,38789,53105,58417,43245,52987,10702,19161,2833,2845,4069,5490,5034,9444,8094,14669,11652,13852,20327,22365,29294,36474,8402,14941,266277,178427,36474,28013,153013,3264,81
2021-05-04T23:59:59+02:00,7828,9095,12810,15270,15533,23007,23235,34466,34612,38038,52368,57563,43133,52864,10691,19127,2762,2761,3915,5318,4853,9184,7750,14236,11189,13346,18613,20365,28326,35321,8327,14844,262631,171661,35611,27086,151369,2334,29
2021-05-03T23:59:59+02:00,7646,8928,12420,15062,15027,22688,22529,34047,33465,37130,52149,57320,43042,52769,10682,19099,2694,2681,3820,5137,4708,8935,7526,13873,10852,12926,17361,18797,27552,34356,8273,14753,259413,166139,35152,26737,149419,1349,19
2021-05-02T23:59:59+02:00,7559,8818,12194,14898,14717,22457,22044,33714,32273,36137,51969,57109,42986,52689,10667,19071,2681,2673,3798,5104,4678,8896,7457,13800,10764,12824,17023,18393,27306,34087,8261,14742,257017,164595,35080,26626,147187,1248,18
2021-05-01T23:59:59+02:00,7533,8789,12136,14847,14637,22405,21948,33641,32156,36049,51964,57100,42983,52688,10665,19069,2674,2663,3775,5086,4637,8869,7414,13765,10703,12759,16816,18160,27208,33972,8258,14732,256474,163629,35080,26598,147038,1246,18
2021-04-30T23:59:59+02:00,7491,8743,12040,14768,14525,22282,21752,33469,31924,35836,51714,56772,42940,52637,10660,19061,2639,2638,3714,5019,4541,8761,7261,13565,10399,12482,15924,17024,26474,33058,8227,14659,254736,160474,35037,24717,146823,1176,18
2021-04-29T23:59:59+02:00,7257,8605,11740,14587,14170,22045,21222,33170,31169,35310,51133,56028,42854,52524,10639,18994,2598,2584,3615,4928,4412,8623,7064,13351,10116,12181,14799,15599,25366,31753,8174,14574,251621,154824,34949,23973,144859,922,18
2021-04-28T23:59:59+02:00,6955,8415,11354,14251,13688,21572,20593,32558,29848,34008,48642,53255,42600,52229,10590,18927,2557,2538,3544,4867,4300,8506,6891,13159,9862,11950,13471,13876,24114,30185,8130,14488,241767,148953,34831,22772,142879,705,8
2021-04-27T23:59:59+02:00,6847,8313,11200,14128,13502,21421,20306,32345,29292,33604,48477,53077,42549,52180,10583,18909,2512,2497,3446,4779,4213,8394,6709,12959,9577,11653,12043,12048,22700,28336,8069,14371,240457,142186,34785,21585,141483,527,8
2021-04-26T23:59:59+02:00,6790,8265,11089,14061,13342,21304,20068,32117,28439,32999,48197,52776,42500,52124,10578,18882,2489,2464,3393,4738,4147,8321,6602,12822,9379,11462,10956,10655,21627,26848,8019,14298,239766,136952,34761,20843,138996,417,8
2021-04-25T23:59:59+02:00,6738,8213,10978,13963,13184,21152,19809,31822,27613,32209,47800,52336,42426,52038,10565,18865,2460,2452,3363,4718,4129,8299,6568,12781,9317,11404,10769,10427,21418,26566,8014,14286,238086,136107,34719,20500,136898,356,8
2021-04-24T23:59:59+02:00,6711,8155,10899,13881,13092,21005,19671,31651,27458,32037,47696,52212,42351,51959,10561,18861,2453,2442,3337,4687,4088,8254,6488,12703,9186,11283,10610,10246,21297,26441,8002,14270,236644,135585,34703,19856,136845,338,8
2021-04-23T23:59:59+02:00,6638,8050,10764,13679,12898,20750,19349,31275,27049,31653,46807,51112,42205,51756,10546,18831,2435,2420,3292,4653,4036,8197,6390,12607,9021,11148,10319,9914,21010,26058,7961,14206,232311,134471,34648,18861,136395,327,8
2021-04-22T23:59:59+02:00,6522,7927,10541,13466,12552,20410,18815,30790,26370,30983,45111,48982,41710,51126,10509,18748,2417,2401,3246,4605,3961,8118,6264,12506,8743,10981,9853,9454,20608,25524,7923,14145,226104,132365,34540,18081,133910,295,8
2021-04-21T23:59:59+02:00,6418,7765,10306,13268,12210,20087,18308,30284,25443,29992,41074,44385,41286,50655,10453,18653,2406,2389,3202,4572,3913,8060,6175,12410,8569,10824,9484,9031,20158,24984,7872,14062,214076,130746,34475,17081,132028,276,8
2021-04-20T23:59:59+02:00,6318,7662,10102,13052,11935,19819,17882,29854,24825,29362,39340,42379,40719,49982,10393,18531,2381,2373,3159,4547,3847,8013,6035,12317,8410,10696,9174,8648,19704,24374,7799,13945,207884,129406,34389,15785,129874,223,8
2021-04-19T23:59:59+02:00,6237,7576,9946,12925,11725,19619,17490,29434,24233,28836,37832,40604,40199,49348,10345,18455,2364,2351,3124,4514,3804,7966,5996,12249,8324,10603,8897,8306,19339,23867,7765,13867,202894,127731,34335,15392,127567,205,8
2021-04-18T23:59:59+02:00,6160,7514,9817,12848,11533,19470,17203,29235,23777,28450,36569,39302,39887,48976,10318,18407,2351,2331,3093,4495,3777,7949,5950,12202,8274,10556,8789,8192,19197,23704,7751,13847,201379,127248,34298,15001,123781,201,8
2021-04-17T23:59:59+02:00,6153,7497,9780,12815,11490,19426,17121,29171,23699,28379,36271,38965,39791,48896,10313,18397,2339,2321,3067,4480,3713,7907,5876,12149,8195,10505,8678,8079,19101,23600,7733,13835,200155,126459,34290,14912,123711,199,8
2021-04-16T23:59:59+02:00,6086,7447,9696,12765,11362,19302,16901,29018,23291,27953,35243,37741,39432,48449,10297,18369,2190,2218,2843,4312,3350,7585,5073,11586,6673,9395,6231,6067,17514,22086,7580,13591,196055,117478,34206,10611,123083,197,8
2021-04-15T23:59:59+02:00,6006,7346,9492,12584,11053,19050,16381,28618,22554,27259,33330,35412,38539,47395,10228,18227,2142,2179,2780,4247,3231,7469,4830,11388,6312,9085,5758,5662,16940,21386,7427,13314,190252,114387,34154,9565,119060,190,8
2021-04-14T23:59:59+02:00,5934,7289,9327,12459,10817,18861,15966,28281,21858,26708,31340,33096,37498,46155,10166,18069,2051,2115,2702,4186,3118,7378,4617,11212,5987,8835,5279,5238,16368,20676,7256,13021,183893,111791,34015,8105,115908,135,8
2021-04-13T23:59:59+02:00,5875,7221,9187,12330,10639,18686,15604,27985,21270,26143,29188,30577,36370,44736,10051,17903,2002,2096,2665,4147,3061,7312,4480,11059,5718,8630,4931,4917,15912,20222,7157,12859,177013,110390,33952,6732,112792,38,8
2021-04-12T23:59:59+02:00,5806,7165,9073,12191,10435,18530,15264,27690,20660,25608,27132,28254,35343,43434,9945,17737,1968,2054,2636,4127,3037,7255,4409,10990,5615,8536,4774,4771,15603,19831,7067,12693,171310,109568,33879,5753,109070,37,8
2021-04-11T23:59:59+02:00,5760,7118,8983,12113,10271,18426,14978,27498,20192,25229,25934,26974,34720,42722,9878,17614,1957,2047,2613,4105,3018,7229,4373,10946,5532,8471,4676,4717,15489,19707,7036,12648,169536,109373,33810,5151,105056,32,8
2021-04-10T23:59:59+02:00,5741,7101,8948,12088,10212,18390,14908,27449,20093,25140,25577,26557,34433,42360,9871,17593,1954,2042,2604,4095,3002,7213,4340,10918,5473,8427,4600,4639,15360,19539,6999,12574,168327,108588,33090,5151,105036,32,8
2021-04-09T23:59:59+02:00,5682,7066,8865,12004,10087,18269,14735,27257,19816,24886,24635,25261,33630,41331,9846,17534,1921,2010,2552,4057,2922,7151,4179,10792,5216,8195,4176,4257,14790,18806,6810,12267,164980,104918,31582,5144,104335,32,7
2021-04-08T23:59:59+02:00,5598,6993,8716,11887,9864,18089,14318,26936,19191,24363,22783,23109,32160,39611,9725,17334,1886,1990,2495,4008,2845,7065,4017,10641,4914,7927,3707,3811,13758,17488,6420,11641,159243,99967,30676,4612,100751,27,7
2021-04-07T23:59:59+02:00,5535,6931,8539,11817,9634,17930,13982,26688,18691,23969,20804,20737,30646,37675,9632,17158,1849,1973,2439,3953,2781,6987,3904,10479,4725,7719,3435,3529,13037,16638,6107,11163,153231,96654,29503,4041,97627,16,7
2021-04-06T23:59:59+02:00,5474,6878,8397,11712,9473,17757,13628,26410,18154,23530,18759,18411,28972,35488,9471,16872,1811,1952,2414,3927,2748,6946,3840,10435,4644,7631,3330,3401,12518,15949,5872,10816,146417,94361,28549,3851,94413,15,7
2021-04-05T23:59:59+02:00,5434,6832,8304,11618,9336,17658,13393,26183,17705,23138,16900,16270,27566,33602,9348,16685,1786,1941,2387,3910,2720,6897,3798,10374,4555,7523,3223,3293,12163,15552,5737,10574,141015,92991,28115,3420,90835,15,7
2021-04-04T23:59:59+02:00,5426,6827,8296,11604,9319,17649,13371,26160,17675,23114,16744,16068,27398,33386,9343,16674,1785,1939,2386,3908,2718,6894,3796,10370,4549,7521,3215,3280,12151,15541,5735,10566,140300,92912,28022,3420,90725,15,7
2021-04-03T23:59:59+02:00,5422,6819,8280,11594,9298,17630,13325,26127,17603,23048,16663,15980,27358,33330,9339,16670,1782,1935,2375,3902,2699,6878,3767,10344,4470,7456,3089,3167,12081,15476,5730,10556,139772,92265,27993,3420,90714,15,7
2021-04-02T23:59:59+02:00,5393,6797,8226,11537,9227,17560,13174,26014,17365,22833,16187,15448,26932,32830,9314,16625,1779,1925,2364,3896,2689,6863,3741,10303,4405,7370,3020,3097,11806,15157,5621,10382,138576,90980,26581,3416,90298,15,7
2021-04-01T23:59:59+02:00,5339,6719,8110,11400,9094,17393,12890,25714,16904,22434,15391,14660,26257,31947,9215,16476,1754,1893,2341,3874,2661,6832,3707,10265,4337,7304,2897,2958,10789,13913,5116,9675,136346,86987,25916,3310,87676,14,5
2021-03-31T23:59:59+02:00,5116,6622,7997,11288,8961,17226,12658,25417,16554,22072,14644,13836,25497,31013,9130,16320,1743,1887,2328,3851,2639,6806,3653,10210,4266,7239,2807,2868,10151,13139,4829,9267,134562,84579,24461,3085,85323,14,5
2021-03-30T23:59:59+02:00,5082,6555,7920,11161,8878,17074,12492,25219,16262,21746,14013,13126,24781,30113,9021,16116,1730,1872,2309,3833,2613,6782,3614,10147,4197,7161,2682,2730,9516,12423,4545,8846,133091,82280,23248,2704,83215,11,5
2021-03-29T23:59:59+02:00,5036,6483,7814,11055,8772,16907,12323,24926,15926,21407,13437,12456,24080,29219,8896,15910,1718,1862,2292,3820,2597,6756,3579,10091,4143,7091,2630,2664,9193,11999,4400,8585,131265,80911,22493,2493,80884,11,5
2021-03-28T23:59:59+02:00,4992,6388,7725,10949,8701,16750,12177,24690,15659,21133,13101,12117,23521,28546,8758,15676,1709,1857,2281,3808,2590,6733,3542,10047,4110,7038,2588,2616,9112,11886,4361,8532,130769,80578,21968,2216,78141,11,5
2021-03-27T23:59:59+01:00,4978,6374,7698,10919,8630,16676,12074,24589,15511,21015,12892,11900,23336,28351,8730,15650,1708,1855,2278,3806,2588,6732,3529,10021,4099,7021,2579,2608,9047,11814,4336,8500,129896,80289,21320,2216,78102,11,5
2021-03-26T23:59:59+01:00,4928,6293,7578,10801,8457,16476,11717,24266,14877,20495,11960,11070,22615,27560,8623,15465,1700,1837,2274,3788,2575,6707,3507,9995,4057,6985,2556,2572,8840,11570,4246,8361,125897,79452,19721,2102,77558,11,5
2021-03-25T23:59:59+01:00,4863,6108,7407,10513,8209,16063,11307,23624,14260,19827,11264,10399,21753,26478,8376,15016,1678,1819,2243,3760,2539,6673,3469,9942,3982,6902,2418,2438,7802,10202,3752,7645,122639,75382,18945,1867,73879,11,4
2021-03-24T23:59:59+01:00,4779,5939,7256,10222,8007,15645,11031,23077,13803,19254,10639,9824,20841,25374,8103,14529,1654,1787,2216,3724,2497,6633,3413,9870,3916,6808,2314,2339,7102,9355,3441,7166,120057,72775,17757,1448,70507,10,2
2021-03-23T23:59:59+01:00,4733,5823,7142,9993,7856,15296,10761,22556,13402,18786,10172,9373,20091,24496,7864,14143,1640,1770,2192,3702,2474,6605,3353,9812,3824,6735,2217,2240,6309,8319,3073,6600,118613,69735,16658,1119,67215,10,1
2021-03-22T23:59:59+01:00,4673,5726,7011,9749,7697,14973,10496,22080,13058,18313,9790,9020,19525,23777,7717,13858,1629,1762,2185,3687,2460,6592,3331,9786,3786,6702,2164,2190,5796,7639,2784,6194,117740,67646,16257,1030,63465,10,1
2021-03-21T23:59:59+01:00,4618,5591,6875,9482,7535,14601,10256,21531,12727,17833,9462,8736,19003,23162,7561,13596,1626,1757,2184,3678,2457,6586,3324,9774,3776,6692,2148,2170,5667,7492,2742,6111,117544,67143,15860,1030,59164,10,1
2021-03-20T23:59:59+01:00,4607,5565,6839,9421,7471,14538,10163,21421,12627,17743,9379,8642,18865,22986,7520,13519,1623,1754,2180,3675,2452,6580,3311,9764,3751,6683,2115,2134,5305,7084,2596,5909,116720,65875,15766,1030,58819,10,1
2021-03-19T23:59:59+01:00,4406,5396,6552,9171,6993,14098,9181,20643,10822,16338,6497,6273,16815,20907,7225,13049,1617,1749,2175,3667,2441,6568,3299,9736,3693,6638,2051,2095,4880,6563,2388,5640,107448,64191,11061,998,55856,10,1
2021-03-18T23:59:59+01:00,4287,5226,6360,8870,6741,13637,8769,19975,10181,15632,5784,5612,15570,19372,6805,12367,1610,1740,2155,3639,2422,6530,3267,9700,3652,6604,2012,2064,4397,5966,2171,5302,102338,62331,10056,890,52793,9,1
2021-03-17T23:59:59+01:00,4196,5136,6233,8729,6564,13462,8466,19632,9769,15254,5378,5226,14731,18397,6470,11868,1598,1725,2140,3620,2391,6498,3232,9671,3614,6567,1958,2007,3951,5464,1966,4976,99101,60611,8372,757,52037,9,1
2021-03-16T23:59:59+01:00,4104,4978,6080,8463,6354,13075,8129,19049,9232,14623,4861,4769,13899,17404,6201,11451,1589,1716,2131,3604,2374,6486,3220,9649,3587,6539,1929,1969,3358,4752,1709,4552,96792,58402,6964,753,48915,8,1
2021-03-15T23:59:59+01:00,4034,4804,5885,8191,6146,12643,7841,18475,8798,14031,4565,4495,13215,16640,5984,11046,1588,1706,2116,3588,2353,6460,3198,9596,3565,6501,1895,1919,2949,4250,1481,4212,95321,56633,5992,738,45480,6,0
2021-03-14T23:59:59+01:00,3976,4635,5632,7872,5882,12173,7508,17729,8362,13334,4248,4235,12948,16399,5947,10961,1580,1696,2100,3558,2338,6408,3181,9535,3548,6471,1887,1908,2865,4133,1437,4138,95208,56233,5385,545,41248,5,0
2021-03-13T23:59:59+01:00,3961,4603,5598,7786,5826,12087,7430,17616,8235,13207,4095,4097,12869,16323,5942,10950,1580,1696,2100,3558,2337,6408,3180,9534,3547,6471,1882,1899,2806,4072,1412,4091,94524,56023,5385,545,40716,5,0
2021-03-12T23:59:59+01:00,3936,4513,5549,7655,5760,11943,7342,17377,8104,13000,3989,4000,12562,15979,5832,10762,1580,1696,2096,3551,2335,6400,3177,9527,3546,6467,1880,1897,2698,3943,1351,4026,93109,55620,5377,545,39817,5,0
2021-03-11T23:59:59+01:00,3833,4268,5333,7397,5533,11497,6987,16682,7686,12421,3656,3655,11403,14607,5291,10002,1574,1691,2086,3538,2316,6377,3155,9489,3521,6436,1853,1873,2431,3654,1228,3838,88931,54541,4949,514,36371,5,0
2021-03-10T23:59:59+01:00,3723,4126,5118,7130,5319,11122,6711,16107,7359,11932,3452,3437,10693,13736,4983,9561,1567,1672,2061,3499,2287,6290,3104,9359,3465,6326,1812,1802,2189,3389,1126,3678,86468,53343,4581,279,33460,4,0
2021-03-09T23:59:59+01:00,3642,3974,4947,6941,5135,10834,6477,15649,7060,11456,3282,3257,10009,12969,4679,9110,1557,1656,2027,3440,2254,6185,3035,9213,3406,6255,1785,1776,1887,3033,986,3476,84197,51935,4325,32,30899,4,0
2021-03-08T23:59:59+01:00,3565,3792,4717,6683,4895,10464,6212,15128,6704,10887,3097,3090,9595,12491,4527,8842,1554,1632,2010,3359,2224,6092,2993,9068,3378,6172,1770,1753,1663,2777,890,3312,82728,50617,3962,30,27999,0,0
2021-03-07T23:59:59+01:00,3531,3721,4641,6573,4809,10349,6113,14967,6591,10757,3048,3046,9510,12380,4494,8786,1546,1626,2005,3347,2215,6062,2986,9030,3366,6158,1764,1740,1595,2700,850,3256,82385,50216,3793,30,27138,0,0
2021-03-06T23:59:59+01:00,3513,3649,4598,6490,4772,10278,6055,14852,6545,10663,3030,3025,9445,12306,4470,8752,1544,1610,1998,3335,2205,6034,2983,9002,3355,6139,1756,1719,1563,2676,848,3248,82072,49985,3793,30,26578,0,0
2021-03-05T23:59:59+01:00,3484,3544,4536,6390,4713,10173,5989,14693,6445,10523,2996,2982,9234,12044,4377,8609,1534,1569,1969,3278,2178,5926,2941,8866,3313,6005,1714,1681,1497,2607,829,3223,81171,49100,3785,30,25776,0,0
2021-03-04T23:59:59+01:00,3415,3326,4366,6154,4511,9864,5765,14250,6142,10169,2821,2815,8125,10598,3856,7859,1512,1512,1934,3154,2150,5732,2893,8598,3261,5791,1647,1597,1463,2560,825,3208,77011,47808,3512,29,23513,0,0
2021-03-03T23:59:59+01:00,3366,3244,4224,5964,4346,9593,5549,13868,5907,9774,2698,2703,7427,9734,3529,7356,1498,1469,1906,3078,2128,5622,2863,8417,3205,5646,1580,1553,1422,2488,807,3161,74292,46814,3298,29,21692,0,0
2021-03-02T23:59:59+01:00,3306,3135,4032,5761,4147,9319,5349,13482,5654,9421,2563,2561,6584,8655,3145,6776,1463,1420,1878,3005,2102,5468,2817,8143,3155,5468,1509,1495,1360,2408,787,3123,71136,45572,2899,29,19855,0,0
2021-03-01T23:59:59+01:00,3264,3057,3856,5614,3973,9096,5162,13161,5426,9048,2475,2466,6032,7923,2851,6356,1455,1377,1857,2893,2071,5280,2772,7868,3101,5265,1468,1465,1314,2347,761,3087,68981,44352,2648,29,18131,0,0
2021-02-28T23:59:59+01:00,3214,3000,3681,5497,3772,8892,4969,12901,5245,8765,2431,2404,5895,7754,2805,6273,1450,1371,1854,2880,2060,5254,2767,7833,3091,5250,1460,1458,1308,2337,758,3080,68509,44182,2430,29,16559,0,0
2021-02-27T23:59:59+01:00,3195,2923,3655,5422,3741,8826,4932,12805,5207,8703,2392,2363,5524,7335,2650,6063,1443,1361,1844,2868,2049,5209,2747,7774,3076,5199,1445,1450,1300,2327,757,3079,67197,43900,2430,28,16109,0,0
2021-02-26T23:59:59+01:00,3170,2868,3610,5339,3682,8726,4871,12696,5115,8624,2319,2313,5089,6803,2435,5786,1374,1295,1799,2766,2001,5018,2688,7488,3005,5017,1388,1409,1278,2304,744,3071,65390,42618,2305,27,15751,0,0
2021-02-25T23:59:59+01:00,2981,2738,3424,5160,3506,8501,4654,12392,4910,8376,2240,2262,4578,6180,2212,5436,1357,1232,1763,2655,1957,4715,2610,7097,2915,4773,1348,1369,1261,2289,742,3062,63529,41121,1982,24,14039,0,0
2021-02-24T23:59:59+01:00,2798,2578,3252,4964,3349,8303,4450,12109,4698,8164,2111,2146,4089,5612,1999,5105,1336,1195,1743,2574,1919,4559,2553,6835,2862,4592,1322,1341,1242,2268,740,3042,61761,40106,1510,17,12456,0,0
2021-02-23T23:59:59+01:00,2643,2417,3075,4731,3201,8075,4266,11831,4525,7936,2029,2059,3462,4872,1739,4676,1321,1140,1712,2473,1878,4354,2482,6536,2765,4357,1271,1289,1219,2227,727,3018,59560,38755,1159,14,10818,0,0
2021-02-22T23:59:59+01:00,2593,2356,2994,4637,3128,7968,4170,11638,4421,7822,1989,2020,3044,4366,1510,4344,1307,1073,1678,2336,1833,4096,2400,6144,2642,4088,1218,1242,1198,2199,722,2996,57897,37168,1073,4,10030,0,0
2021-02-21T23:59:59+01:00,2554,2319,2938,4559,3051,7852,4083,11483,4361,7725,1974,1998,2954,4243,1463,4267,1301,1050,1662,2277,1805,3981,2366,5988,2584,3977,1186,1226,1190,2183,715,2983,57464,36470,1040,4,9320,0,0
2021-02-20T23:59:59+01:00,2542,2315,2916,4544,3035,7818,4053,11449,4345,7706,1969,1989,2893,4180,1437,4219,1301,1047,1662,2275,1803,3971,2366,5984,2583,3974,1185,1223,1189,2179,714,2983,57249,36435,1039,4,9122,0,0
2021-02-19T23:59:59+01:00,2526,2298,2883,4489,3006,7730,4010,11363,4292,7652,1963,1984,2782,4047,1376,4148,1241,1037,1631,2268,1792,3958,2357,5962,2572,3964,1181,1215,1177,2174,710,2976,56834,36211,1008,4,8707,0,0
2021-02-18T23:59:59+01:00,2369,2183,2740,4307,2884,7524,3864,11066,4164,7478,1937,1952,2512,3749,1252,3957,1148,988,1565,2176,1742,3836,2282,5797,2523,3893,1168,1199,1174,2159,699,2960,55770,35305,942,4,7226,0,0
2021-02-17T23:59:59+01:00,2316,2122,2649,4173,2773,7303,3705,10705,4034,7262,1886,1881,2271,3490,1150,3796,980,906,1457,2059,1674,3634,2188,5567,2451,3750,1139,1155,1148,2113,683,2921,54700,33822,797,3,6019,0,0
2021-02-16T23:59:59+01:00,2115,1991,2492,3963,2634,7012,3542,10337,3871,7004,1845,1855,1967,3132,1009,3588,947,879,1388,1979,1601,3486,2090,5387,2361,3641,1079,1104,1091,2021,649,2831,53371,32532,761,2,4225,0,0
2021-02-15T23:59:59+01:00,2076,1923,2405,3798,2556,6728,3414,9957,3766,6773,1821,1828,1723,2864,912,3430,928,862,1356,1931,1562,3412,2032,5219,2296,3543,1017,1063,1024,1930,634,2742,52273,31550,747,1,2954,0,0
2021-02-14T23:59:59+01:00,1983,1885,2361,3737,2510,6633,3349,9850,3720,6707,1812,1820,1654,2797,875,3379,913,852,1337,1903,1535,3391,2002,5175,2272,3492,1007,1053,1017,1919,631,2733,51940,31231,718,1,2414,0,0
2021-02-13T23:59:59+01:00,1982,1870,2350,3732,2505,6618,3345,9835,3713,6695,1804,1802,1627,2777,874,3370,913,852,1337,1903,1535,3391,2002,5175,2272,3492,1007,1053,1017,1919,631,2733,51784,31231,718,1,2397,0,0
2021-02-12T23:59:59+01:00,1889,1770,2258,3618,2423,6441,3237,9595,3597,6437,1760,1760,1564,2707,853,3344,905,844,1325,1882,1522,3370,1992,5145,2257,3474,1003,1048,1016,1897,631,2707,50847,31017,718,1,1688,0,0
2021-02-11T23:59:59+01:00,1661,1613,2087,3404,2297,6130,3084,9167,3446,6120,1694,1666,1520,2652,842,3324,874,775,1221,1706,1401,3090,1851,4765,2101,3234,956,987,974,1816,601,2582,49466,28933,678,1,563,0,0
2021-02-10T23:59:59+01:00,1553,1551,2002,3274,2235,5960,2988,8885,3346,5904,1626,1621,1475,2583,826,3271,626,664,1018,1486,1258,2770,1661,4277,1911,2911,839,865,848,1551,533,2280,48302,25498,638,0,160,0,0
2021-02-09T23:59:59+01:00,1513,1489,1968,3184,2204,5764,2923,8535,3275,5675,1552,1562,1418,2523,812,3241,344,499,807,1220,1066,2391,1445,3724,1666,2502,686,698,670,1233,425,1856,47049,21232,510,0,79,0,0
2021-02-08T23:59:59+01:00,1503,1443,1939,3053,2163,5541,2870,8236,3218,5476,1513,1534,1375,2466,796,3224,300,439,701,1061,965,2166,1273,3317,1477,2220,584,585,566,1036,370,1623,45932,18683,339,0,79,0,0
2021-02-07T23:59:59+01:00,1472,1421,1911,3005,2137,5455,2837,8136,3180,5415,1500,1520,1361,2446,783,3211,263,377,652,967,905,2003,1184,3094,1379,2068,547,566,546,1004,362,1595,45652,17512,138,0,0,0,0
2021-02-06T23:59:59+01:00,1467,1413,1903,2993,2129,5423,2824,8093,3169,5374,1489,1512,1354,2437,782,3210,241,339,628,929,877,1936,1144,2974,1325,1990,531,554,540,1004,362,1595,45434,16969,138,0,0,0,0
2021-02-05T23:59:59+01:00,1396,1345,1859,2887,2077,5211,2757,7789,3096,5181,1431,1467,1336,2412,775,3204,224,302,591,891,842,1849,1105,2855,1272,1897,498,534,532,979,351,1573,44085,16295,138,0,0,0,0
2021-02-04T23:59:59+01:00,1383,1267,1813,2738,2010,4873,2666,7340,3001,4906,1392,1436,1319,2396,772,3194,191,233,512,775,752,1707,991,2604,1162,1707,456,489,491,920,333,1464,42475,14787,31,0,0,0,0
2021-02-03T23:59:59+01:00,1359,1230,1784,2658,1970,4705,2599,7068,2951,4717,1357,1406,1288,2358,758,3169,156,194,433,656,633,1461,839,2225,978,1441,337,360,353,696,229,1103,41346,12094,31,0,0,0,0
2021-02-02T23:59:59+01:00,1341,1167,1752,2551,1923,4472,2524,6732,2841,4472,1316,1362,1267,2329,749,3145,133,159,349,534,524,1209,685,1883,796,1168,249,260,276,509,177,825,39912,9736,31,0,0,0,0
2021-02-01T23:59:59+01:00,1324,1097,1714,2413,1870,4209,2446,6342,2724,4198,1252,1290,1241,2289,739,3120,97,99,237,365,348,779,426,1216,466,725,155,156,168,310,94,472,38237,6113,31,0,0,0,0
2021-01-31T23:59:59+01:00,1318,1074,1697,2348,1843,4087,2412,6152,2667,4093,1222,1273,1232,2273,733,3107,83,88,198,293,276,608,336,938,387,596,131,142,160,302,90,459,37500,5087,31,0,0,0,0
2021-01-30T23:59:59+01:00,1318,1071,1696,2343,1840,4074,2411,6141,2664,4085,1221,1269,1231,2271,733,3107,78,76,165,243,247,538,301,815,348,534,130,136,155,299,90,458,37445,4613,30,0,0,0,0
2021-01-29T23:59:59+01:00,1257,1062,1665,2336,1828,4065,2404,6129,2655,4073,1218,1267,1227,2271,733,3107,69,56,122,184,204,377,246,662,306,426,122,127,143,290,87,457,37269,3878,28,0,0,0,0
2021-01-28T23:59:59+01:00,1170,1031,1620,2281,1795,3995,2355,6050,2625,4029,1207,1256,1222,2265,723,3093,44,27,77,110,130,218,154,388,204,259,91,101,115,234,79,418,36692,2649,25,0,0,0,0
2021-01-27T23:59:59+01:00,1005,968,1529,2214,1733,3872,2288,5913,2566,3921,1183,1213,1197,2226,710,3064,32,19,66,87,104,174,123,332,178,218,83,85,105,212,76,389,35585,2283,17,0,0,0,0
2021-01-26T23:59:59+01:00,986,942,1467,2136,1667,3732,2196,5735,2485,3834,1125,1170,1153,2156,687,3014,31,18,63,84,100,167,119,317,177,210,80,81,96,188,67,345,34474,2143,11,0,0,0,0
2021-01-25T23:59:59+01:00,971,915,1434,2076,1635,3628,2144,5577,2434,3747,1076,1144,1102,2102,672,2957,29,18,60,84,97,164,118,316,175,209,80,81,95,187,65,342,33612,2120,2,0,0,0,0
2021-01-24T23:59:59+01:00,968,913,1427,2063,1630,3611,2137,5551,2422,3717,1073,1136,1097,2097,671,2952,29,18,60,84,96,163,118,316,175,208,80,81,95,187,65,342,33463,2117,2,0,0,0,0
2021-01-23T23:59:59+01:00,968,913,1427,2063,1630,3611,2137,5551,2422,3717,1073,1136,1096,2097,671,2952,29,18,60,84,96,163,118,316,174,208,80,81,95,187,65,342,33462,2116,2,0,0,0,0
2021-01-22T23:59:59+01:00,967,903,1410,2038,1619,3585,2121,5519,2410,3699,1071,1132,1095,2068,670,2925,29,18,60,84,96,163,118,316,174,208,80,81,95,187,65,342,33230,2116,2,0,0,0,0
2021-01-21T23:59:59+01:00,931,852,1329,1885,1525,3396,2019,5225,2306,3529,1033,1074,1060,1978,636,2805,27,17,54,79,89,154,109,285,160,188,67,73,84,162,52,293,31581,1893,2,0,0,0,0
2021-01-20T23:59:59+01:00,698,729,1147,1673,1387,3107,1841,4805,2108,3235,912,956,939,1736,580,2545,26,17,53,74,86,154,101,268,149,172,57,66,75,137,46,260,28396,1741,2,0,0,0,0
2021-01-19T23:59:59+01:00,389,556,903,1415,1179,2763,1601,4260,1854,2825,758,786,772,1432,484,2163,21,12,35,51,60,85,74,181,104,117,43,50,54,104,35,197,24139,1223,1,0,0,0,0
2021-01-18T23:59:59+01:00,337,492,791,1224,1057,2493,1397,3739,1617,2491,632,644,622,1160,408,1800,8,6,11,17,22,30,23,49,24,39,11,10,14,34,7,62,20904,367,0,0,0,0,0
2021-01-17T23:59:59+01:00,293,425,721,1129,983,2319,1301,3456,1502,2300,592,614,592,1104,388,1742,1,0,0,0,3,3,1,0,2,2,1,4,0,0,0,1,19461,18,0,0,0,0,0
2021-01-16T23:59:59+01:00,273,391,704,1094,958,2256,1261,3344,1454,2231,576,602,586,1104,388,1741,0,0,0,0,2,3,0,0,1,2,0,1,0,0,0,1,18963,10,0,0,0,0,0
2021-01-15T23:59:59+01:00,258,348,673,1058,930,2168,1226,3228,1401,2140,548,580,580,1082,381,1732,0,0,0,0,0,0,0,0,0,0,0,0,0,0,0,0,18333,0,0,0,0,0,0
2021-01-14T23:59:59+01:00,224,281,606,939,850,2020,1129,3001,1286,1977,510,542,546,1033,376,1694,0,0,0,0,0,0,0,0,0,0,0,0,0,0,0,0,17014,0,0,0,0,0,0
2021-01-13T23:59:59+01:00,189,256,555,866,778,1888,1022,2761,1138,1768,387,428,418,818,276,1299,0,0,0,0,0,0,0,0,0,0,0,0,0,0,0,0,14847,0,0,0,0,0,0
2021-01-12T23:59:59+01:00,165,230,523,794,723,1721,931,2544,1033,1569,303,316,325,582,197,921,0,0,0,0,0,0,0,0,0,0,0,0,0,0,0,0,12877,0,0,0,0,0,0
2021-01-11T23:59:59+01:00,134,179,444,655,629,1460,756,2053,804,1230,182,185,183,345,105,527,0,0,0,0,0,0,0,0,0,0,0,0,0,0,0,0,9871,0,0,0,0,0,0
2021-01-10T23:59:59+01:00,102,125,346,480,469,1060,542,1494,595,901,156,166,169,330,100,516,0,0,0,0,0,0,0,0,0,0,0,0,0,0,0,0,7551,0,0,0,0,0,0
2021-01-09T23:59:59+01:00,90,116,297,409,399,914,473,1270,524,770,151,158,164,326,100,514,0,0,0,0,0,0,0,0,0,0,0,0,0,0,0,0,6675,0,0,0,0,0,0
2021-01-08T23:59:59+01:00,74,91,216,291,301,633,360,960,427,587,144,150,148,317,98,514,0,0,0,0,0,0,0,0,0,0,0,0,0,0,0,0,5311,0,0,0,0,0,0
2021-01-07T23:59:59+01:00,50,32,86,125,135,246,163,434,225,301,108,123,135,285,95,489,0,0,0,0,0,0,0,0,0,0,0,0,0,0,0,0,3032,0,0,0,0,0,0
2021-01-06T23:59:59+01:00,35,24,75,95,116,192,137,355,195,243,86,96,111,233,80,419,0,0,0,0,0,0,0,0,0,0,0,0,0,0,0,0,2492,0,0,0,0,0,0
2021-01-05T23:59:59+01:00,32,19,64,89,105,179,122,339,183,224,84,91,109,226,78,401,0,0,0,0,0,0,0,0,0,0,0,0,0,0,0,0,2345,0,0,0,0,0,0
2021-01-04T23:59:59+01:00,29,18,61,85,97,170,117,321,181,215,83,89,100,209,70,372,0,0,0,0,0,0,0,0,0,0,0,0,0,0,0,0,2217,0,0,0,0,0,0
2021-01-03T23:59:59+01:00,29,18,61,85,97,170,117,321,181,215,83,89,99,208,70,372,0,0,0,0,0,0,0,0,0,0,0,0,0,0,0,0,2215,0,0,0,0,0,0
2021-01-02T23:59:59+01:00,29,18,61,85,97,170,117,321,180,215,83,89,99,208,70,372,0,0,0,0,0,0,0,0,0,0,0,0,0,0,0,0,2214,0,0,0,0,0,0
2021-01-01T23:59:59+01:00,29,18,61,85,97,170,117,321,179,214,83,89,99,208,70,372,0,0,0,0,0,0,0,0,0,0,0,0,0,0,0,0,2212,0,0,0,0,0,0
2020-12-31T23:59:59+01:00,29,18,61,85,97,170,117,321,179,214,83,89,99,208,70,372,0,0,0,0,0,0,0,0,0,0,0,0,0,0,0,0,2212,0,0,0,0,0,0
2020-12-30T23:59:59+01:00,28,18,61,83,96,168,117,320,179,214,83,89,99,208,70,372,0,0,0,0,0,0,0,0,0,0,0,0,0,0,0,0,2205,0,0,0,0,0,0
2020-12-29T23:59:59+01:00,23,12,42,59,76,102,86,226,131,166,64,75,75,174,56,297,0,0,0,0,0,0,0,0,0,0,0,0,0,0,0,0,1664,0,0,0,0,0,0
2020-12-28T23:59:59+01:00,9,7,19,28,34,51,40,119,49,85,29,43,43,101,29,172,0,0,0,0,0,0,0,0,0,0,0,0,0,0,0,0,858,0,0,0,0,0,0
2020-12-27T23:59:59+01:00,3,4,3,4,10,14,8,24,5,18,6,6,6,25,4,50,0,0,0,0,0,0,0,0,0,0,0,0,0,0,0,0,190,0,0,0,0,0,0
