Datum,<15_1_m,<15_1_w,15-24_1_m,15-24_1_w,25-34_1_m,25-34_1_w,35-44_1_m,35-44_1_w,45-54_1_m,45-54_1_w,55-64_1_m,55-64_1_w,65-74_1_m,65-74_1_w,75-84_1_m,75-84_1_w,>84_1_m,>84_1_w,<15_2_m,<15_2_w,15-24_2_m,15-24_2_w,25-34_2_m,25-34_2_w,35-44_2_m,35-44_2_w,45-54_2_m,45-54_2_w,55-64_2_m,55-64_2_w,65-74_2_m,65-74_2_w,75-84_2_m,75-84_2_w,>84_2_m,>84_2_w,bp_1,bp_2,mo_1,mo_2,az_1,az_2,ja,unb_1,unb_2
2021-11-05T23:59:59+01:00,11975,11203,63327,59048,69772,65042,78029,78697,99011,100567,109515,108081,74641,81005,52376,64302,15169,26177,10229,9518,57750,54425,64683,60141,73327,73923,94173,95720,105411,104362,72928,79055,51188,62833,14676,25169,862172,813159,71895,68863,182701,176206,51231,42,52
2021-11-04T23:59:59+01:00,11911,11131,63166,58907,69578,64867,77879,78560,98869,100443,109417,107994,74610,80977,52365,64285,15164,26159,10179,9460,57649,54355,64614,60057,73256,73857,94119,95664,105362,104307,72903,79035,51170,62814,14670,25156,860760,812403,71753,68838,182697,176200,51134,42,52
2021-11-03T23:59:59+01:00,11831,11074,62963,58767,69371,64700,77706,78428,98718,100340,109315,107932,74588,80951,52352,64266,15160,26149,10118,9409,57539,54247,64508,59945,73171,73781,94038,95599,105307,104263,72876,79003,51151,62787,14664,25141,859260,811436,71671,68815,182696,176199,51045,42,52
2021-11-02T23:59:59+01:00,11753,10996,62742,58607,69083,64477,77483,78264,98529,100192,109192,107833,74565,80915,52337,64241,15155,26139,10060,9343,57387,54149,64397,59831,73069,73702,93946,95521,105253,104201,72841,78962,51143,62761,14657,25127,857346,810374,71588,68796,182694,176195,50933,42,52
2021-11-01T23:59:59+01:00,11661,10915,62470,58427,68825,64287,77279,78120,98363,100063,109083,107748,74534,80886,52321,64217,15148,26127,9992,9274,57257,54044,64266,59735,72979,73600,93873,95450,105192,104148,72803,78929,51130,62729,14649,25106,855505,809337,71521,68748,182680,176192,50827,41,52
2021-10-31T23:59:59+01:00,11650,10903,62437,58411,68801,64266,77254,78096,98345,100053,109072,107741,74532,80886,52321,64217,15148,26127,9975,9256,57239,54030,64254,59719,72968,73587,93869,95445,105187,104144,72803,78927,51130,62728,14649,25106,855329,809225,71507,68742,182678,176192,50805,41,52
2021-10-30T23:59:59+02:00,11644,10899,62421,58393,68775,64249,77236,78077,98330,100041,109066,107739,74530,80886,52321,64217,15147,26126,9972,9256,57226,54021,64247,59716,72957,73578,93863,95439,105184,104143,72803,78926,51129,62728,14649,25105,855197,809178,71498,68737,182678,176192,50783,41,52
2021-10-29T23:59:59+02:00,11580,10840,62233,58273,68565,64100,77054,77954,98160,99915,108956,107679,74507,80872,52310,64201,15143,26118,9942,9230,57116,53940,64157,59639,72893,73516,93792,95394,105144,104120,72786,78909,51124,62716,14645,25099,853710,808534,71458,68709,182676,176192,50675,41,52
2021-10-28T23:59:59+02:00,11497,10768,62005,58119,68317,63904,76850,77799,97967,99758,108852,107594,74482,80830,52294,64188,15138,26110,9884,9179,56958,53791,64024,59527,72793,73419,93724,95318,105062,104051,72761,78877,51113,62703,14641,25089,851941,807480,71393,68679,182672,176178,50525,41,52
2021-10-27T23:59:59+02:00,11428,10684,61844,57967,68117,63750,76686,77675,97842,99659,108781,107538,74461,80798,52285,64169,15135,26094,9824,9122,56840,53676,63918,59428,72692,73333,93657,95255,105002,104017,72738,78846,51100,62680,14637,25074,850602,806537,71275,68656,182671,176170,50424,41,52
2021-10-26T23:59:59+02:00,11345,10585,61704,57812,67940,63588,76527,77567,97728,99558,108701,107479,74432,80764,52260,64134,15121,26069,9763,9047,56690,53559,63815,59313,72619,73265,93583,95190,104955,103972,72715,78822,51077,62653,14630,25065,849158,805560,71216,68630,182668,176160,50331,41,52
2021-10-25T23:59:59+02:00,11321,10565,61648,57762,67893,63551,76482,77525,97692,99537,108679,107461,74423,80753,52259,64129,15118,26068,9739,9024,56629,53517,63779,59284,72591,73229,93557,95172,104939,103956,72713,78817,51075,62649,14630,25063,848744,805220,71207,68625,182668,176160,50306,41,52
2021-10-24T23:59:59+02:00,11278,10526,61539,57685,67792,63462,76400,77451,97615,99491,108643,107432,74409,80739,52253,64127,15115,26067,9690,8984,56554,53438,63702,59202,72528,73180,93508,95118,104909,103917,72689,78801,51066,62639,14627,25061,848069,804606,71155,68613,182668,176151,50191,41,52
2021-10-23T23:59:59+02:00,11274,10523,61529,57672,67774,63446,76388,77437,97601,99483,108638,107427,74408,80738,52253,64127,15115,26067,9687,8982,56546,53426,63688,59194,72521,73166,93499,95111,104906,103913,72687,78799,51066,62637,14627,25060,847983,804540,71141,68605,182667,176150,50168,41,52
2021-10-22T23:59:59+02:00,11211,10475,61372,57558,67593,63313,76247,77317,97474,99382,108562,107378,74391,80718,52249,64119,15114,26062,9633,8934,56431,53328,63605,59114,72447,73094,93430,95056,104869,103886,72670,78781,51061,62627,14627,25060,846790,803805,71064,68574,182666,176148,50074,41,52
2021-10-21T23:59:59+02:00,11134,10396,61218,57437,67433,63189,76118,77194,97350,99290,108474,107311,74363,80689,52236,64092,15109,26053,9560,8831,56301,53193,63476,58986,72365,72991,93333,94973,104811,103836,72636,78746,51051,62603,14621,25054,845505,802677,71033,68550,182665,176146,49942,41,52
2021-10-20T23:59:59+02:00,11092,10346,61117,57337,67328,63085,76029,77107,97266,99230,108425,107273,74347,80669,52225,64082,15104,26046,9477,8771,56169,53053,63369,58882,72289,72878,93267,94915,104742,103781,72610,78714,51038,62578,14618,25044,844615,801601,71013,68525,182663,176143,49874,41,52
2021-10-19T23:59:59+02:00,11041,10297,61048,57266,67253,63004,75958,77042,97215,99192,108385,107239,74323,80651,52210,64057,15093,26029,9393,8684,56029,52940,63255,58770,72202,72786,93186,94817,104675,103711,72561,78669,51020,62541,14611,25024,843899,800372,70991,68501,182662,176141,49808,41,52
2021-10-18T23:59:59+02:00,10997,10252,60973,57195,67174,62939,75902,76984,97171,99140,108344,107194,74309,80632,52201,64032,15089,26013,9341,8634,55911,52795,63128,58635,72111,72687,93101,94718,104618,103654,72518,78631,50993,62513,14600,25007,843214,799171,70966,68487,182662,176130,49755,41,52
2021-10-17T23:59:59+02:00,10969,10226,60926,57157,67141,62904,75875,76961,97130,99102,108332,107171,74299,80620,52198,64020,15084,26007,9285,8587,55816,52715,63048,58542,72048,72603,93043,94662,104581,103612,72490,78600,50981,62486,14594,24989,842851,798353,70959,68463,182662,176109,49705,41,52
2021-10-16T23:59:59+02:00,10965,10222,60920,57153,67133,62896,75868,76957,97124,99100,108331,107168,74298,80620,52198,64019,15084,26007,9278,8582,55812,52701,63042,58536,72043,72599,93040,94657,104579,103608,72489,78598,50981,62486,14594,24989,842808,798306,70956,68455,182662,176109,49692,41,52
2021-10-15T23:59:59+02:00,10927,10176,60827,57090,67072,62833,75809,76896,97074,99048,108293,107145,74287,80605,52196,64017,15082,26005,9230,8533,55693,52582,62966,58463,71976,72526,92973,94598,104532,103565,72472,78580,50971,62469,14593,24985,842188,797486,70935,68409,182662,176108,49652,41,52
2021-10-14T23:59:59+02:00,10879,10115,60718,56995,67010,62737,75745,76823,97012,98990,108258,107098,74273,80586,52184,64003,15078,25999,9124,8450,55527,52448,62849,58333,71905,72429,92869,94507,104472,103496,72437,78547,50949,62435,14583,24972,841419,796243,70920,68384,182659,176094,49559,41,52
2021-10-13T23:59:59+02:00,10825,10074,60629,56913,66943,62646,75676,76757,96953,98952,108208,107057,74252,80565,52169,63985,15073,25989,9056,8389,55393,52318,62747,58206,71808,72332,92792,94422,104393,103421,72399,78514,50929,62401,14572,24952,840674,795063,70906,68372,182657,176074,49483,41,52
2021-10-12T23:59:59+02:00,10768,10023,60522,56829,66842,62565,75608,76701,96908,98899,108170,107022,74227,80541,52159,63973,15068,25980,8982,8327,55261,52166,62638,58087,71723,72225,92735,94338,104320,103354,72360,78466,50905,62370,14567,24933,839889,793870,70897,68351,182655,176066,49418,41,52
2021-10-11T23:59:59+02:00,10714,9974,60420,56766,66752,62466,75532,76632,96846,98844,108117,106978,74200,80511,52141,63945,15053,25958,8921,8271,55137,52037,62511,57954,71645,72116,92657,94262,104244,103287,72314,78422,50877,62335,14554,24911,839051,792688,70877,68332,182648,176057,49326,41,52
2021-10-10T23:59:59+02:00,10686,9948,60359,56724,66693,62423,75489,76588,96813,98812,108090,106958,74188,80500,52138,63939,15048,25948,8869,8229,55036,51919,62418,57830,71560,72031,92583,94178,104182,103235,72283,78392,50856,62313,14548,24899,838641,791702,70868,68322,182645,176043,49242,41,52
2021-10-09T23:59:59+02:00,10685,9945,60350,56716,66682,62416,75484,76582,96808,98803,108085,106956,74188,80496,52138,63939,15048,25947,8857,8221,55019,51903,62408,57814,71549,72022,92576,94172,104175,103231,72280,78391,50856,62313,14548,24899,838583,791596,70863,68316,182644,176040,49230,41,52
2021-10-08T23:59:59+02:00,10634,9896,60257,56621,66607,62339,75429,76515,96762,98761,108051,106929,74178,80488,52131,63927,15043,25946,8815,8170,54917,51812,62331,57750,71481,71956,92527,94118,104147,103198,72272,78380,50849,62307,14546,24897,837909,790929,70837,68284,182642,176030,49178,41,52
2021-10-07T23:59:59+02:00,10569,9830,60107,56512,66516,62242,75343,76418,96689,98706,107986,106874,74154,80466,52120,63915,15036,25939,8707,8076,54787,51669,62227,57621,71370,71847,92440,94026,104061,103134,72221,78343,50825,62282,14534,24886,836960,789694,70826,68251,182641,176013,49047,41,51
2021-10-06T23:59:59+02:00,10515,9789,59971,56420,66432,62163,75268,76359,96630,98662,107937,106829,74133,80440,52102,63892,15032,25923,8632,8006,54647,51506,62133,57487,71274,71741,92336,93939,103971,103051,72183,78300,50800,62247,14524,24872,836131,788419,70815,68244,182639,175997,48938,41,51
2021-10-05T23:59:59+02:00,10449,9719,59832,56297,66333,62065,75187,76287,96554,98599,107890,106775,74111,80413,52093,63863,15026,25912,8545,7927,54463,51336,62020,57342,71161,71624,92227,93836,103900,102980,72129,78255,50776,62208,14516,24859,835190,787047,70800,68215,182636,175986,48805,41,51
2021-10-04T23:59:59+02:00,10389,9666,59690,56178,66202,61952,75093,76200,96464,98522,107827,106725,74090,80382,52072,63828,15021,25894,8470,7866,54289,51151,61906,57189,71033,71493,92144,93730,103802,102893,72094,78200,50731,62169,14506,24839,834120,785597,70787,68208,182633,175968,48681,41,51
2021-10-03T23:59:59+02:00,10346,9627,59636,56093,66136,61900,75034,76162,96434,98491,107793,106685,74078,80364,52060,63812,15019,25887,8413,7823,54174,51038,61824,57097,70946,71392,92078,93656,103737,102807,72060,78171,50712,62136,14499,24835,833610,784632,70782,68203,182620,175941,48571,41,51
2021-10-02T23:59:59+02:00,10340,9625,59626,56078,66121,61889,75026,76148,96429,98486,107791,106682,74077,80364,52059,63810,15019,25887,8408,7819,54159,51027,61812,57088,70943,71382,92074,93653,103735,102798,72057,78171,50711,62134,14498,24835,833535,784560,70771,68196,182620,175940,48557,41,51
2021-10-01T23:59:59+02:00,10285,9568,59468,55978,66042,61800,74946,76081,96375,98433,107732,106647,74061,80341,52048,63797,15018,25883,8346,7758,54045,50918,61756,57023,70896,71334,92020,93598,103700,102765,72044,78164,50706,62122,14496,24830,832692,783897,70752,68169,182618,175938,48466,41,51
2021-09-30T23:59:59+02:00,10213,9485,59326,55828,65907,61669,74843,75991,96269,98342,107643,106585,74035,80303,52032,63772,15014,25868,8267,7683,53897,50786,61662,56916,70803,71252,91940,93514,103627,102700,72008,78121,50685,62088,14496,24819,831577,782903,70722,68147,182614,175927,48236,41,51
2021-09-29T23:59:59+02:00,10135,9428,59174,55695,65787,61552,74757,75895,96171,98252,107578,106528,73996,80258,52024,63744,15009,25857,8188,7597,53741,50633,61550,56779,70706,71145,91846,93421,103531,102633,71958,78077,50660,62037,14489,24809,830545,781709,70693,68118,182611,175908,48014,41,51
2021-09-28T23:59:59+02:00,10050,9346,59033,55543,65626,61412,74651,75809,96064,98165,107496,106462,73945,80216,52004,63716,15002,25841,8113,7528,53588,50481,61413,56662,70613,71029,91769,93342,103456,102555,71918,78039,50637,62004,14485,24798,829385,780650,70680,68099,182607,175899,47731,41,51
2021-09-27T23:59:59+02:00,9990,9294,58878,55383,65485,61284,74561,75705,95960,98060,107406,106409,73899,80172,51985,63689,14994,25821,8047,7461,53437,50353,61288,56529,70521,70923,91667,93246,103371,102503,71869,77992,50615,61968,14478,24779,828332,779661,70657,68083,182602,175853,47399,41,51
2021-09-26T23:59:59+02:00,9947,9253,58791,55296,65400,61198,74503,75629,95897,98003,107359,106372,73873,80147,51973,63664,14987,25808,7999,7419,53339,50242,61200,56448,70445,70833,91595,93170,103316,102471,71840,77964,50593,61944,14472,24767,827690,778914,70639,68075,182586,175817,47200,41,51
2021-09-25T23:59:59+02:00,9938,9241,58774,55276,65383,61187,74492,75620,95891,97995,107350,106368,73873,80146,51972,63663,14987,25808,7998,7408,53313,50233,61186,56428,70432,70825,91589,93164,103306,102469,71840,77962,50593,61941,14472,24767,827611,778836,70632,68071,182584,175816,47152,41,51
2021-09-24T23:59:59+02:00,9886,9185,58664,55152,65283,61087,74402,75527,95805,97922,107291,106327,73845,80124,51964,63653,14986,25798,7944,7352,53208,50126,61110,56353,70359,70754,91518,93103,103233,102419,71814,77944,50582,61925,14467,24757,826726,778047,70614,68063,182578,175810,46997,41,51
2021-09-23T23:59:59+02:00,9795,9093,58426,54963,65108,60929,74278,75381,95660,97785,107182,106216,73798,80087,51944,63613,14974,25780,7878,7277,53030,49991,60991,56217,70244,70643,91400,92993,103140,102345,71780,77898,50564,61900,14454,24743,825310,777032,70561,68035,182574,175791,46579,41,51
2021-09-22T23:59:59+02:00,9711,9033,58239,54814,64949,60785,74160,75257,95532,97685,107081,106158,73754,80039,51918,63569,14954,25752,7803,7213,52886,49840,60871,56098,70153,70546,91307,92885,103077,102292,71739,77849,50534,61863,14440,24729,824052,776042,70542,68011,182564,175777,46244,41,51
2021-09-21T23:59:59+02:00,9641,8945,58090,54659,64804,60638,74022,75122,95394,97567,106989,106066,73720,79980,51901,63544,14946,25730,7710,7128,52739,49680,60755,55967,70052,70440,91200,92781,102982,102199,71700,77804,50508,61822,14431,24704,822769,774867,70526,67999,182560,175770,45915,41,51
2021-09-20T23:59:59+02:00,9580,8884,57952,54518,64645,60504,73903,74972,95266,97476,106901,105973,73658,79936,51875,63508,14933,25710,7654,7072,52620,49545,60631,55850,69944,70333,91100,92691,102905,102124,71647,77760,50484,61773,14424,24686,821564,773892,70512,67982,182553,175741,45577,41,51
2021-09-19T23:59:59+02:00,9528,8844,57833,54432,64536,60388,73814,74867,95194,97376,106839,105901,73641,79911,51862,63489,14931,25699,7618,7031,52511,49430,60540,55737,69851,70239,91033,92619,102826,102055,71613,77726,50463,61742,14417,24680,820782,773116,70493,67967,182541,175716,45281,41,51
2021-09-18T23:59:59+02:00,9511,8827,57807,54402,64501,60357,73786,74843,95178,97353,106827,105880,73638,79910,51859,63486,14931,25698,7609,7018,52481,49395,60509,55713,69830,70219,91013,92603,102813,102035,71609,77723,50463,61741,14416,24678,820561,772923,70483,67958,182541,175715,45221,41,51
2021-09-17T23:59:59+02:00,9424,8748,57638,54253,64371,60229,73661,74724,95074,97249,106743,105808,73603,79878,51847,63468,14924,25691,7546,6957,52315,49284,60387,55602,69738,70129,90931,92523,102740,101978,71576,77686,50448,61711,14407,24671,819414,771979,70438,67939,182540,175708,44952,41,51
2021-09-16T23:59:59+02:00,9346,8673,57427,54101,64198,60043,73482,74555,94925,97115,106588,105697,73532,79820,51824,63426,14917,25676,7482,6893,52150,49159,60242,55478,69612,70015,90820,92420,102635,101897,71531,77638,50427,61674,14400,24658,817947,771013,70421,67920,182517,175676,44471,41,51
2021-09-15T23:59:59+02:00,9253,8592,57222,53880,64016,59841,73302,74374,94778,96961,106442,105564,73472,79753,51779,63375,14907,25655,7423,6834,51991,48993,60114,55341,69486,69912,90718,92340,102529,101809,71485,77579,50393,61636,14390,24647,816189,769929,70402,67903,182513,175665,44072,41,51
2021-09-14T23:59:59+02:00,9145,8486,57032,53647,63838,59654,73156,74197,94646,96804,106317,105464,73398,79688,51749,63325,14891,25634,7348,6755,51820,48794,59960,55200,69364,69792,90609,92211,102435,101716,71434,77518,50365,61592,14382,24634,814431,768592,70390,67889,182492,175630,43767,40,51
2021-09-13T23:59:59+02:00,9083,8419,56816,53441,63682,59460,72998,74027,94497,96651,106182,105333,73345,79638,51711,63278,14871,25604,7302,6701,51654,48630,59833,55066,69282,69700,90491,92123,102340,101643,71390,77477,50337,61552,14372,24623,812745,767541,70379,67877,182477,175603,43444,40,51
2021-09-12T23:59:59+02:00,9037,8391,56695,53353,63592,59365,72921,73941,94423,96583,106120,105265,73317,79613,51697,63256,14866,25597,7255,6655,51522,48518,59731,54965,69206,69621,90415,92057,102268,101574,71354,77447,50322,61527,14367,24610,812024,766728,70362,67863,182460,175578,43195,40,50
2021-09-11T23:59:59+02:00,9031,8382,56678,53331,63574,59349,72908,73928,94416,96569,106115,105260,73316,79612,51697,63256,14866,25597,7248,6649,51502,48498,59711,54952,69190,69610,90405,92042,102266,101569,71349,77445,50322,61527,14367,24608,811946,766679,70354,67818,182457,175576,43137,40,50
2021-09-10T23:59:59+02:00,8959,8321,56518,53186,63460,59231,72800,73822,94298,96452,106039,105199,73279,79576,51682,63230,14862,25592,7216,6624,51375,48432,59647,54889,69128,69562,90340,91985,102229,101531,71328,77429,50313,61517,14363,24603,810830,766213,70322,67763,182451,175573,42912,40,50
2021-09-09T23:59:59+02:00,8888,8256,56320,52994,63294,59048,72642,73676,94149,96312,105915,105105,73220,79513,51651,63196,14858,25579,7150,6565,51189,48265,59493,54754,68994,69436,90221,91878,102115,101439,71285,77384,50285,61487,14357,24587,809473,765150,70301,67714,182432,175551,42419,39,50
2021-09-08T23:59:59+02:00,8802,8179,56141,52822,63142,58866,72497,73525,93990,96182,105821,104998,73155,79453,51622,63140,14853,25564,7075,6496,51012,48099,59368,54614,68869,69287,90095,91769,102030,101339,71230,77326,50261,61446,14353,24571,808076,763991,70275,67662,182396,175526,42011,39,50
2021-09-07T23:59:59+02:00,8715,8119,55977,52665,63024,58727,72380,73393,93886,96081,105716,104899,73104,79407,51596,63100,14845,25544,6997,6442,50843,47935,59236,54469,68744,69169,89990,91653,101930,101239,71182,77277,50239,61420,14348,24551,806827,762765,70269,67650,182393,175504,41695,39,50
2021-09-06T23:59:59+02:00,8653,8053,55830,52496,62887,58570,72272,73262,93783,95970,105635,104811,73052,79358,51564,63070,14834,25528,6931,6386,50694,47793,59097,54320,68629,69048,89908,91558,101833,101152,71133,77229,50217,61390,14341,24541,805609,761642,70243,67608,182361,175480,41420,39,50
2021-09-05T23:59:59+02:00,8623,8015,55762,52403,62825,58508,72222,73204,93736,95920,105607,104767,73031,79336,51554,63050,14827,25522,6882,6334,50603,47708,59033,54254,68565,68989,89862,91502,101792,101102,71113,77201,50204,61373,14335,24532,805088,761023,70234,67598,182339,175458,41255,39,50
2021-09-04T23:59:59+02:00,8616,8010,55742,52394,62816,58497,72214,73196,93729,95916,105604,104761,73030,79335,51554,63050,14827,25522,6878,6329,50589,47693,59017,54239,68560,68981,89854,91497,101788,101098,71112,77199,50203,61373,14335,24532,805027,760957,70231,67593,182338,175456,41221,39,50
2021-09-03T23:59:59+02:00,8550,7942,55610,52307,62744,58401,72136,73115,93651,95852,105534,104700,73000,79302,51535,63019,14820,25512,6819,6277,50473,47599,58938,54172,68501,68910,89793,91435,101724,101045,71084,77165,50182,61350,14332,24523,804109,760181,70224,67574,182331,175447,41070,39,50
2021-09-02T23:59:59+02:00,8455,7846,55421,52150,62620,58294,72042,72986,93530,95738,105429,104615,72943,79246,51503,62972,14809,25492,6724,6187,50249,47427,58792,54053,68398,68795,89660,91331,101607,100950,71027,77117,50158,61323,14324,24507,802976,759032,70180,67531,182317,175396,40620,39,50
2021-09-01T23:59:59+02:00,8379,7753,55269,52002,62489,58162,71954,72861,93437,95650,105351,104545,72905,79203,51480,62937,14802,25474,6638,6078,50074,47218,58667,53913,68318,68683,89558,91228,101502,100856,70988,77075,50133,61283,14317,24491,801865,757802,70156,67492,182303,175346,40330,39,50
2021-08-31T23:59:59+02:00,8271,7660,55108,51848,62383,58045,71876,72759,93350,95567,105266,104467,72864,79162,51458,62908,14792,25460,6523,5960,49868,47016,58548,53769,68204,68558,89461,91123,101393,100776,70942,77023,50113,61248,14305,24475,800783,756442,70148,67474,182294,175320,40019,39,50
2021-08-30T23:59:59+02:00,8195,7580,54932,51687,62271,57917,71761,72642,93226,95438,105148,104372,72814,79119,51441,62875,14771,25437,6426,5875,49670,46803,58424,53630,68105,68445,89344,91011,101279,100667,70892,76987,50086,61219,14291,24458,799599,755234,70108,67408,182262,175265,39655,39,50
2021-08-29T23:59:59+02:00,8153,7533,54841,51607,62212,57837,71694,72594,93172,95374,105100,104337,72794,79097,51426,62860,14765,25428,6372,5827,49552,46702,58336,53533,68035,68368,89288,90951,101218,100614,70867,76971,50072,61206,14285,24455,799065,754584,70106,67398,182252,175221,39399,39,50
2021-08-28T23:59:59+02:00,8135,7519,54803,51569,62181,57817,71667,72577,93154,95357,105086,104326,72789,79095,51424,62856,14765,25428,6366,5823,49514,46683,58310,53517,68014,68354,89268,90928,101211,100601,70861,76967,50070,61204,14285,24455,798858,754436,70105,67391,182250,175221,39333,39,50
2021-08-27T23:59:59+02:00,8050,7441,54621,51431,62068,57677,71570,72454,93031,95236,104975,104241,72744,79044,51401,62820,14753,25422,6331,5783,49389,46599,58230,53436,67932,68283,89188,90862,101154,100553,70826,76932,50056,61193,14283,24455,797540,753736,70100,67385,182238,175215,39099,39,50
2021-08-26T23:59:59+02:00,7986,7368,54466,51284,61951,57566,71472,72346,92926,95107,104869,104159,72702,78994,51378,62800,14748,25408,6281,5742,49226,46443,58111,53331,67835,68189,89083,90783,101085,100484,70785,76897,50032,61171,14278,24446,796497,752914,70090,67346,182229,175182,38710,39,50
2021-08-25T23:59:59+02:00,7922,7315,54321,51135,61840,57414,71363,72230,92819,95006,104768,104077,72646,78943,51350,62763,14735,25394,6212,5660,49030,46251,57986,53190,67715,68064,88967,90670,100986,100394,70728,76849,50006,61132,14272,24431,795493,751775,70064,67310,182218,175147,38261,39,50
2021-08-24T23:59:59+02:00,7810,7226,54180,50931,61714,57277,71256,72100,92702,94886,104663,103980,72593,78895,51315,62719,14727,25379,6130,5570,48811,46028,57848,53017,67606,67928,88865,90577,100894,100313,70690,76796,49981,61107,14268,24415,794086,750374,70047,67288,182208,175125,38007,39,50
2021-08-23T23:59:59+02:00,7748,7152,54004,50759,61585,57153,71142,71989,92575,94779,104564,103881,72541,78834,51281,62677,14720,25368,6070,5515,48627,45855,57729,52889,67499,67830,88760,90486,100806,100236,70650,76745,49953,61068,14264,24403,792886,749352,70017,67264,182193,175069,37650,39,50
2021-08-22T23:59:59+02:00,7720,7126,53921,50680,61533,57090,71103,71936,92532,94737,104519,103852,72521,78819,51272,62665,14719,25362,6032,5477,48508,45745,57638,52795,67424,67769,88689,90427,100762,100194,70620,76721,49938,61051,14261,24396,792461,748666,70009,67256,182173,175019,37456,39,50
2021-08-21T23:59:59+02:00,7714,7123,53896,50665,61515,57079,71087,71922,92519,94719,104509,103842,72516,78817,51272,62664,14719,25361,6028,5473,48489,45727,57618,52787,67405,67749,88671,90412,100752,100184,70618,76718,49938,61050,14261,24396,792390,748572,69967,67237,182169,175013,37404,39,50
2021-08-20T23:59:59+02:00,7683,7086,53804,50589,61441,57018,71016,71859,92454,94657,104456,103806,72491,78789,51260,62638,14710,25350,6005,5454,48397,45652,57544,52724,67337,67694,88614,90352,100692,100146,70595,76696,49932,61034,14252,24392,791845,748056,69895,67224,182166,174990,37192,39,50
2021-08-19T23:59:59+02:00,7617,7006,53672,50467,61291,56901,70898,71751,92340,94569,104360,103716,72442,78732,51231,62598,14701,25330,5978,5428,48263,45549,57425,52632,67245,67615,88524,90273,100594,100081,70562,76668,49912,61010,14248,24383,790804,747406,69859,67188,182149,174945,36801,39,50
2021-08-18T23:59:59+02:00,7542,6949,53529,50328,61164,56791,70788,71659,92231,94481,104258,103632,72383,78679,51196,62562,14691,25309,5944,5385,48146,45422,57306,52536,67155,67541,88408,90183,100518,100007,70517,76630,49892,60986,14241,24366,789803,746686,69829,67160,182138,174894,36393,39,50
2021-08-17T23:59:59+02:00,7459,6868,53366,50164,61059,56666,70672,71537,92126,94376,104150,103532,72332,78636,51168,62536,14683,25298,5894,5346,47952,45243,57176,52396,67032,67435,88277,90087,100408,99911,70461,76581,49867,60965,14234,24354,788723,745649,69807,67125,182133,174839,35956,39,50
2021-08-16T23:59:59+02:00,7386,6805,53237,50032,60963,56551,70571,71442,92033,94271,104057,103432,72289,78585,51138,62492,14675,25290,5870,5311,47812,45123,57069,52328,66936,67351,88179,89999,100324,99816,70418,76541,49843,60937,14227,24349,787850,745020,69759,67080,182118,174771,35513,39,49
2021-08-15T23:59:59+02:00,7337,6765,53159,49951,60894,56481,70505,71382,91974,94219,104002,103385,72254,78555,51130,62476,14671,25281,5849,5293,47707,45029,56977,52238,66866,67289,88100,89935,100269,99768,70381,76506,49828,60916,14222,24337,787375,744537,69746,67049,182104,174689,35187,39,48
2021-08-14T23:59:59+02:00,7315,6749,53086,49881,60844,56437,70469,71335,91937,94180,103963,103349,72233,78547,51121,62465,14669,25278,5773,5239,47470,44756,56810,52050,66712,67135,87965,89813,100154,99661,70332,76463,49817,60893,14218,24332,786890,742708,69739,67043,182104,174678,35116,39,48
2021-08-13T23:59:59+02:00,7274,6713,52975,49786,60760,56356,70417,71266,91861,94123,103913,103304,72210,78524,51109,62454,14667,25271,5545,5024,46965,44259,56569,51782,66483,66880,87692,89560,99958,99455,70245,76362,49778,60833,14212,24311,786133,739226,69735,67033,182104,174604,35002,39,48
2021-08-12T23:59:59+02:00,7243,6686,52876,49717,60702,56277,70342,71216,91791,94064,103852,103258,72176,78491,51095,62438,14665,25257,5325,4850,46469,43814,56295,51474,66224,66657,87436,89337,99618,99181,70135,76228,49724,60769,14201,24283,785699,736174,69709,67008,182088,174150,34641,39,47
2021-08-11T23:59:59+02:00,7177,6617,52709,49546,60572,56158,70258,71122,91682,93960,103751,103150,72116,78426,51063,62396,14658,25241,5049,4567,45791,43195,55922,51090,65964,66359,87141,89072,99282,98812,69995,76082,49664,60667,14189,24254,784521,732054,69688,66975,182079,173714,34305,39,47
2021-08-10T23:59:59+02:00,7100,6533,52511,49360,60425,56039,70151,71000,91557,93830,103627,103045,72063,78368,51032,62365,14650,25232,4826,4326,44836,42291,55252,50433,65469,65906,86679,88587,98789,98356,69790,75883,49564,60566,14168,24216,783160,725789,69679,66922,182071,173211,33968,39,47
2021-08-09T23:59:59+02:00,7056,6486,52400,49268,60348,55964,70094,70940,91488,93757,103555,102986,72020,78332,51026,62349,14646,25224,4586,4109,43830,41232,54536,49745,64995,65474,86232,88152,98273,97887,69602,75659,49474,60440,14140,24177,782593,719333,69609,66847,182059,172648,33668,39,47
2021-08-08T23:59:59+02:00,7010,6445,52335,49199,60309,55932,70056,70914,91431,93709,103502,102946,72000,78310,51012,62328,14640,25219,4571,4096,43774,41168,54475,49697,64929,65433,86160,88093,98206,97837,69577,75628,49453,60414,14132,24170,782306,719039,69602,66830,182045,172565,33332,39,47
2021-08-07T23:59:59+02:00,6971,6404,52224,49072,60230,55855,69998,70849,91362,93646,103452,102898,71983,78293,51003,62322,14640,25218,4258,3784,42807,40150,53921,49127,64494,65026,85786,87694,97886,97490,69434,75485,49397,60332,14115,24152,781516,712676,69598,66811,182045,172557,33249,39,45
2021-08-06T23:59:59+02:00,6928,6342,52090,48944,60156,55789,69932,70768,91282,93569,103392,102841,71959,78270,50992,62303,14638,25214,3950,3562,42123,39537,53676,48860,64270,64784,85549,87471,97657,97288,69350,75394,49355,60291,14109,24139,780643,709056,69593,66727,182044,172420,33117,39,45
2021-08-05T23:59:59+02:00,6817,6234,51834,48720,59980,55602,69790,70621,91120,93421,103250,102704,71898,78207,50964,62263,14625,25195,3757,3391,41288,38845,53157,48401,63899,64432,85090,87070,97034,96769,69163,75210,49289,60193,14090,24109,779017,704511,69541,66675,182009,171291,32665,39,45
2021-08-04T23:59:59+02:00,6728,6148,51638,48488,59834,55422,69680,70470,90985,93304,103131,102588,71837,78143,50938,62217,14614,25166,3383,3036,40444,38061,52786,47996,63580,64110,84718,86741,96621,96362,68999,75039,49212,60097,14074,24075,777611,699922,69505,66654,181995,170506,32207,39,45
2021-08-03T23:59:59+02:00,6655,6091,51468,48351,59709,55293,69588,70378,90885,93204,103034,102507,71783,78107,50918,62191,14606,25150,3254,2934,39445,37115,51988,47311,63036,63575,84199,86255,95907,95732,68755,74823,49120,59980,14053,24031,776572,693667,69496,66630,181988,169322,31849,39,45
2021-08-02T23:59:59+02:00,6607,6048,51332,48211,59618,55214,69504,70309,90832,93132,102954,102445,71743,78065,50897,62169,14599,25137,3085,2756,38172,35960,51026,46501,62322,62988,83593,85689,95106,95030,68502,74566,49032,59847,14033,23992,775875,686049,69448,66576,181960,168010,31520,39,45
2021-08-01T23:59:59+02:00,6565,5993,51162,48049,59465,55099,69411,70196,90724,93041,102866,102352,71701,78028,50875,62129,14594,25121,3061,2738,37987,35826,50867,46402,62191,62894,83415,85545,94653,94625,68385,74456,48993,59798,14022,23972,774826,685398,69419,66516,181942,166700,31171,39,45
2021-07-31T23:59:59+02:00,6522,5959,51067,47929,59410,55027,69362,70152,90684,93011,102839,102327,71690,78016,50867,62125,14594,25118,2657,2356,36378,34315,49959,45532,61655,62328,82911,85032,94173,94191,68198,74251,48914,59703,14004,23939,774214,676246,69415,66505,181942,166585,31115,39,45
2021-07-30T23:59:59+02:00,6486,5906,50917,47789,59325,54946,69293,70091,90611,92931,102783,102288,71673,77992,50858,62101,14591,25114,2381,2127,34923,32910,48988,44583,60923,61633,82224,84409,93491,93614,67963,74014,48809,59553,13985,23908,773447,666711,69390,66493,181936,166280,30909,39,45
2021-07-29T23:59:59+02:00,6371,5786,50486,47420,59106,54674,69103,69900,90423,92743,102620,102151,71598,77909,50825,62046,14576,25096,2304,2061,34190,32293,48364,44132,60516,61277,81799,84059,92718,92939,67767,73856,48745,59466,13965,23877,771124,662837,69336,66346,181893,164633,30467,39,45
2021-07-28T23:59:59+02:00,6299,5723,50231,47225,58973,54519,68975,69803,90292,92619,102512,102057,71542,77852,50798,62006,14567,25079,2280,2042,33863,31995,48040,43892,60283,61052,81618,83888,92480,92739,67693,73789,48711,59433,13952,23867,769804,661115,69300,66257,181866,164112,30089,39,44
2021-07-27T23:59:59+02:00,6246,5676,50070,47082,58830,54421,68881,69714,90190,92509,102406,101980,71497,77799,50768,61972,14559,25065,2138,1927,32394,30599,46764,42798,59449,60256,81013,83355,91455,91889,67417,73504,48623,59306,13920,23826,768894,652442,69273,66186,181842,162318,29643,39,44
2021-07-26T23:59:59+02:00,6223,5647,49951,46995,58732,54332,68802,69659,90102,92448,102340,101928,71456,77763,50746,61952,14553,25056,2004,1812,31023,29344,45441,41671,58344,59266,80301,82720,90287,90856,67107,73230,48533,59189,13896,23784,768358,643352,69206,66087,181804,160020,29305,38,44
2021-07-25T23:59:59+02:00,6203,5630,49838,46890,58643,54265,68737,69600,90037,92391,102279,101880,71423,77727,50727,61929,14550,25046,1988,1804,30812,29187,45169,41472,58081,59031,80027,82508,89321,90000,66900,73056,48464,59116,13884,23760,767946,642143,69194,65964,181778,157563,28866,37,44
2021-07-24T23:59:59+02:00,6168,5601,49718,46800,58574,54203,68689,69543,89991,92346,102238,101839,71418,77720,50724,61926,14549,25042,1730,1585,29220,27601,44024,40386,57383,58315,79410,81930,88675,89432,66720,72865,48393,59014,13870,23736,767338,632089,69184,65946,181770,157424,28786,37,44
2021-07-23T23:59:59+02:00,6083,5514,49542,46623,58479,54098,68579,69439,89886,92242,102148,101743,71382,77664,50703,61895,14545,25036,1502,1366,27523,26082,42767,39294,56448,57425,78719,81309,87967,88768,66450,72591,48314,58913,13849,23706,765958,621516,69180,65780,181751,156952,28701,37,44
2021-07-22T23:59:59+02:00,5943,5400,49247,46336,58282,53894,68408,69271,89700,92090,101992,101609,71315,77581,50661,61844,14534,25017,1418,1311,26702,25258,41858,38484,55506,56594,77973,80680,86300,87258,66074,72190,48203,58782,13818,23654,764020,613023,69135,65275,181718,155481,28240,37,44
2021-07-21T23:59:59+02:00,5667,5117,48712,45808,57978,53579,68178,68990,89422,91843,101724,101342,71188,77450,50602,61779,14525,24991,1386,1285,26447,25034,41435,38200,55060,56201,77599,80396,85492,86653,65906,72062,48148,58716,13800,23629,760410,611035,69109,64995,181696,153706,27669,37,44
2021-07-20T23:59:59+02:00,5590,5043,48429,45529,57806,53369,68003,68844,89242,91688,101559,101198,71112,77382,50563,61732,14516,24963,1295,1200,25268,23887,40143,37165,53720,54998,76691,79619,84126,85307,65599,71720,48040,58579,13772,23583,758728,600633,69102,64835,181651,152124,27076,37,44
2021-07-19T23:59:59+02:00,5510,4957,48103,45204,57583,53161,67836,68641,89054,91508,101411,101037,71040,77300,50520,61681,14507,24934,1215,1138,24440,23047,38830,36042,51987,53498,75420,78560,83011,84325,65305,71464,47940,58461,13747,23543,756924,590574,69093,64687,181623,150332,26336,37,44
2021-07-18T23:59:59+02:00,5502,4956,48028,45145,57486,53080,67764,68567,88960,91441,101338,100972,71003,77259,50495,61649,14505,24922,1200,1132,24297,22946,38557,35817,51652,53207,75168,78363,82106,83556,65112,71285,47884,58389,13742,23521,756641,589499,69069,64524,181583,148099,25768,37,44
2021-07-17T23:59:59+02:00,5475,4919,47929,45068,57412,53020,67701,68510,88900,91379,101293,100953,70994,77244,50490,61642,14505,24921,1006,944,22913,21488,37173,34517,50408,52013,74561,77806,81471,82959,64982,71137,47817,58327,13733,23501,756075,578625,69064,64497,181574,147959,25631,37,44
2021-07-16T23:59:59+02:00,5373,4840,47687,44836,57285,52913,67583,68397,88762,91282,101185,100849,70948,77193,50467,61623,14499,24915,809,782,21659,20250,35879,33273,48951,50692,73551,76871,80770,82298,64762,70914,47735,58226,13714,23469,754614,566989,69062,64433,181567,147756,25383,37,44
2021-07-15T23:59:59+02:00,5231,4711,47288,44514,57075,52719,67388,68212,88548,91082,100997,100680,70851,77091,50418,61549,14490,24886,750,739,21053,19748,34947,32572,47712,49743,72366,75952,78617,80165,64163,70316,47592,58047,13695,23406,752552,557625,69044,63404,181521,145913,24597,37,44
2021-07-14T23:59:59+02:00,4858,4387,46697,43938,56841,52452,67184,68008,88333,90838,100780,100483,70743,76981,50350,61466,14478,24862,734,723,20846,19603,34682,32411,47339,49440,71832,75561,77950,79629,63839,70039,47509,57964,13672,23372,749102,555813,69026,63215,181469,144009,24066,37,42
2021-07-13T23:59:59+02:00,4767,4307,46498,43785,56676,52293,67021,67862,88175,90711,100634,100356,70670,76919,50313,61419,14474,24846,705,684,20285,19068,33655,31590,45715,47984,70069,73897,76342,78067,63463,69647,47380,57792,13643,23320,747741,544872,69009,62440,181395,142387,23565,37,42
2021-07-12T23:59:59+02:00,4702,4229,46311,43593,56525,52151,66866,67735,88003,90572,100477,100216,70594,76831,50275,61363,14467,24828,681,663,19810,18636,32870,30968,44050,46527,67688,71824,74448,76563,62931,69059,47235,57630,13615,23269,746470,533767,68985,61871,181294,139814,22973,37,42
2021-07-11T23:59:59+02:00,4697,4226,46240,43540,56461,52101,66814,67696,87940,90519,100405,100156,70556,76788,50265,61348,14464,24814,673,658,19600,18491,32519,30722,43600,46149,67226,71464,73668,75864,62529,68679,47164,57540,13599,23236,746318,531964,68974,61546,181228,137336,22493,37,42
2021-07-10T23:59:59+02:00,4571,4090,45954,43232,56276,51903,66665,67520,87806,90379,100303,100050,70501,76731,50244,61322,14461,24805,641,626,19036,17942,31572,29862,41847,44569,65741,70181,73032,75244,62362,68528,47111,57488,13592,23222,744218,521342,68968,61530,181216,137288,22394,37,42
2021-07-09T23:59:59+02:00,4442,3972,45682,42979,56109,51707,66503,67354,87654,90214,100169,99945,70448,76658,50207,61281,14456,24793,594,577,18446,17370,30602,28898,39892,42639,63446,68055,71871,74103,62088,68203,47035,57363,13574,23197,742162,507650,68954,61149,181210,136882,22230,37,42
2021-07-08T23:59:59+02:00,4413,3946,45539,42864,55984,51587,66372,67253,87529,90092,100049,99848,70393,76606,50186,61243,14445,24779,547,533,17507,16567,29201,27862,38173,41183,61315,66231,68509,70948,61188,67230,46789,57019,13529,23101,741429,492380,68894,59069,181140,134299,21642,37,42
2021-07-07T23:59:59+02:00,4401,3940,45473,42820,55899,51531,66287,67208,87474,90052,100006,99797,70377,76583,50177,61225,14441,24769,469,480,16548,15714,27808,26848,36646,39949,59693,64772,65278,67469,60171,66186,46551,56698,13479,23028,741118,477071,68845,57155,181088,132147,21372,37,42
2021-07-06T23:59:59+02:00,4349,3892,45328,42689,55769,51391,66183,67099,87366,89960,99925,99712,70339,76524,50159,61198,14438,24755,402,416,15777,14976,26729,25938,34795,38234,56293,61747,62622,65007,59415,65396,46277,56364,13439,22925,739984,459165,68824,56331,181030,130012,21202,36,42
2021-07-05T23:59:59+02:00,4286,3847,45146,42513,55615,51288,66060,66988,87246,89866,99840,99614,70276,76460,50137,61171,14435,24740,368,364,15116,14355,25779,25123,33560,37099,53191,58772,59846,62541,58575,64584,46023,56052,13394,22847,738790,443077,68781,55977,180950,127522,20971,36,42
2021-07-04T23:59:59+02:00,4277,3841,45098,42480,55547,51254,66015,66960,87207,89834,99808,99587,70252,76439,50131,61156,14429,24729,349,344,14912,14150,25337,24764,32960,36571,52526,58243,58858,61678,57909,63951,45839,55848,13375,22798,738589,438988,68748,55775,180881,124817,20790,36,42
2021-07-03T23:59:59+02:00,4058,3662,44566,41918,55230,50878,65717,66680,86960,89573,99607,99391,70179,76367,50108,61110,14425,24717,331,328,14626,13827,24982,24409,31980,35650,50780,56694,57989,60942,57735,63753,45771,55763,13363,22773,734781,430404,68730,55757,180875,124769,20724,36,42
2021-07-02T23:59:59+02:00,3748,3376,43913,41323,54904,50539,65430,66375,86686,89321,99371,99165,70076,76254,50056,61040,14419,24700,304,291,14209,13381,24284,23797,30820,34584,48146,54524,55852,59152,57340,63322,45611,55604,13347,22735,730439,417881,68711,54706,180862,124038,20649,35,29
2021-07-01T23:59:59+02:00,3610,3266,43558,40974,54702,50363,65270,66211,86531,89179,99217,99044,70007,76186,50025,61006,14411,24685,261,250,13518,12698,22979,22715,29142,33069,46127,52779,53357,56871,55914,61747,45117,54988,13274,22607,728297,404337,68646,52392,180812,120201,20455,35,28
2021-06-30T23:59:59+02:00,3599,3249,43294,40778,54518,50227,65151,66113,86439,89112,99146,98992,69980,76162,50013,60984,14407,24674,199,211,12776,12096,21812,21815,27553,31699,44271,51064,49718,52907,54584,60411,44762,54549,13218,22479,727147,388578,68594,50485,180792,116762,20271,34,28
2021-06-29T23:59:59+02:00,3383,3029,42374,39947,53907,49621,64712,65681,86025,88659,98797,98665,69855,76013,49956,60913,14387,24644,170,159,12174,11496,21010,21044,26185,30490,41647,48649,47846,51360,53615,59300,44354,54011,13124,22326,721156,376534,68540,48961,180776,113376,20062,34,27
2021-06-28T23:59:59+02:00,3165,2849,41419,38954,53239,48968,64246,65289,85642,88267,98463,98321,69715,75853,49891,60813,14369,24620,127,127,11671,11046,20349,20456,25216,29592,39551,46705,46220,49993,52510,58254,43992,53505,13044,22204,714991,367044,68428,47923,180765,109703,19865,34,27
2021-06-27T23:59:59+02:00,3160,2846,41382,38919,53193,48929,64207,65253,85590,88232,98411,98293,69696,75840,49882,60799,14364,24617,109,110,11477,10852,20026,20141,24638,29028,38527,45852,45053,48899,51478,57241,43558,52997,12962,22061,714774,362441,68398,47480,180729,105383,19678,34,27
2021-06-26T23:59:59+02:00,2678,2372,39989,37556,52472,48186,63655,64689,85103,87711,97986,97860,69505,75665,49809,60695,14345,24594,99,99,11362,10750,19856,19985,24438,28811,38048,45414,44685,48547,51364,57096,43512,52949,12957,22046,706071,359484,68369,47475,180729,105365,19667,34,27
2021-06-25T23:59:59+02:00,2273,2037,39141,36747,52120,47828,63331,64364,84823,87400,97736,97594,69401,75548,49762,60633,14331,24572,75,81,11061,10439,19473,19558,23908,28187,35364,43108,42500,46633,51025,56717,43413,52818,12933,22015,701018,347906,68232,47029,180722,104711,19635,34,27
2021-06-24T23:59:59+02:00,2219,1984,38653,36288,51770,47500,63112,64154,84589,87205,97549,97437,69319,75482,49727,60587,14325,24557,62,58,10464,9855,18413,18671,22484,26932,33264,41268,40069,44339,49542,55065,42844,52117,12816,21812,698070,335011,68203,44430,180701,101158,19449,34,27
2021-06-23T23:59:59+02:00,2206,1960,38423,36062,51607,47330,62995,64043,84489,87110,97472,97353,69288,75451,49707,60566,14321,24546,35,32,10010,9423,17786,18112,21552,26073,31331,39632,36104,39872,48246,53701,42458,51610,12735,21646,696835,319476,68171,43804,180685,97845,19206,32,27
2021-06-22T23:59:59+02:00,2127,1899,37438,35133,50854,46657,62513,63596,84115,86700,97107,97041,69139,75308,49640,60485,14308,24513,13,17,9542,8993,16914,17423,20326,24995,28204,36869,33803,37992,47289,52728,42050,51051,12595,21411,690695,307303,68125,41064,180673,94774,19048,32,26
2021-06-21T23:59:59+02:00,1980,1760,36088,33918,49832,45790,61792,62933,83616,86228,96667,96634,68970,75137,49574,60390,14297,24478,9,10,9224,8697,16453,17059,19701,24513,26458,35304,32264,36699,46236,51647,41597,50501,12489,21219,682744,299937,68091,40423,180658,91134,18560,31,26
2021-06-20T23:59:59+02:00,1969,1751,36000,33865,49687,45667,61651,62795,83536,86167,96594,96573,68936,75109,49559,60372,14297,24467,8,9,9076,8594,16234,16889,19385,24255,25642,34651,31322,35746,46041,51444,41566,50449,12480,21199,682092,296149,68049,39830,180640,90802,18183,31,26
2021-06-19T23:59:59+02:00,1601,1451,34386,32319,48786,44846,61163,62290,83065,85691,96188,96221,68788,74943,49494,60291,14282,24443,7,8,9036,8520,16131,16766,19266,24102,25537,34492,31193,35603,45945,51348,41548,50424,12476,21189,673391,294810,68030,39827,180633,90765,18163,31,26
2021-06-18T23:59:59+02:00,1405,1278,32743,30736,47583,43660,60223,61370,82260,84942,95576,95643,68569,74721,49405,60153,14266,24413,7,8,8961,8435,15972,16610,19076,23908,25284,34251,30908,35284,45650,51001,41464,50347,12463,21175,662276,292612,67896,39710,180632,90345,18111,31,26
2021-06-17T23:59:59+02:00,1330,1220,31822,29899,46719,42952,59417,60520,81517,84294,95166,95260,68427,74577,49363,60076,14252,24384,7,8,8420,8069,15281,16054,18246,23081,24180,33125,29429,33923,44324,49496,40979,49736,12343,20986,655355,283668,67779,38882,180601,87682,17429,31,26
2021-06-16T23:59:59+02:00,1247,1156,31133,29201,45916,42203,58493,59641,80738,83523,94743,94880,68292,74417,49306,59984,14232,24358,7,8,7933,7745,14668,15538,17468,22353,23038,32168,28249,32812,42425,47377,40431,49157,12236,20801,648289,273915,67652,38283,180583,85282,16908,31,26
2021-06-15T23:59:59+02:00,1105,1037,29241,27423,44167,40683,56902,58007,79349,82205,93984,94209,68005,74124,49193,59827,14199,24293,7,6,7759,7618,14359,15298,17104,22051,22517,31781,27715,32383,41488,46359,40045,48732,12112,20580,633351,270836,67603,37776,180545,82853,16423,31,26
2021-06-14T23:59:59+02:00,1012,923,27694,25956,42564,39166,55246,56356,78249,81093,93291,93581,67755,73882,49099,59705,14179,24248,6,5,7576,7445,13982,14961,16574,21605,21824,31197,27037,31789,41104,45936,39661,48279,11981,20374,620117,268149,67547,37360,180516,80014,15788,31,25
2021-06-13T23:59:59+02:00,988,898,27492,25777,42180,38829,54699,55834,77903,80784,93098,93391,67665,73802,49062,59647,14164,24223,6,5,7435,7277,13710,14666,16185,21206,21395,30705,26498,31286,40706,45531,39196,47713,11803,20088,617406,266054,67406,37289,180488,76938,15105,31,25
2021-06-12T23:59:59+02:00,859,784,25982,24191,41025,37751,54025,55099,77373,80289,92548,92866,67510,73625,48993,59570,14151,24202,6,5,7389,7227,13585,14556,16053,21093,21211,30558,26379,31184,40689,45514,39186,47702,11803,20087,607887,265268,67400,37287,180482,76604,15043,31,25
2021-06-11T23:59:59+02:00,746,675,24368,22672,39678,36561,52797,53889,76404,79437,91975,92290,67276,73390,48931,59462,14132,24167,6,5,7334,7139,13413,14368,15835,20897,20938,30298,26106,30927,40383,45138,39101,47587,11785,20058,596142,263369,67320,37142,180473,75898,14884,31,25
2021-06-10T23:59:59+02:00,645,585,23371,21666,38459,35382,51191,52384,75085,78241,90369,90745,66921,72994,48805,59288,14107,24112,6,5,7052,6915,12886,13932,15196,20324,20174,29543,25314,30250,39678,44276,38750,47169,11671,19874,583249,259896,66836,37109,180421,72172,13813,31,25
2021-06-09T23:59:59+02:00,575,536,22920,21281,37798,34859,50084,51339,73840,77048,89778,90240,66794,72849,48755,59203,14092,24082,6,5,6781,6607,12294,13331,14410,19511,19255,28519,24329,29087,37111,41355,38186,46525,11523,19635,576088,249575,66375,37036,180383,68638,13196,31,25
2021-06-08T23:59:59+02:00,469,425,21400,19830,36195,33496,47973,49379,71702,75110,88303,88759,66479,72464,48619,59042,14059,24038,6,5,6650,6437,11908,12957,13926,19023,18652,27918,23772,28549,36825,41100,37894,46158,11414,19478,558731,247915,66097,36958,180351,65242,12532,31,25
2021-06-07T23:59:59+02:00,354,331,20396,18859,34651,32163,45696,47357,69565,73229,87325,87911,66255,72198,48545,58907,14039,24001,6,5,6496,6274,11483,12604,13382,18540,17923,27330,23137,27953,36505,40796,37475,45677,11301,19279,543546,245922,65925,36888,180298,61349,11982,31,25
2021-06-06T23:59:59+02:00,331,310,20217,18712,34257,31880,45088,46784,68945,72744,87113,87746,66199,72137,48533,58881,14033,23989,6,5,6364,6101,11157,12190,12951,17967,17284,26520,22440,27143,36036,40322,36993,45126,11146,19011,540426,243471,65598,36838,180255,56840,11589,31,24
2021-06-05T23:59:59+02:00,259,245,18975,17451,32935,30669,43865,45612,68371,72226,86580,87236,66108,72035,48485,58833,14026,23977,6,5,6313,6021,11054,12025,12823,17788,17112,26310,22269,26954,35971,40245,36971,45102,11144,19006,530456,242863,65598,36425,180235,56239,11568,31,24
2021-06-04T23:59:59+02:00,178,175,17784,16301,31628,29379,42313,44114,67029,70910,85773,86483,65921,71822,48409,58741,14010,23948,6,5,6210,5881,10877,11813,12609,17532,16757,25925,21749,26515,35082,39388,36655,44802,11127,18984,517632,241017,65531,36098,180228,53283,11496,31,23
2021-06-03T23:59:59+02:00,123,122,17144,15728,30643,28550,40854,42818,65255,69378,83522,84198,65496,71369,48281,58579,13992,23910,6,5,6040,5670,10567,11456,12291,17064,16306,25264,21198,25936,34418,38597,36479,44598,11094,18934,503842,238678,64833,35710,180189,50446,11067,31,22
2021-06-02T23:59:59+02:00,94,79,16802,15419,30330,28284,40187,42197,63665,67984,82583,83396,65355,71205,48221,58497,13989,23895,6,4,5922,5578,10389,11297,12062,16847,16010,24957,20852,25542,31170,34969,36251,44376,11065,18881,496331,229970,64830,35378,180188,50006,10802,31,22
2021-06-01T23:59:59+02:00,38,44,16012,14751,28833,27179,37820,40133,60096,64799,80153,81074,65004,70841,48093,58308,13955,23841,6,4,5649,5301,9863,10866,11523,16251,15340,24161,20115,24781,30827,34671,36056,44198,11036,18819,477972,228499,63273,34872,180122,46498,9577,30,21
2021-05-31T23:59:59+02:00,30,36,15448,14277,27893,26478,35859,38468,56653,61772,78121,79371,64672,70485,47949,58133,13923,23789,6,3,5486,5098,9455,10501,11092,15769,14802,23476,19490,24076,30541,34416,35871,44005,11001,18762,462204,227815,62550,34486,180057,43012,8516,30,21
2021-05-30T23:59:59+02:00,28,33,15304,14149,27605,26244,35407,38058,55940,61155,77800,79097,64610,70428,47924,58098,13919,23778,6,3,5384,4900,9127,10141,10679,15280,14350,22672,18964,23304,29861,33701,35644,43812,10979,18700,459219,227346,62112,34406,180010,37528,8206,30,21
2021-05-29T23:59:59+02:00,26,32,14907,13758,26755,25432,33646,36469,54456,59857,77211,78531,64460,70278,47871,58045,13912,23764,6,3,5351,4824,9061,10025,10585,15161,14240,22522,18833,23165,29832,33678,35638,43804,10978,18697,449094,226856,62079,34406,180006,36919,8201,30,21
2021-05-28T23:59:59+02:00,23,31,14500,13358,25943,24688,31798,34710,52285,57851,76160,77535,64255,70026,47819,57968,13902,23741,6,3,5265,4708,8882,9881,10429,14986,14078,22285,18620,22863,29762,33631,35621,43787,10977,18692,437146,226179,61611,34400,179916,35986,7890,30,21
2021-05-27T23:59:59+02:00,19,26,13870,12889,24874,23970,30548,33781,50674,56474,73055,74549,63813,69489,47685,57806,13879,23685,6,3,5152,4474,8548,9542,10025,14551,13632,21649,18112,22264,29539,33427,35510,43675,10956,18663,424985,225522,59647,34328,179284,32717,7140,30,21
2021-05-26T23:59:59+02:00,18,24,13383,12466,23961,23321,29625,33077,49586,55548,70096,71355,63198,68878,47550,57635,13848,23639,6,3,5064,4311,8292,9227,9721,14163,13274,21047,17678,21663,29343,33259,35412,43570,10929,18611,414156,224906,57467,34210,178785,29666,6770,30,21
2021-05-25T23:59:59+02:00,18,19,13039,12168,23380,22914,28566,32213,46984,53309,67834,69229,62846,68511,47437,57486,13830,23584,6,3,4985,4189,8080,8964,9467,13785,12962,20525,17293,21112,29184,33102,35328,43464,10902,18555,402287,224346,56397,34128,178162,26920,6491,30,21
2021-05-24T23:59:59+02:00,17,18,12742,11887,22881,22536,27945,31760,44363,50877,65373,67038,62537,68212,47326,57360,13794,23527,6,3,4914,4081,7830,8732,9148,13400,12632,20012,16908,20554,29040,32962,35254,43392,10878,18508,390627,223765,55914,34062,177493,24277,6129,30,21
2021-05-23T23:59:59+02:00,17,18,12680,11819,22785,22451,27865,31680,44106,50649,64785,66489,62457,68124,47301,57342,13792,23525,6,3,4892,4066,7795,8701,9089,13365,12552,19951,16830,20498,29031,32949,35250,43385,10878,18506,388420,223479,55833,34055,177479,24069,6123,30,21
2021-05-22T23:59:59+02:00,17,18,12456,11581,22464,22142,26862,30792,42269,49073,63929,65748,62294,67933,47235,57251,13782,23502,6,3,4876,4011,7768,8636,9047,13299,12520,19865,16800,20430,29020,32939,35246,43379,10877,18505,379928,223386,55822,34055,177474,23671,6094,30,21
2021-05-21T23:59:59+02:00,17,17,12154,11329,21893,21698,26044,30100,39877,47179,61954,64079,62031,67660,47151,57163,13767,23476,6,3,4857,3984,7713,8550,8981,13211,12444,19772,16725,20344,29004,32913,35239,43368,10875,18504,369489,223189,54766,34040,177282,23221,6022,30,21
2021-05-20T23:59:59+02:00,16,17,11544,10757,20765,20796,24893,29070,38369,45901,59606,62005,61209,66759,46951,56903,13733,23420,6,3,4582,3806,7310,8260,8539,12814,11991,19259,16302,19821,28883,32815,35188,43315,10871,18494,358977,222780,52411,33929,175998,20231,5298,30,21
2021-05-19T23:59:59+02:00,16,17,11101,10443,19979,20242,24045,28471,37465,45216,56373,58366,60518,66056,46843,56769,13710,23373,6,3,4429,3648,7056,8017,8263,12485,11659,18827,15931,19400,28784,32703,35145,43239,10860,18479,348501,222293,50788,33812,174871,17995,4813,30,21
2021-05-18T23:59:59+02:00,16,17,10771,10158,19398,19791,23389,27910,36054,43984,54959,57236,60146,65629,46713,56608,13685,23348,6,3,4324,3521,6807,7780,8001,12200,11424,18424,15583,18968,28700,32611,35115,43198,10856,18472,343099,222000,48936,33730,173392,15887,4355,30,21
2021-05-17T23:59:59+02:00,15,16,10551,9977,18960,19501,22953,27598,34852,42991,53645,56198,59896,65382,46649,56509,13670,23314,6,3,4254,3434,6599,7561,7749,11905,11166,18027,15271,18561,28609,32522,35090,43157,10850,18458,339010,221698,47941,33662,171874,14019,3822,30,21
2021-05-16T23:59:59+02:00,15,15,10361,9848,18665,19297,22620,27357,34213,42530,52406,55027,59703,65217,46612,56455,13659,23294,6,3,4186,3360,6382,7395,7460,11650,10896,17674,14975,18197,28543,32460,35074,43139,10843,18454,336570,221444,47062,33600,170256,12255,3377,29,21
2021-05-15T23:59:59+02:00,15,15,10265,9748,18513,19149,22448,27212,33830,42162,52010,54649,59588,65071,46564,56410,13656,23278,6,3,4145,3324,6298,7329,7367,11547,10794,17555,14870,18067,28449,32342,34982,43046,10839,18449,334168,220354,47061,33598,170122,12236,3203,29,21
2021-05-14T23:59:59+02:00,14,15,9982,9545,18085,18909,22047,26924,31482,40382,49860,52794,59366,64842,46516,56325,13639,23257,6,3,4017,3241,6012,7164,7062,11323,10448,17204,14521,17740,27875,31636,34859,42854,10820,18421,325014,217057,47008,33592,169511,12113,2423,28,21
2021-05-13T23:59:59+02:00,14,15,9520,9176,17291,18344,21179,26241,30365,39391,47616,50622,58516,63868,46306,56042,13600,23183,6,3,3517,3047,5673,6911,6750,11013,10037,16814,14144,17305,26976,30436,34433,42335,10789,18360,316514,212455,45147,33035,167486,10923,2115,27,21
2021-05-12T23:59:59+02:00,14,15,9229,8981,16858,18085,20706,25951,29834,39005,44615,46975,57943,63226,46222,55928,13582,23158,6,3,3377,2959,5441,6800,6469,10866,9755,16605,13906,17040,26329,29613,34267,42142,10763,18326,307319,209423,44329,33009,167193,10755,1459,27,21
2021-05-11T23:59:59+02:00,14,13,8796,8705,16086,17567,19840,25330,28096,37562,42680,45469,57568,62779,46138,55793,13561,23130,6,3,3257,2828,5208,6459,6171,10451,9387,16047,13469,16480,24905,27944,33756,41515,10712,18238,301829,203443,41272,32826,164708,9255,1291,27,21
2021-05-10T23:59:59+02:00,14,12,8534,8552,15573,17311,19208,25009,27106,36872,41219,44323,57301,62504,46059,55689,13541,23099,6,2,3147,2702,4977,6225,5916,10127,9064,15569,13106,16057,23855,26613,33267,40931,10676,18180,298521,198785,40365,32798,162034,7838,980,26,19
2021-05-09T23:59:59+02:00,14,12,8378,8469,15267,17130,18827,24753,26438,36443,39441,42657,57005,62225,46003,55631,13533,23079,6,2,3026,2647,4795,6084,5748,9952,8866,15362,12938,15884,23579,26280,33122,40758,10666,18165,295547,197587,39988,32755,159036,6811,708,26,19
2021-05-08T23:59:59+02:00,14,12,8303,8396,15084,16984,18619,24554,26210,36205,39207,42465,56878,62075,45965,55594,13530,23068,6,2,3018,2628,4764,6048,5704,9906,8789,15297,12851,15814,23209,25853,32836,40444,10658,18149,293982,196397,39534,32044,158913,6808,708,26,19
2021-05-07T23:59:59+02:00,13,11,8131,8300,14758,16800,18230,24317,25787,35915,38749,42086,56603,61720,45916,55547,13523,23058,6,2,2719,2494,4416,5863,5432,9645,8473,14986,12455,15418,22110,24478,32186,39609,10630,18099,291437,192932,39103,30544,158586,5216,312,26,17
2021-05-06T23:59:59+02:00,12,11,7484,7943,13857,16197,17171,23461,24445,34801,36603,40420,55476,60398,45673,55240,13488,22991,6,2,2594,2381,4242,5666,5224,9341,8129,14545,12023,14964,20802,22802,31331,38601,10576,17985,280785,187313,37819,29585,156766,4024,275,26,17
2021-05-05T23:59:59+02:00,10,11,6946,7635,13075,15654,16135,22692,23055,33774,34772,38931,53633,58357,45351,54894,13455,22925,6,2,2507,2322,4067,5510,5033,9129,7781,14207,11653,14604,19412,21019,30136,37185,10536,17882,269317,181176,36895,28412,154971,3290,96,26,17
2021-05-04T23:59:59+02:00,10,10,6757,7545,12708,15477,15647,22421,22406,33428,33811,38232,52779,57394,45228,54767,13437,22884,6,2,2452,2252,3913,5341,4857,8875,7438,13799,11227,14145,17759,19089,29036,35853,10440,17762,265539,174355,36026,27471,153308,2361,43,25,16
2021-05-03T23:59:59+02:00,10,10,6612,7395,12330,15256,15139,22110,21694,33022,32658,37341,52481,57076,45132,54659,13422,22852,6,2,2393,2182,3819,5161,4717,8640,7220,13450,10906,13737,16555,17590,28156,34750,10376,17654,262243,168776,35564,27122,151335,1368,32,25,16
2021-05-02T23:59:59+02:00,10,10,6531,7305,12116,15084,14841,21878,21216,32701,31507,36392,52197,56785,45070,54568,13404,22821,6,2,2378,2175,3797,5128,4686,8604,7154,13379,10821,13645,16243,17194,27858,34445,10364,17640,259807,167205,35491,27008,149082,1261,31,25,14
2021-05-01T23:59:59+02:00,10,10,6513,7282,12053,15034,14760,21815,21113,32629,31380,36298,52191,56770,45066,54567,13402,22819,6,2,2375,2167,3773,5111,4645,8579,7117,13342,10760,13590,16045,16971,27743,34308,10361,17630,259235,166239,35490,26982,148931,1259,31,25,14
2021-04-30T23:59:59+02:00,10,10,6475,7244,11960,14938,14654,21695,20917,32442,31140,36107,51920,56410,45021,54514,13396,22807,6,2,2346,2147,3711,5048,4549,8470,6967,13160,10482,13327,15230,15945,26872,33235,10320,17542,257448,163033,35446,25091,148711,1191,30,25,14
2021-04-29T23:59:59+02:00,10,10,6270,7116,11638,14749,14298,21455,20397,32151,30387,35618,51271,55583,44929,54395,13370,22727,6,2,2308,2101,3618,4959,4425,8334,6773,12941,10205,13040,14255,14711,25566,31688,10257,17447,254255,157324,35351,24341,146714,928,29,25,14
2021-04-28T23:59:59+02:00,10,10,6007,6951,11257,14411,13804,20987,19755,31544,29220,34486,48603,52575,44635,54070,13307,22649,6,2,2270,2060,3550,4898,4309,8218,6613,12757,9955,12821,13114,13229,24074,29807,10195,17344,244296,151348,35224,23138,144721,709,15,25,12
2021-04-27T23:59:59+02:00,10,10,5903,6860,11101,14288,13604,20823,19474,31333,28657,34097,48397,52354,44579,54016,13298,22627,6,2,2228,2025,3460,4804,4216,8109,6447,12570,9672,12545,11898,11664,22418,27648,10116,17198,242911,144516,35176,21953,143304,531,15,25,11
2021-04-26T23:59:59+02:00,10,10,5854,6819,10983,14221,13442,20701,19246,31121,27823,33530,48060,51984,44525,53950,13289,22598,6,2,2206,1998,3405,4759,4154,8042,6344,12437,9483,12370,10980,10505,21136,25891,10055,17108,242178,139230,35149,21206,140800,421,15,24,9
2021-04-25T23:59:59+02:00,10,10,5809,6772,10878,14126,13280,20545,18998,30837,27061,32789,47562,51473,44441,53851,13275,22578,6,2,2181,1988,3375,4740,4135,8023,6311,12396,9426,12309,10818,10311,20893,25567,10045,17094,240463,138377,35104,20856,138689,363,15,24,9
2021-04-24T23:59:59+02:00,10,10,5787,6724,10799,14034,13181,20400,18863,30657,26899,32608,47459,51350,44347,53755,13271,22573,6,2,2174,1978,3350,4712,4096,7976,6239,12324,9294,12191,10661,10131,20758,25435,10029,17076,238972,137849,35086,20215,138630,344,15,24,9
2021-04-23T23:59:59+02:00,10,10,5725,6635,10665,13835,12978,20146,18552,30277,26500,32246,46512,50212,44193,53510,13248,22541,6,2,2156,1956,3307,4675,4047,7922,6145,12233,9130,12063,10395,9830,20434,25014,9981,16993,234568,136725,35027,19207,138161,333,15,24,9
2021-04-22T23:59:59+02:00,10,10,5624,6521,10455,13637,12625,19808,18036,29803,25869,31654,44784,48058,43621,52781,13202,22441,5,2,2142,1945,3268,4622,3970,7848,6016,12133,8870,11898,9961,9424,19977,24422,9931,16915,228310,134596,34914,18428,135676,301,15,24,9
2021-04-21T23:59:59+02:00,10,9,5525,6386,10225,13435,12293,19495,17533,29309,25151,30921,40504,43186,43141,52247,13135,22336,5,2,2129,1936,3232,4585,3915,7789,5935,12040,8694,11738,9629,9039,19478,23829,9865,16818,216179,132946,34848,17414,133775,278,15,24,5
2021-04-20T23:59:59+02:00,10,9,5447,6295,10030,13217,12017,19228,17110,28901,24595,30353,38748,41169,42485,51468,13063,22195,5,2,2104,1923,3190,4561,3848,7745,5804,11941,8523,11610,9345,8719,19004,23158,9768,16677,209926,131574,34758,16109,131617,224,15,24,5
2021-04-19T23:59:59+02:00,10,8,5367,6219,9869,13087,11811,19018,16747,28519,24049,29881,37188,39376,41893,50747,13010,22108,5,2,2088,1906,3155,4526,3807,7699,5764,11871,8438,11518,9107,8434,18596,22590,9721,16584,204888,129874,34700,15714,129282,203,15,22,5
2021-04-18T23:59:59+02:00,10,7,5304,6168,9738,13002,11611,18878,16465,28321,23640,29567,35871,38010,41539,50342,12976,22044,5,2,2075,1891,3128,4504,3781,7683,5720,11824,8388,11469,9009,8345,18442,22402,9708,16559,203336,129393,34658,15324,125463,198,15,21,5
2021-04-17T23:59:59+02:00,10,7,5298,6152,9704,12971,11564,18838,16388,28254,23576,29508,35559,37668,41431,50244,12970,22033,5,2,2065,1883,3101,4491,3723,7638,5650,11773,8302,11417,8898,8235,18336,22285,9687,16546,202105,128587,34649,15234,125385,196,15,21,5
2021-04-16T23:59:59+02:00,10,7,5233,6113,9617,12911,11428,18726,16176,28094,23222,29159,34475,36409,41018,49719,12950,21999,5,2,1933,1796,2873,4311,3365,7320,4878,11240,6810,10324,6366,6157,16518,20584,9492,16247,197937,119204,34559,10804,124735,193,15,20,5
2021-04-15T23:59:59+02:00,10,7,5167,6023,9413,12738,11134,18479,15680,27700,22533,28555,32575,34094,39970,48511,12869,21831,5,2,1890,1764,2805,4246,3246,7198,4661,11058,6432,10014,5907,5758,15925,19897,9300,15912,192110,116063,34506,9753,120638,184,15,20,5
2021-04-14T23:59:59+02:00,10,7,5105,5977,9247,12612,10918,18302,15276,27383,21881,28076,30646,31840,38751,47089,12794,21644,5,2,1807,1710,2722,4177,3134,7104,4459,10893,6123,9764,5431,5344,15343,19209,9096,15556,185724,113432,34367,8298,117432,129,15,20,5
2021-04-13T23:59:59+02:00,10,7,5057,5923,9110,12484,10741,18135,14932,27107,21359,27613,28541,29388,37485,45489,12650,21437,5,2,1763,1693,2685,4134,3080,7043,4325,10753,5853,9553,5090,5041,14892,18759,8960,15352,178823,112013,34301,6917,114310,33,15,19,5
2021-04-12T23:59:59+02:00,10,7,4993,5874,9002,12346,10534,17987,14610,26826,20819,27157,26500,27117,36325,44023,12521,21236,5,2,1728,1649,2655,4113,3052,6990,4266,10685,5750,9452,4923,4895,14591,18392,8849,15152,173100,111164,34222,5933,110531,32,15,19,5
2021-04-11T23:59:59+02:00,10,7,4957,5831,8907,12267,10376,17885,14345,26649,20393,26833,25297,25826,35621,43237,12432,21086,5,2,1719,1643,2633,4092,3027,6962,4231,10638,5663,9384,4830,4840,14475,18268,8810,15099,171311,110953,34151,5323,106464,26,14,19,5
2021-04-10T23:59:59+02:00,10,7,4946,5818,8865,12239,10320,17850,14277,26599,20297,26753,24981,25451,35274,42817,12425,21065,5,2,1714,1637,2624,4084,3013,6945,4201,10607,5604,9345,4752,4763,14346,18102,8763,15014,170096,110154,33426,5322,106439,26,14,19,5
2021-04-09T23:59:59+02:00,10,7,4899,5786,8781,12159,10195,17726,14108,26424,20036,26510,24139,24296,34318,41605,12392,20991,4,2,1686,1608,2567,4050,2941,6886,4051,10497,5347,9121,4337,4387,13776,17385,8533,14645,166720,106468,31911,5314,105723,26,10,18,5
2021-04-08T23:59:59+02:00,10,7,4824,5721,8634,12051,9982,17554,13711,26110,19432,26041,22428,22305,32623,39632,12242,20754,4,2,1656,1592,2513,4005,2857,6801,3904,10360,5054,8856,3877,3960,12781,16138,8049,13883,160953,101471,31005,4784,102075,22,10,18,5
2021-04-07T23:59:59+02:00,10,6,4777,5668,8450,11974,9755,17404,13392,25883,18960,25679,20619,20191,30863,37368,12124,20540,4,2,1623,1576,2459,3952,2796,6719,3797,10215,4866,8667,3611,3668,12090,15333,7673,13323,154913,98141,29826,4206,98901,13,9,14,5
2021-04-06T23:59:59+02:00,10,6,4729,5623,8306,11862,9595,17237,13072,25615,18440,25292,18764,18122,28938,34877,11921,20194,4,2,1587,1557,2435,3926,2762,6681,3735,10171,4783,8576,3502,3543,11616,14685,7386,12909,148062,95826,28861,4008,95658,12,9,13,5
2021-04-05T23:59:59+02:00,10,6,4698,5582,8210,11771,9456,17140,12859,25404,18039,24947,17036,16193,27311,32728,11773,19968,4,2,1565,1545,2404,3908,2732,6632,3692,10112,4696,8460,3389,3434,11274,14316,7228,12627,142652,94428,28426,3567,92033,11,9,11,5
2021-04-04T23:59:59+02:00,10,6,4691,5576,8202,11761,9442,17125,12833,25383,18011,24922,16904,16017,27115,32482,11764,19954,4,2,1564,1544,2402,3905,2729,6628,3690,10108,4692,8457,3380,3423,11263,14304,7224,12619,141933,94348,28333,3567,91916,11,7,9,5
2021-04-03T23:59:59+02:00,10,6,4687,5568,8188,11754,9423,17105,12794,25352,17933,24858,16824,15927,27068,32425,11759,19947,4,2,1561,1542,2393,3897,2711,6614,3667,10080,4609,8402,3263,3308,11182,14230,7218,12609,141402,93702,28306,3567,91904,11,7,9,5
2021-04-02T23:59:59+02:00,10,6,4662,5548,8129,11700,9359,17037,12655,25245,17697,24657,16373,15451,26592,31848,11727,19892,4,2,1559,1533,2378,3892,2704,6598,3646,10048,4539,8309,3194,3240,10944,13928,7067,12406,140193,92405,26893,3563,91486,11,7,9,5
2021-04-01T23:59:59+02:00,9,6,4619,5487,8017,11557,9229,16878,12382,24959,17252,24256,15620,14724,25833,30885,11600,19709,4,2,1542,1513,2349,3859,2681,6569,3607,10009,4471,8243,3081,3109,10007,12809,6452,11555,137948,88385,26227,3457,88833,10,5,9,5
2021-03-31T23:59:59+02:00,9,6,4407,5407,7906,11434,9088,16712,12163,24681,16898,23891,14923,13959,24999,29874,11491,19509,4,2,1533,1508,2335,3839,2654,6540,3557,9961,4400,8171,2990,3019,9431,12105,6087,11058,136144,85943,24763,3231,86436,10,5,9,5
2021-03-30T23:59:59+02:00,9,6,4376,5355,7830,11307,9001,16555,12002,24491,16614,23579,14322,13316,24238,28889,11352,19264,4,2,1519,1498,2314,3814,2628,6511,3516,9896,4334,8100,2863,2871,8836,11447,5734,10562,134654,83610,23546,2824,84292,5,5,9,5
2021-03-29T23:59:59+02:00,9,6,4336,5302,7730,11195,8893,16390,11842,24217,16285,23232,13778,12715,23474,27912,11192,19015,4,2,1501,1485,2295,3798,2606,6482,3482,9836,4270,8025,2810,2803,8545,11059,5545,10249,132803,82217,22786,2565,81920,5,5,9,5
2021-03-28T23:59:59+02:00,9,6,4301,5218,7645,11087,8813,16236,11707,23987,16026,22959,13449,12405,22902,27217,11018,18730,4,2,1492,1478,2273,3782,2591,6453,3442,9786,4233,7966,2762,2752,8465,10953,5500,10182,132304,81865,22260,2237,79137,4,5,9,5
2021-03-27T23:59:59+01:00,9,6,4287,5207,7619,11055,8747,16164,11608,23892,15881,22843,13245,12192,22699,27003,10983,18701,4,2,1491,1476,2270,3780,2590,6452,3428,9759,4223,7943,2754,2746,8407,10889,5465,10142,131422,81570,21614,2237,79091,4,5,9,5
2021-03-26T23:59:59+01:00,9,6,4244,5140,7509,10921,8573,15979,11273,23588,15268,22340,12326,11362,21909,26159,10836,18473,2,2,1486,1462,2265,3759,2577,6429,3411,9733,4182,7907,2724,2707,8226,10670,5344,9971,127363,80720,20003,2123,78535,4,5,9,5
2021-03-25T23:59:59+01:00,9,5,4189,4978,7346,10642,8328,15570,10889,22965,14623,21640,11652,10700,21038,25090,10517,17927,2,2,1466,1449,2232,3732,2543,6390,3374,9686,4111,7825,2591,2567,7248,9410,4726,9054,124071,76511,19222,1884,74802,4,4,9,5
2021-03-24T23:59:59+01:00,9,5,4113,4837,7209,10355,8112,15157,10625,22415,14151,21030,11046,10142,20102,24000,10184,17359,2,2,1445,1420,2205,3694,2499,6353,3332,9621,4032,7726,2490,2470,6596,8645,4340,8472,121466,73874,18028,1461,71348,2,2,7,5
2021-03-23T23:59:59+01:00,9,5,4073,4745,7102,10115,7959,14815,10362,21910,13749,20538,10578,9700,19376,23146,9869,16891,2,2,1434,1402,2179,3673,2480,6325,3272,9567,3938,7650,2396,2369,5867,7714,3886,7781,120001,70797,16919,1132,68014,2,1,7,5
2021-03-22T23:59:59+01:00,9,5,4020,4667,6973,9874,7798,14493,10102,21442,13400,20037,10185,9343,18804,22436,9675,16543,2,1,1425,1395,2172,3659,2468,6309,3248,9544,3908,7616,2335,2318,5410,7104,3526,7289,119105,68679,16516,1042,64177,2,1,7,5
2021-03-21T23:59:59+01:00,9,5,3973,4565,6841,9609,7630,14133,9880,20900,13057,19511,9865,9064,18267,21834,9486,16230,2,1,1422,1391,2171,3648,2464,6301,3242,9535,3898,7602,2321,2299,5293,6972,3468,7188,118898,68168,16119,1042,59834,2,1,7,5
2021-03-20T23:59:59+01:00,9,5,3962,4545,6805,9554,7572,14059,9796,20790,12951,19421,9778,8971,18127,21657,9435,16143,2,1,1419,1386,2167,3644,2459,6296,3228,9525,3878,7592,2286,2267,4965,6598,3279,6946,118066,66888,16024,1042,59482,2,1,7,5
2021-03-19T23:59:59+01:00,8,5,3788,4404,6513,9304,7132,13634,8884,20060,11224,18094,6920,6624,15874,19450,9072,15581,2,1,1415,1382,2162,3637,2447,6283,3215,9499,3826,7546,2219,2226,4590,6125,3010,6621,108769,65190,11306,1009,56488,2,1,7,4
2021-03-18T23:59:59+01:00,8,4,3684,4273,6336,8997,6863,13195,8494,19402,10587,17356,6204,5972,14651,17977,8555,14756,2,1,1411,1376,2139,3610,2429,6247,3186,9458,3786,7513,2174,2192,4168,5593,2728,6206,103632,63311,10300,901,53374,2,1,7,4
2021-03-17T23:59:59+01:00,8,4,3605,4199,6207,8850,6691,13018,8195,19092,10184,16966,5795,5586,13835,17055,8157,14167,2,1,1401,1363,2123,3590,2399,6215,3155,9430,3749,7476,2119,2132,3759,5147,2475,5818,100393,61580,8611,767,52602,2,1,7,4
2021-03-16T23:59:59+01:00,8,4,3527,4067,6052,8580,6485,12649,7884,18510,9635,16310,5267,5131,13017,16093,7819,13666,2,1,1392,1354,2114,3573,2383,6200,3139,9411,3724,7450,2092,2095,3239,4506,2135,5304,98064,59344,7199,763,49433,2,1,7,4
2021-03-15T23:59:59+01:00,8,4,3479,3922,5865,8305,6267,12237,7607,17939,9199,15687,4949,4846,12358,15350,7553,13204,2,1,1392,1344,2098,3558,2363,6176,3120,9362,3700,7411,2055,2044,2871,4044,1850,4909,96564,57549,6219,745,45989,2,0,7,4
2021-03-14T23:59:59+01:00,8,4,3434,3789,5635,7974,5977,11790,7299,17219,8739,14936,4625,4572,12069,15094,7504,13104,2,1,1385,1339,2082,3529,2350,6127,3102,9303,3683,7373,2048,2033,2793,3936,1797,4823,96439,57150,5603,550,41723,2,0,7,4
2021-03-13T23:59:59+01:00,8,4,3418,3749,5594,7858,5916,11668,7214,17071,8590,14781,4474,4422,11979,15009,7498,13093,2,1,1385,1339,2082,3529,2349,6127,3101,9302,3682,7373,2045,2025,2740,3881,1763,4769,95746,56939,5603,550,40990,2,0,7,4
2021-03-12T23:59:59+01:00,8,4,3398,3679,5537,7720,5856,11516,7128,16845,8454,14547,4368,4326,11705,14684,7342,12875,2,1,1385,1339,2078,3523,2348,6119,3097,9296,3680,7368,2043,2023,2652,3770,1679,4680,94318,56527,5595,550,40072,2,0,7,4
2021-03-11T23:59:59+01:00,8,4,3320,3486,5328,7423,5625,11100,6789,16176,8017,13908,4024,3990,10625,13425,6683,11961,2,1,1380,1337,2067,3509,2329,6094,3074,9262,3656,7335,2013,1998,2412,3504,1523,4461,90112,55434,5160,517,36613,2,0,7,4
2021-03-10T23:59:59+01:00,8,4,3224,3368,5109,7151,5413,10737,6518,15629,7679,13361,3800,3761,9979,12634,6294,11425,2,1,1375,1326,2040,3471,2300,6004,3026,9139,3599,7216,1969,1921,2196,3267,1391,4266,87636,54220,4784,283,33667,2,0,7,4
2021-03-09T23:59:59+01:00,7,4,3150,3240,4941,6964,5210,10452,6286,15194,7382,12852,3616,3554,9342,11935,5916,10898,2,1,1368,1315,2006,3411,2269,5902,2964,8997,3531,7134,1939,1895,1916,2949,1219,4019,85349,52796,4519,35,31068,2,0,7,4
2021-03-08T23:59:59+01:00,7,4,3086,3084,4710,6700,4969,10099,6025,14680,7021,12266,3414,3361,8951,11492,5718,10580,2,1,1365,1297,1992,3332,2238,5805,2926,8851,3498,7040,1924,1873,1713,2717,1095,3825,83872,51457,4148,33,28140,0,0,7,4
2021-03-07T23:59:59+01:00,7,4,3054,3024,4637,6585,4885,9986,5920,14516,6904,12119,3363,3314,8862,11383,5677,10513,2,1,1359,1292,1986,3320,2230,5780,2919,8812,3486,7021,1916,1861,1658,2649,1044,3756,83511,51055,3970,33,27265,0,0,7,4
2021-03-06T23:59:59+01:00,6,4,3040,2966,4595,6492,4848,9919,5862,14397,6856,12007,3339,3291,8805,11317,5642,10470,2,1,1357,1279,1981,3306,2218,5753,2916,8785,3475,7002,1906,1837,1630,2625,1038,3747,83186,50821,3970,33,26693,0,0,7,4
2021-03-05T23:59:59+01:00,6,4,3016,2873,4536,6380,4784,9821,5799,14245,6753,11854,3294,3236,8618,11089,5519,10294,2,1,1348,1246,1949,3251,2193,5647,2875,8651,3431,6864,1862,1791,1566,2555,1016,3719,82277,49930,3962,33,25875,0,0,7,4
2021-03-04T23:59:59+01:00,4,4,2964,2684,4379,6141,4566,9508,5592,13828,6440,11465,3118,3060,7596,9794,4884,9376,2,1,1329,1197,1912,3128,2161,5465,2829,8374,3374,6632,1790,1701,1529,2503,1011,3701,78105,48603,3688,32,23603,0,0,7,4
2021-03-03T23:59:59+01:00,3,4,2925,2613,4239,5950,4399,9239,5389,13449,6184,11046,2993,2927,6945,9018,4487,8767,2,1,1317,1161,1885,3055,2139,5354,2799,8195,3321,6475,1722,1659,1488,2433,991,3647,75375,47608,3445,32,21750,0,0,7,4
2021-03-02T23:59:59+01:00,3,4,2865,2522,4051,5731,4194,8968,5191,13069,5915,10670,2846,2766,6184,8057,4015,8058,2,1,1284,1119,1858,2983,2115,5212,2749,7922,3272,6277,1648,1599,1422,2353,967,3596,72213,46343,2989,32,19900,0,0,7,4
2021-03-01T23:59:59+01:00,3,3,2826,2459,3887,5578,4008,8749,5002,12748,5676,10277,2745,2651,5690,7399,3649,7547,2,1,1278,1083,1835,2882,2089,5018,2708,7672,3212,6041,1605,1563,1373,2292,937,3553,70041,45108,2680,32,18169,0,0,7,4
2021-02-28T23:59:59+01:00,3,3,2784,2411,3729,5460,3785,8559,4819,12497,5489,9971,2688,2578,5568,7244,3587,7446,2,1,1274,1078,1830,2869,2080,4994,2701,7636,3202,6024,1596,1556,1368,2284,934,3543,69562,44937,2459,31,16593,0,0,7,4
2021-02-27T23:59:59+01:00,3,2,2771,2350,3703,5380,3751,8485,4785,12404,5454,9897,2647,2544,5233,6855,3386,7194,2,1,1267,1070,1823,2857,2067,4959,2682,7571,3186,5968,1578,1547,1362,2273,932,3542,68239,44653,2459,30,16139,0,0,7,4
2021-02-26T23:59:59+01:00,3,2,2751,2309,3663,5292,3685,8381,4722,12293,5368,9809,2570,2491,4849,6372,3107,6860,2,1,1210,1020,1773,2751,2018,4778,2626,7296,3113,5758,1517,1496,1339,2252,918,3533,66417,43368,2332,29,15772,0,0,6,4
2021-02-25T23:59:59+01:00,3,2,2579,2202,3476,5110,3499,8154,4519,12006,5150,9534,2481,2425,4400,5817,2818,6432,2,1,1194,963,1742,2642,1964,4504,2557,6900,3018,5471,1471,1453,1318,2237,915,3524,64550,41846,2005,26,14046,0,0,6,4
2021-02-24T23:59:59+01:00,3,2,2426,2068,3286,4916,3353,7949,4322,11752,4929,9283,2344,2305,3939,5305,2556,6033,1,1,1179,934,1719,2557,1928,4364,2497,6644,2965,5266,1440,1421,1300,2216,911,3501,62769,40822,1526,18,12470,0,0,6,4
2021-02-23T23:59:59+01:00,3,2,2296,1930,3107,4689,3200,7710,4147,11481,4745,9035,2255,2212,3382,4641,2213,5517,1,1,1165,886,1686,2462,1889,4173,2429,6345,2869,5006,1382,1366,1271,2172,895,3474,60557,39453,1173,15,10829,0,0,6,4
2021-02-22T23:59:59+01:00,3,2,2256,1879,3023,4596,3130,7601,4053,11294,4637,8910,2203,2171,3011,4174,1927,5131,1,1,1153,827,1654,2336,1847,3927,2353,5951,2744,4709,1319,1312,1248,2139,887,3449,58876,37848,1086,5,10033,0,0,6,4
2021-02-21T23:59:59+01:00,3,2,2220,1848,2971,4527,3050,7488,3972,11149,4571,8793,2188,2148,2926,4059,1871,5043,1,1,1150,809,1637,2284,1820,3820,2320,5795,2681,4584,1288,1289,1238,2125,880,3434,58442,37147,1053,5,9328,0,0,6,4
2021-02-20T23:59:59+01:00,3,2,2208,1845,2948,4514,3034,7452,3946,11116,4550,8771,2185,2140,2872,4002,1836,4988,1,1,1150,806,1637,2282,1819,3811,2319,5790,2680,4580,1287,1286,1237,2122,879,3433,58226,37111,1052,5,9128,0,0,6,4
2021-02-19T23:59:59+01:00,2,2,2196,1831,2912,4462,3009,7365,3901,11034,4496,8708,2177,2134,2781,3888,1751,4894,1,1,1100,797,1598,2274,1808,3802,2309,5769,2672,4567,1281,1275,1226,2117,874,3426,57804,36889,1020,4,8713,0,0,6,4
2021-02-18T23:59:59+01:00,2,2,2065,1736,2755,4279,2885,7167,3764,10748,4357,8503,2143,2100,2538,3616,1595,4671,1,1,1022,761,1526,2175,1758,3680,2236,5612,2615,4482,1267,1255,1219,2103,861,3408,56731,35974,952,4,7237,0,0,6,4
2021-02-17T23:59:59+01:00,2,2,2021,1688,2664,4148,2775,6955,3611,10407,4215,8261,2084,2016,2319,3387,1468,4478,1,1,870,696,1413,2049,1681,3489,2139,5384,2543,4309,1233,1209,1193,2058,845,3363,55659,34469,806,3,6030,0,0,6,4
2021-02-16T23:59:59+01:00,2,2,1851,1577,2490,3940,2635,6680,3450,10053,4037,7955,2039,1989,2037,3067,1294,4224,1,1,843,674,1343,1971,1612,3348,2044,5210,2448,4175,1171,1163,1133,1969,812,3261,54317,33173,770,2,4229,0,0,6,4
2021-02-15T23:59:59+01:00,2,2,1816,1522,2402,3769,2558,6408,3328,9685,3922,7685,2013,1960,1818,2827,1168,4031,1,1,825,662,1314,1924,1570,3279,1987,5038,2385,4074,1112,1122,1066,1877,793,3157,53208,32182,754,1,2948,0,0,6,4
2021-02-14T23:59:59+01:00,2,2,1726,1492,2354,3708,2516,6314,3257,9580,3875,7607,2002,1950,1760,2767,1118,3971,1,1,810,652,1298,1901,1543,3256,1953,4997,2359,4018,1102,1113,1059,1868,790,3145,52869,31861,725,1,2401,0,0,6,4
2021-02-13T23:59:59+01:00,2,2,1725,1480,2344,3701,2510,6300,3254,9564,3868,7597,1993,1930,1736,2747,1114,3961,1,1,810,652,1298,1901,1543,3256,1953,4997,2359,4018,1102,1113,1059,1868,790,3145,52712,31861,725,1,2385,0,0,6,4
2021-02-12T23:59:59+01:00,2,2,1646,1395,2243,3587,2431,6127,3149,9326,3743,7332,1946,1872,1672,2676,1091,3932,1,1,803,644,1286,1878,1530,3237,1945,4966,2343,3998,1097,1108,1058,1849,790,3114,51770,31644,725,0,1671,0,0,6,4
2021-02-11T23:59:59+01:00,2,2,1451,1259,2062,3375,2303,5835,2998,8892,3585,6985,1873,1770,1630,2612,1071,3909,1,1,774,596,1191,1699,1403,2958,1805,4604,2177,3708,1044,1044,1014,1771,749,2972,50371,29509,684,0,553,0,0,6,2
2021-02-10T23:59:59+01:00,2,2,1358,1212,1978,3248,2234,5663,2916,8613,3474,6754,1803,1723,1583,2545,1052,3847,1,1,564,512,969,1473,1261,2647,1620,4143,1973,3326,924,917,881,1513,657,2630,49195,26010,645,0,161,0,0,6,2
2021-02-09T23:59:59+01:00,2,2,1323,1163,1943,3154,2206,5478,2849,8272,3404,6496,1729,1661,1521,2484,1033,3805,1,1,302,379,754,1207,1075,2269,1413,3603,1722,2870,758,755,708,1206,523,2125,47925,21670,515,0,80,0,0,5,1
2021-02-08T23:59:59+01:00,2,2,1316,1128,1911,3037,2169,5256,2797,7993,3345,6260,1686,1627,1472,2429,1016,3782,1,1,266,341,651,1054,970,2053,1254,3210,1526,2554,656,635,606,1018,451,1840,46799,19086,345,0,79,0,0,5,1
2021-02-07T23:59:59+01:00,2,2,1290,1112,1881,2985,2143,5174,2767,7890,3303,6194,1670,1611,1457,2410,1004,3767,1,1,232,286,602,965,909,1898,1163,2983,1429,2382,615,615,584,983,441,1809,46513,17898,144,0,0,0,0,5,0
2021-02-06T23:59:59+01:00,2,2,1285,1106,1875,2973,2134,5146,2754,7846,3292,6149,1657,1603,1452,2400,1001,3766,1,1,213,255,580,927,881,1833,1120,2864,1372,2299,599,596,577,983,441,1809,46294,17351,144,0,0,0,0,5,0
2021-02-05T23:59:59+01:00,2,2,1226,1054,1826,2865,2082,4950,2693,7549,3215,5933,1594,1550,1435,2377,993,3760,1,1,196,222,544,876,845,1753,1082,2744,1319,2199,565,572,565,959,429,1784,44957,16656,144,0,0,0,0,5,0
2021-02-04T23:59:59+01:00,2,2,1214,991,1785,2717,2010,4638,2611,7103,3115,5604,1549,1517,1418,2360,988,3749,1,1,167,170,470,756,746,1612,969,2505,1206,1985,519,519,517,903,408,1664,43333,15118,36,0,0,0,0,4,0
2021-02-03T23:59:59+01:00,2,2,1196,962,1755,2635,1971,4490,2545,6841,3063,5390,1512,1485,1388,2325,969,3719,1,1,139,141,397,644,630,1374,823,2127,1010,1693,399,383,373,681,288,1259,42210,12363,36,0,0,0,0,4,0
2021-02-02T23:59:59+01:00,2,2,1179,906,1721,2534,1929,4270,2472,6509,2958,5118,1458,1438,1364,2294,959,3694,1,1,116,116,321,522,524,1136,679,1796,821,1384,298,280,292,499,225,947,40767,9958,36,0,0,0,0,4,0
2021-02-01T23:59:59+01:00,1,2,1166,846,1686,2410,1878,4025,2395,6119,2836,4822,1391,1356,1334,2248,946,3665,0,0,83,76,221,352,351,743,430,1159,479,862,186,170,171,298,126,562,39086,6269,36,0,0,0,0,4,0
2021-01-31T23:59:59+01:00,1,2,1162,828,1669,2353,1853,3903,2363,5935,2769,4702,1360,1333,1323,2232,939,3649,0,0,72,70,187,280,273,576,341,905,397,695,160,155,159,289,122,548,38339,5229,33,0,0,0,0,4,0
2021-01-30T23:59:59+01:00,1,2,1162,825,1668,2348,1851,3892,2361,5924,2766,4692,1359,1329,1322,2231,939,3648,0,0,69,63,154,233,245,508,306,787,354,620,159,148,154,285,122,547,38284,4754,32,0,0,0,0,4,0
2021-01-29T23:59:59+01:00,1,2,1111,816,1629,2340,1840,3885,2353,5909,2758,4681,1355,1326,1318,2231,939,3648,0,0,61,45,117,178,201,353,250,639,310,492,148,139,143,275,119,546,38108,4016,30,0,0,0,0,4,0
2021-01-28T23:59:59+01:00,1,2,1037,790,1573,2277,1807,3816,2306,5838,2725,4629,1343,1314,1308,2225,927,3634,0,0,39,20,75,106,132,206,155,383,202,295,115,106,117,221,107,496,37521,2775,27,0,0,0,0,4,0
2021-01-27T23:59:59+01:00,1,2,889,738,1478,2202,1739,3702,2233,5709,2667,4503,1313,1268,1279,2187,911,3598,0,0,30,13,63,88,106,162,122,326,175,249,107,88,104,201,103,459,36397,2396,18,0,0,0,0,4,0
2021-01-26T23:59:59+01:00,1,2,874,718,1415,2127,1678,3572,2146,5537,2579,4391,1254,1228,1229,2114,886,3538,0,0,29,12,60,85,102,156,118,311,174,240,104,82,97,180,92,409,35272,2251,13,0,0,0,0,4,0
2021-01-25T23:59:59+01:00,1,2,862,697,1384,2065,1645,3475,2100,5367,2522,4299,1200,1203,1174,2054,869,3472,0,0,27,12,57,85,99,154,117,309,173,240,103,81,96,179,90,406,34383,2228,4,0,0,0,0,4,0
2021-01-24T23:59:59+01:00,1,2,859,696,1378,2054,1640,3458,2092,5342,2510,4267,1196,1196,1169,2047,868,3466,0,0,27,12,57,85,98,153,117,309,173,239,103,81,96,179,90,405,34233,2224,4,0,0,0,0,4,0
2021-01-23T23:59:59+01:00,1,2,859,696,1378,2054,1639,3458,2092,5342,2510,4267,1196,1196,1169,2047,868,3466,0,0,27,12,57,85,98,153,117,309,172,239,103,81,96,179,90,405,34233,2223,3,0,0,0,0,4,0
2021-01-22T23:59:59+01:00,1,2,858,686,1364,2031,1624,3434,2079,5308,2494,4247,1194,1191,1168,2024,867,3432,0,0,27,12,57,85,98,153,117,309,171,239,103,81,96,179,90,405,33997,2222,3,0,0,0,0,4,0
2021-01-21T23:59:59+01:00,1,2,826,650,1287,1876,1523,3241,1983,5036,2384,4047,1153,1131,1139,1955,829,3311,0,0,25,11,53,80,90,144,107,280,157,216,89,72,85,155,74,345,32369,1983,3,0,0,0,0,2,0
2021-01-20T23:59:59+01:00,1,2,626,551,1093,1659,1385,2967,1806,4630,2179,3706,1024,1012,1009,1714,752,3007,0,0,23,11,52,76,87,143,99,267,146,197,78,65,79,130,62,307,29118,1822,3,0,0,0,0,2,0
2021-01-19T23:59:59+01:00,1,2,341,407,844,1402,1181,2619,1570,4101,1914,3256,849,842,838,1425,630,2565,0,0,19,8,37,53,58,78,73,180,103,134,58,50,51,96,47,238,24784,1283,2,0,0,0,0,1,0
2021-01-18T23:59:59+01:00,1,2,300,371,731,1213,1063,2365,1377,3600,1673,2875,708,690,677,1169,526,2120,0,0,8,4,12,18,20,26,24,52,25,47,13,11,13,33,11,72,21459,389,1,0,0,0,0,1,0
2021-01-17T23:59:59+01:00,1,2,258,319,664,1117,983,2194,1279,3327,1559,2664,662,660,648,1109,498,2052,0,0,0,0,1,0,3,2,2,1,2,2,1,4,1,0,0,1,19995,20,1,0,0,0,0,0,0
2021-01-16T23:59:59+01:00,1,2,241,289,648,1082,959,2133,1238,3216,1508,2590,646,642,640,1109,498,2051,0,0,0,0,0,0,1,2,1,1,1,2,0,1,1,0,0,1,19492,11,1,0,0,0,0,0,0
2021-01-15T23:59:59+01:00,1,2,225,255,618,1030,932,2055,1204,3098,1456,2493,615,616,633,1088,491,2039,0,0,0,0,0,0,0,0,0,0,0,0,0,0,0,0,0,0,18851,0,0,0,0,0,0,0,0
2021-01-14T23:59:59+01:00,1,2,195,206,557,907,843,1911,1109,2876,1341,2308,571,572,593,1042,484,1993,0,0,0,0,0,0,0,0,0,0,0,0,0,0,0,0,0,0,17511,0,0,0,0,0,0,0,0
2021-01-13T23:59:59+01:00,1,2,166,185,508,836,771,1786,1010,2639,1186,2083,455,453,451,824,368,1552,0,0,0,0,0,0,0,0,0,0,0,0,0,0,0,0,0,0,15276,0,0,0,0,0,0,0,0
2021-01-12T23:59:59+01:00,1,2,142,164,477,767,719,1631,921,2436,1078,1851,365,344,351,591,270,1115,0,0,0,0,0,0,0,0,0,0,0,0,0,0,0,0,0,0,13225,0,0,0,0,0,0,0,0
2021-01-11T23:59:59+01:00,0,1,113,127,401,637,629,1377,757,1977,846,1463,227,203,201,357,153,673,0,0,0,0,0,0,0,0,0,0,0,0,0,0,0,0,0,0,10142,0,0,0,0,0,0,0,0
2021-01-10T23:59:59+01:00,0,1,87,92,310,458,473,999,548,1449,622,1066,189,179,184,344,147,659,0,0,0,0,0,0,0,0,0,0,0,0,0,0,0,0,0,0,7807,0,0,0,0,0,0,0,0
2021-01-09T23:59:59+01:00,0,1,77,84,263,396,402,867,481,1232,546,908,183,169,179,339,147,657,0,0,0,0,0,0,0,0,0,0,0,0,0,0,0,0,0,0,6931,0,0,0,0,0,0,0,0
2021-01-08T23:59:59+01:00,0,1,64,64,190,288,304,585,367,934,440,689,175,164,163,327,145,657,0,0,0,0,0,0,0,0,0,0,0,0,0,0,0,0,0,0,5557,0,0,0,0,0,0,0,0
2021-01-07T23:59:59+01:00,0,0,45,25,81,122,140,231,165,421,222,344,130,128,144,277,131,602,0,0,0,0,0,0,0,0,0,0,0,0,0,0,0,0,0,0,3208,0,0,0,0,0,0,0,0
2021-01-06T23:59:59+01:00,0,0,33,18,70,93,119,180,137,344,193,279,111,99,115,227,112,517,0,0,0,0,0,0,0,0,0,0,0,0,0,0,0,0,0,0,2647,0,0,0,0,0,0,0,0
2021-01-05T23:59:59+01:00,0,0,30,13,60,89,108,166,121,329,179,256,109,94,114,220,109,499,0,0,0,0,0,0,0,0,0,0,0,0,0,0,0,0,0,0,2496,0,0,0,0,0,0,0,0
2021-01-04T23:59:59+01:00,0,0,27,12,57,86,100,158,116,314,177,244,108,90,107,206,99,461,0,0,0,0,0,0,0,0,0,0,0,0,0,0,0,0,0,0,2362,0,0,0,0,0,0,0,0
2021-01-03T23:59:59+01:00,0,0,27,12,57,86,100,158,116,314,177,244,108,90,106,205,99,461,0,0,0,0,0,0,0,0,0,0,0,0,0,0,0,0,0,0,2360,0,0,0,0,0,0,0,0
2021-01-02T23:59:59+01:00,0,0,27,12,57,86,100,158,116,314,176,244,108,90,106,205,99,461,0,0,0,0,0,0,0,0,0,0,0,0,0,0,0,0,0,0,2359,0,0,0,0,0,0,0,0
2021-01-01T23:59:59+01:00,0,0,27,12,57,86,100,158,116,314,174,243,108,90,106,205,99,461,0,0,0,0,0,0,0,0,0,0,0,0,0,0,0,0,0,0,2356,0,0,0,0,0,0,0,0
2020-12-31T23:59:59+01:00,0,0,27,12,57,86,100,158,116,314,174,243,108,90,106,205,99,461,0,0,0,0,0,0,0,0,0,0,0,0,0,0,0,0,0,0,2356,0,0,0,0,0,0,0,0
2020-12-30T23:59:59+01:00,0,0,26,12,57,85,99,155,116,313,174,243,108,90,106,205,99,461,0,0,0,0,0,0,0,0,0,0,0,0,0,0,0,0,0,0,2349,0,0,0,0,0,0,0,0
2020-12-29T23:59:59+01:00,0,0,20,9,42,60,76,91,86,218,128,191,83,77,77,171,80,373,0,0,0,0,0,0,0,0,0,0,0,0,0,0,0,0,0,0,1782,0,0,0,0,0,0,0,0
2020-12-28T23:59:59+01:00,0,0,9,6,18,30,31,45,40,113,53,103,36,42,39,98,43,211,0,0,0,0,0,0,0,0,0,0,0,0,0,0,0,0,0,0,917,0,0,0,0,0,0,0,0
2020-12-27T23:59:59+01:00,0,0,2,2,4,5,7,11,10,24,6,23,6,7,7,25,5,56,0,0,0,0,0,0,0,0,0,0,0,0,0,0,0,0,0,0,200,0,0,0,0,0,0,0,0
