Datum,<15_m,<15_w,15-24_1_m,15-24_1_w,25-34_1_m,25-34_1_w,35-44_1_m,35-44_1_w,45-54_1_m,45-54_1_w,55-64_1_m,55-64_1_w,65-74_1_m,65-74_1_w,75-84_1_m,75-84_1_w,>84_1_m,>84_1_w,<24_2_m,<24_2_w,25-34_2_m,25-34_2_w,35-44_2_m,35-44_2_w,45-54_2_m,45-54_2_w,55-64_2_m,55-64_2_w,65-74_2_m,65-74_2_w,75-84_2_m,75-84_2_w,>84_2_m,>84_2_w,bp_1,bp_2,mo_1,mo_2,az_1,az_2,ja,unb_1,unb_2
2021-09-23T23:59:59+02:00,9742,9046,58629,55401,64899,60629,73850,74908,95347,97492,106958,105988,73515,79866,51481,63303,14504,25030,53224,50385,60811,55923,69842,70201,91088,92686,102903,102075,71520,77649,50200,61610,14107,24169,822166,774032,70022,67600,182096,175479,46322,28,46
2021-09-22T23:59:59+02:00,9668,8995,58462,55269,64757,60497,73753,74804,95242,97402,106866,105933,73478,79823,51449,63258,14486,25006,53091,50250,60699,55811,69754,70109,91002,92587,102842,102026,71482,77604,50173,61577,14094,24156,821069,773115,70003,67579,182087,175465,46007,28,46
2021-09-21T23:59:59+02:00,9600,8907,58318,55117,64617,60354,73622,74679,95110,97285,106773,105843,73444,79764,51430,63232,14478,24986,52949,50090,60588,55686,69655,70005,90900,92483,102750,101933,71443,77559,50146,61537,14085,24132,819817,771957,69986,67567,182083,175458,45691,28,46
2021-09-20T23:59:59+02:00,9540,8847,58186,54980,64462,60223,73508,74527,94980,97195,106686,105750,73378,79720,51400,63192,14463,24962,52837,49956,60466,55568,69548,69899,90801,92395,102675,101859,71390,77516,50121,61488,14078,24114,818615,771000,69973,67549,182076,175429,45353,28,46
2021-09-19T23:59:59+02:00,9488,8807,58071,54887,64357,60107,73421,74426,94906,97096,106627,105679,73361,79695,51387,63172,14461,24951,52733,49843,60380,55460,69459,69808,90734,92327,102598,101793,71358,77485,50100,61457,14073,24108,817838,770259,69955,67536,182063,175406,45061,28,46
2021-09-18T23:59:59+02:00,9471,8790,58045,54858,64323,60076,73396,74402,94890,97074,106615,105658,73358,79694,51384,63169,14461,24950,52704,49808,60351,55438,69439,69788,90714,92313,102585,101773,71353,77482,50100,61456,14072,24106,817620,770070,69945,67527,182063,175405,45004,28,46
2021-09-17T23:59:59+02:00,9386,8712,57874,54712,64200,59946,73273,74284,94785,96972,106531,105587,73323,79662,51372,63152,14454,24943,52542,49700,60233,55328,69349,69699,90633,92235,102512,101716,71320,77445,50085,61426,14063,24099,816481,769138,69903,67510,182061,175398,44740,28,46
2021-09-16T23:59:59+02:00,9310,8639,57666,54560,64027,59763,73099,74119,94636,96839,106377,105477,73252,79604,51350,63111,14447,24928,52381,49574,60089,55207,69226,69584,90524,92136,102409,101634,71275,77397,50063,61388,14056,24086,815033,768182,69887,67489,182038,175370,44263,28,46
2021-09-15T23:59:59+02:00,9218,8558,57467,54342,63849,59564,72921,73941,94488,96687,106232,105340,73188,79531,51296,63051,14432,24905,52220,49410,59961,55075,69103,69479,90422,92058,102301,101546,71228,77340,50029,61350,14046,24075,813265,767111,69867,67472,182034,175358,43861,28,46
2021-09-14T23:59:59+02:00,9110,8454,57281,54111,63673,59381,72775,73763,94357,96531,106108,105240,73116,79466,51265,63001,14416,24883,52052,49214,59815,54937,68980,69362,90313,91934,102210,101457,71176,77281,50001,61305,14039,24062,811523,765809,69855,67459,182014,175323,43556,27,46
2021-09-13T23:59:59+02:00,9049,8387,57070,53906,63526,59192,72625,73597,94210,96380,105972,105110,73061,79416,51226,62955,14396,24854,51896,49049,59690,54808,68901,69272,90196,91846,102115,101385,71129,77241,49972,61264,14028,24051,809865,764768,69842,67446,181999,175297,43243,27,46
2021-09-12T23:59:59+02:00,9005,8359,56955,53818,63436,59099,72550,73511,94135,96313,105910,105043,73034,79393,51211,62931,14392,24848,51766,48941,59587,54709,68827,69195,90123,91782,102044,101316,71094,77213,49957,61239,14023,24040,809149,763965,69825,67432,181982,175273,43004,27,46
2021-09-11T23:59:59+02:00,9001,8352,56938,53796,63417,59085,72538,73498,94131,96299,105905,105038,73033,79392,51211,62931,14392,24848,51744,48922,59566,54697,68814,69184,90114,91766,102042,101311,71090,77211,49957,61239,14023,24038,809070,763913,69818,67388,181981,175271,42953,27,46
2021-09-10T23:59:59+02:00,8930,8292,56772,53652,63307,58965,72434,73394,94014,96184,105828,104977,72997,79357,51198,62905,14388,24843,51616,48857,59506,54633,68756,69139,90052,91709,102006,101273,71069,77195,49948,61229,14019,24032,807959,763459,69786,67334,181979,175268,42730,27,46
2021-09-09T23:59:59+02:00,8858,8228,56574,53461,63150,58781,72282,73252,93870,96048,105703,104885,72938,79295,51167,62871,14384,24830,51434,48694,59356,54502,68624,69013,89935,91604,101889,101180,71026,77150,49918,61199,14012,24013,806619,762398,69766,67285,181960,175246,42248,27,46
2021-09-08T23:59:59+02:00,8772,8153,56395,53289,63002,58602,72140,73102,93714,95917,105610,104775,72870,79233,51136,62818,14379,24815,51262,48530,59234,54366,68499,68860,89812,91498,101804,101079,70973,77092,49890,61156,14008,23996,805235,761252,69740,67234,181924,175223,41837,27,46
2021-09-07T23:59:59+02:00,8684,8093,56233,53133,62890,58465,72027,72974,93608,95818,105506,104674,72817,79185,51110,62777,14372,24795,51091,48369,59113,54222,68379,68749,89707,91384,101706,100979,70925,77047,49867,61130,14003,23977,803987,760053,69735,67217,181920,175201,41533,27,46
2021-09-06T23:59:59+02:00,8621,8027,56089,52965,62757,58310,71924,72849,93509,95708,105427,104586,72765,79137,51079,62749,14361,24779,50941,48233,58980,54075,68265,68630,89625,91287,101609,100894,70877,76999,49843,61101,13996,23966,802790,758938,69708,67173,181892,175180,41265,27,46
2021-09-05T23:59:59+02:00,8593,7989,56023,52872,62696,58250,71877,72794,93460,95660,105399,104543,72740,79113,51069,62730,14354,24773,50849,48148,58914,54011,68207,68573,89581,91231,101567,100844,70855,76971,49828,61085,13990,23956,802275,758317,69698,67163,181871,175161,41104,27,46
2021-09-04T23:59:59+02:00,8587,7984,56003,52864,62687,58242,71870,72787,93453,95656,105395,104537,72739,79112,51069,62730,14354,24773,50835,48133,58899,53998,68203,68566,89574,91226,101562,100840,70854,76969,49827,61085,13990,23956,802219,758254,69695,67158,181870,175160,41071,27,46
2021-09-03T23:59:59+02:00,8521,7915,55873,52778,62617,58142,71791,72711,93378,95596,105326,104476,72709,79078,51050,62699,14347,24763,50720,48040,58820,53931,68143,68497,89514,91167,101497,100788,70825,76936,49805,61058,13987,23947,801309,757476,69687,67141,181863,175151,40924,27,46
2021-09-02T23:59:59+02:00,8428,7820,55679,52625,62493,58042,71698,72585,93261,95484,105221,104393,72652,79024,51019,62653,14336,24743,50493,47870,58677,53818,68038,68381,89383,91060,101381,100690,70767,76889,49780,61028,13979,23931,800193,756313,69641,67101,181849,175103,40484,27,46
2021-09-01T23:59:59+02:00,8351,7727,55529,52480,62365,57914,71612,72465,93167,95394,105143,104322,72614,78981,50998,62618,14329,24725,50318,47663,58550,53678,67958,68272,89282,90958,101277,100595,70727,76846,49753,60987,13972,23915,799095,755089,69618,67062,181837,175050,40195,27,46
2021-08-31T23:59:59+02:00,8243,7634,55374,52325,62257,57804,71535,72366,93085,95313,105061,104242,72572,78940,50975,62589,14319,24711,50111,47461,58429,53541,67845,68149,89187,90856,101167,100515,70681,76793,49731,60951,13960,23898,798032,753732,69611,67046,181828,175026,39885,27,46
2021-08-30T23:59:59+02:00,8167,7554,55205,52161,62144,57675,71417,72249,92960,95184,104941,104146,72520,78899,50958,62555,14298,24688,49910,47249,58312,53400,67744,68039,89067,90744,101053,100408,70629,76759,49704,60923,13947,23880,796852,752534,69571,66978,181794,174973,39514,27,46
2021-08-29T23:59:59+02:00,8128,7508,55115,52084,62089,57598,71352,72202,92909,95122,104892,104111,72500,78877,50943,62539,14292,24679,49793,47146,58227,53300,67675,67964,89012,90686,100994,100356,70602,76743,49690,60910,13941,23877,796332,751881,69569,66968,181784,174930,39265,27,46
2021-08-28T23:59:59+02:00,8111,7494,55076,52046,62060,57576,71325,72186,92891,95106,104878,104100,72495,78875,50941,62535,14292,24679,49755,47127,58202,53284,67656,67951,88992,90663,100987,100343,70596,76739,49688,60908,13941,23877,796125,751734,69568,66962,181782,174930,39201,27,46
2021-08-27T23:59:59+02:00,8028,7417,54896,51907,61951,57439,71226,72061,92769,94986,104768,104014,72450,78825,50917,62498,14280,24673,49629,47040,58127,53203,67573,67879,88914,90596,100930,100295,70559,76704,49674,60896,13939,23877,794813,751034,69563,66956,181772,174922,38967,27,46
2021-08-26T23:59:59+02:00,7964,7344,54740,51760,61831,57329,71132,71955,92667,94858,104662,103933,72408,78773,50894,62478,14275,24659,49467,46885,58008,53098,67476,67788,88809,90516,100863,100226,70517,76668,49651,60874,13934,23867,793768,750206,69552,66918,181762,174889,38588,27,46
2021-08-25T23:59:59+02:00,7901,7290,54595,51610,61721,57180,71026,71842,92562,94760,104561,103848,72349,78722,50866,62442,14262,24645,49268,46693,57883,52962,67360,67667,88699,90404,100762,100137,70460,76620,49624,60834,13927,23852,792769,749076,69527,66886,181751,174851,38143,27,46
2021-08-24T23:59:59+02:00,7794,7204,54468,51412,61597,57044,70924,71719,92448,94648,104463,103755,72299,78678,50833,62399,14254,24629,49052,46474,57744,52796,67253,67537,88602,90313,100671,100056,70425,76568,49600,60808,13923,23836,791438,747710,69510,66866,181741,174829,37887,27,46
2021-08-23T23:59:59+02:00,7732,7130,54296,51239,61467,56921,70809,71608,92323,94541,104365,103657,72247,78618,50799,62357,14247,24618,48866,46301,57632,52670,67149,67440,88501,90221,100583,99977,70384,76517,49573,60769,13919,23824,790241,746698,69482,66840,181726,174774,37533,27,46
2021-08-22T23:59:59+02:00,7704,7104,54212,51162,61413,56856,70770,71552,92281,94499,104322,103628,72226,78602,50790,62344,14246,24612,48749,46192,57542,52579,67074,67379,88433,90163,100540,99935,70355,76493,49558,60751,13916,23817,789816,746027,69473,66831,181705,174724,37337,27,46
2021-08-21T23:59:59+02:00,7698,7101,54186,51147,61394,56844,70754,71538,92268,94482,104312,103618,72221,78600,50790,62343,14246,24611,48729,46175,57521,52571,67058,67360,88415,90148,100531,99925,70355,76490,49558,60750,13916,23817,789746,745938,69430,66815,181702,174718,37283,27,46
2021-08-20T23:59:59+02:00,7667,7067,54100,51071,61323,56784,70685,71476,92205,94420,104258,103582,72197,78571,50778,62317,14238,24600,48636,46098,57452,52507,66991,67307,88358,90089,100470,99887,70333,76468,49551,60734,13907,23813,789218,745429,69360,66804,181699,174695,37070,27,46
2021-08-19T23:59:59+02:00,7602,6987,53964,50953,61182,56673,70570,71368,92092,94332,104166,103492,72149,78516,50749,62277,14229,24580,48505,45994,57336,52416,66902,67230,88265,90010,100374,99821,70300,76440,49531,60710,13903,23804,788207,744789,69323,66770,181683,174650,36676,27,46
2021-08-18T23:59:59+02:00,7528,6930,53818,50819,61059,56562,70458,71273,91983,94246,104066,103412,72090,78463,50715,62241,14219,24559,48387,45867,57221,52319,66810,67155,88149,89923,100296,99744,70252,76398,49509,60682,13895,23787,787219,744070,69295,66732,181675,174599,36260,27,46
2021-08-17T23:59:59+02:00,7445,6850,53657,50656,60958,56437,70342,71153,91879,94141,103959,103313,72039,78420,50687,62215,14211,24548,48192,45690,57090,52183,66692,67050,88022,89828,100186,99648,70196,76349,49484,60661,13888,23775,786150,743046,69274,66700,181670,174543,35824,27,46
2021-08-16T23:59:59+02:00,7374,6787,53530,50525,60861,56325,70242,71058,91786,94035,103866,103214,71995,78369,50659,62170,14203,24540,48052,45575,56984,52113,66598,66965,87922,89744,100098,99552,70149,76308,49456,60630,13880,23770,785285,742422,69227,66642,181656,174476,35379,27,45
2021-08-15T23:59:59+02:00,7325,6747,53449,50442,60792,56256,70177,70994,91730,93985,103814,103166,71960,78342,50651,62154,14199,24531,47946,45477,56889,52027,66529,66901,87848,89679,100043,99506,70111,76271,49442,60609,13875,23758,784805,741929,69214,66613,181647,174396,35056,27,45
2021-08-14T23:59:59+02:00,7303,6731,53377,50373,60745,56214,70142,70947,91693,93946,103775,103130,71939,78334,50642,62143,14197,24528,47702,45204,56724,51841,66379,66748,87714,89557,99928,99398,70061,76228,49431,60586,13871,23753,784325,740096,69207,66607,181647,174387,34988,27,45
2021-08-13T23:59:59+02:00,7262,6696,53268,50277,60660,56132,70090,70878,91617,93891,103724,103085,71916,78313,50630,62131,14195,24521,47192,44702,56481,51572,66149,66496,87442,89307,99732,99195,69974,76128,49392,60526,13865,23732,783574,736614,69202,66599,181647,174313,34871,27,45
2021-08-12T23:59:59+02:00,7232,6669,53163,50206,60599,56055,70020,70832,91547,93832,103663,103039,71882,78281,50616,62115,14193,24507,46691,44258,56202,51267,65889,66275,87183,89084,99382,98919,69859,75989,49333,60462,13854,23703,783143,733558,69177,66543,181631,173861,34508,27,44
2021-08-11T23:59:59+02:00,7168,6601,52999,50035,60469,55937,69935,70740,91439,93728,103562,102932,71821,78216,50584,62073,14186,24491,46013,43637,55825,50886,65631,65981,86887,88821,99045,98552,69719,75845,49272,60359,13842,23674,781978,729449,69156,66506,181622,173427,34168,27,44
2021-08-10T23:59:59+02:00,7092,6517,52800,49849,60329,55818,69832,70620,91315,93599,103439,102827,71769,78159,50553,62042,14178,24482,45057,42726,55158,50236,65139,65531,86429,88339,98550,98094,69514,75647,49172,60259,13821,23635,780628,723191,69147,66457,181616,172922,33836,27,44
2021-08-09T23:59:59+02:00,7049,6470,52688,49759,60255,55743,69777,70559,91248,93529,103369,102768,71726,78123,50547,62026,14174,24474,44043,41660,54447,49549,64666,65101,85984,87902,98034,97624,69323,75423,49079,60133,13793,23597,780070,716721,69078,66381,181605,172360,33538,27,44
2021-08-08T23:59:59+02:00,7004,6431,52623,49692,60211,55711,69741,70535,91194,93482,103315,102726,71705,78101,50533,62005,14168,24469,43988,41596,54379,49505,64609,65067,85914,87845,97969,97573,69299,75394,49057,60106,13785,23590,779788,716441,69073,66367,181591,172281,33200,27,44
2021-08-07T23:59:59+02:00,6965,6390,52512,49563,60142,55635,69686,70470,91124,93421,103264,102679,71688,78084,50524,61999,14168,24468,43021,40567,53819,48928,64176,64661,85542,87452,97650,97227,69156,75251,49001,60024,13768,23572,779005,710055,69068,66352,181591,172273,33124,27,42
2021-08-06T23:59:59+02:00,6923,6329,52373,49436,60066,55569,69620,70386,91046,93346,103205,102625,71665,78061,50513,61980,14166,24463,42338,39951,53571,48661,63954,64420,85309,87231,97422,97026,69072,75160,48959,59983,13762,23559,778136,706438,69065,66272,181590,172136,32987,27,42
2021-08-05T23:59:59+02:00,6814,6223,52120,49211,59893,55382,69476,70242,90886,93200,103063,102490,71604,77999,50486,61941,14153,24445,41503,39254,53054,48199,63587,64073,84854,86832,96804,96512,68886,74975,48893,59885,13743,23528,776525,701906,69012,66225,181559,171008,32537,27,42
2021-08-04T23:59:59+02:00,6726,6139,51926,48982,59745,55206,69366,70093,90751,93086,102945,102374,71543,77937,50460,61895,14142,24416,40658,38462,52680,47800,63271,63760,84484,86502,96392,96109,68723,74805,48817,59788,13728,23494,775130,697330,68976,66209,181545,170212,32086,27,42
2021-08-03T23:59:59+02:00,6653,6082,51758,48845,59619,55084,69274,70004,90652,92988,102849,102293,71490,77902,50440,61870,14134,24400,39664,37506,51884,47126,62732,63240,83966,86018,95682,95479,68479,74590,48726,59673,13707,23449,774102,691095,68967,66189,181538,169035,31735,27,42
2021-08-02T23:59:59+02:00,6604,6039,51624,48704,59529,55005,69192,69935,90597,92917,102770,102231,71451,77861,50419,61847,14127,24387,38382,36329,50918,46316,62023,62660,83362,85452,94883,94780,68226,74334,48638,59539,13686,23410,773406,683452,68919,66142,181510,167722,31409,27,42
2021-08-01T23:59:59+02:00,6562,5986,51453,48543,59381,54894,69099,69820,90490,92826,102683,102139,71411,77824,50397,61807,14122,24371,38199,36193,50765,46224,61894,62568,83184,85312,94434,94377,68110,74226,48599,59490,13675,23390,772365,682820,68890,66086,181492,166411,31066,27,42
2021-07-31T23:59:59+02:00,6520,5953,51358,48422,59327,54823,69051,69776,90450,92797,102656,102115,71400,77812,50389,61804,14122,24368,36584,34676,49855,45355,61358,62002,82677,84797,93954,93944,67920,74021,48520,59394,13657,23357,771759,673643,68886,66079,181492,166296,31011,27,42
2021-07-30T23:59:59+02:00,6485,5900,51208,48287,59246,54740,68981,69718,90377,92717,102600,102077,71383,77788,50380,61781,14119,24364,35115,33262,48878,44399,60630,61315,81991,84178,93270,93366,67686,73785,48415,59244,13638,23326,771005,664098,68862,66068,181486,165990,30803,27,42
2021-07-29T23:59:59+02:00,6370,5780,50777,47917,59034,54472,68789,69527,90188,92529,102438,101939,71308,77706,50347,61726,14104,24346,34379,32640,48252,43955,60227,60967,81568,83825,92499,92693,67491,73627,48351,59156,13618,23296,768693,660236,68808,65927,181443,164346,30358,27,42
2021-07-28T23:59:59+02:00,6298,5716,50523,47721,58903,54322,68663,69433,90064,92405,102331,101845,71252,77649,50321,61687,14095,24329,34050,32343,47935,43722,60001,60754,81392,83655,92263,92494,67417,73560,48318,59123,13605,23286,767385,658552,68778,65839,181416,163826,29983,27,41
2021-07-27T23:59:59+02:00,6246,5670,50362,47582,58769,54229,68569,69346,89964,92296,102224,101770,71209,77596,50292,61654,14088,24316,32582,30931,46664,42619,59169,59965,80785,83128,91246,91643,67142,73275,48230,58996,13574,23245,766497,649859,68754,65773,181393,162039,29543,27,41
2021-07-26T23:59:59+02:00,6223,5641,50240,47493,58669,54144,68493,69293,89875,92236,102159,101719,71169,77559,50267,61634,14082,24307,31209,29664,45341,41494,58065,58978,80081,82495,90078,90615,66833,73002,48137,58879,13550,23203,765959,640770,68687,65679,181355,159738,29208,26,41
2021-07-25T23:59:59+02:00,6203,5623,50126,47386,58581,54077,68431,69235,89811,92180,102100,101672,71135,77523,50250,61611,14079,24297,31001,29505,45076,41299,57810,58752,79809,82291,89116,89761,66625,72829,48070,58806,13539,23179,765546,639599,68675,65563,181331,157278,28774,26,41
2021-07-24T23:59:59+02:00,6168,5594,50006,47293,58516,54013,68383,69180,89766,92138,102060,101631,71130,77517,50247,61608,14078,24293,29386,27900,43910,40205,57114,58039,79191,81717,88473,89196,66445,72637,47999,58704,13525,23156,764942,629482,68667,65550,181323,157137,28695,26,41
2021-07-23T23:59:59+02:00,6084,5507,49828,47115,58420,53907,68274,69078,89661,92036,101970,101536,71094,77460,50226,61577,14074,24287,27677,26364,42648,39119,56186,57150,78503,81104,87764,88532,66174,72365,47921,58603,13504,23126,763563,618899,68663,65388,181304,156668,28610,26,41
2021-07-22T23:59:59+02:00,5945,5393,49530,46833,58219,53706,68101,68910,89478,91884,101816,101403,71028,77378,50184,61526,14063,24268,26852,25530,41727,38305,55242,56321,77760,80476,86093,87025,65800,71966,47811,58471,13473,23074,761638,610387,68620,64892,181273,155193,28140,26,41
2021-07-21T23:59:59+02:00,5669,5109,48994,46304,57912,53394,67870,68633,89200,91636,101545,101136,70901,77248,50125,61461,14054,24242,26596,25308,41306,38025,54806,55936,77394,80196,85283,86419,65633,71837,47756,58405,13455,23049,758029,608428,68595,64621,181249,153417,27566,26,41
2021-07-20T23:59:59+02:00,5592,5035,48708,46027,57740,53188,67694,68489,89021,91484,101382,100992,70825,77182,50086,61414,14045,24214,25423,24147,40005,36990,53468,54731,76494,79426,83919,85075,65327,71495,47648,58268,13427,23003,756351,598013,68588,64473,181205,151833,26980,26,41
2021-07-19T23:59:59+02:00,5512,4950,48380,45700,57525,52978,67527,68287,88834,91306,101233,100830,70750,77100,50043,61363,14036,24185,24590,23303,38695,35864,51737,53232,75229,78376,82807,84095,65030,71238,47548,58150,13402,22963,754550,587955,68578,64328,181176,150047,26241,26,41
2021-07-18T23:59:59+02:00,5504,4949,48306,45645,57426,52899,67461,68215,88743,91239,101162,100765,70714,77059,50017,61330,14034,24173,24448,23197,38423,35645,51410,52943,74977,78182,81904,83329,64837,71059,47491,58077,13397,22941,754281,586894,68555,64169,181136,147814,25675,26,41
2021-07-17T23:59:59+02:00,5478,4913,48207,45567,57353,52837,67401,68159,88684,91178,101119,100745,70707,77044,50012,61324,14034,24172,23052,21724,37027,34342,50160,51749,74377,77629,81269,82733,64708,70911,47425,58016,13388,22921,753724,575987,68553,64145,181131,147677,25532,26,41
2021-07-16T23:59:59+02:00,5374,4835,47962,45334,57229,52731,67286,68049,88548,91084,101013,100641,70662,76993,49989,61305,14028,24165,21790,20474,35720,33091,48708,50426,73371,76694,80568,82074,64488,70691,47344,57915,13369,22888,752281,564324,68553,64086,181124,147475,25276,26,41
2021-07-15T23:59:59+02:00,5232,4708,47563,45009,57021,52532,67095,67867,88337,90883,100825,100474,70564,76891,49940,61231,14018,24136,21183,19969,34790,32393,47472,49486,72185,75778,78410,79940,63888,70092,47200,57736,13349,22825,750225,554972,68536,63055,181077,145631,24486,26,41
2021-07-14T23:59:59+02:00,4859,4381,46971,44433,56788,52265,66892,67664,88123,90640,100606,100276,70457,76781,49873,61148,14007,24112,20973,19820,34531,32237,47106,49187,71653,75388,77744,79405,63565,69816,47117,57652,13326,22790,746774,553175,68521,62872,181025,143728,23954,26,39
2021-07-13T23:59:59+02:00,4770,4302,46768,44278,56622,52112,66729,67517,87966,90513,100461,100148,70384,76719,49834,61102,14003,24096,20409,19281,33504,31421,45488,47729,69898,73729,76142,77848,63189,69425,46988,57481,13297,22738,745411,542252,68504,62098,180952,142113,23455,26,39
2021-07-12T23:59:59+02:00,4705,4226,46582,44088,56472,51971,66574,67390,87793,90374,100304,100008,70309,76633,49796,61046,13996,24078,19928,18843,32715,30797,43828,46274,67520,71653,74249,76345,62658,68838,46843,57319,13269,22687,744147,531141,68483,61534,180851,139535,22862,26,39
2021-07-11T23:59:59+02:00,4700,4222,46510,44035,56414,51921,66525,67353,87734,90325,100232,99948,70271,76590,49786,61031,13993,24064,19721,18696,32375,30550,43383,45901,67062,71296,73468,75645,62258,68459,46771,57228,13253,22654,744009,529363,68474,61209,180786,137058,22383,26,39
2021-07-10T23:59:59+02:00,4574,4087,46228,43723,56228,51726,66378,67179,87600,90185,100133,99842,70215,76533,49765,61005,13990,24055,19158,18135,31424,29684,41631,44317,65578,70013,72833,75026,62093,68310,46718,57176,13246,22640,741915,518719,68469,61193,180775,137014,22285,26,39
2021-07-09T23:59:59+02:00,4447,3970,45956,43469,56060,51535,66221,67019,87449,90023,100001,99735,70162,76460,49729,60964,13985,24043,18558,17559,30452,28725,39668,42383,63277,67889,71670,73885,61821,67985,46642,57051,13229,22615,739871,504996,68458,60811,180769,136607,22128,26,39
2021-07-08T23:59:59+02:00,4415,3944,45817,43355,55940,51417,66093,66917,87328,89901,99878,99638,70109,76406,49707,60925,13974,24030,17616,16751,29052,27688,37947,40934,61144,66065,68313,70730,60924,67012,46395,56709,13184,22520,739140,489717,68402,58736,180699,134029,21542,26,39
2021-07-07T23:59:59+02:00,4404,3938,45750,43312,55863,51372,66010,66875,87275,89860,99835,99587,70093,76384,49698,60907,13970,24020,16650,15889,27670,26680,36423,39704,59525,64607,65085,67250,59907,65972,46159,56387,13134,22447,738849,474410,68359,56829,180644,131884,21275,26,39
2021-07-06T23:59:59+02:00,4350,3890,45606,43185,55734,51232,65906,66766,87168,89770,99757,99503,70055,76326,49680,60879,13967,24006,15875,15143,26591,25769,34585,37997,56126,61585,62436,64794,59154,65183,45887,56053,13093,22345,737730,456521,68339,56014,180583,129756,21103,25,39
2021-07-05T23:59:59+02:00,4289,3846,45429,43008,55585,51136,65790,66658,87052,89675,99673,99407,69992,76261,49658,60852,13964,23991,15215,14510,25632,24954,33357,36866,53026,58614,59665,62329,58317,64374,45635,55741,13048,22268,736555,440434,68306,55657,180505,127277,20875,25,39
2021-07-04T23:59:59+02:00,4280,3840,45381,42982,55525,51110,65750,66637,87014,89643,99642,99379,69969,76241,49652,60837,13959,23980,15007,14304,25195,24602,32761,36339,52360,58088,58681,61463,57658,63742,45452,55536,13029,22220,736381,436351,68276,55449,180437,124590,20702,25,37
2021-07-03T23:59:59+02:00,4060,3663,44845,42417,55204,50739,65460,66362,86769,89383,99443,99182,69896,76169,49629,60791,13955,23969,14719,13982,24843,24248,31781,35418,50615,56535,57812,60726,57485,63547,45385,55451,13017,22195,732578,427762,68263,55432,180431,124547,20639,25,37
2021-07-02T23:59:59+02:00,3751,3376,44190,41825,54878,50408,65177,66060,86497,89131,99207,98956,69792,76056,49577,60722,13949,23952,14299,13532,24141,23640,30622,34355,47984,54369,55682,58936,57091,63121,45225,55294,13001,22157,728241,415251,68247,54380,180418,123818,20574,24,20
2021-07-01T23:59:59+02:00,3613,3266,43837,41471,54675,50233,65020,65900,86346,88992,99055,98835,69721,75988,49546,60688,13941,23937,13607,12838,22843,22550,28943,32840,45974,52624,53186,56656,55670,61551,44730,54677,12928,22030,726105,401694,68184,52066,180369,119996,20382,24,19
2021-06-30T23:59:59+02:00,3602,3250,43568,41275,54494,50107,64908,65813,86260,88926,98985,98784,69694,75964,49534,60666,13937,23926,12853,12230,21674,21655,27353,31476,44132,50908,49542,52691,54340,60217,44374,54239,12872,21902,724988,385930,68138,50167,180348,116555,20196,23,19
2021-06-29T23:59:59+02:00,3384,3030,42652,40432,53886,49513,64477,65387,85852,88474,98638,98455,69568,75815,49477,60595,13918,23895,12252,11623,20877,20889,26003,30272,41514,48504,47673,51145,53369,59107,43966,53702,12778,21749,719006,373904,68087,48657,180332,113172,20000,23,18
2021-06-28T23:59:59+02:00,3167,2850,41689,39426,53227,48871,64018,65005,85470,88084,98305,98111,69430,75654,49412,60495,13900,23872,11747,11171,20224,20300,25041,29376,39421,46561,46046,49781,52264,58062,43604,53195,12699,21628,712847,364422,67981,47626,180323,109495,19812,23,18
2021-06-27T23:59:59+02:00,3162,2847,41654,39395,53185,48840,63983,64972,85418,88048,98252,98084,69412,75642,49403,60481,13895,23869,11553,10977,19898,19983,24464,28818,38397,45712,44883,48689,51231,57049,43170,52688,12617,21486,712650,359825,67956,47184,180287,105180,19626,23,18
2021-06-26T23:59:59+02:00,2680,2374,40256,38024,52449,48089,63429,64409,84932,87532,97828,97653,69221,75467,49330,60377,13876,23846,11437,10875,19729,19830,24267,28601,37920,45274,44515,48339,51117,56903,43124,52640,12612,21471,703915,356876,67931,47179,180287,105162,19616,23,18
2021-06-25T23:59:59+02:00,2273,2041,39400,37203,52098,47726,63101,64085,84650,87219,97576,97386,69117,75354,49283,60315,13861,23824,11134,10563,19348,19405,23743,27982,35222,42971,42334,46425,50780,56524,43026,52511,12588,21441,698830,345303,67796,46732,180280,104516,19583,23,18
2021-06-24T23:59:59+02:00,2219,1990,38911,36742,51749,47393,62887,63881,84417,87026,97391,97234,69035,75287,49248,60269,13855,23808,10533,9977,18286,18535,22324,26734,33122,41135,39902,44133,49298,54876,42455,51809,12471,21238,695891,332440,67772,44126,180258,100965,19398,23,18
2021-06-23T23:59:59+02:00,2206,1966,38681,36506,51586,47231,62781,63779,84322,86932,97315,97149,69004,75256,49231,60248,13852,23797,10076,9545,17658,17989,21389,25884,31190,39505,35930,39670,48005,53516,42070,51302,12390,21072,694676,316918,67744,43504,180243,97659,19158,21,18
2021-06-22T23:59:59+02:00,2128,1904,37693,35563,50839,46558,62304,63339,83944,86522,96952,96836,68855,75113,49165,60167,13839,23764,9601,9101,16793,17303,20166,24809,28066,36734,33625,37796,47048,52546,41661,50744,12250,20836,688530,304741,67703,40763,180231,94586,19000,21,18
2021-06-21T23:59:59+02:00,1982,1765,36333,34328,49818,45678,61585,62680,83449,86052,96511,96432,68686,74942,49099,60072,13827,23729,9282,8802,16333,16938,19537,24329,26320,35169,32089,36500,46000,51466,41207,50195,12143,20644,680551,297384,67677,40121,180215,90945,18504,21,18
2021-06-20T23:59:59+02:00,1971,1756,36248,34275,49681,45566,61453,62552,83370,85994,96442,96374,68652,74914,49084,60054,13827,23718,9135,8700,16118,16771,19223,24071,25503,34516,31151,35553,45804,51264,41176,50143,12134,20624,679942,293607,67640,39531,180197,90615,18131,21,18
2021-06-19T23:59:59+02:00,1602,1456,34625,32715,48770,44744,60963,62044,82899,85515,96034,96020,68502,74748,49018,59971,13812,23694,9095,8621,16016,16649,19106,23921,25397,34357,31023,35415,45708,51168,41158,50118,12130,20614,671182,292272,67627,39528,180191,90581,18111,21,18
2021-06-18T23:59:59+02:00,1406,1282,32968,31116,47555,43551,60027,61126,82091,84770,95417,95442,68283,74527,48928,59832,13796,23664,9019,8534,15859,16498,18922,23732,25144,34118,30739,35098,45416,50824,41073,50042,12117,20600,660011,290100,67498,39412,180190,90158,18061,21,18
2021-06-17T23:59:59+02:00,1330,1223,32034,30268,46679,42845,59222,60279,81352,84123,95007,95060,68140,74383,48885,59756,13782,23635,8477,8164,15172,15936,18096,22910,24039,32995,29259,33744,44091,49322,40588,49431,11997,20412,653057,281156,67387,38588,180158,87505,17380,21,18
2021-06-16T23:59:59+02:00,1247,1159,31337,29563,45881,42097,58302,59409,80573,83355,94588,94683,68001,74222,48828,59664,13763,23609,7985,7838,14558,15424,17329,22186,22904,32040,28081,32636,42196,47206,40046,48850,11889,20227,645991,271432,67271,37989,180137,85109,16861,21,18
2021-06-15T23:59:59+02:00,1105,1040,29444,27758,44128,40557,56718,57769,79185,82038,93832,94014,67714,73929,48715,59507,13730,23543,7808,7707,14253,15186,16967,21886,22388,31658,27555,32213,41260,46191,39662,48428,11766,20006,631007,268373,67226,37485,180098,82696,16374,21,18
2021-06-14T23:59:59+02:00,1012,926,27891,26277,42518,39041,55058,56120,78085,80932,93137,93388,67463,73688,48620,59385,13710,23499,7623,7532,13876,14855,16444,21447,21700,31077,26878,31618,40879,45767,39279,47980,11635,19801,617749,265712,67172,37075,180070,79859,15738,21,17
2021-06-13T23:59:59+02:00,988,901,27690,26094,42136,38711,54520,55601,77738,80628,92945,93198,67372,73608,48583,59327,13695,23474,7479,7361,13608,14562,16061,21054,21273,30588,26342,31119,40481,45365,38821,47415,11456,19516,615049,263633,67038,37006,180042,76796,15059,21,17
2021-06-12T23:59:59+02:00,859,786,26154,24488,40964,37626,53845,54868,77206,80133,92394,92673,67217,73430,48514,59250,13682,23453,7433,7310,13487,14453,15928,20943,21088,30441,26226,31022,40464,45349,38813,47405,11456,19515,605452,262856,67034,37004,180037,76468,14998,21,17
2021-06-11T23:59:59+02:00,745,677,24524,22948,39603,36431,52618,53660,76237,79282,91817,92098,66981,73196,48452,59142,13663,23418,7376,7221,13316,14269,15717,20752,20819,30184,25957,30765,40156,44973,38728,47291,11439,19486,593646,260970,66955,36859,180029,75772,14841,21,17
2021-06-10T23:59:59+02:00,644,587,23526,21934,38377,35245,51016,52158,74918,78090,90205,90554,66626,72801,48325,58969,13638,23363,7095,6993,12795,13833,15084,20184,20058,29430,25164,30093,39453,44113,38377,46874,11325,19302,580728,257528,66479,36826,179976,72040,13772,21,17
2021-06-09T23:59:59+02:00,574,538,23073,21542,37716,34722,49906,51119,73678,76893,89615,90049,66500,72655,48275,58884,13623,23333,6819,6681,12196,13231,14304,19377,19143,28407,24181,28937,36883,41196,37812,46229,11177,19062,573559,247217,66022,36750,179936,68504,13157,21,17
2021-06-08T23:59:59+02:00,468,427,21554,20062,36099,33354,47797,49160,71540,74960,88144,88568,66184,72269,48140,58724,13591,23289,6689,6502,11821,12864,13824,18891,18542,27805,23629,28401,36600,40944,37522,45862,11069,18907,556163,245576,65748,36673,179902,65120,12496,21,17
2021-06-07T23:59:59+02:00,353,333,20544,19075,34552,32016,45521,47137,69406,73084,87166,87718,65961,72004,48066,58589,13571,23254,6535,6339,11401,12516,13285,18413,17816,27219,22995,27803,36279,40638,37103,45380,10957,18712,540951,243588,65578,36607,179850,61239,11950,21,17
2021-06-06T23:59:59+02:00,330,312,20361,18930,34159,31732,44916,46571,68789,72603,86955,87551,65906,71944,48055,58562,13564,23242,6402,6170,11080,12104,12859,17843,17179,26409,22301,26998,35812,40163,36623,44826,10801,18444,537846,241154,65254,36559,179807,56740,11554,21,17
2021-06-05T23:59:59+02:00,257,247,19110,17646,32818,30516,43685,45394,68215,72089,86425,87041,65815,71842,48007,58513,13557,23230,6351,6088,10977,11949,12736,17672,17011,26198,22131,26814,35750,40084,36601,44802,10799,18439,527813,240566,65254,36145,179785,56150,11534,21,17
2021-06-04T23:59:59+02:00,176,177,17910,16489,31499,29218,42127,43897,66872,70772,85615,86290,65628,71629,47930,58421,13541,23202,6248,5947,10802,11742,12520,17419,16655,25813,21613,26377,34867,39230,36286,44503,10782,18416,514945,238737,65187,35817,179777,53197,11463,21,16
2021-06-03T23:59:59+02:00,121,124,17270,15911,30512,28393,40671,42611,65099,69243,83361,84006,65204,71177,47802,58259,13523,23164,6077,5739,10494,11391,12204,16957,16209,25152,21067,25798,34202,38442,36112,44301,10749,18366,501157,236416,64494,35430,179737,50367,11042,21,15
2021-06-02T23:59:59+02:00,92,81,16925,15598,30204,28134,40004,41990,63510,67852,82421,83205,65062,71013,47742,58175,13520,23149,5961,5648,10324,11238,11981,16747,15918,24852,20725,25408,30960,34820,35885,44078,10720,18312,493646,227752,64493,35099,179736,49939,10781,21,15
2021-06-01T23:59:59+02:00,36,46,16130,14922,28707,27043,37643,39930,59952,64669,79989,80885,64712,70649,47614,57986,13486,23095,5686,5362,9809,10806,11452,16160,15260,24060,19987,24654,30617,34524,35689,43900,10692,18250,475302,226297,62937,34593,179667,46446,9567,21,14
2021-05-31T23:59:59+02:00,28,38,15559,14443,27772,26345,35679,38264,56510,61642,77955,79179,64379,70293,47470,57811,13453,23043,5524,5148,9402,10444,11022,15683,14726,23378,19362,23948,30331,34271,35506,43707,10656,18193,459518,225623,62220,34206,179600,42962,8504,21,14
2021-05-30T23:59:59+02:00,27,35,15413,14317,27492,26118,35228,37858,55796,61024,77635,78906,64318,70235,47445,57776,13449,23033,5421,4955,9075,10077,10611,15199,14276,22579,18835,23180,29654,33557,35279,43513,10634,18132,456552,225171,61785,34126,179552,37479,8195,21,14
2021-05-29T23:59:59+02:00,25,34,15016,13916,26636,25298,33466,36263,54312,59726,77046,78342,64167,70086,47392,57723,13442,23019,5387,4879,9013,9966,10521,15086,14168,22433,18705,23043,29624,33534,35273,43505,10633,18129,446397,224697,61753,34126,179548,36880,8190,21,14
2021-05-28T23:59:59+02:00,22,33,14604,13510,25817,24549,31613,34497,52137,57722,75990,77347,63962,69834,47340,57646,13432,22996,5302,4762,8840,9821,10368,14916,14010,22198,18497,22741,29555,33487,35256,43488,10632,18125,434410,224034,61281,34120,179459,35958,7880,21,14
2021-05-27T23:59:59+02:00,18,28,13977,13039,24752,23828,30366,33570,50528,56345,72888,74363,63520,69296,47205,57484,13408,22942,5189,4522,8510,9485,9970,14491,13571,21566,17996,22143,29333,33283,35146,43376,10610,18097,422251,223403,59321,34052,178830,32693,7134,21,14
2021-05-26T23:59:59+02:00,17,26,13488,12609,23841,23177,29448,32873,49441,55418,69928,71171,62907,68687,47070,57313,13377,22896,5102,4357,8256,9169,9673,14104,13213,20966,17563,21546,29140,33116,35049,43273,10583,18046,411426,222802,57144,33933,178333,29652,6763,21,14
2021-05-25T23:59:59+02:00,17,21,13141,12308,23261,22772,28396,32017,46842,53183,67666,69044,62556,68321,46957,57164,13359,22845,5021,4233,8050,8912,9421,13730,12903,20445,17181,21000,28982,32962,34965,43170,10556,17991,399570,222264,56078,33853,177715,26913,6486,21,14
2021-05-24T23:59:59+02:00,16,20,12842,12027,22760,22389,27778,31567,44220,50752,65212,66857,62248,68022,46847,57038,13326,22789,4949,4125,7800,8681,9103,13352,12576,19934,16800,20444,28841,32825,34890,43098,10534,17945,387915,221703,55596,33789,177049,24270,6129,21,14
2021-05-23T23:59:59+02:00,16,20,12781,11957,22665,22306,27698,31491,43964,50523,64624,66309,62168,67934,46822,57020,13324,22787,4929,4110,7763,8651,9045,13321,12498,19874,16725,20390,28832,32812,34886,43092,10534,17943,385714,221430,55516,33782,177035,24064,6123,21,14
2021-05-22T23:59:59+02:00,16,20,12557,11718,22344,22001,26693,30603,42128,48941,63769,65571,62006,67743,46756,56929,13314,22764,4913,4055,7736,8589,9004,13258,12468,19791,16695,20324,28821,32802,34882,43086,10533,17942,377220,221341,55505,33782,177030,23673,6097,21,14
2021-05-21T23:59:59+02:00,16,19,12252,11466,21774,21562,25883,29916,39738,47049,61796,63906,61745,67472,46672,56841,13299,22739,4894,4027,7682,8503,8936,13169,12391,19698,16622,20242,28804,32777,34875,43076,10531,17941,366815,221147,54446,33768,176839,23223,6024,21,14
2021-05-20T23:59:59+02:00,15,19,11630,10888,20656,20675,24742,28896,38234,45769,59452,61838,60928,66572,46473,56583,13265,22684,4613,3847,7283,8210,8498,12774,11936,19186,16204,19723,28683,32682,34824,43025,10527,17931,356341,220751,52092,33658,175563,20229,5302,21,14
2021-05-19T23:59:59+02:00,15,19,11190,10574,19869,20130,23893,28302,37332,45086,56217,58198,60237,65869,46364,56448,13243,22637,4460,3680,7027,7966,8220,12446,11609,18758,15835,19301,28585,32569,34781,42951,10517,17916,345887,220275,50476,33541,174426,17986,4813,21,14
2021-05-18T23:59:59+02:00,15,19,10857,10287,19295,19679,23248,27746,35934,43861,54807,57071,59865,65445,46234,56286,13218,22612,4352,3555,6781,7734,7960,12161,11376,18357,15490,18870,28503,32477,34751,42912,10513,17909,340521,219988,48636,33461,172944,15889,4357,21,14
2021-05-17T23:59:59+02:00,14,18,10636,10104,18862,19393,22817,27438,34733,42866,53498,56039,59616,65198,46170,56187,13202,22579,4280,3469,6572,7518,7710,11866,11118,17962,15180,18467,28411,32390,34727,42871,10507,17896,336454,219695,47643,33394,171425,14022,3827,21,14
2021-05-16T23:59:59+02:00,14,17,10446,9972,18567,19190,22481,27199,34097,42407,52261,54871,59423,65034,46134,56133,13191,22559,4212,3393,6353,7352,7417,11613,10851,17610,14886,18104,28346,32328,34712,42853,10500,17892,334029,219447,46764,33332,169803,12259,3379,21,13
2021-05-15T23:59:59+02:00,14,17,10348,9871,18415,19043,22312,27057,33712,42038,51867,54495,59306,64887,46086,56088,13188,22543,4171,3357,6269,7287,7324,11510,10749,17491,14779,17974,28251,32210,34621,42760,10496,17887,331632,218358,46763,33330,169668,12240,3203,21,13
2021-05-14T23:59:59+02:00,13,17,10063,9662,17981,18801,21914,26772,31354,40261,49717,52639,59088,64660,46038,56004,13172,22521,4041,3272,5983,7124,7018,11286,10401,17140,14433,17647,27679,31503,34499,42568,10478,17858,322472,215059,46710,33325,169054,12120,2421,20,13
2021-05-13T23:59:59+02:00,13,17,9600,9285,17188,18237,21042,26094,30236,39276,47476,50468,58240,63687,45828,55721,13133,22449,3537,3073,5646,6870,6706,10977,9991,16750,14056,17213,26785,30304,34074,42051,10447,17796,313978,210463,44846,32771,167034,10924,2113,19,13
2021-05-12T23:59:59+02:00,13,17,9307,9094,16753,17980,20574,25809,29708,38891,44472,46823,57666,63046,45744,55608,13115,22424,3396,2985,5415,6759,6427,10832,9709,16541,13817,16949,26138,29482,33909,41857,10421,17762,304804,207437,44023,32745,166742,10756,1456,19,13
2021-05-11T23:59:59+02:00,13,15,8864,8808,15981,17465,19715,25192,27967,37447,42542,45321,57289,62600,45660,55473,13095,22396,3276,2854,5187,6417,6125,10418,9344,15981,13381,16393,24716,27814,33399,41233,10370,17677,299314,201469,40964,32563,164258,9261,1288,19,12
2021-05-10T23:59:59+02:00,13,14,8603,8653,15468,17213,19083,24874,26977,36758,41081,44173,57028,62328,45581,55370,13075,22365,3165,2726,4956,6186,5871,10093,9016,15506,13017,15976,23669,26484,32913,40647,10335,17620,296029,196827,40055,32537,161581,7839,974,18,10
2021-05-09T23:59:59+02:00,13,14,8444,8569,15160,17031,18706,24624,26309,36333,39300,42514,56730,62051,45528,55312,13067,22347,3044,2671,4775,6048,5703,9920,8818,15300,12850,15803,23395,26152,32767,40472,10325,17605,293074,195629,39682,32496,158576,6818,702,18,10
2021-05-08T23:59:59+02:00,13,14,8369,8493,14983,16886,18496,24426,26081,36094,39069,42325,56603,61902,45491,55275,13064,22337,3037,2652,4742,6012,5660,9874,8741,15234,12764,15733,23026,25726,32481,40161,10317,17589,291518,194439,39228,31789,158455,6816,702,18,10
2021-05-07T23:59:59+02:00,12,13,8194,8394,14658,16704,18114,24192,25659,35806,38616,41947,56329,61547,45442,55228,13059,22327,2733,2518,4390,5826,5390,9612,8426,14923,12368,15337,21927,24355,31834,39329,10289,17539,288990,190982,38797,30289,158129,5215,307,18,10
2021-05-06T23:59:59+02:00,11,13,7542,8033,13764,16104,17060,23345,24321,34695,36469,40284,55200,60227,45200,54922,13024,22262,2607,2405,4215,5629,5181,9302,8083,14482,11935,14883,20622,22674,30981,38324,10238,17428,278362,185368,37518,29329,156309,4020,269,18,10
2021-05-05T23:59:59+02:00,9,13,7001,7726,12980,15554,16033,22581,22939,33671,34646,38799,53364,58188,44882,54576,12991,22196,2517,2345,4042,5471,4992,9090,7738,14143,11567,14524,19235,20894,29792,36910,10198,17326,266924,179247,36595,28160,154522,3284,90,18,10
2021-05-04T23:59:59+02:00,9,12,6812,7630,12623,15382,15550,22309,22298,33326,33685,38104,52508,57228,44760,54450,12973,22155,2461,2274,3888,5301,4817,8834,7396,13735,11141,14065,17584,18971,28699,35583,10104,17206,263167,172444,35729,27224,152865,2352,36,17,10
2021-05-03T23:59:59+02:00,9,12,6665,7481,12248,15166,15045,21999,21591,32922,32535,37215,52210,56911,44664,54342,12958,22123,2402,2203,3795,5121,4677,8597,7180,13386,10820,13659,16381,17478,27821,34487,10040,17099,259883,166884,35270,26875,150900,1358,26,17,10
2021-05-02T23:59:59+02:00,9,12,6585,7391,12037,14995,14751,21766,21116,32602,31385,36269,51927,56620,44602,54251,12940,22092,2388,2196,3774,5089,4648,8561,7114,13315,10738,13569,16069,17085,27525,34181,10028,17087,257457,165324,35199,26764,148652,1253,25,17,8
2021-05-01T23:59:59+02:00,9,12,6567,7366,11975,14950,14674,21707,21015,32529,31256,36177,51921,56604,44598,54250,12938,22090,2385,2187,3751,5072,4606,8536,7077,13278,10678,13514,15871,16862,27410,34044,10025,17077,256897,164358,35198,26737,148501,1252,25,17,8
2021-04-30T23:59:59+02:00,9,12,6530,7328,11885,14861,14569,21590,20820,32342,31018,35986,51649,56244,44553,54196,12933,22078,2356,2166,3689,5010,4511,8427,6926,13095,10401,13251,15058,15836,26540,32971,9984,16989,255124,161156,35155,24847,148283,1182,24,17,8
2021-04-29T23:59:59+02:00,9,12,6325,7204,11564,14674,14216,21354,20301,32054,30264,35495,50998,55419,44462,54080,12909,22003,2319,2120,3598,4921,4386,8291,6732,12879,10125,12966,14086,14604,25241,31427,9923,16897,251957,155467,35061,24102,146285,922,23,17,8
2021-04-28T23:59:59+02:00,9,12,6058,7039,11187,14339,13725,20889,19664,31449,29099,34368,48332,52414,44171,53755,12846,21925,2280,2080,3530,4861,4271,8175,6572,12695,9880,12751,12943,13124,23752,29550,9862,16794,242027,149507,34932,22898,144294,704,11,17,7
2021-04-27T23:59:59+02:00,9,12,5956,6947,11038,14218,13525,20728,19387,31238,28538,33983,48126,52194,44115,53703,12838,21903,2238,2046,3439,4767,4178,8066,6407,12511,9600,12476,11732,11561,22101,27396,9786,16649,240664,142700,34885,21716,142881,527,11,17,6
2021-04-26T23:59:59+02:00,9,12,5908,6902,10920,14153,13365,20606,19161,31028,27708,33415,47789,51828,44061,53638,12829,21874,2215,2018,3386,4724,4116,7997,6306,12378,9411,12302,10817,10402,20820,25646,9728,16563,239948,137432,34858,20972,140373,417,11,16,4
2021-04-25T23:59:59+02:00,9,12,5862,6855,10816,14058,13205,20452,18916,30745,26948,32678,47291,51316,43978,53538,12815,21854,2188,2007,3356,4705,4098,7978,6273,12336,9354,12242,10656,10210,20578,25324,9718,16549,238248,136578,34815,20628,138258,358,11,16,4
2021-04-24T23:59:59+02:00,9,12,5841,6806,10741,13973,13109,20311,18784,30568,26787,32499,47190,51193,43885,53443,12811,21849,2181,1997,3332,4678,4059,7932,6201,12263,9224,12124,10499,10030,20446,25193,9702,16531,236784,136054,34797,19990,138203,340,11,16,4
2021-04-23T23:59:59+02:00,9,12,5777,6714,10610,13774,12911,20058,18476,30191,26394,32138,46246,50058,43731,53198,12788,21817,2163,1975,3289,4642,4010,7878,6106,12173,9059,11996,10232,9732,20122,24772,9654,16451,232395,134933,34740,18984,137740,329,11,16,4
2021-04-22T23:59:59+02:00,9,12,5674,6599,10402,13579,12561,19727,17965,29719,25766,31546,44517,47905,43159,52467,12742,21716,2149,1964,3249,4589,3933,7805,5978,12073,8801,11831,9801,9325,19670,24183,9604,16374,226155,132816,34628,18207,135255,297,11,16,4
2021-04-21T23:59:59+02:00,9,11,5578,6461,10172,13377,12233,19414,17463,29225,25053,30817,40245,43040,42683,51932,12676,21612,2137,1955,3214,4553,3878,7747,5898,11980,8625,11672,9472,8942,19171,23594,9544,16279,214055,131175,34562,17203,133357,274,11,16,4
2021-04-20T23:59:59+02:00,9,11,5498,6371,9978,13161,11958,19151,17042,28817,24500,30256,38491,41028,42030,51157,12606,21474,2112,1942,3174,4528,3811,7703,5765,11883,8454,11544,9189,8624,18701,22929,9447,16138,207839,129814,34472,15901,131201,220,11,15,4
2021-04-19T23:59:59+02:00,9,10,5418,6293,9819,13034,11756,18946,16680,28436,23958,29788,36938,39236,41443,50433,12550,21386,2096,1923,3139,4493,3771,7659,5727,11814,8369,11453,8952,8342,18296,22363,9401,16048,202822,128125,34416,15512,128871,200,11,13,4
2021-04-18T23:59:59+02:00,9,9,5356,6241,9688,12950,11557,18809,16401,28238,23555,29476,35632,37874,41095,50027,12518,21323,2084,1907,3110,4471,3745,7643,5682,11767,8319,11404,8854,8253,18143,22175,9388,16025,201287,127643,34375,15123,125073,195,11,12,4
2021-04-17T23:59:59+02:00,9,9,5350,6225,9653,12919,11512,18769,16324,28171,23491,29418,35322,37536,40987,49930,12512,21312,2074,1899,3083,4459,3687,7598,5611,11716,8234,11352,8744,8143,18038,22060,9367,16012,200059,126842,34366,15033,125001,193,11,12,4
2021-04-16T23:59:59+02:00,9,9,5285,6186,9564,12859,11378,18657,16111,28011,23142,29071,34239,36277,40576,49405,12492,21278,1942,1811,2855,4278,3326,7284,4841,11185,6744,10266,6247,6092,16239,20376,9177,15715,195896,117548,34278,10631,124352,190,11,12,4
2021-04-15T23:59:59+02:00,9,9,5218,6095,9364,12689,11083,18409,15615,27618,22453,28472,32341,33959,39535,48196,12416,21114,1897,1779,2790,4215,3210,7165,4624,11003,6368,9957,5791,5692,15650,19693,8991,15385,190080,114435,34227,9583,120265,183,11,12,4
2021-04-14T23:59:59+02:00,9,8,5156,6049,9196,12560,10864,18232,15214,27304,21805,27991,30419,31709,38319,46780,12342,20929,1816,1726,2707,4149,3101,7072,4422,10838,6063,9709,5313,5280,15068,19006,8789,15033,183713,111824,34089,8131,117061,128,11,12,4
2021-04-13T23:59:59+02:00,9,8,5109,5996,9058,12431,10686,18062,14871,27029,21285,27528,28320,29261,37062,45187,12202,20725,1771,1709,2669,4106,3046,7012,4291,10698,5794,9499,4974,4978,14622,18558,8656,14833,176838,110411,34024,6765,113944,31,11,12,4
2021-04-12T23:59:59+02:00,9,8,5047,5946,8948,12295,10481,17914,14549,26749,20745,27073,26282,26993,35905,43725,12075,20528,1738,1665,2640,4087,3019,6959,4232,10632,5691,9399,4813,4833,14323,18190,8545,14634,171127,109574,33947,5787,110175,30,11,12,4
2021-04-11T23:59:59+02:00,9,8,5008,5903,8857,12216,10323,17814,14286,26572,20321,26749,25086,25705,35200,42940,11987,20380,1729,1659,2619,4067,2996,6933,4197,10586,5604,9332,4723,4779,14209,18068,8507,14583,169347,109372,33876,5185,106118,25,11,12,4
2021-04-10T23:59:59+02:00,9,8,4997,5889,8816,12188,10268,17779,14218,26523,20225,26669,24772,25331,34855,42522,11980,20359,1724,1653,2610,4059,2982,6917,4168,10557,5547,9293,4645,4701,14083,17905,8460,14499,168136,108585,33153,5184,106096,25,11,12,4
2021-04-09T23:59:59+02:00,9,8,4950,5856,8731,12110,10145,17655,14050,26347,19964,26426,23937,24180,33902,41314,11947,20286,1696,1623,2556,4025,2910,6857,4018,10446,5293,9070,4230,4327,13522,17191,8234,14134,164776,104924,31639,5176,105382,25,8,12,4
2021-04-08T23:59:59+02:00,9,8,4873,5791,8583,11999,9931,17478,13654,26034,19358,25960,22236,22201,32217,39348,11802,20052,1666,1607,2502,3979,2829,6770,3871,10310,5003,8806,3781,3903,12540,15948,7762,13377,159031,99967,30733,4660,101750,20,8,12,4
2021-04-07T23:59:59+02:00,9,7,4826,5739,8401,11922,9703,17328,13336,25807,18888,25599,20427,20088,30460,37091,11687,19841,1633,1591,2447,3927,2768,6690,3765,10165,4816,8618,3523,3614,11857,15147,7393,12832,152996,96672,29559,4097,98588,11,7,9,4
2021-04-06T23:59:59+02:00,9,7,4779,5694,8257,11810,9542,17163,13019,25541,18368,25215,18578,18027,28543,34604,11492,19498,1598,1572,2424,3901,2735,6653,3702,10123,4734,8528,3415,3493,11383,14502,7112,12424,146171,94375,28601,3908,95359,10,7,8,4
2021-04-05T23:59:59+02:00,9,7,4748,5652,8161,11721,9403,17063,12808,25329,17967,24870,16851,16092,26915,32461,11348,19276,1576,1561,2394,3882,2706,6605,3659,10064,4649,8413,3304,3387,11045,14135,6956,12146,140761,92987,28167,3479,91740,10,7,6,4
2021-04-04T23:59:59+02:00,9,7,4740,5646,8153,11710,9390,17050,12782,25309,17939,24845,16719,15918,26719,32215,11339,19263,1575,1560,2392,3879,2703,6601,3657,10061,4646,8410,3294,3376,11033,14123,6953,12138,140041,92907,28075,3479,91627,10,6,4,4
2021-04-03T23:59:59+02:00,9,7,4736,5638,8139,11702,9370,17030,12743,25278,17861,24782,16639,15829,26674,32158,11334,19256,1572,1558,2383,3871,2685,6587,3634,10033,4563,8355,3177,3261,10952,14049,6947,12128,139513,92261,28047,3479,91615,10,6,4,4
2021-04-02T23:59:59+02:00,9,7,4710,5618,8081,11648,9307,16962,12604,25172,17626,24582,16188,15352,26200,31584,11302,19203,1570,1549,2370,3865,2678,6571,3613,10001,4494,8262,3108,3193,10717,13750,6795,11926,138309,90972,26639,3475,91197,10,6,4,4
2021-04-01T23:59:59+02:00,8,7,4667,5557,7969,11506,9176,16802,12332,24887,17181,24183,15440,14626,25444,30626,11176,19021,1553,1527,2339,3833,2656,6541,3574,9962,4426,8197,2998,3064,9789,12636,6186,11082,136075,86980,25975,3371,88550,9,4,4,4
2021-03-31T23:59:59+02:00,8,7,4457,5477,7859,11384,9035,16637,12115,24611,16828,23819,14744,13864,24612,29617,11071,18830,1544,1522,2326,3813,2631,6512,3528,9914,4361,8128,2911,2976,9222,11941,5823,10587,134281,84562,24517,3165,86169,9,4,4,4
2021-03-30T23:59:59+02:00,8,7,4426,5423,7785,11257,8949,16478,11953,24421,16549,23510,14151,13221,23857,28640,10934,18589,1530,1512,2307,3788,2606,6483,3488,9849,4295,8057,2787,2830,8638,11288,5474,10102,132803,82259,23307,2767,84040,5,4,4,4
2021-03-29T23:59:59+02:00,8,7,4385,5365,7685,11144,8842,16315,11794,24149,16219,23163,13610,12621,23096,27669,10781,18344,1512,1499,2288,3772,2584,6454,3453,9792,4231,7982,2734,2762,8351,10903,5284,9793,130964,80878,22552,2508,81673,5,4,4,4
2021-03-28T23:59:59+02:00,8,7,4350,5280,7600,11036,8765,16163,11659,23920,15961,22890,13285,12314,22530,26977,10606,18064,1503,1493,2266,3758,2569,6425,3413,9742,4193,7924,2686,2711,8273,10800,5241,9727,130465,80534,22033,2182,78909,5,4,4,4
2021-03-27T23:59:59+01:00,8,7,4336,5269,7574,11006,8699,16092,11559,23824,15818,22774,13079,12102,22329,26766,10571,18035,1502,1491,2263,3756,2568,6424,3399,9718,4182,7902,2678,2705,8217,10736,5207,9687,129584,80245,21390,2182,78866,5,4,4,4
2021-03-26T23:59:59+01:00,8,7,4293,5201,7465,10874,8523,15910,11225,23523,15204,22269,12161,11278,21544,25928,10430,17810,1497,1477,2258,3735,2555,6401,3382,9692,4142,7865,2648,2666,8039,10519,5090,9519,125547,79407,19783,2068,78315,5,4,4,4
2021-03-25T23:59:59+01:00,8,6,4234,5041,7304,10595,8279,15505,10841,22901,14562,21572,11490,10616,20680,24863,10117,17274,1477,1463,2226,3709,2521,6363,3347,9644,4072,7785,2519,2531,7070,9267,4487,8615,122279,75242,19008,1845,74594,5,3,4,4
2021-03-24T23:59:59+01:00,8,6,4157,4900,7165,10310,8065,15091,10578,22353,14094,20966,10886,10057,19750,23776,9793,16713,1456,1433,2200,3671,2476,6327,3306,9580,3994,7686,2422,2434,6430,8510,4107,8037,119692,72627,17822,1437,71150,3,1,3,4
2021-03-23T23:59:59+01:00,8,6,4117,4806,7058,10074,7911,14752,10320,21849,13692,20475,10423,9616,19031,22927,9483,16252,1444,1415,2174,3650,2457,6300,3247,9526,3905,7611,2332,2335,5704,7580,3664,7352,118236,69568,16722,1124,67839,3,0,3,4
2021-03-22T23:59:59+01:00,8,6,4065,4725,6931,9834,7751,14431,10064,21383,13343,19976,10031,9261,18469,22220,9297,15912,1435,1408,2165,3636,2445,6284,3224,9503,3875,7577,2272,2284,5256,6975,3317,6865,117356,67479,16325,1037,64023,3,0,3,4
2021-03-21T23:59:59+01:00,8,6,4018,4620,6799,9569,7582,14076,9842,20843,13003,19450,9710,8982,17940,21617,9107,15605,1432,1404,2164,3625,2442,6277,3218,9494,3865,7563,2258,2265,5139,6842,3259,6764,117157,66970,15930,1037,59687,2,0,3,4
2021-03-20T23:59:59+01:00,8,6,4007,4598,6764,9515,7524,14005,9758,20738,12897,19361,9623,8888,17805,21442,9056,15518,1429,1399,2160,3622,2437,6272,3205,9484,3846,7553,2223,2233,4814,6470,3075,6522,116332,65703,15835,1037,59343,2,0,3,4
2021-03-19T23:59:59+01:00,7,6,3832,4457,6474,9263,7083,13582,8846,20008,11169,18033,6777,6551,15576,19246,8703,14957,1425,1395,2155,3615,2425,6259,3193,9459,3796,7507,2156,2192,4445,5999,2812,6207,107074,64031,11129,1005,56364,2,0,3,4
2021-03-18T23:59:59+01:00,7,5,3727,4325,6296,8954,6818,13142,8455,19349,10530,17296,6067,5899,14366,17780,8196,14143,1421,1389,2132,3588,2407,6223,3165,9418,3757,7474,2111,2158,4026,5471,2532,5800,101975,62171,10127,897,53250,2,0,3,4
2021-03-17T23:59:59+01:00,7,5,3649,4251,6164,8811,6650,12964,8161,19039,10129,16905,5663,5515,13552,16851,7803,13568,1411,1377,2116,3569,2377,6191,3134,9390,3721,7438,2056,2099,3621,5027,2283,5417,98751,60460,8447,763,52486,2,0,3,4
2021-03-16T23:59:59+01:00,7,5,3571,4116,6012,8540,6444,12597,7846,18456,9582,16250,5142,5062,12739,15890,7473,13077,1402,1369,2107,3552,2362,6176,3118,9370,3696,7412,2029,2063,3107,4387,1949,4912,96443,58248,7046,759,49317,2,0,3,4
2021-03-15T23:59:59+01:00,7,5,3523,3968,5826,8263,6227,12189,7572,17883,9147,15627,4828,4781,12086,15149,7212,12620,1402,1359,2091,3537,2342,6152,3100,9321,3672,7373,1993,2013,2744,3929,1666,4522,94955,56468,6077,744,45878,2,0,3,4
2021-03-14T23:59:59+01:00,7,5,3477,3837,5599,7934,5940,11745,7264,17166,8688,14875,4513,4509,11797,14894,7167,12521,1395,1353,2075,3508,2329,6103,3082,9263,3655,7336,1986,2002,2666,3822,1614,4437,94836,56072,5471,550,41628,2,0,3,4
2021-03-13T23:59:59+01:00,7,5,3460,3796,5560,7821,5881,11627,7182,17020,8541,14722,4362,4359,11706,14808,7161,12510,1395,1353,2075,3508,2328,6103,3081,9262,3654,7336,1983,1994,2614,3767,1580,4384,94148,55863,5471,550,40906,2,0,3,4
2021-03-12T23:59:59+01:00,7,5,3442,3724,5504,7685,5819,11480,7098,16797,8406,14489,4255,4263,11437,14486,7007,12296,1395,1353,2071,3502,2327,6095,3077,9256,3652,7330,1981,1992,2528,3657,1500,4298,92734,55460,5463,550,40000,2,0,3,4
2021-03-11T23:59:59+01:00,7,5,3364,3530,5295,7387,5589,11061,6761,16130,7975,13852,3921,3930,10369,13231,6359,11395,1390,1350,2061,3489,2307,6070,3055,9222,3628,7297,1953,1968,2294,3396,1351,4080,88568,54390,5048,517,36542,2,0,3,4
2021-03-10T23:59:59+01:00,7,5,3268,3412,5083,7118,5376,10704,6492,15585,7640,13306,3701,3703,9730,12443,5976,10863,1386,1339,2034,3451,2277,5980,3007,9100,3570,7178,1909,1892,2079,3160,1222,3892,86115,53190,4679,282,33615,2,0,3,4
2021-03-09T23:59:59+01:00,6,5,3194,3282,4928,6929,5182,10425,6262,15155,7343,12802,3518,3498,9102,11743,5605,10346,1379,1329,1998,3391,2246,5878,2946,8956,3502,7097,1879,1866,1804,2844,1052,3647,83854,51775,4424,35,31044,2,0,3,4
2021-03-08T23:59:59+01:00,6,5,3128,3122,4703,6664,4944,10072,6003,14646,6982,12214,3319,3306,8715,11301,5408,10034,1376,1310,1984,3313,2215,5782,2907,8810,3469,7005,1864,1844,1603,2614,934,3457,82388,50452,4064,33,28117,0,0,3,4
2021-03-07T23:59:59+01:00,6,5,3096,3063,4629,6552,4860,9959,5898,14483,6866,12069,3269,3264,8631,11197,5370,9967,1370,1305,1977,3301,2207,5755,2901,8771,3457,6986,1856,1832,1548,2546,884,3390,82038,50051,3899,33,27244,0,0,3,4
2021-03-06T23:59:59+01:00,6,5,3082,3005,4585,6462,4826,9896,5840,14369,6818,11960,3245,3241,8575,11132,5336,9924,1368,1292,1972,3287,2195,5728,2898,8744,3446,6967,1848,1808,1521,2522,879,3381,81723,49821,3899,33,26682,0,0,3,4
2021-03-05T23:59:59+01:00,6,5,3058,2912,4527,6353,4763,9798,5778,14218,6718,11809,3201,3186,8390,10903,5217,9752,1359,1259,1942,3232,2170,5621,2856,8610,3402,6830,1805,1763,1458,2451,857,3355,80824,48935,3891,33,25876,0,0,3,4
2021-03-04T23:59:59+01:00,4,5,3005,2717,4368,6114,4546,9487,5572,13799,6407,11420,3025,3010,7380,9612,4599,8844,1339,1209,1904,3109,2139,5438,2810,8333,3347,6598,1733,1674,1422,2402,853,3337,76692,47613,3621,32,23598,0,0,3,4
2021-03-03T23:59:59+01:00,3,5,2966,2644,4227,5924,4382,9219,5369,13421,6153,11000,2903,2879,6738,8850,4209,8243,1327,1171,1877,3038,2117,5327,2778,8154,3294,6440,1664,1630,1381,2332,833,3284,73995,46614,3391,32,21746,0,0,3,3
2021-03-02T23:59:59+01:00,3,5,2905,2555,4043,5708,4176,8946,5172,13045,5885,10625,2758,2722,5973,7888,3747,7540,1294,1128,1850,2966,2093,5188,2729,7882,3245,6242,1593,1570,1317,2254,813,3241,70843,45372,2945,32,19905,0,0,3,3
2021-03-01T23:59:59+01:00,3,4,2865,2492,3877,5557,3989,8726,4984,12723,5646,10237,2659,2608,5485,7237,3394,7035,1288,1092,1826,2865,2066,4996,2688,7633,3186,6007,1550,1534,1269,2195,787,3202,68698,44151,2646,32,18174,0,0,3,3
2021-02-28T23:59:59+01:00,3,4,2824,2442,3719,5438,3768,8536,4801,12473,5460,9932,2603,2536,5363,7081,3332,6934,1284,1087,1822,2852,2057,4972,2681,7597,3176,5990,1542,1527,1264,2187,785,3192,68219,43983,2428,31,16599,0,0,3,3
2021-02-27T23:59:59+01:00,3,3,2809,2377,3693,5358,3734,8466,4767,12383,5425,9859,2562,2502,5033,6694,3136,6683,1277,1079,1815,2840,2044,4937,2662,7532,3160,5934,1524,1518,1258,2176,783,3191,66910,43699,2428,30,16146,0,0,3,3
2021-02-26T23:59:59+01:00,3,3,2789,2336,3653,5273,3668,8364,4706,12271,5339,9772,2485,2449,4657,6214,2866,6360,1218,1029,1765,2731,1995,4757,2608,7258,3088,5726,1464,1467,1235,2155,770,3182,65119,42418,2302,29,15784,0,0,3,3
2021-02-25T23:59:59+01:00,3,3,2615,2227,3471,5092,3486,8141,4502,11985,5120,9499,2398,2384,4211,5667,2579,5941,1202,971,1734,2622,1942,4483,2539,6865,2993,5440,1419,1424,1215,2140,768,3173,63274,40903,1980,26,14067,0,0,3,3
2021-02-24T23:59:59+01:00,3,3,2461,2089,3282,4900,3338,7937,4306,11731,4902,9251,2262,2268,3767,5163,2325,5549,1187,942,1711,2538,1909,4344,2479,6609,2942,5236,1388,1393,1198,2120,764,3154,61534,39894,1511,18,12489,0,0,3,3
2021-02-23T23:59:59+01:00,3,3,2324,1951,3102,4673,3183,7703,4134,11458,4720,9005,2176,2174,3214,4499,1987,5038,1173,894,1680,2443,1870,4152,2411,6310,2846,4976,1332,1339,1170,2077,751,3129,59335,38537,1164,14,10845,0,0,3,3
2021-02-22T23:59:59+01:00,3,3,2284,1900,3018,4580,3113,7595,4041,11272,4613,8880,2126,2133,2850,4038,1702,4652,1162,835,1648,2317,1828,3906,2335,5915,2722,4679,1271,1285,1148,2044,744,3108,57666,36941,1080,4,10054,0,0,3,3
2021-02-21T23:59:59+01:00,3,3,2248,1868,2967,4511,3032,7481,3960,11125,4547,8763,2112,2110,2766,3924,1647,4564,1158,817,1631,2264,1803,3797,2302,5760,2660,4556,1241,1262,1138,2030,737,3095,57235,36245,1047,4,9346,0,0,3,3
2021-02-20T23:59:59+01:00,3,3,2237,1865,2945,4498,3016,7445,3934,11092,4526,8741,2109,2102,2712,3867,1612,4509,1158,814,1631,2262,1802,3788,2301,5755,2659,4552,1240,1259,1137,2027,736,3094,57019,36209,1046,4,9148,0,0,3,3
2021-02-19T23:59:59+01:00,2,3,2225,1852,2909,4446,2991,7357,3889,11010,4472,8678,2101,2096,2624,3754,1532,4416,1106,805,1592,2254,1792,3779,2291,5734,2651,4539,1234,1248,1126,2022,731,3087,56607,35985,1015,4,8732,0,0,3,3
2021-02-18T23:59:59+01:00,2,3,2093,1756,2752,4261,2867,7159,3752,10723,4333,8473,2069,2062,2384,3488,1381,4195,1027,770,1518,2157,1742,3657,2219,5577,2594,4452,1220,1229,1121,2008,722,3069,55551,35076,948,4,7251,0,0,3,3
2021-02-17T23:59:59+01:00,2,3,2049,1707,2661,4128,2758,6945,3599,10382,4192,8231,2011,1979,2167,3259,1257,4008,873,707,1409,2031,1667,3467,2126,5352,2522,4281,1188,1185,1098,1963,707,3029,54491,33600,803,3,6041,0,0,3,3
2021-02-16T23:59:59+01:00,2,3,1876,1594,2486,3921,2619,6670,3438,10029,4016,7924,1967,1952,1893,2941,1088,3756,846,685,1337,1956,1598,3325,2034,5180,2430,4151,1131,1139,1047,1877,677,2937,53166,32346,767,2,4239,0,0,3,3
2021-02-15T23:59:59+01:00,2,3,1841,1538,2398,3752,2541,6397,3315,9662,3902,7656,1941,1924,1678,2705,967,3571,828,672,1308,1910,1557,3257,1979,5009,2368,4052,1077,1100,992,1788,660,2846,52077,31400,754,1,2959,0,0,3,3
2021-02-14T23:59:59+01:00,2,3,1752,1507,2353,3691,2499,6306,3245,9558,3856,7578,1930,1914,1620,2645,917,3512,813,662,1291,1885,1530,3234,1945,4968,2342,3996,1067,1091,985,1778,657,2834,51742,31075,725,1,2418,0,0,3,3
2021-02-13T23:59:59+01:00,2,3,1751,1495,2343,3684,2493,6292,3241,9542,3849,7568,1921,1894,1597,2625,914,3502,813,662,1291,1885,1530,3234,1945,4968,2342,3996,1067,1091,985,1778,657,2834,51587,31075,725,1,2401,0,0,3,3
2021-02-12T23:59:59+01:00,2,3,1672,1409,2244,3572,2414,6118,3137,9304,3725,7305,1875,1837,1534,2553,891,3475,806,655,1279,1863,1516,3215,1937,4937,2326,3976,1062,1086,984,1759,657,2804,50651,30860,725,0,1691,0,0,3,3
2021-02-11T23:59:59+01:00,2,3,1469,1271,2061,3357,2285,5826,2985,8872,3566,6959,1803,1735,1492,2492,877,3453,777,604,1184,1683,1390,2941,1798,4578,2160,3686,1011,1023,941,1687,624,2673,49258,28760,684,0,563,0,0,3,1
2021-02-10T23:59:59+01:00,2,3,1373,1222,1973,3231,2216,5652,2903,8593,3455,6729,1732,1687,1448,2425,861,3396,564,520,962,1458,1252,2633,1614,4116,1957,3308,894,896,820,1436,545,2358,48092,25333,644,0,162,0,0,3,1
2021-02-09T23:59:59+01:00,2,3,1337,1172,1936,3139,2189,5471,2836,8251,3385,6470,1659,1625,1387,2365,844,3359,301,384,744,1196,1065,2259,1405,3579,1712,2855,729,734,653,1149,436,1912,46832,21113,515,0,81,0,0,2,1
2021-02-08T23:59:59+01:00,2,3,1330,1137,1904,3020,2151,5249,2784,7971,3326,6234,1618,1591,1342,2310,828,3339,265,343,642,1041,959,2041,1247,3187,1514,2538,630,616,554,969,379,1662,45712,18587,345,0,80,0,0,2,1
2021-02-07T23:59:59+01:00,2,3,1303,1121,1875,2968,2126,5167,2754,7868,3285,6169,1603,1576,1327,2291,817,3324,231,287,594,952,899,1886,1156,2961,1416,2367,590,597,534,937,369,1633,45433,17410,144,0,0,0,0,2,0
2021-02-06T23:59:59+01:00,2,3,1298,1115,1869,2956,2117,5139,2741,7824,3274,6124,1590,1568,1322,2281,814,3323,212,253,572,916,871,1820,1114,2844,1359,2286,574,579,527,937,369,1633,45214,16867,144,0,0,0,0,2,0
2021-02-05T23:59:59+01:00,2,3,1237,1063,1820,2845,2065,4943,2682,7528,3197,5908,1527,1515,1305,2258,806,3317,196,223,537,869,837,1740,1076,2727,1306,2187,540,555,516,913,359,1608,43875,16190,144,0,0,0,0,2,0
2021-02-04T23:59:59+01:00,2,3,1225,999,1779,2696,1995,4631,2599,7083,3097,5581,1482,1482,1288,2242,802,3309,168,169,464,752,738,1602,965,2490,1195,1974,494,503,473,859,342,1495,42258,14684,36,0,0,0,0,1,0
2021-02-03T23:59:59+01:00,2,3,1207,970,1749,2616,1956,4484,2532,6821,3045,5366,1446,1450,1259,2207,784,3280,138,140,390,640,622,1365,819,2116,1002,1683,376,368,341,646,240,1134,41140,12021,36,0,0,0,0,1,0
2021-02-02T23:59:59+01:00,2,3,1189,914,1716,2516,1914,4262,2459,6489,2939,5094,1393,1404,1236,2177,775,3256,117,116,315,520,519,1130,674,1786,812,1374,278,268,263,472,188,850,39701,9683,36,0,0,0,0,1,0
2021-02-01T23:59:59+01:00,1,3,1176,854,1681,2391,1864,4017,2382,6097,2819,4798,1326,1325,1206,2131,764,3231,84,76,215,349,346,738,427,1151,478,857,173,164,152,279,100,497,38029,6086,36,0,0,0,0,1,0
2021-01-31T23:59:59+01:00,1,3,1171,836,1664,2334,1840,3894,2350,5914,2752,4679,1295,1302,1195,2116,757,3219,73,70,182,279,270,573,338,899,398,690,147,149,144,271,96,483,37288,5062,33,0,0,0,0,1,0
2021-01-30T23:59:59+01:00,1,3,1171,833,1663,2329,1838,3883,2348,5903,2749,4669,1294,1298,1194,2115,757,3218,70,63,150,232,242,505,303,781,355,615,146,142,139,267,96,482,37233,4588,32,0,0,0,0,1,0
2021-01-29T23:59:59+01:00,1,3,1118,824,1624,2322,1827,3876,2340,5889,2741,4658,1290,1295,1190,2115,757,3218,62,45,113,177,198,351,247,632,311,487,135,133,127,256,93,482,37057,3849,30,0,0,0,0,1,0
2021-01-28T23:59:59+01:00,1,3,1043,799,1566,2261,1794,3807,2293,5818,2708,4604,1278,1283,1183,2109,748,3204,40,20,71,105,129,205,152,376,203,290,103,101,102,206,83,435,36474,2621,27,0,0,0,0,1,0
2021-01-27T23:59:59+01:00,1,3,893,748,1475,2185,1727,3692,2222,5688,2650,4480,1250,1240,1159,2070,736,3172,29,12,61,86,104,161,120,320,176,245,95,84,91,187,79,404,35372,2254,18,0,0,0,0,1,0
2021-01-26T23:59:59+01:00,1,3,879,729,1410,2111,1664,3562,2136,5516,2562,4369,1194,1200,1113,1999,712,3123,28,11,58,83,100,155,116,305,175,236,93,79,84,166,68,358,34270,2115,12,0,0,0,0,1,0
2021-01-25T23:59:59+01:00,1,3,866,708,1378,2051,1633,3465,2091,5350,2505,4279,1143,1175,1066,1942,694,3064,26,11,55,83,97,153,115,303,174,236,92,78,83,165,66,355,33410,2092,3,0,0,0,0,1,0
2021-01-24T23:59:59+01:00,1,3,863,707,1372,2040,1628,3448,2083,5324,2494,4247,1139,1168,1061,1935,693,3059,26,11,55,83,96,152,115,303,174,235,92,78,83,165,66,355,33261,2089,3,0,0,0,0,1,0
2021-01-23T23:59:59+01:00,1,3,863,707,1372,2040,1628,3448,2083,5324,2494,4247,1139,1168,1061,1935,693,3059,26,11,55,83,96,152,115,303,173,235,92,78,83,165,66,355,33261,2088,3,0,0,0,0,1,0
2021-01-22T23:59:59+01:00,1,3,862,697,1358,2018,1612,3424,2070,5290,2478,4227,1137,1163,1061,1912,692,3026,26,11,55,83,96,152,115,303,172,235,92,78,83,165,66,355,33027,2087,3,0,0,0,0,1,0
2021-01-21T23:59:59+01:00,1,3,831,660,1280,1863,1512,3234,1974,5018,2367,4029,1099,1105,1034,1847,662,2921,24,10,51,78,88,144,105,274,158,212,79,70,74,145,54,302,31436,1868,3,0,0,0,0,1,0
2021-01-20T23:59:59+01:00,1,3,628,561,1086,1644,1378,2960,1798,4613,2163,3690,974,988,916,1619,598,2652,22,10,50,74,85,143,97,261,147,193,69,64,69,123,45,270,28268,1722,3,0,0,0,0,1,0
2021-01-19T23:59:59+01:00,1,3,341,415,834,1387,1177,2619,1563,4085,1904,3240,807,820,753,1346,501,2247,18,7,35,52,56,76,71,174,103,130,52,49,48,92,34,209,24040,1206,2,0,0,0,0,1,0
2021-01-18T23:59:59+01:00,1,3,299,375,722,1199,1056,2365,1371,3588,1666,2861,681,671,608,1102,427,1863,7,3,11,17,19,27,23,50,25,46,12,11,13,33,7,61,20856,365,1,0,0,0,0,1,0
2021-01-17T23:59:59+01:00,1,3,258,320,656,1105,978,2194,1273,3315,1551,2650,636,642,581,1046,406,1805,0,0,1,0,3,2,2,1,2,2,1,4,1,0,0,1,19419,20,1,0,0,0,0,0,0
2021-01-16T23:59:59+01:00,1,3,241,288,640,1072,954,2132,1233,3205,1500,2577,620,625,573,1046,406,1804,0,0,0,0,1,2,1,1,1,2,0,1,1,0,0,1,18919,11,1,0,0,0,0,0,0
2021-01-15T23:59:59+01:00,1,3,226,255,611,1024,927,2054,1199,3090,1448,2481,589,599,566,1025,399,1792,0,0,0,0,0,0,0,0,0,0,0,0,0,0,0,0,18289,0,0,0,0,0,0,0,0
2021-01-14T23:59:59+01:00,1,2,196,203,551,902,838,1911,1106,2869,1333,2298,545,556,528,981,393,1750,0,0,0,0,0,0,0,0,0,0,0,0,0,0,0,0,16963,0,0,0,0,0,0,0,0
2021-01-13T23:59:59+01:00,1,2,165,185,502,833,766,1785,1008,2636,1180,2074,432,439,402,776,296,1353,0,0,0,0,0,0,0,0,0,0,0,0,0,0,0,0,14835,0,0,0,0,0,0,0,0
2021-01-12T23:59:59+01:00,1,2,143,164,471,764,716,1630,918,2433,1073,1842,343,331,311,556,214,965,0,0,0,0,0,0,0,0,0,0,0,0,0,0,0,0,12877,0,0,0,0,0,0,0,0
2021-01-11T23:59:59+01:00,0,1,114,127,395,634,626,1377,754,1975,847,1456,211,193,172,329,116,568,0,0,0,0,0,0,0,0,0,0,0,0,0,0,0,0,9895,0,0,0,0,0,0,0,0
2021-01-10T23:59:59+01:00,0,1,88,92,305,458,471,997,547,1448,623,1060,174,170,161,316,111,555,0,0,0,0,0,0,0,0,0,0,0,0,0,0,0,0,7577,0,0,0,0,0,0,0,0
2021-01-09T23:59:59+01:00,0,1,78,84,259,395,401,865,480,1231,547,902,168,160,156,311,111,553,0,0,0,0,0,0,0,0,0,0,0,0,0,0,0,0,6702,0,0,0,0,0,0,0,0
2021-01-08T23:59:59+01:00,0,1,65,64,186,287,304,585,365,933,441,683,160,155,140,299,109,553,0,0,0,0,0,0,0,0,0,0,0,0,0,0,0,0,5330,0,0,0,0,0,0,0,0
2021-01-07T23:59:59+01:00,0,0,46,24,78,121,138,231,163,418,223,339,115,120,122,251,98,504,0,0,0,0,0,0,0,0,0,0,0,0,0,0,0,0,2991,0,0,0,0,0,0,0,0
2021-01-06T23:59:59+01:00,0,0,32,17,69,92,117,181,135,341,194,275,96,92,96,205,83,429,0,0,0,0,0,0,0,0,0,0,0,0,0,0,0,0,2454,0,0,0,0,0,0,0,0
2021-01-05T23:59:59+01:00,0,0,29,12,59,87,107,167,120,327,180,252,95,88,95,198,81,411,0,0,0,0,0,0,0,0,0,0,0,0,0,0,0,0,2308,0,0,0,0,0,0,0,0
2021-01-04T23:59:59+01:00,0,0,26,11,56,84,99,158,115,312,178,240,94,85,88,184,71,380,0,0,0,0,0,0,0,0,0,0,0,0,0,0,0,0,2181,0,0,0,0,0,0,0,0
2021-01-03T23:59:59+01:00,0,0,26,11,56,84,99,158,115,312,178,240,94,85,87,183,71,380,0,0,0,0,0,0,0,0,0,0,0,0,0,0,0,0,2179,0,0,0,0,0,0,0,0
2021-01-02T23:59:59+01:00,0,0,26,11,56,84,99,158,115,312,177,240,94,85,87,183,71,380,0,0,0,0,0,0,0,0,0,0,0,0,0,0,0,0,2178,0,0,0,0,0,0,0,0
2021-01-01T23:59:59+01:00,0,0,26,11,56,84,99,158,115,312,175,239,94,85,87,183,71,380,0,0,0,0,0,0,0,0,0,0,0,0,0,0,0,0,2175,0,0,0,0,0,0,0,0
2020-12-31T23:59:59+01:00,0,0,26,11,56,84,99,158,115,312,175,239,94,85,87,183,71,380,0,0,0,0,0,0,0,0,0,0,0,0,0,0,0,0,2175,0,0,0,0,0,0,0,0
2020-12-30T23:59:59+01:00,0,0,25,11,56,83,98,155,115,311,175,239,94,85,87,183,71,380,0,0,0,0,0,0,0,0,0,0,0,0,0,0,0,0,2168,0,0,0,0,0,0,0,0
2020-12-29T23:59:59+01:00,0,0,18,8,41,59,75,91,85,216,128,187,72,73,65,151,56,304,0,0,0,0,0,0,0,0,0,0,0,0,0,0,0,0,1629,0,0,0,0,0,0,0,0
2020-12-28T23:59:59+01:00,0,0,8,5,17,28,31,45,40,111,53,100,30,40,37,91,29,175,0,0,0,0,0,0,0,0,0,0,0,0,0,0,0,0,840,0,0,0,0,0,0,0,0
2020-12-27T23:59:59+01:00,0,0,2,2,4,5,7,11,10,24,6,22,5,7,6,25,3,48,0,0,0,0,0,0,0,0,0,0,0,0,0,0,0,0,187,0,0,0,0,0,0,0,0
