Datum,<15_m,<15_w,15-24_1_m,15-24_1_w,25-34_1_m,25-34_1_w,35-44_1_m,35-44_1_w,45-54_1_m,45-54_1_w,55-64_1_m,55-64_1_w,65-74_1_m,65-74_1_w,75-84_1_m,75-84_1_w,>84_1_m,>84_1_w,<24_2_m,<24_2_w,25-34_2_m,25-34_2_w,35-44_2_m,35-44_2_w,45-54_2_m,45-54_2_w,55-64_2_m,55-64_2_w,65-74_2_m,65-74_2_w,75-84_2_m,75-84_2_w,>84_2_m,>84_2_w,bp_1,bp_2,mo_1,mo_2,az_1,az_2,ja,unb_1,unb_2
2021-08-04T23:59:59+02:00,6683,6099,51725,48792,59533,55045,69177,69914,90532,92871,102683,102206,71427,77824,50419,61861,14146,24406,40402,38227,52418,47577,63006,63521,84171,86179,96020,95783,68529,74587,48745,59680,13719,23472,773499,694853,68777,65979,181394,169858,31654,19,39
2021-08-03T23:59:59+02:00,6611,6045,51560,48656,59417,54924,69089,69828,90438,92776,102593,102125,71376,77789,50400,61839,14138,24395,39420,37277,51635,46907,62470,63011,83663,85705,95322,95157,68292,74376,48656,59569,13698,23433,772489,688686,68768,65961,181387,168693,31336,19,39
2021-08-02T23:59:59+02:00,6561,6002,51429,48520,59329,54847,69009,69761,90386,92708,102520,102065,71340,77748,50381,61818,14131,24382,38150,36106,50674,46108,61767,62444,83063,85145,94528,94462,68042,74123,48571,59438,13679,23395,771809,681104,68720,65923,181360,167382,31029,19,39
2021-08-01T23:59:59+02:00,6519,5950,51259,48362,59188,54739,68917,69649,90283,92618,102435,101976,71301,77711,50360,61777,14127,24366,37971,35973,50528,46019,61642,62353,82888,85009,94082,94063,67927,74015,48534,59389,13669,23375,770774,680485,68692,65868,181342,166075,30710,19,39
2021-07-31T23:59:59+02:00,6476,5917,51164,48243,59133,54669,68869,69607,90243,92589,102409,101952,71290,77699,50352,61774,14127,24363,36373,34476,49631,45161,61108,61793,82385,84498,93602,93635,67738,73812,48457,59294,13652,23343,770172,671403,68688,65862,181342,165960,30655,19,39
2021-07-30T23:59:59+02:00,6441,5864,51021,48117,59063,54590,68809,69555,90185,92518,102365,101919,71274,77680,50346,61755,14124,24360,34918,33077,48669,44218,60396,61115,81719,83893,92935,93069,67512,73585,48356,59148,13633,23313,769418,661926,68664,65851,181336,165660,30549,19,39
2021-07-29T23:59:59+02:00,6326,5744,50590,47751,58851,54322,68618,69365,89996,92334,102206,101783,71198,77599,50314,61700,14109,24342,34195,32465,48052,43777,59999,60774,81297,83546,92179,92399,67319,73431,48294,59065,13613,23284,767114,658127,68611,65717,181294,164030,30110,19,39
2021-07-28T23:59:59+02:00,6255,5681,50335,47555,58720,54174,68497,69272,89873,92213,102101,101690,71141,77542,50290,61662,14100,24325,33870,32173,47743,43548,59777,60564,81126,83386,91944,92204,67245,73366,48265,59031,13600,23274,765817,656481,68581,65630,181267,163516,29742,19,39
2021-07-27T23:59:59+02:00,6204,5636,50179,47418,58590,54084,68406,69189,89777,92104,101995,101617,71100,77489,50261,61629,14093,24312,32418,30769,46479,42459,58950,59784,80531,82867,90933,91365,66970,73083,48178,58905,13570,23233,764959,647886,68557,65564,181243,161739,29305,19,39
2021-07-26T23:59:59+02:00,6181,5607,50059,47329,58491,54001,68331,69136,89690,92045,101931,101568,71063,77454,50237,61609,14088,24303,31051,29508,45159,41339,57852,58803,79833,82237,89769,90345,66665,72812,48089,58791,13548,23191,764431,638844,68491,65477,181205,159448,28977,19,39
2021-07-25T23:59:59+02:00,6163,5589,49945,47222,58405,53934,68271,69080,89626,91992,101874,101523,71031,77418,50220,61586,14085,24293,30844,29350,44900,41144,57600,58581,79565,82037,88812,89499,66459,72639,48022,58718,13537,23167,764028,637692,68480,65365,181183,156999,28547,19,39
2021-07-24T23:59:59+02:00,6132,5562,49832,47134,58344,53874,68226,69028,89581,91952,101837,101484,71027,77412,50217,61583,14084,24290,29236,27753,43745,40057,56906,57872,78951,81468,88174,88936,66281,72447,47951,58617,13523,23144,763457,627628,68472,65355,181180,156860,28471,19,39
2021-07-23T23:59:59+02:00,6048,5475,49655,46961,58251,53771,68119,68927,89477,91851,101747,101392,70991,77356,50197,61552,14080,24284,27543,26223,42490,38979,55983,56990,78266,80857,87469,88276,66010,72175,47873,58517,13502,23114,762099,617108,68468,65195,181161,156393,28387,19,39
2021-07-22T23:59:59+02:00,5910,5361,49361,46680,58053,53574,67948,68761,89295,91700,101595,101261,70926,77275,50157,61500,14069,24265,26724,25393,41571,38170,55044,56166,77526,80232,85802,86778,65639,71776,47766,58385,13471,23062,760191,608634,68426,64701,181130,154923,27925,19,39
2021-07-21T23:59:59+02:00,5635,5079,48826,46155,57746,53262,67718,68488,89021,91453,101327,100995,70800,77144,50099,61436,14060,24240,26470,25172,41152,37891,54610,55784,77160,79952,84998,86173,65473,71647,47711,58319,13453,23037,756602,606685,68402,64433,181109,153152,27352,19,39
2021-07-20T23:59:59+02:00,5558,5006,48545,45879,57577,53058,67546,68344,88844,91302,101165,100851,70726,77079,50060,61390,14051,24215,25309,24025,39861,36861,53281,54587,76262,79184,83646,84835,65174,71305,47606,58182,13425,22992,754942,596347,68397,64289,181068,151576,26770,19,39
2021-07-19T23:59:59+02:00,5480,4922,48219,45553,57362,52849,67381,68144,88659,91128,101018,100691,70650,76998,50020,61340,14042,24186,24481,23189,38563,35744,51554,53093,75005,78142,82540,83856,64887,71050,47515,58064,13401,22953,753158,586364,68389,64146,181041,149798,26035,19,39
2021-07-18T23:59:59+02:00,5473,4921,48155,45502,57275,52778,67319,68079,88579,91066,100949,100626,70618,76957,49994,61307,14040,24174,24347,23086,38305,35534,51231,52813,74763,77952,81645,83097,64702,70873,47459,57991,13396,22931,752906,585323,68366,63987,181002,147582,25519,19,39
2021-07-17T23:59:59+02:00,5448,4885,48061,45428,57206,52716,67259,68025,88524,91008,100906,100607,70611,76942,49989,61303,14040,24173,22955,21617,36912,34238,49986,51626,74166,77401,81014,82503,64574,70725,47393,57930,13387,22911,752373,574458,68364,63963,180999,147445,25376,19,39
2021-07-16T23:59:59+02:00,5346,4808,47821,45198,57084,52611,67144,67914,88387,90914,100803,100506,70568,76894,49968,61284,14034,24166,21696,20368,35612,32992,48536,50307,73164,76473,80314,81847,64355,70505,47313,57832,13368,22878,750951,562832,68364,63904,180993,147243,25123,19,39
2021-07-15T23:59:59+02:00,5208,4681,47428,44881,56879,52414,66955,67733,88176,90718,100618,100339,70471,76793,49921,61210,14024,24137,21093,19867,34689,32300,47309,49374,71998,75567,78170,79725,63760,69914,47171,57657,13349,22816,748924,553566,68348,62884,180948,145405,24347,19,39
2021-07-14T23:59:59+02:00,4836,4355,46839,44309,56650,52150,66754,67532,87965,90478,100403,100143,70364,76685,49856,61128,14013,24113,20891,19722,34436,32148,46945,49077,71472,75182,77506,79194,63440,69639,47090,57573,13328,22781,745498,551801,68334,62703,180897,143508,23825,19,39
2021-07-13T23:59:59+02:00,4749,4278,46645,44157,56491,52006,66594,67389,87815,90357,100267,100026,70293,76624,49819,61084,14009,24098,20337,19193,33418,31347,45344,47627,69728,73535,75913,77650,63066,69250,46962,57405,13299,22730,744202,540981,68320,61940,180830,141899,23330,19,39
2021-07-12T23:59:59+02:00,4685,4202,46463,43966,56341,51867,66441,67265,87643,90220,100115,99891,70218,76542,49782,61033,14002,24080,19861,18759,32631,30724,43685,46178,67364,71462,74027,76153,62537,68666,46820,57243,13271,22681,742957,529911,68299,61383,180739,139328,22743,18,39
2021-07-11T23:59:59+02:00,4680,4198,46391,43915,56284,51817,66393,67231,87584,90171,100044,99832,70181,76500,49772,61018,14000,24066,19656,18612,32293,30478,43244,45806,66908,71106,73252,75459,62140,68290,46750,57155,13256,22648,742822,528150,68292,61062,180676,136863,22269,18,39
2021-07-10T23:59:59+02:00,4553,4062,46107,43606,56099,51624,66247,67058,87453,90034,99946,99727,70125,76442,49752,60992,13997,24057,19098,18057,31346,29613,41502,44226,65436,69835,72621,74844,61976,68141,46697,57103,13249,22634,740738,517570,68288,61046,180665,136819,22172,18,39
2021-07-09T23:59:59+02:00,4426,3948,45834,43353,55931,51435,66092,66901,87303,89874,99816,99624,70075,76370,49716,60951,13992,24045,18502,17484,30375,28655,39542,42298,63141,67715,71461,73705,61705,67819,46622,56977,13232,22609,738716,503882,68277,60664,180659,136413,22016,18,39
2021-07-08T23:59:59+02:00,4396,3923,45701,43245,55813,51318,65965,66800,87184,89753,99697,99526,70024,76317,49696,60914,13981,24032,17564,16679,28980,27619,37828,40857,61011,65900,68116,70566,60821,66850,46381,56637,13187,22514,738010,488667,68223,58603,180590,133837,21444,18,39
2021-07-07T23:59:59+02:00,4385,3918,45634,43202,55739,51275,65884,66761,87130,89715,99654,99475,70008,76295,49687,60896,13977,24022,16599,15822,27604,26612,36310,39629,59396,64448,64908,67107,59809,65813,46145,56318,13137,22441,737729,473409,68180,56706,180537,131700,21193,18,39
2021-07-06T23:59:59+02:00,4331,3871,45491,43079,55612,51135,65781,66654,87027,89628,99577,99392,69970,76237,49669,60868,13974,24008,15827,15078,26528,25704,34479,37927,56005,61435,62272,64664,59058,65026,45873,55984,13096,22338,736622,455583,68162,55893,180481,129577,21021,18,39
2021-07-05T23:59:59+02:00,4271,3827,45316,42906,55467,51042,65667,66547,86914,89536,99493,99299,69907,76173,49648,60841,13971,23993,15168,14449,25573,24890,33260,36799,52913,58468,59508,62206,58222,64219,45624,55673,13051,22261,735467,439541,68133,55536,180405,127106,20795,18,39
2021-07-04T23:59:59+02:00,4263,3821,45270,42880,55407,51016,65628,66526,86876,89505,99461,99271,69884,76153,49642,60826,13966,23983,14959,14245,25136,24542,32664,36273,52249,57943,58527,61342,57564,63590,45442,55471,13032,22214,735296,435468,68103,55332,180337,124427,20624,18,37
2021-07-03T23:59:59+02:00,4045,3645,44735,42316,55088,50646,65339,66252,86631,89248,99266,99072,69811,76081,49619,60780,13962,23972,14673,13925,24785,24191,31687,35355,50512,56393,57663,60605,57392,63395,45375,55386,13020,22189,731507,426904,68088,55318,180332,124385,20563,18,37
2021-07-02T23:59:59+02:00,3737,3359,44084,41725,54763,50316,65059,65954,86363,89001,99031,98849,69707,75969,49567,60711,13956,23955,14259,13487,24089,23600,30538,34304,47899,54246,55539,58823,57000,62971,45217,55231,13004,22151,727193,414506,68072,54273,180319,123655,20505,17,15
2021-07-01T23:59:59+02:00,3599,3250,43732,41373,54562,50147,64905,65795,86215,88866,98881,98733,69640,75901,49537,60678,13948,23940,13569,12793,22799,22517,28869,32789,45895,52503,53048,56553,55582,61406,44722,54615,12931,22023,725087,400997,68012,51965,180271,119838,20315,17,15
2021-06-30T23:59:59+02:00,3588,3234,43463,41178,54381,50022,64793,65708,86129,88804,98813,98684,69613,75878,49525,60656,13944,23931,12813,12174,21631,21611,27280,31417,44055,50779,49420,52605,54255,60078,44366,54175,12875,21895,723976,385220,67968,50075,180252,116403,20131,17,15
2021-06-29T23:59:59+02:00,3371,3014,42549,40337,53779,49431,64364,65284,85723,88352,98467,98357,69486,75729,49468,60586,13925,23900,12214,11570,20834,20848,25937,30217,41437,48381,47557,51065,53287,58971,43959,53639,12781,21742,718014,373230,67916,48568,180238,113023,19937,17,15
2021-06-28T23:59:59+02:00,3154,2835,41587,39331,53123,48789,63908,64904,85340,87965,98136,98015,69350,75569,49403,60486,13907,23877,11713,11122,20184,20259,24979,29322,39348,46442,45935,49707,52183,57929,43597,53135,12702,21622,711871,363772,67811,47549,180229,109351,19751,17,15
2021-06-27T23:59:59+02:00,3149,2832,41554,39300,53081,48758,63873,64872,85287,87930,98086,97988,69333,75558,49394,60472,13902,23874,11520,10930,19862,19942,24404,28767,38328,45599,44780,48616,51159,56924,43164,52630,12620,21486,711679,359209,67787,47110,180193,105054,19567,17,15
2021-06-26T23:59:59+02:00,2668,2359,40155,37929,52347,48009,63319,64309,84801,87415,97664,97556,69142,75382,49321,60367,13883,23851,11406,10831,19693,19792,24209,28552,37855,45163,44416,48269,51046,56781,43118,52583,12615,21471,702946,356292,67764,47104,180193,105036,19557,17,15
2021-06-25T23:59:59+02:00,2264,2026,39300,37110,51997,47649,62990,63985,84522,87104,97413,97290,69039,75269,49275,60307,13868,23829,11102,10521,19311,19369,23690,27937,35163,42868,42238,46357,50709,56403,43019,52454,12591,21441,697878,344745,67631,46659,180187,104393,19524,17,15
2021-06-24T23:59:59+02:00,2210,1976,38811,36653,51649,47319,62778,63783,84292,86913,97229,97139,68958,75205,49240,60262,13862,23813,10502,9937,18251,18501,22272,26691,33064,41035,39809,44067,49232,54765,42450,51755,12474,21238,694961,331907,67610,44057,180165,100853,19339,17,15
2021-06-23T23:59:59+02:00,2198,1953,38587,36419,51487,47158,62674,63681,84198,86821,97157,97055,68927,75174,49223,60240,13859,23803,10048,9508,17624,17955,21340,25845,31139,39418,35855,39625,47942,53406,42065,51251,12393,21072,693763,316455,67583,43438,180151,97553,19100,17,15
2021-06-22T23:59:59+02:00,2121,1891,37601,35479,50743,46486,62197,63242,83827,86417,96794,96744,68780,75035,49157,60160,13846,23770,9576,9064,16761,17272,20123,24776,28022,36649,33555,37757,46990,52439,41657,50694,12253,20838,687646,304319,67543,40702,180142,94487,18942,17,15
2021-06-21T23:59:59+02:00,1975,1752,36241,34242,49724,45611,61479,62585,83332,85946,96356,96342,68610,74864,49093,60065,13834,23736,9264,8771,16302,16911,19496,24292,26284,35096,32029,36469,45944,51363,41204,50147,12148,20647,679672,297018,67520,40063,180126,90847,18452,17,15
2021-06-20T23:59:59+02:00,1964,1744,36157,34189,49587,45499,61348,62458,83255,85890,96289,96284,68576,74836,49078,60047,13834,23725,9117,8669,16088,16742,19178,24034,25467,34441,31093,35524,45749,51161,41173,50095,12139,20627,679068,293234,67485,39475,180109,90518,18081,17,15
2021-06-19T23:59:59+02:00,1598,1445,34539,32636,48679,44680,60859,61951,82786,85412,95881,95931,68426,74672,49013,59966,13819,23701,9075,8590,15988,16621,19060,23884,25362,34283,30966,35386,45654,51064,41155,50070,12135,20617,670341,291896,67472,39472,180103,90485,18061,17,14
2021-06-18T23:59:59+02:00,1403,1272,32885,31042,47466,43487,59923,61039,81985,84667,95264,95354,68208,74452,48924,59827,13803,23671,9000,8502,15831,16470,18876,23695,25113,34046,30681,35068,45363,50720,41069,49994,12122,20603,659194,289730,67347,39356,180102,90059,18012,17,14
2021-06-17T23:59:59+02:00,1327,1213,31952,30197,46595,42783,59120,60195,81247,84020,94856,94975,68070,74308,48882,59751,13788,23642,8463,8134,15146,15913,18053,22874,24011,32924,29203,33717,44041,49219,40584,49384,12003,20415,652265,280814,67236,38534,180069,87406,17334,17,14
2021-06-16T23:59:59+02:00,1244,1149,31257,29495,45799,42036,58202,59325,80472,83254,94438,94599,67933,74148,48825,59660,13769,23616,7972,7812,14533,15404,17289,22154,22881,31976,28032,32616,42157,47115,40042,48808,11895,20230,645212,271152,67121,37935,180053,85015,16818,17,14
2021-06-15T23:59:59+02:00,1102,1031,29370,27694,44048,40499,56620,57687,79086,81940,93685,93932,67646,73857,48715,59502,13736,23551,7795,7681,14233,15166,16928,21856,22366,31601,27509,32194,41222,46102,39662,48389,11772,20010,630253,268114,67078,37432,180018,82607,16335,17,14
2021-06-14T23:59:59+02:00,1010,918,27823,26216,42441,38983,54964,56039,77990,80835,92990,93306,67394,73617,48619,59379,13716,23507,7610,7507,13857,14836,16407,21420,21681,31022,26838,31602,40842,45682,39280,47941,11641,19805,617014,265470,67024,37023,179990,79776,15702,17,14
2021-06-13T23:59:59+02:00,986,893,27621,26034,42060,38654,54426,55520,77644,80532,92797,93116,67304,73537,48582,59323,13701,23482,7468,7337,13591,14544,16025,21029,21255,30534,26309,31104,40445,45280,38822,47377,11462,19520,614319,263400,66891,36957,179960,76720,15025,17,14
2021-06-12T23:59:59+02:00,857,778,26086,24429,40889,37569,53753,54785,77112,80038,92246,92592,67149,73359,48513,59246,13688,23461,7422,7286,13470,14435,15892,20920,21071,30387,26193,31008,40428,45264,38814,47367,11462,19519,604728,262626,66888,36955,179953,76393,14964,17,14
2021-06-11T23:59:59+02:00,743,669,24459,22894,39530,36377,52527,53579,76143,79186,91668,92017,66914,73125,48452,59138,13669,23426,7364,7197,13300,14254,15682,20729,20802,30132,25927,30754,40120,44888,38730,47253,11445,19491,592936,260751,66811,36810,179945,75700,14807,17,14
2021-06-10T23:59:59+02:00,643,582,23465,21880,38309,35195,50930,52081,74824,77996,90060,90476,66560,72731,48326,58966,13643,23372,7084,6973,12782,13819,15055,20164,20043,29382,25137,30082,39423,44028,38380,46839,11333,19308,580043,257325,66337,36778,179895,71982,13747,17,14
2021-06-09T23:59:59+02:00,573,533,23016,21489,37652,34674,49819,51044,73586,76802,89469,89972,66435,72588,48276,58881,13628,23342,6811,6662,12183,13217,14276,19359,19131,28364,24159,28928,36864,41131,37815,46196,11185,19068,572894,247062,65881,36704,179853,68450,13134,17,13
2021-06-08T23:59:59+02:00,467,422,21501,20013,36040,33309,47713,49088,71451,74869,88001,88496,66122,72202,48143,58722,13596,23298,6681,6484,11809,12853,13800,18876,18530,27765,23606,28397,36582,40878,37526,45830,11077,18912,555532,245428,65607,36629,179823,65076,12474,17,13
2021-06-07T23:59:59+02:00,352,329,20495,19027,34493,31969,45437,47064,69317,72992,87025,87645,65900,71938,48069,58586,13576,23263,6529,6321,11390,12506,13264,18400,17803,27179,22976,27802,36262,40573,37108,45350,10964,18716,540327,243453,65437,36565,179768,61198,11928,17,13
2021-06-06T23:59:59+02:00,329,308,20313,18882,34100,31687,44832,46500,68703,72512,86816,87477,65844,71879,48058,58559,13569,23251,6396,6152,11069,12094,12836,17830,17166,26370,22280,26999,35795,40102,36628,44798,10808,18448,537229,241020,65115,36517,179725,56702,11533,17,13
2021-06-05T23:59:59+02:00,257,243,19062,17599,32759,30470,43603,45324,68128,71992,86286,86967,65753,71777,48010,58511,13562,23239,6345,6073,10966,11942,12713,17660,17000,26166,22112,26817,35734,40023,36606,44773,10806,18443,527207,240434,65115,36103,179690,56130,11513,17,13
2021-06-04T23:59:59+02:00,176,174,17863,16444,31441,29175,42047,43828,66785,70675,85475,86216,65566,71563,47934,58421,13546,23211,6243,5931,10793,11736,12499,17409,16647,25783,21593,26380,34851,39177,36292,44474,10789,18420,514348,238617,65048,35779,179685,53179,11442,17,13
2021-06-03T23:59:59+02:00,121,121,17224,15869,30457,28350,40591,42543,65016,69145,83223,83934,65142,71111,47806,58259,13528,23173,6072,5724,10489,11385,12184,16951,16202,25127,21050,25801,34186,38389,36118,44272,10756,18370,500576,236307,64355,35396,179643,50351,11022,17,13
2021-06-02T23:59:59+02:00,92,78,16884,15561,30150,28091,39924,41922,63429,67757,82284,83135,65001,70948,47746,58176,13525,23158,5954,5629,10319,11232,11962,16740,15908,24824,20711,25409,30954,34776,35893,44049,10727,18316,493087,227646,64354,35070,179642,49923,10761,17,13
2021-06-01T23:59:59+02:00,38,43,16095,14890,28661,27005,37577,39868,59877,64582,79859,80821,64651,70583,47618,57990,13492,23103,5678,5342,9804,10800,11429,16147,15245,24036,19975,24657,30609,34479,35694,43870,10699,18254,474809,226165,62801,34571,179575,46429,9551,17,12
2021-05-31T23:59:59+02:00,30,35,15525,14413,27727,26310,35613,38202,56441,61557,77829,79117,64317,70227,47475,57815,13459,23050,5516,5127,9396,10438,11002,15671,14712,23356,19350,23951,30323,34229,35512,43676,10663,18197,459039,225499,62090,34186,179508,42943,8488,17,12
2021-05-30T23:59:59+02:00,29,32,15379,14287,27448,26084,35161,37796,55730,60939,77508,78843,64257,70169,47450,57780,13455,23040,5413,4936,9069,10071,10593,15187,14265,22558,18825,23182,29647,33516,35286,43482,10641,18136,456070,225053,61657,34106,179462,37464,8181,17,12
2021-05-29T23:59:59+02:00,27,31,14982,13889,26595,25264,33401,36202,54251,59645,76919,78276,64106,70021,47397,57727,13448,23026,5379,4860,9007,9960,10504,15074,14159,22413,18695,23046,29617,33493,35280,43474,10640,18133,445931,224584,61626,34106,179457,36865,8176,17,12
2021-05-28T23:59:59+02:00,23,30,14571,13483,25776,24516,31550,34437,52080,57641,75864,77281,63901,69772,47345,57650,13438,23003,5294,4743,8834,9814,10353,14906,14001,22181,18488,22744,29548,33447,35263,43458,10639,18129,433953,223932,61156,34100,179369,35941,7866,17,12
2021-05-27T23:59:59+02:00,19,26,13946,13013,24712,23794,30305,33511,50475,56268,72770,74302,63463,69235,47210,57488,13414,22949,5180,4503,8506,9479,9955,14481,13563,21551,17990,22149,29329,33243,35154,43346,10617,18101,421814,223307,59203,34029,178745,32687,7121,17,12
2021-05-26T23:59:59+02:00,18,24,13457,12583,23801,23144,29390,32817,49387,55343,69814,71114,62851,68626,47075,57318,13384,22903,5094,4338,8251,9165,9659,14094,13208,20952,17555,21552,29138,33076,35056,43242,10591,18051,411001,222705,57028,33911,178249,29649,6754,17,12
2021-05-25T23:59:59+02:00,18,21,13114,12283,23224,22740,28342,31963,46792,53113,67551,68989,62500,68259,46962,57169,13367,22852,5014,4217,8044,8909,9405,13724,12895,20432,17177,21007,28981,32925,34973,43140,10565,17996,399170,222177,55963,33830,177630,26915,6479,17,12
2021-05-24T23:59:59+02:00,17,20,12815,12002,22724,22358,27726,31514,44172,50682,65100,66802,62193,67961,46852,57044,13334,22797,4941,4112,7794,8679,9090,13347,12568,19921,16792,20451,28839,32787,34899,43069,10543,17950,387525,221614,55481,33767,176967,24275,6123,17,12
2021-05-23T23:59:59+02:00,17,20,12755,11932,22629,22275,27646,31438,43916,50454,64515,66253,62114,67873,46827,57026,13332,22795,4921,4097,7757,8649,9032,13316,12490,19861,16718,20397,28830,32775,34896,43063,10543,17949,385326,221344,55402,33761,176955,24069,6117,17,12
2021-05-22T23:59:59+02:00,17,20,12531,11693,22308,21972,26643,30550,42083,48872,63661,65515,61953,67682,46761,56935,13322,22772,4905,4042,7730,8587,8992,13253,12460,19779,16690,20333,28820,32765,34892,43057,10542,17948,376841,221260,55391,33761,176950,23680,6091,17,12
2021-05-21T23:59:59+02:00,17,19,12226,11440,21738,21534,25835,29865,39697,46983,61691,63851,61692,67411,46677,56847,13307,22747,4886,4014,7676,8500,8925,13166,12382,19685,16617,20249,28804,32740,34885,43047,10540,17947,366449,221065,54333,33747,176760,23230,6018,17,12
2021-05-20T23:59:59+02:00,16,19,11605,10862,20621,20648,24696,28847,38193,45706,59352,61787,60876,66512,46478,56591,13273,22692,4605,3834,7276,8208,8486,12770,11929,19175,16201,19730,28683,32645,34834,42996,10536,17937,355991,220670,51982,33639,175488,20237,5296,17,12
2021-05-19T23:59:59+02:00,16,19,11166,10549,19834,20103,23851,28253,37294,45023,56128,58158,60186,65809,46369,56457,13251,22645,4452,3668,7021,7964,8209,12440,11602,18748,15832,19307,28586,32532,34792,42922,10526,17922,345563,220193,50370,33526,174355,17995,4806,17,12
2021-05-18T23:59:59+02:00,16,19,10834,10263,19260,19652,23211,27697,35897,43800,54722,57035,59818,65387,46240,56295,13226,22620,4344,3543,6776,7732,7952,12158,11370,18352,15487,18879,28502,32443,34762,42883,10522,17915,340214,219910,48532,33449,172877,15906,4352,17,12
2021-05-17T23:59:59+02:00,15,18,10614,10081,18828,19367,22783,27390,34698,42805,53416,56004,59571,65141,46177,56196,13210,22587,4272,3456,6568,7514,7701,11868,11114,17958,15179,18476,28412,32357,34738,42842,10516,17902,336157,219629,47546,33383,171361,14038,3820,17,12
2021-05-16T23:59:59+02:00,15,17,10424,9949,18534,19166,22448,27151,34062,42347,52179,54835,59377,64977,46141,56142,13199,22567,4204,3380,6350,7349,7409,11615,10848,17606,14886,18113,28348,32295,34722,42824,10509,17898,333730,219388,46670,33322,169739,12270,3374,17,11
2021-05-15T23:59:59+02:00,15,17,10326,9848,18383,19020,22280,27011,33677,41978,51785,54460,59261,64829,46093,56097,13196,22551,4163,3345,6266,7284,7315,11512,10746,17487,14778,17984,28254,32177,34631,42731,10505,17893,331339,218299,46669,33321,169604,12251,3198,17,11
2021-05-14T23:59:59+02:00,14,17,10043,9640,17951,18780,21881,26728,31321,40207,49640,52608,59044,64603,46045,56014,13180,22529,4034,3262,5981,7122,7007,11288,10400,17140,14434,17658,27681,31472,34511,42539,10487,17864,322203,215013,46616,33317,168991,12130,2418,17,11
2021-05-13T23:59:59+02:00,14,17,9581,9263,17158,18217,21009,26050,30202,39225,47400,50436,58198,63632,45836,55731,13141,22457,3530,3064,5644,6868,6695,10981,9993,16752,14059,17226,26786,30278,34089,42026,10456,17802,313716,210435,44753,32765,166973,10937,2110,15,11
2021-05-12T23:59:59+02:00,14,17,9288,9072,16726,17961,20541,25766,29674,38839,44402,46797,57624,62992,45752,55619,13123,22432,3389,2976,5415,6757,6417,10836,9711,16544,13821,16963,26142,29461,33925,41831,10430,17768,304562,207418,43929,32742,166681,10769,1454,13,11
2021-05-11T23:59:59+02:00,14,15,8846,8788,15954,17446,19681,25150,27934,37394,42471,45296,57246,62545,45667,55484,13103,22404,3270,2845,5185,6415,6116,10422,9350,15984,13383,16407,24718,27795,33417,41209,10379,17683,299074,201461,40871,32559,164194,9270,1286,13,10
2021-05-10T23:59:59+02:00,14,14,8584,8635,15442,17196,19052,24835,26943,36712,41014,44151,56987,62273,45588,55381,13082,22375,3161,2717,4954,6184,5860,10098,9022,15508,13021,15989,23672,26467,32932,40623,10344,17625,295809,196820,39964,32533,161520,7850,973,12,8
2021-05-09T23:59:59+02:00,14,14,8427,8551,15134,17013,18677,24586,26275,36287,39233,42494,56691,61995,45535,55323,13074,22357,3041,2663,4774,6047,5691,9925,8826,15303,12853,15815,23398,26135,32788,40448,10334,17610,292861,195628,39592,32492,158516,6831,699,12,8
2021-05-08T23:59:59+02:00,14,14,8353,8476,14957,16868,18468,24389,26049,36049,39002,42305,56564,61846,45499,55286,13071,22347,3034,2645,4741,6011,5648,9879,8749,15239,12767,15745,23030,25709,32506,40137,10326,17594,291312,194442,39139,31789,158395,6829,699,12,8
2021-05-07T23:59:59+02:00,13,13,8179,8379,14634,16688,18087,24157,25628,35764,38554,41927,56291,61494,45450,55240,13066,22337,2730,2511,4391,5826,5379,9618,8437,14929,12376,15349,21938,24339,31862,39308,10298,17544,288803,191003,38712,30296,158069,5230,305,12,8
2021-05-06T23:59:59+02:00,12,13,7526,8017,13740,16090,17036,23312,24291,34655,36407,40266,55164,60175,45208,54935,13031,22271,2603,2398,4218,5630,5170,9308,8094,14487,11944,14895,20636,22660,31011,38306,10247,17433,278181,185401,37435,29339,156253,4031,268,12,8
2021-05-05T23:59:59+02:00,10,13,6987,7711,12956,15539,16012,22548,22912,33632,34587,38782,53327,58142,44892,54590,12998,22205,2513,2338,4044,5472,4982,9096,7749,14148,11579,14539,19251,20880,29824,36894,10207,17331,266753,179291,36520,28173,154469,3293,89,12,8
2021-05-04T23:59:59+02:00,10,12,6798,7616,12599,15369,15529,22278,22273,33288,33628,38088,52472,57182,44771,54464,12980,22164,2457,2267,3891,5302,4808,8840,7411,13741,11152,14079,17603,18959,28733,35567,10113,17211,263006,172494,35656,27244,152813,2360,35,11,8
2021-05-03T23:59:59+02:00,10,12,6651,7469,12225,15153,15024,21969,21565,32884,32480,37199,52174,56866,44675,54357,12965,22132,2398,2196,3798,5122,4669,8605,7195,13393,10831,13671,16403,17467,27857,34469,10049,17104,259725,166943,35197,26893,150852,1365,25,11,8
2021-05-02T23:59:59+02:00,10,12,6571,7379,12017,14981,14731,21736,21090,32564,31330,36254,51891,56576,44613,54267,12949,22101,2385,2189,3777,5090,4640,8569,7130,13322,10749,13582,16092,17074,27561,34164,10037,17092,257305,165387,35127,26783,148605,1260,24,11,6
2021-05-01T23:59:59+02:00,10,12,6553,7354,11955,14936,14654,21677,20991,32491,31203,36162,51885,56560,44609,54266,12947,22099,2382,2180,3754,5073,4598,8544,7093,13285,10689,13527,15894,16851,27445,34027,10034,17082,256748,164421,35127,26756,148454,1258,24,11,6
2021-04-30T23:59:59+02:00,10,12,6516,7316,11865,14847,14549,21562,20796,32305,30965,35972,51613,56201,44564,54212,12942,22087,2354,2159,3692,5011,4504,8436,6942,13102,10414,13263,15086,15826,26578,32956,9993,16994,254979,161228,35085,24873,148236,1187,23,11,6
2021-04-29T23:59:59+02:00,10,12,6312,7193,11546,14660,14197,21326,20278,32019,30211,35482,50967,55376,44473,54097,12918,22012,2317,2113,3600,4922,4379,8301,6749,12885,10140,12978,14115,14594,25275,31414,9932,16902,251822,155539,34992,24127,146242,929,22,11,6
2021-04-28T23:59:59+02:00,10,12,6045,7028,11170,14328,13709,20863,19643,31416,29046,34355,48306,52386,44182,53773,12855,21934,2278,2073,3531,4862,4264,8186,6589,12701,9894,12760,12977,13117,23789,29539,9871,16799,241921,149588,34867,22924,144252,709,10,11,6
2021-04-27T23:59:59+02:00,10,12,5943,6936,11021,14208,13509,20702,19365,31206,28487,33971,48100,52166,44126,53723,12847,21912,2236,2039,3440,4768,4171,8077,6424,12517,9616,12484,11769,11556,22138,27387,9795,16654,240562,142790,34820,21740,142841,532,10,11,6
2021-04-26T23:59:59+02:00,10,12,5895,6892,10905,14143,13350,20582,19138,30997,27658,33402,47763,51801,44074,53659,12838,21883,2215,2011,3388,4725,4108,8007,6322,12385,9428,12309,10854,10399,20860,25640,9737,16568,239852,137525,34796,21002,140333,422,10,11,4
2021-04-25T23:59:59+02:00,10,12,5849,6845,10802,14048,13190,20430,18894,30714,26900,32666,47266,51289,43991,53560,12824,21864,2188,2000,3358,4706,4090,7988,6289,12345,9371,12249,10693,10207,20619,25317,9727,16554,238160,136671,34755,20660,138218,363,10,11,4
2021-04-24T23:59:59+02:00,10,12,5828,6797,10727,13964,13094,20289,18763,30540,26738,32488,47166,51166,43898,53466,12820,21859,2181,1990,3334,4679,4051,7942,6217,12272,9241,12132,10536,10026,20487,25186,9711,16536,236702,136149,34739,20020,138163,345,10,11,4
2021-04-23T23:59:59+02:00,10,12,5764,6705,10597,13765,12896,20037,18458,30166,26347,32128,46222,50034,43744,53221,12798,21827,2163,1969,3292,4644,4003,7887,6123,12183,9076,12004,10269,9728,20163,24768,9662,16456,232324,135028,34683,19021,137703,334,10,11,4
2021-04-22T23:59:59+02:00,10,12,5661,6590,10389,13570,12546,19706,17950,29694,25719,31536,44492,47882,43171,52491,12752,21726,2150,1958,3252,4592,3928,7813,5995,12083,8818,11839,9840,9321,19712,24179,9612,16378,226087,132916,34573,18244,135216,302,10,11,4
2021-04-21T23:59:59+02:00,10,11,5565,6452,10160,13368,12218,19393,17448,29200,25004,30808,40227,43022,42696,51956,12686,21622,2138,1949,3217,4556,3873,7755,5917,11990,8643,11679,9511,8938,19212,23589,9553,16283,214003,131276,34507,17240,133315,279,10,11,4
2021-04-20T23:59:59+02:00,10,11,5486,6362,9967,13153,11944,19130,17028,28792,24452,30247,38472,41012,42044,51181,12616,21484,2113,1936,3178,4530,3807,7710,5786,11894,8472,11551,9228,8618,18743,22925,9456,16142,207796,129917,34417,15939,131158,225,10,10,4
2021-04-19T23:59:59+02:00,10,10,5406,6284,9808,13026,11743,18926,16666,28411,23910,29779,36918,39222,41456,50455,12560,21395,2097,1918,3143,4496,3767,7666,5747,11824,8389,11460,8992,8335,18340,22359,9410,16052,202778,128232,34362,15550,128827,205,10,8,4
2021-04-18T23:59:59+02:00,10,9,5344,6233,9678,12943,11545,18789,16388,28213,23507,29468,35613,37860,41108,50049,12528,21333,2085,1902,3114,4475,3741,7650,5702,11778,8338,11411,8892,8244,18187,22171,9397,16029,201246,127746,34323,15162,125031,200,10,8,4
2021-04-17T23:59:59+02:00,10,9,5338,6217,9643,12912,11500,18749,16311,28147,23443,29410,35304,37522,41001,49952,12522,21322,2075,1894,3087,4463,3683,7605,5631,11728,8252,11360,8782,8135,18084,22055,9376,16016,200021,126948,34314,15072,124959,198,10,8,4
2021-04-16T23:59:59+02:00,10,9,5275,6178,9554,12852,11367,18639,16102,27989,23100,29064,34226,36265,40594,49432,12502,21289,1942,1806,2862,4285,3327,7291,4870,11201,6775,10277,6305,6114,16294,20386,9187,15719,195889,117739,34230,10698,124310,196,10,8,4
2021-04-15T23:59:59+02:00,10,9,5208,6087,9354,12682,11071,18391,15606,27596,22410,28466,32329,33947,39553,48223,12426,21125,1897,1774,2797,4221,3211,7172,4653,11021,6401,9967,5846,5719,15705,19702,9001,15391,190076,114631,34179,9650,120220,189,10,8,4
2021-04-14T23:59:59+02:00,10,8,5147,6041,9186,12553,10852,18214,15205,27283,21765,27987,30407,31697,38337,46807,12352,20940,1816,1719,2714,4155,3102,7080,4451,10855,6096,9716,5366,5306,15121,19014,8799,15043,183713,112019,34042,8193,117018,133,10,8,4
2021-04-13T23:59:59+02:00,10,8,5099,5987,9049,12423,10673,18045,14865,27009,21243,27522,28310,29250,37080,45215,12212,20736,1771,1703,2676,4112,3047,7019,4320,10714,5826,9506,5026,5001,14674,18565,8667,14844,176840,110603,33978,6824,113900,36,10,8,4
2021-04-12T23:59:59+02:00,9,8,5038,5939,8940,12286,10471,17897,14545,26729,20703,27066,26272,26983,35924,43751,12085,20539,1737,1660,2646,4093,3021,6966,4260,10647,5722,9406,4866,4857,14376,18196,8556,14645,171132,109766,33904,5846,110131,34,10,8,4
2021-04-11T23:59:59+02:00,9,8,4999,5896,8849,12207,10313,17796,14284,26552,20280,26742,25075,25698,35219,42967,11997,20392,1728,1654,2625,4073,2999,6941,4227,10601,5636,9339,4775,4803,14261,18074,8518,14593,169354,109569,33834,5241,106077,29,10,8,4
2021-04-10T23:59:59+02:00,9,8,4988,5882,8808,12181,10258,17762,14216,26503,20184,26662,24761,25324,34876,42548,11990,20371,1723,1649,2616,4064,2985,6925,4198,10572,5579,9300,4697,4724,14135,17912,8472,14509,168144,108782,33114,5241,106055,29,10,8,4
2021-04-09T23:59:59+02:00,9,8,4942,5851,8723,12103,10136,17639,14048,26328,19924,26421,23930,24173,33925,41344,11957,20298,1695,1619,2562,4029,2913,6863,4047,10459,5328,9075,4278,4351,13575,17200,8246,14145,164796,105117,31605,5234,105343,29,7,8,4
2021-04-08T23:59:59+02:00,9,8,4865,5786,8576,11993,9922,17463,13652,26015,19321,25953,22229,22195,32244,39382,11811,20064,1665,1603,2508,3982,2832,6777,3899,10321,5035,8812,3826,3926,12592,15957,7776,13387,159057,100155,30700,4714,101716,24,7,8,4
2021-04-07T23:59:59+02:00,9,7,4818,5734,8395,11917,9694,17314,13332,25788,18853,25593,20419,20083,30490,37125,11696,19853,1632,1587,2454,3930,2771,6697,3790,10175,4847,8623,3565,3638,11909,15152,7407,12842,153024,96854,29526,4147,98555,13,7,8,4
2021-04-06T23:59:59+02:00,9,7,4771,5689,8251,11805,9533,17149,13015,25522,18336,25208,18567,18022,28575,34638,11501,19511,1598,1568,2431,3904,2738,6660,3725,10131,4766,8534,3458,3515,11433,14507,7127,12436,146202,94556,28570,3958,95322,12,7,8,4
2021-04-05T23:59:59+02:00,9,7,4740,5647,8155,11716,9395,17049,12804,25311,17936,24861,16842,16088,26950,32494,11357,19289,1578,1557,2401,3885,2709,6612,3682,10072,4681,8419,3348,3408,11095,14139,6971,12157,140796,93168,28135,3529,91706,12,7,6,4
2021-04-04T23:59:59+02:00,9,7,4732,5641,8147,11705,9382,17036,12779,25291,17908,24836,16710,15914,26754,32247,11348,19276,1577,1556,2399,3882,2707,6609,3680,10069,4677,8416,3338,3395,11084,14127,6969,12149,140076,93089,28043,3529,91593,12,6,4,4
2021-04-03T23:59:59+02:00,9,7,4728,5633,8133,11697,9362,17016,12740,25260,17830,24774,16630,15825,26709,32190,11343,19269,1574,1554,2390,3874,2689,6595,3656,10041,4595,8361,3220,3280,11002,14053,6963,12139,139549,92441,28015,3529,91581,12,6,4,4
2021-04-02T23:59:59+02:00,9,7,4702,5613,8076,11643,9299,16948,12601,25154,17596,24574,16179,15348,26234,31618,11311,19216,1572,1545,2377,3868,2682,6579,3635,10009,4526,8268,3151,3212,10765,13754,6811,11938,138348,91151,26607,3525,91163,12,6,4,4
2021-04-01T23:59:59+02:00,8,7,4659,5552,7964,11502,9168,16788,12328,24869,17151,24175,15431,14623,25479,30660,11186,19035,1555,1523,2346,3836,2660,6549,3595,9970,4458,8203,3040,3084,9837,12641,6203,11092,136118,87159,25943,3421,88516,10,4,4,4
2021-03-31T23:59:59+02:00,8,7,4450,5472,7854,11380,9028,16623,12110,24593,16800,23810,14735,13861,24647,29653,11081,18843,1546,1518,2332,3816,2634,6521,3547,9921,4387,8133,2950,2994,9267,11946,5840,10597,134325,84742,24489,3195,86133,10,4,4,4
2021-03-30T23:59:59+02:00,8,7,4419,5419,7782,11253,8942,16465,11948,24403,16523,23501,14143,13219,23891,28676,10944,18602,1532,1508,2312,3791,2608,6492,3507,9856,4318,8062,2826,2849,8685,11293,5490,10111,132852,82434,23279,2798,84006,6,4,4,4
2021-03-29T23:59:59+02:00,8,7,4378,5361,7682,11141,8835,16303,11790,24131,16197,23155,13602,12622,23132,27705,10791,18357,1514,1495,2293,3775,2587,6463,3472,9800,4254,7987,2773,2781,8398,10908,5300,9802,131018,81055,22529,2539,81642,6,4,4,4
2021-03-28T23:59:59+02:00,8,7,4344,5276,7597,11034,8758,16151,11655,23901,15939,22882,13278,12313,22567,27015,10617,18078,1505,1490,2271,3761,2573,6434,3432,9750,4216,7931,2725,2730,8320,10804,5257,9737,130520,80716,22011,2212,78881,6,4,4,4
2021-03-27T23:59:59+01:00,8,7,4330,5265,7571,11004,8693,16080,11555,23805,15797,22766,13072,12100,22367,26805,10582,18049,1504,1488,2268,3759,2572,6433,3419,9727,4205,7909,2715,2723,8264,10739,5223,9697,129641,80425,21368,2212,78839,6,4,4,4
2021-03-26T23:59:59+01:00,8,7,4287,5196,7462,10873,8518,15897,11223,23506,15188,22261,12158,11283,21585,25971,10441,17826,1499,1474,2263,3738,2559,6410,3402,9701,4164,7872,2685,2684,8087,10522,5106,9530,125622,79588,19771,2098,78289,6,4,4,4
2021-03-25T23:59:59+01:00,8,6,4228,5037,7301,10595,8275,15494,10841,22885,14550,21564,11489,10624,20720,24905,10129,17291,1479,1460,2231,3712,2524,6371,3365,9653,4094,7791,2551,2546,7113,9274,4501,8625,122364,75418,18998,1863,74573,6,3,4,4
2021-03-24T23:59:59+01:00,8,6,4153,4896,7163,10310,8061,15081,10579,22341,14082,20958,10887,10065,19790,23820,9806,16730,1458,1430,2205,3675,2479,6335,3323,9590,4016,7692,2452,2447,6470,8514,4120,8046,119780,72799,17813,1447,71138,5,1,4,4
2021-03-23T23:59:59+01:00,8,6,4113,4802,7056,10076,7908,14743,10323,21838,13682,20467,10423,9623,19071,22970,9496,16269,1446,1412,2179,3654,2458,6309,3262,9536,3925,7618,2360,2345,5744,7589,3675,7359,118325,69744,16711,1122,67834,5,0,4,4
2021-03-22T23:59:59+01:00,8,6,4061,4722,6929,9835,7749,14423,10067,21374,13334,19970,10032,9267,18508,22261,9309,15929,1437,1405,2170,3640,2446,6293,3239,9513,3896,7585,2299,2294,5292,6985,3328,6870,117444,67651,16314,1035,64022,5,0,4,4
2021-03-21T23:59:59+01:00,8,6,4014,4617,6797,9570,7581,14068,9844,20836,12993,19446,9712,8989,17979,21658,9119,15622,1434,1402,2169,3629,2443,6286,3233,9504,3886,7571,2285,2275,5175,6853,3270,6769,117249,67143,15920,1035,59686,5,0,4,4
2021-03-20T23:59:59+01:00,8,6,4003,4595,6762,9516,7523,13997,9760,20731,12889,19357,9625,8895,17844,21485,9069,15535,1431,1398,2165,3626,2438,6281,3220,9494,3867,7561,2250,2243,4852,6480,3086,6528,116429,65879,15825,1035,59342,5,0,4,4
2021-03-19T23:59:59+01:00,8,6,3829,4454,6472,9264,7082,13574,8848,20001,11164,18030,6781,6557,15618,19290,8717,14974,1427,1394,2160,3620,2426,6268,3208,9470,3817,7515,2183,2202,4483,6008,2824,6213,107174,64209,11128,1003,56363,5,0,4,4
2021-03-18T23:59:59+01:00,8,5,3724,4321,6295,8955,6817,13135,8458,19345,10525,17293,6073,5904,14405,17823,8210,14160,1423,1388,2135,3593,2408,6232,3178,9427,3776,7480,2138,2168,4065,5480,2543,5804,102079,62338,10125,895,53248,4,0,4,4
2021-03-17T23:59:59+01:00,8,5,3647,4247,6163,8811,6651,12957,8164,19035,10125,16901,5668,5521,13589,16893,7817,13585,1413,1376,2119,3574,2378,6199,3147,9399,3739,7444,2082,2109,3659,5034,2294,5421,98854,60621,8445,761,52484,4,0,4,4
2021-03-16T23:59:59+01:00,7,5,3569,4112,6011,8540,6445,12589,7850,18451,9580,16245,5148,5068,12777,15932,7487,13095,1404,1367,2110,3557,2363,6185,3132,9379,3713,7418,2054,2073,3141,4395,1960,4915,96546,58405,7044,757,49317,3,0,4,4
2021-03-15T23:59:59+01:00,7,5,3522,3964,5826,8263,6227,12180,7576,17879,9144,15621,4834,4787,12124,15189,7224,12638,1404,1357,2094,3542,2343,6160,3114,9331,3689,7379,2018,2023,2780,3936,1676,4523,95056,56622,6074,743,45876,3,0,4,4
2021-03-14T23:59:59+01:00,7,5,3476,3832,5599,7934,5942,11736,7271,17160,8683,14870,4521,4515,11834,14933,7179,12539,1397,1351,2078,3513,2328,6110,3096,9273,3672,7340,2011,2012,2702,3829,1624,4439,94938,56223,5469,549,41625,2,0,4,4
2021-03-13T23:59:59+01:00,7,5,3460,3792,5560,7823,5883,11620,7190,17020,8540,14720,4369,4366,11742,14847,7173,12528,1397,1351,2078,3513,2327,6110,3095,9272,3671,7340,2008,2004,2650,3774,1590,4385,94250,56013,5469,549,40922,2,0,4,4
2021-03-12T23:59:59+01:00,7,5,3442,3720,5504,7687,5821,11473,7106,16796,8405,14487,4262,4270,11472,14524,7019,12313,1397,1351,2074,3507,2326,6102,3091,9266,3670,7334,2006,2002,2564,3664,1510,4299,92833,55611,5461,549,40015,2,0,4,4
2021-03-11T23:59:59+01:00,7,5,3364,3525,5296,7389,5590,11055,6768,16131,7975,13850,3927,3936,10401,13270,6372,11412,1392,1348,2064,3494,2307,6077,3068,9232,3647,7302,1977,1977,2326,3402,1360,4081,88668,54535,5044,516,36557,2,0,4,4
2021-03-10T23:59:59+01:00,7,5,3268,3407,5083,7119,5377,10699,6498,15585,7640,13306,3707,3709,9760,12478,5988,10879,1388,1337,2037,3456,2277,5987,3020,9111,3589,7184,1934,1901,2110,3165,1231,3893,86208,53336,4676,281,33627,2,0,4,4
2021-03-09T23:59:59+01:00,6,5,3194,3277,4928,6930,5183,10420,6269,15153,7342,12803,3524,3504,9132,11776,5616,10362,1381,1327,2001,3396,2246,5885,2959,8967,3522,7103,1905,1875,1836,2849,1063,3648,83945,51926,4422,34,31053,2,0,4,4
2021-03-08T23:59:59+01:00,6,5,3128,3118,4702,6665,4946,10067,6010,14642,6980,12215,3325,3312,8745,11333,5419,10050,1378,1309,1987,3318,2215,5792,2920,8822,3489,7010,1890,1853,1636,2618,945,3458,82478,50607,4061,32,28125,0,0,4,4
2021-03-07T23:59:59+01:00,6,5,3096,3059,4628,6553,4863,9954,5905,14479,6864,12070,3275,3270,8661,11228,5381,9983,1372,1304,1980,3306,2207,5765,2913,8783,3477,6991,1882,1841,1580,2551,893,3391,82128,50203,3896,32,27252,0,0,4,4
2021-03-06T23:59:59+01:00,6,5,3082,3001,4584,6463,4829,9891,5847,14365,6816,11961,3251,3247,8605,11162,5347,9940,1370,1291,1975,3292,2195,5738,2910,8755,3466,6972,1874,1817,1553,2527,888,3382,81812,49972,3896,32,26690,0,0,4,4
2021-03-05T23:59:59+01:00,6,5,3058,2908,4526,6354,4767,9792,5784,14214,6716,11808,3207,3192,8421,10932,5228,9768,1361,1258,1945,3237,2171,5631,2868,8621,3422,6834,1831,1772,1489,2456,866,3356,80914,49085,3888,32,25880,0,0,4,4
2021-03-04T23:59:59+01:00,4,5,3005,2715,4367,6116,4549,9482,5578,13794,6405,11419,3029,3016,7407,9643,4610,8856,1341,1208,1907,3114,2141,5448,2822,8345,3366,6602,1761,1682,1453,2408,862,3338,76774,47766,3618,31,23604,0,0,4,4
2021-03-03T23:59:59+01:00,3,5,2966,2643,4226,5925,4384,9214,5376,13416,6152,10999,2908,2886,6763,8874,4217,8254,1329,1170,1880,3042,2119,5338,2790,8168,3313,6444,1692,1638,1412,2338,842,3285,74065,46769,3389,31,21753,0,0,4,3
2021-03-02T23:59:59+01:00,3,5,2905,2554,4042,5709,4176,8942,5178,13041,5884,10625,2762,2729,5997,7910,3755,7549,1296,1127,1853,2970,2095,5199,2741,7896,3264,6246,1621,1578,1348,2259,822,3242,70909,45526,2943,31,19910,0,0,4,3
2021-03-01T23:59:59+01:00,3,4,2865,2492,3876,5558,3989,8722,4990,12719,5646,10238,2662,2615,5508,7256,3403,7044,1290,1091,1830,2869,2068,5006,2701,7646,3204,6010,1578,1542,1300,2200,796,3203,68761,44303,2644,31,18181,0,0,4,3
2021-02-28T23:59:59+01:00,3,4,2824,2443,3718,5440,3768,8532,4807,12469,5459,9934,2605,2543,5385,7100,3341,6943,1286,1086,1826,2855,2059,4982,2694,7610,3194,5993,1570,1535,1294,2191,794,3193,68284,44132,2426,30,16604,0,0,4,3
2021-02-27T23:59:59+01:00,3,3,2809,2378,3692,5360,3734,8463,4773,12379,5424,9861,2564,2509,5056,6713,3145,6693,1279,1078,1819,2843,2046,4947,2675,7545,3178,5937,1552,1526,1288,2180,791,3192,66978,43847,2426,29,16151,0,0,4,3
2021-02-26T23:59:59+01:00,3,3,2789,2337,3652,5276,3669,8361,4712,12271,5339,9773,2488,2456,4679,6232,2876,6370,1220,1028,1769,2734,1997,4766,2621,7271,3105,5726,1491,1475,1265,2158,777,3183,65188,42559,2301,28,15793,0,0,4,2
2021-02-25T23:59:59+01:00,3,3,2615,2228,3468,5095,3487,8138,4508,11985,5121,9499,2401,2391,4230,5680,2588,5949,1204,971,1738,2626,1944,4492,2550,6877,3011,5440,1447,1432,1245,2143,775,3174,63333,41046,1979,25,14073,0,0,4,1
2021-02-24T23:59:59+01:00,3,3,2460,2090,3278,4903,3339,7932,4311,11731,4902,9251,2264,2272,3777,5170,2331,5556,1189,942,1715,2540,1910,4353,2490,6620,2959,5234,1416,1401,1227,2123,771,3155,61570,40029,1510,17,12489,0,0,4,1
2021-02-23T23:59:59+01:00,3,3,2323,1952,3100,4675,3184,7701,4140,11458,4720,9005,2178,2178,3224,4505,1993,5044,1175,894,1684,2445,1871,4160,2422,6321,2861,4974,1359,1346,1198,2080,758,3130,59371,38666,1163,13,10848,0,0,4,1
2021-02-22T23:59:59+01:00,3,3,2283,1901,3015,4582,3114,7593,4046,11272,4613,8880,2128,2137,2860,4043,1707,4658,1163,835,1652,2319,1828,3914,2346,5927,2735,4676,1297,1291,1175,2047,752,3109,57700,37064,1079,3,10055,0,0,4,1
2021-02-21T23:59:59+01:00,3,3,2247,1869,2964,4513,3032,7479,3965,11126,4547,8763,2114,2114,2776,3929,1652,4570,1159,817,1635,2266,1803,3805,2313,5772,2672,4552,1265,1268,1165,2033,745,3096,57269,36364,1046,3,9347,0,0,4,1
2021-02-20T23:59:59+01:00,3,3,2236,1866,2942,4500,3016,7443,3939,11093,4526,8742,2111,2106,2722,3872,1617,4515,1159,814,1635,2264,1802,3796,2312,5767,2671,4548,1264,1265,1164,2030,744,3095,57054,36328,1045,3,9149,0,0,4,1
2021-02-19T23:59:59+01:00,2,3,2224,1853,2906,4448,2991,7355,3894,11011,4472,8679,2103,2100,2634,3759,1537,4422,1107,805,1596,2256,1792,3787,2302,5746,2662,4536,1258,1254,1153,2025,739,3088,56642,36104,1014,3,8733,0,0,4,1
2021-02-18T23:59:59+01:00,2,3,2092,1757,2749,4263,2867,7156,3757,10724,4333,8476,2071,2066,2394,3493,1385,4200,1028,770,1521,2158,1743,3664,2230,5588,2606,4449,1244,1234,1148,2011,729,3070,55586,35191,947,3,7251,0,0,4,1
2021-02-17T23:59:59+01:00,2,3,2048,1708,2657,4129,2758,6942,3604,10383,4192,8234,2014,1983,2175,3264,1261,4013,874,707,1412,2033,1668,3474,2136,5364,2533,4278,1210,1189,1123,1966,714,3030,54524,33710,802,2,6040,0,0,4,1
2021-02-16T23:59:59+01:00,2,3,1875,1595,2483,3922,2619,6667,3443,10029,4016,7927,1970,1956,1900,2945,1091,3761,847,685,1340,1958,1600,3332,2041,5192,2436,4147,1149,1142,1065,1876,682,2937,53198,32429,766,1,4236,0,0,4,1
2021-02-15T23:59:59+01:00,2,3,1841,1540,2395,3753,2541,6394,3320,9662,3901,7658,1944,1928,1685,2707,970,3575,829,672,1311,1912,1559,3264,1986,5020,2373,4047,1084,1102,1001,1786,663,2844,52105,31454,753,0,2957,0,0,4,1
2021-02-14T23:59:59+01:00,2,3,1752,1509,2350,3691,2499,6304,3250,9559,3855,7580,1933,1918,1628,2648,920,3516,814,662,1294,1887,1532,3241,1952,4979,2348,3992,1074,1093,994,1776,660,2832,51773,31131,724,0,2416,0,0,4,1
2021-02-13T23:59:59+01:00,2,3,1751,1497,2340,3684,2493,6290,3246,9543,3848,7570,1925,1898,1605,2628,917,3506,814,662,1294,1887,1532,3241,1952,4979,2348,3992,1074,1093,994,1776,660,2832,51619,31131,724,0,2399,0,0,4,1
2021-02-12T23:59:59+01:00,2,3,1671,1411,2241,3572,2413,6116,3141,9305,3726,7305,1878,1841,1542,2556,894,3479,808,655,1282,1866,1517,3222,1944,4948,2332,3972,1069,1088,993,1757,660,2802,50679,30916,724,0,1689,0,0,4,1
2021-02-11T23:59:59+01:00,2,3,1468,1273,2059,3357,2285,5824,2989,8873,3567,6959,1806,1739,1500,2496,880,3456,780,604,1187,1687,1392,2948,1805,4589,2169,3686,1019,1027,951,1686,627,2671,49287,28829,683,0,562,0,0,4,1
2021-02-10T23:59:59+01:00,2,3,1372,1224,1971,3230,2217,5651,2907,8596,3455,6728,1735,1691,1455,2429,864,3399,566,520,965,1462,1253,2640,1620,4126,1966,3308,902,900,830,1435,548,2355,48121,25397,643,0,161,0,0,4,1
2021-02-09T23:59:59+01:00,2,3,1337,1174,1934,3138,2190,5470,2840,8254,3385,6470,1662,1629,1394,2369,847,3362,303,383,747,1199,1066,2265,1410,3589,1718,2856,734,736,662,1148,438,1909,46863,21164,514,0,80,0,0,3,1
2021-02-08T23:59:59+01:00,2,3,1330,1139,1903,3019,2152,5248,2788,7974,3326,6234,1621,1595,1349,2314,831,3342,267,342,645,1044,960,2047,1250,3198,1521,2540,631,617,558,969,381,1659,45744,18630,344,0,79,0,0,3,1
2021-02-07T23:59:59+01:00,2,3,1303,1123,1874,2967,2127,5166,2759,7871,3284,6169,1605,1579,1334,2295,820,3327,233,286,597,954,900,1892,1158,2973,1423,2368,591,597,537,936,371,1630,45462,17448,143,0,0,0,0,3,0
2021-02-06T23:59:59+01:00,2,3,1298,1117,1868,2955,2118,5138,2746,7827,3273,6124,1592,1571,1329,2285,817,3326,214,252,575,917,872,1826,1116,2856,1366,2286,575,579,530,936,371,1630,45243,16903,143,0,0,0,0,3,0
2021-02-05T23:59:59+01:00,2,3,1237,1065,1819,2844,2066,4942,2687,7531,3196,5908,1529,1517,1310,2259,809,3319,198,223,540,870,838,1746,1077,2739,1313,2187,541,555,519,912,361,1605,43897,16226,143,0,0,0,0,3,0
2021-02-04T23:59:59+01:00,2,3,1225,1001,1778,2695,1995,4630,2604,7087,3096,5582,1484,1484,1292,2243,806,3311,170,169,467,753,739,1607,967,2500,1201,1972,494,503,476,858,343,1492,42281,14713,35,0,0,0,0,2,0
2021-02-03T23:59:59+01:00,2,3,1207,972,1748,2614,1956,4484,2537,6825,3044,5364,1447,1451,1263,2208,788,3282,139,140,393,641,623,1371,822,2122,1004,1685,378,369,341,644,240,1131,41158,12045,35,0,0,0,0,2,0
2021-02-02T23:59:59+01:00,2,3,1190,916,1716,2514,1913,4261,2463,6493,2937,5090,1394,1405,1240,2178,779,3258,118,116,316,520,520,1136,678,1792,814,1377,280,269,263,472,188,847,39715,9708,35,0,0,0,0,2,0
2021-02-01T23:59:59+01:00,1,3,1177,856,1681,2389,1863,4015,2386,6100,2816,4794,1327,1323,1209,2132,768,3233,85,76,216,349,347,741,430,1155,478,858,174,164,152,279,100,494,38036,6098,35,0,0,0,0,2,0
2021-01-31T23:59:59+01:00,1,3,1172,838,1664,2331,1839,3892,2354,5917,2749,4675,1296,1300,1198,2117,761,3221,74,70,183,279,270,575,341,902,396,691,148,148,144,271,96,480,37294,5068,32,0,0,0,0,2,0
2021-01-30T23:59:59+01:00,1,3,1172,835,1663,2326,1837,3881,2352,5906,2746,4665,1295,1296,1197,2116,761,3220,70,63,151,232,242,507,306,784,353,616,147,141,139,267,96,479,37239,4593,31,0,0,0,0,2,0
2021-01-29T23:59:59+01:00,1,3,1119,826,1624,2319,1826,3874,2344,5892,2738,4653,1291,1293,1193,2116,761,3220,62,45,114,177,198,353,249,635,309,488,136,132,127,256,93,479,37063,3853,29,0,0,0,0,1,0
2021-01-28T23:59:59+01:00,1,3,1044,801,1566,2259,1793,3805,2297,5821,2705,4599,1279,1281,1186,2110,752,3206,40,20,72,105,129,206,154,380,201,291,103,101,102,205,83,432,36481,2624,26,0,0,0,0,1,0
2021-01-27T23:59:59+01:00,1,3,894,750,1475,2184,1726,3690,2225,5691,2647,4474,1251,1237,1162,2071,740,3174,29,12,62,86,104,162,122,323,174,247,95,84,91,186,79,401,35377,2257,17,0,0,0,0,1,0
2021-01-26T23:59:59+01:00,1,3,880,731,1410,2110,1663,3560,2138,5519,2559,4363,1196,1197,1116,2000,716,3125,28,11,59,83,100,156,118,309,173,237,93,79,84,165,68,355,34275,2118,11,0,0,0,0,1,0
2021-01-25T23:59:59+01:00,1,3,867,710,1378,2050,1632,3463,2093,5353,2502,4273,1145,1172,1069,1943,698,3066,26,11,56,83,97,154,117,307,172,237,92,78,83,164,66,352,33415,2095,2,0,0,0,0,1,0
2021-01-24T23:59:59+01:00,1,3,864,709,1372,2039,1627,3446,2085,5327,2491,4241,1141,1166,1064,1936,697,3061,26,11,56,83,96,153,117,307,172,236,92,78,83,164,66,352,33267,2092,2,0,0,0,0,1,0
2021-01-23T23:59:59+01:00,1,3,864,709,1372,2039,1627,3446,2085,5327,2491,4241,1141,1166,1064,1936,697,3061,26,11,56,83,96,153,117,307,171,236,92,78,83,164,66,352,33267,2091,2,0,0,0,0,1,0
2021-01-22T23:59:59+01:00,1,3,864,699,1358,2017,1611,3422,2072,5293,2475,4221,1139,1161,1063,1913,696,3028,26,11,56,83,96,153,117,307,170,236,92,78,83,164,66,352,33033,2090,2,0,0,0,0,1,0
2021-01-21T23:59:59+01:00,1,3,833,662,1280,1862,1512,3232,1975,5021,2367,4023,1099,1102,1032,1833,658,2901,24,10,52,78,88,145,107,278,156,213,79,70,74,144,54,300,31393,1872,2,0,0,0,0,1,0
2021-01-20T23:59:59+01:00,1,3,630,563,1086,1643,1378,2958,1798,4617,2164,3686,974,984,914,1604,593,2631,22,10,51,74,85,144,99,265,145,194,69,64,69,122,45,268,28224,1726,2,0,0,0,0,1,0
2021-01-19T23:59:59+01:00,1,3,343,417,835,1386,1177,2618,1563,4088,1904,3237,807,816,750,1331,495,2226,18,7,36,52,56,78,73,178,101,131,52,49,48,91,34,207,23995,1211,1,0,0,0,0,1,0
2021-01-18T23:59:59+01:00,1,3,301,376,723,1198,1056,2364,1371,3591,1665,2857,679,667,605,1087,421,1841,7,3,11,17,19,27,24,50,25,46,12,11,13,33,7,61,20805,366,0,0,0,0,0,1,0
2021-01-17T23:59:59+01:00,1,3,260,321,657,1104,978,2193,1274,3316,1550,2646,634,638,578,1031,400,1783,0,0,1,0,2,2,2,1,2,2,1,4,1,0,0,1,19367,19,0,0,0,0,0,0,0
2021-01-16T23:59:59+01:00,1,3,243,289,641,1071,954,2130,1233,3206,1499,2573,618,621,571,1031,400,1782,0,0,0,0,1,2,1,1,1,2,0,1,1,0,0,1,18866,11,0,0,0,0,0,0,0
2021-01-15T23:59:59+01:00,1,3,228,256,612,1024,927,2052,1198,3090,1447,2477,587,595,564,1010,393,1770,0,0,0,0,0,0,0,0,0,0,0,0,0,0,0,0,18234,0,0,0,0,0,0,0,0
2021-01-14T23:59:59+01:00,1,2,198,204,552,902,838,1909,1105,2867,1332,2294,543,552,526,966,387,1728,0,0,0,0,0,0,0,0,0,0,0,0,0,0,0,0,16906,0,0,0,0,0,0,0,0
2021-01-13T23:59:59+01:00,1,2,166,185,503,833,766,1783,1007,2634,1178,2072,430,435,399,761,289,1331,0,0,0,0,0,0,0,0,0,0,0,0,0,0,0,0,14775,0,0,0,0,0,0,0,0
2021-01-12T23:59:59+01:00,1,2,144,164,471,764,716,1628,918,2432,1071,1840,341,327,308,541,207,943,0,0,0,0,0,0,0,0,0,0,0,0,0,0,0,0,12818,0,0,0,0,0,0,0,0
2021-01-11T23:59:59+01:00,0,1,115,127,395,634,626,1375,754,1974,845,1454,211,190,169,313,109,546,0,0,0,0,0,0,0,0,0,0,0,0,0,0,0,0,9838,0,0,0,0,0,0,0,0
2021-01-10T23:59:59+01:00,0,1,89,92,305,458,471,995,547,1447,621,1058,174,167,157,300,104,533,0,0,0,0,0,0,0,0,0,0,0,0,0,0,0,0,7519,0,0,0,0,0,0,0,0
2021-01-09T23:59:59+01:00,0,1,78,84,259,395,401,863,480,1230,545,900,167,157,152,295,104,531,0,0,0,0,0,0,0,0,0,0,0,0,0,0,0,0,6642,0,0,0,0,0,0,0,0
2021-01-08T23:59:59+01:00,0,1,65,64,186,287,304,584,365,932,439,681,159,152,136,283,102,531,0,0,0,0,0,0,0,0,0,0,0,0,0,0,0,0,5271,0,0,0,0,0,0,0,0
2021-01-07T23:59:59+01:00,0,0,46,24,78,121,137,230,164,419,222,339,116,121,123,251,98,504,0,0,0,0,0,0,0,0,0,0,0,0,0,0,0,0,2993,0,0,0,0,0,0,0,0
2021-01-06T23:59:59+01:00,0,0,32,17,69,92,116,180,136,342,193,275,97,93,97,205,83,429,0,0,0,0,0,0,0,0,0,0,0,0,0,0,0,0,2456,0,0,0,0,0,0,0,0
2021-01-05T23:59:59+01:00,0,0,29,12,59,87,106,166,121,327,179,253,96,88,95,198,81,411,0,0,0,0,0,0,0,0,0,0,0,0,0,0,0,0,2308,0,0,0,0,0,0,0,0
2021-01-04T23:59:59+01:00,0,0,26,11,56,84,98,157,116,312,177,241,95,85,88,184,71,380,0,0,0,0,0,0,0,0,0,0,0,0,0,0,0,0,2181,0,0,0,0,0,0,0,0
2021-01-03T23:59:59+01:00,0,0,26,11,56,84,98,157,116,312,177,241,95,85,87,183,71,380,0,0,0,0,0,0,0,0,0,0,0,0,0,0,0,0,2179,0,0,0,0,0,0,0,0
2021-01-02T23:59:59+01:00,0,0,26,11,56,84,98,157,116,312,176,241,95,85,87,183,71,380,0,0,0,0,0,0,0,0,0,0,0,0,0,0,0,0,2178,0,0,0,0,0,0,0,0
2021-01-01T23:59:59+01:00,0,0,26,11,56,84,98,157,116,312,174,240,95,85,87,183,71,380,0,0,0,0,0,0,0,0,0,0,0,0,0,0,0,0,2175,0,0,0,0,0,0,0,0
2020-12-31T23:59:59+01:00,0,0,26,11,56,84,98,157,116,312,174,240,95,85,87,183,71,380,0,0,0,0,0,0,0,0,0,0,0,0,0,0,0,0,2175,0,0,0,0,0,0,0,0
2020-12-30T23:59:59+01:00,0,0,25,11,56,83,97,154,116,311,174,240,95,85,87,183,71,380,0,0,0,0,0,0,0,0,0,0,0,0,0,0,0,0,2168,0,0,0,0,0,0,0,0
2020-12-29T23:59:59+01:00,0,0,18,8,41,59,74,91,86,216,127,188,73,73,65,151,56,304,0,0,0,0,0,0,0,0,0,0,0,0,0,0,0,0,1630,0,0,0,0,0,0,0,0
2020-12-28T23:59:59+01:00,0,0,8,5,17,28,31,45,40,111,53,101,30,40,37,91,29,175,0,0,0,0,0,0,0,0,0,0,0,0,0,0,0,0,841,0,0,0,0,0,0,0,0
2020-12-27T23:59:59+01:00,0,0,2,2,4,5,7,11,10,23,6,22,5,7,6,25,3,48,0,0,0,0,0,0,0,0,0,0,0,0,0,0,0,0,186,0,0,0,0,0,0,0,0
