Datum,<15_1_m,<15_1_w,15-24_1_m,15-24_1_w,25-34_1_m,25-34_1_w,35-44_1_m,35-44_1_w,45-54_1_m,45-54_1_w,55-64_1_m,55-64_1_w,65-74_1_m,65-74_1_w,75-84_1_m,75-84_1_w,>84_1_m,>84_1_w,<15_2_m,<15_2_w,15-24_2_m,15-24_2_w,25-34_2_m,25-34_2_w,35-44_2_m,35-44_2_w,45-54_2_m,45-54_2_w,55-64_2_m,55-64_2_w,65-74_2_m,65-74_2_w,75-84_2_m,75-84_2_w,>84_2_m,>84_2_w,bp_1,bp_2,mo_1,mo_2,az_1,az_2,ja,unb_1,unb_2
2021-12-13T23:59:59+01:00,26703,25008,69936,64618,76413,71815,83752,84116,103729,105264,113216,111827,76243,82969,53199,65686,15509,26989,13721,12840,63793,59434,71006,66056,78855,78911,99016,100173,109190,107806,74357,80734,51938,63863,14894,25661,944196,871185,77334,71918,182979,176522,52527,79,96
2021-12-12T23:59:59+01:00,26315,24675,69871,64543,76330,71710,83686,84035,103668,105191,113167,111750,76200,82910,53165,65627,15490,26945,13538,12633,63618,59253,70797,65855,78678,78769,98865,100034,109077,107671,74305,80659,51904,63820,14881,25638,942682,869127,77161,71750,182979,176522,52500,79,96
2021-12-11T23:59:59+01:00,26092,24458,69810,64488,76281,71642,83640,83982,103644,105159,113146,111715,76181,82895,53152,65615,15487,26934,13368,12518,63471,59140,70650,65706,78568,78667,98766,99960,109000,107610,74279,80633,51894,63802,14877,25629,941786,867722,77105,71703,182979,176522,52495,79,96
2021-12-10T23:59:59+01:00,25577,23985,69729,64400,76208,71546,83574,83909,103594,105106,113113,111655,76157,82854,53142,65582,15474,26926,13172,12343,63241,58953,70458,65508,78401,78485,98625,99817,108911,107504,74241,80593,51879,63780,14872,25623,940135,865672,76971,71627,182979,176522,52489,79,96
2021-12-09T23:59:59+01:00,24897,23347,69624,64294,76093,71419,83489,83802,103517,105011,113041,111562,76115,82796,53111,65527,15459,26892,12866,12041,62913,58649,70175,65182,78147,78248,98399,99571,108736,107313,74178,80509,51842,63725,14868,25597,937846,862463,76743,71411,182979,176518,52471,79,96
2021-12-08T23:59:59+01:00,24590,23064,69544,64207,76022,71333,83423,83728,103460,104931,112989,111502,76095,82770,53095,65500,15448,26865,12706,11901,62708,58477,69967,64974,77984,78084,98225,99439,108615,107197,74131,80444,51825,63681,14861,25579,936553,860452,76610,71267,182979,176518,52465,79,96
2021-12-07T23:59:59+01:00,24100,22614,69470,64155,75970,71261,83377,83680,103406,104892,112951,111450,76073,82741,53082,65481,15442,26852,12559,11789,62543,58347,69786,64806,77847,77980,98119,99325,108518,107127,74109,80407,51810,63658,14858,25570,935081,858868,76523,71222,182979,176518,52454,79,96
2021-12-06T23:59:59+01:00,23616,22120,69403,64090,75903,71185,83318,83593,103353,104819,112900,111373,76041,82697,53064,65436,15435,26820,12366,11610,62316,58148,69552,64557,77638,77783,97960,99134,108373,106997,74038,80332,51782,63618,14848,25555,933439,856431,76349,71123,182979,176518,52439,79,96
2021-12-05T23:59:59+01:00,23213,21753,69347,64041,75834,71113,83262,83529,103303,104774,112853,111318,76003,82655,53044,65401,15425,26792,12264,11513,62116,57972,69349,64373,77454,77605,97827,98988,108266,106871,73993,80281,51764,63591,14843,25536,932079,854601,76214,70971,182979,176511,52427,79,96
2021-12-04T23:59:59+01:00,22903,21462,69307,64001,75797,71066,83235,83497,103277,104744,112836,111289,75994,82635,53038,65390,15424,26786,12205,11451,61947,57843,69181,64261,77339,77491,97717,98907,108183,106818,73971,80262,51754,63579,14841,25534,931180,853321,76139,70934,182979,176511,52422,79,96
2021-12-03T23:59:59+01:00,22020,20585,69235,63935,75753,70984,83181,83430,103237,104688,112791,111242,75964,82592,53024,65368,15414,26769,12054,11317,61699,57621,68970,64035,77152,77296,97552,98760,108049,106693,73944,80224,51740,63557,14836,25527,928822,851169,76031,70831,182978,176510,52420,79,96
2021-12-02T23:59:59+01:00,21083,19737,69132,63844,75650,70850,83102,83341,103164,104616,112738,111160,75931,82532,52993,65324,15405,26730,11855,11115,61418,57353,68698,63743,76856,77030,97328,98531,107880,106520,73902,80179,51712,63509,14826,25499,926173,848296,75809,70641,182978,176510,52411,79,96
2021-12-01T23:59:59+01:00,20598,19301,69060,63789,75583,70767,83036,83263,103108,104547,112678,111104,75892,82481,52968,65287,15395,26706,11739,11009,61219,57219,68494,63540,76675,76875,97165,98402,107755,106411,73853,80129,51695,63478,14820,25481,924543,846433,75676,70514,182977,176510,52406,79,96
2021-11-30T23:59:59+01:00,20062,18770,68985,63716,75501,70641,82965,83177,103043,104463,112615,111021,75848,82414,52944,65238,15384,26662,11641,10904,61007,57050,68278,63307,76466,76689,96993,98246,107607,106276,73804,80068,51674,63444,14816,25466,922649,844332,75465,70401,182976,176509,52398,79,96
2021-11-29T23:59:59+01:00,19354,18105,68914,63648,75407,70540,82890,83101,102980,104385,112539,110943,75815,82360,52926,65192,15374,26627,11565,10806,60790,56906,68056,63117,76261,76523,96834,98109,107481,106147,73752,80012,51643,63407,14810,25450,920490,842375,75287,70316,182974,176494,52388,79,96
2021-11-28T23:59:59+01:00,18750,17603,68840,63591,75311,70437,82827,83033,102916,104323,112473,110873,75784,82321,52911,65147,15367,26605,11492,10749,60634,56788,67880,62974,76089,76397,96693,98009,107390,106062,73721,79975,51625,63386,14803,25435,918704,840922,75101,70214,182965,176490,52380,79,96
2021-11-27T23:59:59+01:00,18095,16982,68768,63549,75257,70373,82768,82993,102877,104287,112446,110848,75768,82303,52904,65132,15360,26599,11451,10702,60526,56693,67742,62865,75985,76322,96605,97937,107333,106027,73708,79961,51620,63378,14801,25432,917013,839981,74990,70142,182965,176490,52379,79,96
2021-11-26T23:59:59+01:00,17182,16045,68659,63439,75185,70281,82705,82909,102799,104217,112401,110792,75743,82279,52893,65113,15356,26581,11369,10617,60352,56544,67564,62722,75828,76185,96472,97795,107251,105941,73690,79937,51607,63366,14797,25428,914440,838503,74840,70006,182964,176487,52373,79,96
2021-11-25T23:59:59+01:00,16291,15292,68527,63315,75059,70115,82585,82794,102703,104104,112311,110696,75701,82219,52876,65076,15347,26568,11273,10517,60144,56388,67343,62542,75675,76013,96316,97650,107146,105833,73661,79901,51595,63347,14794,25420,911741,836777,74555,69837,182957,176487,52361,79,96
2021-11-24T23:59:59+01:00,15887,14913,68424,63237,74957,69995,82479,82691,102617,104014,112236,110609,75656,82162,52853,65036,15334,26542,11205,10451,59981,56260,67159,62386,75534,75893,96183,97531,107039,105747,73630,79855,51571,63324,14788,25407,910005,835281,74371,69736,182954,176484,52347,79,96
2021-11-23T23:59:59+01:00,15608,14667,68298,63095,74833,69827,82330,82551,102499,103895,112127,110496,75610,82080,52815,64983,15314,26512,11120,10394,59846,56146,66966,62225,75364,75768,96046,97419,106933,105657,73592,79816,51554,63294,14780,25392,908176,833751,74117,69652,182952,176483,52330,79,96
2021-11-22T23:59:59+01:00,15348,14453,68148,62974,74682,69665,82206,82430,102387,103759,112019,110375,75541,82012,52781,64934,15304,26475,11068,10335,59672,56034,66778,62082,75213,75665,95936,97287,106831,105577,73552,79768,51530,63263,14775,25381,906364,832273,73907,69592,182952,176481,52305,79,96
2021-11-21T23:59:59+01:00,15066,14165,68020,62862,74530,69512,82088,82336,102283,103647,111927,110282,75494,81956,52754,64899,15288,26443,11043,10298,59582,55959,66656,61995,75110,75582,95839,97208,106775,105519,73524,79738,51509,63241,14771,25372,904625,831355,73731,69508,182946,176478,52284,79,96
2021-11-20T23:59:59+01:00,14801,13931,67894,62752,74400,69375,81965,82245,102200,103569,111849,110190,75470,81921,52742,64872,15282,26433,11028,10283,59538,55897,66595,61944,75054,75537,95784,97159,106729,105484,73515,79723,51505,63236,14769,25371,903046,830822,73656,69477,182945,176478,52278,79,96
2021-11-19T23:59:59+01:00,14465,13581,67635,62562,74206,69175,81808,82078,102066,103401,111737,110073,75414,81877,52717,64840,15274,26416,10967,10216,59378,55790,66451,61819,74911,75410,95652,97049,106621,105409,73491,79689,51491,63214,14765,25365,900615,829422,73538,69431,182945,176478,52261,79,96
2021-11-18T23:59:59+01:00,14153,13292,67352,62278,73975,68908,81585,81847,101885,103211,111598,109927,75357,81794,52687,64790,15266,26397,10875,10145,59213,55654,66252,61656,74760,75277,95499,96925,106489,105329,73455,79626,51474,63189,14760,25353,897811,827798,73371,69350,182945,176478,52209,79,96
2021-11-17T23:59:59+01:00,13967,13112,67154,62104,73736,68689,81415,81683,101702,103076,111467,109801,75301,81733,52659,64736,15251,26371,10816,10088,59063,55532,66101,61517,74628,75156,95358,96819,106381,105258,73420,79577,51448,63158,14757,25334,895642,826384,73248,69302,182943,176472,52157,79,96
2021-11-16T23:59:59+01:00,13766,12932,66920,61899,73483,68432,81190,81466,101515,102920,111334,109678,75240,81665,52625,64674,15236,26342,10768,10036,58936,55427,65963,61384,74500,75045,95242,96725,106296,105188,73382,79537,51428,63130,14751,25317,893121,825108,73174,69268,182943,176471,52112,79,96
2021-11-15T23:59:59+01:00,13606,12768,66658,61683,73228,68156,80969,81248,101322,102723,111195,109542,75186,81613,52605,64644,15224,26317,10723,9999,58831,55332,65854,61281,74401,74959,95174,96648,106221,105115,73342,79497,51409,63104,14744,25308,890630,824066,73088,69241,182932,176469,52070,79,96
2021-11-14T23:59:59+01:00,13332,12520,66261,61371,72899,67837,80688,81013,101098,102505,111036,109415,75129,81556,52582,64608,15217,26295,10670,9939,58694,55220,65747,61183,74296,74846,95082,96567,106144,105039,73291,79458,51390,63088,14739,25299,887470,822898,72983,69219,182928,176465,52014,79,96
2021-11-13T23:59:59+01:00,13190,12376,65955,61132,72645,67606,80468,80824,100931,102326,110908,109333,75095,81519,52565,64588,15212,26290,10650,9916,58623,55152,65681,61127,74249,74799,95017,96522,106120,105005,73282,79446,51385,63085,14739,25297,885148,822341,72932,69205,182928,176465,51988,79,96
2021-11-12T23:59:59+01:00,13024,12197,65609,60846,72362,67368,80244,80606,100754,102122,110781,109211,75072,81484,52553,64565,15209,26287,10617,9872,58508,55043,65560,61033,74136,74710,94922,96441,106062,104965,73262,79424,51376,63074,14735,25289,882582,821337,72858,69172,182927,176464,51960,79,96
2021-11-11T23:59:59+01:00,12787,11966,65185,60510,72001,67018,79898,80298,100504,101874,110589,109035,75019,81409,52523,64525,15203,26272,10531,9791,58356,54910,65432,60920,74023,74586,94827,96334,105964,104885,73225,79378,51359,63048,14724,25277,879162,819974,72665,69140,182923,176462,51898,79,96
2021-11-10T23:59:59+01:00,12645,11842,64932,60262,71692,66716,79650,80080,100319,101707,110446,108896,74960,81333,52490,64483,15196,26257,10471,9740,58248,54797,65298,60788,73914,74490,94716,96240,105886,104821,73192,79330,51338,63026,14719,25270,876628,818815,72589,69117,182915,176450,51806,79,96
2021-11-09T23:59:59+01:00,12489,11682,64518,59971,71291,66386,79353,79815,100055,101470,110241,108750,74892,81277,52467,64439,15190,26241,10411,9685,58124,54669,65179,60663,73823,74385,94622,96146,105803,104749,73150,79291,51312,62998,14712,25249,873421,817624,72524,69104,182902,176435,51712,79,96
2021-11-08T23:59:59+01:00,12375,11569,64143,59723,70915,66078,79064,79573,99814,101270,110091,108602,74838,81216,52446,64391,15185,26221,10362,9651,58013,54574,65094,60543,73737,74288,94527,96047,105734,104686,73120,79247,51297,62968,14708,25233,870585,816591,72439,69078,182888,176430,51634,79,96
2021-11-07T23:59:59+01:00,12292,11491,63851,59519,70618,65818,78786,79388,99614,101116,109963,108484,74802,81155,52426,64369,15181,26209,10324,9603,57904,54501,65011,60449,73648,74219,94446,95981,105672,104630,73100,79223,51285,62948,14706,25224,868364,815772,72335,69049,182877,176419,51538,79,96
2021-11-06T23:59:59+01:00,12187,11392,63657,59308,70378,65587,78605,79241,99440,100951,109857,108395,74786,81132,52414,64360,15179,26206,10309,9593,57853,54464,64967,60398,73622,74191,94418,95952,105653,104608,73087,79212,51281,62944,14705,25222,866415,815409,72307,69048,182876,176417,51509,79,96
2021-11-05T23:59:59+01:00,12044,11267,63413,59099,70120,65333,78378,79025,99273,100778,109744,108289,74753,81105,52407,64349,15178,26204,10268,9549,57769,54412,64900,60335,73565,74140,94371,95899,105610,104570,73071,79194,51273,62935,14705,25219,864320,814807,72134,69006,182874,176414,51462,79,96
2021-11-04T23:59:59+01:00,11957,11167,63175,58906,69830,65092,78168,78821,99072,100612,109615,108170,74713,81072,52396,64330,15173,26180,10205,9481,57638,54331,64811,60227,73472,74056,94301,95827,105550,104505,73040,79168,51249,62911,14697,25203,862306,813847,71950,68967,182870,176408,51354,79,96
2021-11-03T23:59:59+01:00,11874,11109,62952,58750,69598,64914,77979,78679,98916,100500,109510,108103,74690,81046,52381,64313,15169,26170,10140,9428,57513,54208,64698,60104,73378,73972,94215,95759,105493,104455,73012,79136,51229,62885,14689,25187,860688,812795,71869,68946,182869,176407,51257,79,96
2021-11-02T23:59:59+01:00,11795,11031,62724,58586,69302,64690,77754,78513,98723,100347,109387,108003,74669,81010,52367,64288,15163,26158,10080,9360,57360,54109,64588,59986,73274,73892,94122,95680,105435,104387,72976,79095,51221,62859,14681,25170,858748,811709,71781,68927,182867,176403,51140,79,96
2021-11-01T23:59:59+01:00,11701,10949,62449,58401,69035,64491,77546,78362,98548,100210,109278,107916,74643,80988,52356,64268,15158,26148,10012,9290,57228,54002,64454,59887,73184,73789,94048,95608,105377,104334,72941,79063,51208,62828,14674,25149,856895,810664,71703,68886,182846,176400,51030,78,96
2021-10-31T23:59:59+01:00,11690,10937,62415,58383,69006,64465,77513,78334,98529,100196,109264,107908,74641,80988,52356,64268,15158,26147,9995,9272,57209,53989,64441,59871,73172,73776,94044,95603,105372,104330,72941,79061,51208,62827,14673,25149,856686,810551,71689,68880,182844,176400,51006,78,96
2021-10-30T23:59:59+02:00,11684,10933,62400,58365,68980,64447,77493,78315,98513,100184,109256,107906,74639,80988,52356,64268,15157,26146,9992,9272,57194,53979,64433,59868,73159,73767,94037,95597,105369,104329,72941,79060,51207,62827,14673,25148,856552,810501,71680,68874,182844,176400,50981,78,96
2021-10-29T23:59:59+02:00,11618,10873,62213,58246,68770,64296,77308,78192,98343,100056,109146,107847,74615,80974,52345,64252,15153,26138,9960,9245,57083,53898,64342,59791,73096,73704,93964,95549,105329,104306,72924,79042,51202,62815,14669,25142,855061,809847,71637,68846,182842,176400,50872,78,96
2021-10-28T23:59:59+02:00,11532,10801,61988,58087,68517,64097,77100,78034,98145,99897,109043,107761,74590,80931,52330,64241,15148,26130,9902,9193,56926,53745,64209,59678,72994,73607,93893,95467,105247,104237,72900,79010,51190,62802,14665,25132,853271,808780,71571,68816,182838,176386,50719,78,96
2021-10-27T23:59:59+02:00,11461,10715,61823,57931,68315,63940,76936,77905,98016,99796,108969,107706,74570,80897,52323,64225,15146,26117,9841,9136,56808,53626,64101,59578,72891,73518,93821,95402,105188,104202,72877,78979,51177,62779,14661,25117,851922,807824,71449,68792,182835,176378,50612,78,96
2021-10-26T23:59:59+02:00,11375,10616,61680,57774,68135,63774,76777,77796,97901,99694,108887,107648,74542,80872,52308,64200,15137,26096,9780,9061,56658,53508,63995,59459,72815,73446,93741,95337,105142,104157,72854,78955,51154,62752,14654,25109,850505,806831,71388,68765,182829,176368,50517,78,96
2021-10-25T23:59:59+02:00,11349,10596,61623,57724,68084,63733,76729,77752,97865,99673,108865,107630,74533,80860,52307,64195,15134,26095,9756,9038,56597,53466,63959,59429,72786,73408,93714,95319,105124,104140,72852,78950,51152,62748,14654,25107,850075,806482,71378,68761,182829,176368,50492,78,96
2021-10-24T23:59:59+02:00,11306,10556,61512,57646,67983,63642,76648,77677,97787,99626,108829,107601,74519,80846,52301,64193,15132,26094,9707,8998,56520,53387,63881,59347,72720,73358,93663,95264,105094,104100,72828,78934,51143,62738,14651,25105,849393,805859,71327,68748,182829,176359,50376,78,96
2021-10-23T23:59:59+02:00,11302,10553,61503,57634,67966,63626,76635,77663,97773,99618,108824,107596,74518,80845,52301,64193,15131,26094,9702,8996,56511,53373,63867,59339,72713,73344,93654,95257,105091,104096,72826,78932,51143,62736,14651,25104,849309,805788,71312,68740,182828,176358,50353,78,96
2021-10-22T23:59:59+02:00,11239,10505,61345,57522,67787,63493,76495,77543,97644,99516,108748,107545,74501,80826,52297,64185,15130,26089,9648,8948,56393,53275,63784,59259,72639,73272,93585,95201,105054,104068,72809,78914,51138,62726,14651,25104,848115,805047,71234,68708,182827,176356,50261,78,96
2021-10-21T23:59:59+02:00,11161,10426,61186,57400,67623,63361,76354,77409,97519,99422,108658,107476,74473,80798,52285,64158,15126,26078,9574,8844,56262,53139,63656,59129,72556,73169,93487,95117,104997,104018,72774,78880,51128,62703,14646,25097,846782,803910,71200,68684,182826,176354,50132,78,96
2021-10-20T23:59:59+02:00,11120,10376,61085,57300,67514,63251,76261,77321,97435,99360,108608,107437,74459,80779,52273,64150,15122,26071,9491,8784,56130,53001,63549,59023,72481,73053,93417,95058,104928,103962,72748,78848,51116,62678,14643,25088,845883,802828,71178,68659,182822,176351,50064,78,96
2021-10-19T23:59:59+02:00,11069,10324,61016,57226,67435,63164,76186,77253,97383,99322,108568,107402,74434,80762,52260,64128,15111,26054,9407,8697,55990,52888,63433,58910,72395,72958,93335,94959,104861,103892,72698,78802,51098,62640,14636,25068,845150,801589,71154,68634,182819,176349,49999,78,96
2021-10-18T23:59:59+02:00,11022,10277,60937,57151,67351,63093,76125,77188,97332,99267,108526,107356,74418,80743,52254,64104,15107,26038,9354,8647,55874,52745,63306,58773,72303,72860,93251,94858,104803,103835,72657,78765,51071,62612,14625,25051,844419,800389,71129,68621,182819,176338,49946,78,96
2021-10-17T23:59:59+02:00,10994,10251,60890,57112,67313,63056,76094,77162,97292,99229,108515,107330,74408,80733,52250,64092,15103,26032,9298,8600,55780,52665,63226,58679,72237,72774,93195,94804,104763,103793,72630,78734,51059,62585,14619,25033,844044,799567,71124,68596,182813,176317,49898,78,96
2021-10-16T23:59:59+02:00,10990,10246,60884,57108,67304,63047,76087,77158,97285,99227,108514,107327,74407,80733,52250,64091,15103,26032,9291,8595,55776,52651,63220,58673,72232,72770,93192,94799,104761,103789,72629,78732,51059,62585,14619,25033,843998,799520,71120,68588,182813,176317,49885,78,96
2021-10-15T23:59:59+02:00,10952,10200,60791,57045,67243,62982,76025,77096,97233,99174,108475,107305,74396,80718,52248,64089,15101,26030,9243,8546,55656,52531,63143,58599,72163,72697,93123,94738,104713,103746,72612,78713,51049,62568,14618,25029,843373,798692,71099,68542,182813,176316,49841,78,96
2021-10-14T23:59:59+02:00,10904,10136,60682,56950,67178,62884,75960,77020,97169,99113,108438,107255,74381,80699,52237,64075,15097,26024,9137,8463,55489,52397,63026,58469,72093,72598,93017,94647,104653,103677,72577,78680,51027,62535,14608,25015,842595,797445,71078,68517,182803,176302,49748,78,96
2021-10-13T23:59:59+02:00,10847,10094,60591,56866,67113,62790,75891,76950,97108,99074,108386,107214,74361,80679,52223,64059,15094,26014,9070,8402,55354,52267,62923,58340,71996,72501,92939,94559,104575,103602,72539,78646,51007,62501,14597,24995,841840,796258,71064,68505,182800,176282,49672,78,96
2021-10-12T23:59:59+02:00,10788,10042,60483,56779,67013,62707,75822,76893,97063,99021,108347,107181,74337,80655,52215,64047,15088,26005,8995,8341,55221,52115,62814,58219,71910,72392,92882,94473,104502,103535,72499,78598,50983,62470,14592,24976,841052,795057,71054,68485,182797,176274,49605,78,96
2021-10-11T23:59:59+02:00,10734,9993,60383,56714,66922,62609,75744,76823,97000,98966,108293,107136,74311,80626,52198,64020,15073,25986,8934,8285,55098,51986,62688,58086,71831,72280,92804,94397,104426,103469,72453,78552,50954,62434,14579,24954,840217,793869,71033,68467,182789,176265,49513,78,96
2021-10-10T23:59:59+02:00,10704,9964,60322,56672,66862,62562,75703,76779,96967,98934,108265,107115,74299,80615,52195,64014,15068,25976,8882,8243,54997,51869,62595,57960,71745,72195,92730,94313,104365,103417,72422,78522,50933,62412,14573,24942,839801,792882,71024,68457,182783,176251,49429,78,96
2021-10-09T23:59:59+02:00,10703,9960,60312,56664,66849,62555,75697,76773,96961,98925,108259,107113,74299,80611,52195,64014,15068,25975,8870,8235,54979,51853,62584,57943,71734,72184,92723,94307,104357,103413,72419,78521,50933,62412,14573,24942,839739,792772,71018,68451,182782,176248,49415,78,96
2021-10-08T23:59:59+02:00,10652,9910,60216,56569,66775,62475,75637,76705,96911,98878,108224,107086,74289,80603,52188,64002,15063,25974,8828,8184,54876,51762,62507,57879,71666,72118,92674,94252,104329,103381,72411,78510,50926,62406,14571,24940,839043,792105,70992,68420,182780,176236,49363,78,96
2021-10-07T23:59:59+02:00,10588,9841,60064,56457,66682,62378,75549,76606,96834,98822,108160,107031,74263,80580,52177,63990,15056,25967,8720,8090,54744,51617,62402,57750,71555,72007,92585,94159,104243,103317,72359,78472,50902,62381,14559,24929,838081,790864,70979,68386,182779,176219,49227,78,95
2021-10-06T23:59:59+02:00,10532,9800,59925,56358,66596,62295,75469,76542,96773,98774,108113,106987,74243,80557,52160,63968,15053,25952,8645,8020,54603,51453,62308,57614,71459,71899,92481,94072,104154,103234,72321,78429,50877,62347,14549,24915,837231,789587,70967,68379,182777,176202,49117,78,95
2021-10-05T23:59:59+02:00,10465,9728,59787,56234,66495,62195,75388,76469,96696,98711,108066,106932,74221,80530,52151,63939,15047,25941,8558,7940,54420,51282,62191,57467,71346,71782,92372,93968,104083,103163,72267,78385,50853,62308,14541,24903,836281,788210,70952,68350,182774,176191,48983,78,95
2021-10-04T23:59:59+02:00,10404,9676,59635,56112,66353,62076,75283,76376,96596,98629,108002,106878,74199,80499,52131,63906,15043,25922,8483,7879,54246,51097,62075,57313,71213,71651,92289,93863,103983,103076,72232,78330,50809,62269,14531,24883,835154,786758,70939,68343,182769,176173,48853,78,95
2021-10-03T23:59:59+02:00,10361,9637,59580,56027,66283,62022,75223,76337,96564,98598,107968,106837,74187,80481,52122,63894,15042,25915,8425,7836,54128,50982,61991,57222,71127,71550,92223,93789,103917,102988,72198,78301,50790,62236,14524,24879,834643,785788,70934,68338,182757,176146,48739,78,95
2021-10-02T23:59:59+02:00,10355,9635,59570,56012,66266,62009,75212,76322,96559,98593,107966,106834,74186,80481,52121,63892,15042,25915,8420,7832,54114,50971,61979,57213,71124,71540,92219,93786,103915,102979,72195,78301,50789,62234,14523,24879,834559,785717,70924,68331,182757,176145,48725,78,95
2021-10-01T23:59:59+02:00,10300,9579,59412,55912,66186,61919,75131,76254,96505,98539,107907,106799,74170,80458,52110,63879,15041,25911,8358,7769,53997,50861,61922,57147,71077,71491,92163,93731,103880,102944,72182,78294,50784,62222,14521,24874,833712,785042,70905,68304,182755,176142,48634,78,95
2021-09-30T23:59:59+02:00,10226,9493,59268,55758,66049,61785,75027,76161,96396,98445,107816,106734,74141,80420,52095,63854,15037,25894,8278,7694,53848,50728,61821,57038,70983,71406,92077,93644,103807,102877,72146,78250,50763,62187,14521,24863,832568,784027,70876,68281,182751,176131,48397,78,95
2021-09-29T23:59:59+02:00,10148,9436,59117,55626,65930,61667,74940,76065,96296,98354,107751,106677,74103,80375,52087,63824,15032,25883,8199,7608,53691,50574,61707,56901,70886,71299,91982,93547,103711,102809,72095,78205,50738,62136,14514,24853,831533,782824,70848,68250,182748,176112,48174,78,95
2021-09-28T23:59:59+02:00,10062,9354,58978,55473,65764,61526,74835,75978,96189,98267,107668,106612,74051,80333,52067,63796,15025,25866,8124,7538,53545,50423,61568,56784,70791,71181,91905,93467,103635,102731,72055,78167,50715,62103,14510,24841,830365,781765,70835,68231,182744,176101,47891,78,95
2021-09-27T23:59:59+02:00,10002,9302,58823,55313,65622,61399,74742,75874,96084,98160,107577,106559,74005,80289,52048,63769,15019,25846,8058,7472,53393,50292,61441,56651,70699,71075,91802,93369,103548,102679,72007,78120,50694,62067,14503,24822,829315,780775,70811,68215,182739,176055,47552,78,95
2021-09-26T23:59:59+02:00,9960,9261,58737,55227,65537,61314,74683,75798,96019,98103,107530,106522,73979,80264,52037,63744,15012,25833,8011,7430,53294,50182,61352,56570,70621,70985,91733,93293,103493,102647,71978,78092,50672,62043,14497,24811,828673,780028,70794,68208,182722,176019,47354,78,95
2021-09-25T23:59:59+02:00,9951,9249,58720,55206,65521,61303,74672,75789,96012,98095,107521,106518,73979,80263,52036,63743,15012,25833,8010,7419,53269,50172,61338,56551,70608,70978,91727,93287,103482,102645,71978,78090,50672,62039,14497,24811,828592,779949,70787,68204,182720,176018,47307,78,95
2021-09-24T23:59:59+02:00,9899,9193,58610,55081,65423,61201,74580,75697,95924,98020,107462,106477,73951,80241,52028,63733,15011,25823,7956,7363,53162,50064,61262,56473,70535,70907,91656,93226,103409,102595,71952,78072,50661,62023,14492,24801,827700,779155,70770,68196,182714,176011,47152,78,95
2021-09-23T23:59:59+02:00,9807,9101,58372,54892,65247,61043,74455,75552,95778,97883,107353,106366,73907,80205,52008,63693,14999,25804,7889,7286,52981,49930,61142,56336,70418,70792,91536,93118,103316,102521,71916,78026,50643,61999,14479,24787,826285,778127,70717,68167,182710,175992,46734,78,95
2021-09-22T23:59:59+02:00,9724,9041,58185,54743,65084,60897,74340,75426,95650,97782,107253,106308,73864,80157,51982,63651,14979,25776,7814,7223,52837,49778,61018,56214,70327,70695,91444,93010,103253,102468,71874,77976,50612,61961,14465,24773,825026,777127,70695,68142,182702,175978,46400,78,95
2021-09-21T23:59:59+02:00,9654,8953,58037,54587,64937,60749,74201,75289,95512,97663,107161,106217,73830,80098,51965,63627,14971,25754,7721,7139,52689,49618,60899,56084,70226,70588,91339,92906,103158,102375,71835,77931,50586,61920,14456,24748,823739,775952,70679,68130,182698,175971,46070,78,95
2021-09-20T23:59:59+02:00,9593,8892,57899,54445,64778,60615,74082,75138,95385,97572,107072,106123,73768,80053,51939,63591,14958,25734,7664,7083,52572,49482,60776,55967,70117,70480,91239,92816,103081,102299,71782,77887,50562,61871,14449,24730,822531,774977,70665,68112,182691,175942,45731,78,95
2021-09-19T23:59:59+02:00,9541,8852,57782,54361,64671,60498,73994,75034,95313,97472,107010,106053,73752,80028,51926,63572,14956,25723,7627,7042,52464,49368,60685,55854,70024,70386,91172,92744,103003,102232,71750,77854,50541,61840,14444,24724,821754,774205,70646,68097,182679,175917,45440,78,95
2021-09-18T23:59:59+02:00,9524,8835,57755,54332,64636,60466,73966,75009,95297,97449,106999,106032,73749,80027,51923,63569,14956,25722,7618,7029,52434,49334,60654,55830,70003,70366,91152,92728,102991,102212,71747,77851,50541,61839,14443,24722,821530,774013,70636,68088,182679,175916,45382,78,95
2021-09-17T23:59:59+02:00,9437,8756,57582,54182,64506,60338,73842,74888,95191,97345,106915,105960,73714,79994,51911,63551,14949,25715,7555,6968,52267,49221,60530,55719,69911,70275,91069,92648,102918,102154,71714,77814,50526,61809,14434,24715,820376,773064,70592,68069,182677,175908,45111,78,95
2021-09-16T23:59:59+02:00,9359,8681,57372,54028,64329,60152,73662,74717,95040,97212,106759,105849,73644,79936,51888,63509,14942,25700,7491,6903,52103,49096,60387,55594,69784,70161,90958,92546,102813,102074,71669,77766,50505,61771,14427,24702,818900,772099,70573,68050,182654,175875,44631,78,95
2021-09-15T23:59:59+02:00,9266,8600,57166,53807,64147,59949,73482,74536,94894,97058,106614,105716,73584,79869,51844,63460,14932,25679,7432,6844,51944,48929,60260,55456,69658,70057,90855,92466,102707,101986,71623,77706,50471,61734,14417,24691,817143,771011,70555,68033,182650,175864,44233,78,95
2021-09-14T23:59:59+02:00,9158,8493,56976,53574,63965,59763,73333,74359,94762,96902,106488,105616,73511,79805,51815,63410,14916,25659,7357,6765,51774,48729,60106,55313,69536,69936,90747,92337,102613,101893,71572,77645,50443,61690,14409,24678,815381,769672,70544,68019,182629,175828,43929,77,95
2021-09-13T23:59:59+02:00,9096,8426,56762,53367,63809,59567,73174,74188,94614,96750,106354,105485,73458,79755,51776,63363,14896,25629,7311,6711,51612,48564,59982,55179,69453,69842,90628,92249,102519,101820,71528,77604,50415,61650,14399,24667,813694,768624,70533,68007,182614,175801,43606,77,95
2021-09-12T23:59:59+02:00,9050,8398,56638,53280,63718,59471,73096,74100,94541,96681,106290,105417,73430,79731,51762,63341,14891,25622,7264,6665,51478,48452,59880,55078,69376,69763,90553,92184,102446,101750,71491,77573,50400,61624,14394,24655,812966,767807,70516,67994,182597,175776,43356,77,93
2021-09-11T23:59:59+02:00,9044,8389,56622,53258,63699,59454,73083,74087,94533,96667,106285,105412,73429,79730,51762,63341,14891,25622,7257,6659,51459,48433,59859,55065,69360,69752,90543,92169,102443,101745,71486,77571,50400,61624,14394,24653,812886,767756,70507,67950,182594,175774,43299,77,93
2021-09-10T23:59:59+02:00,8972,8328,56462,53112,63583,59335,72978,73981,94415,96549,106209,105349,73392,79694,51747,63315,14887,25617,7225,6634,51333,48366,59794,55002,69300,69704,90479,92112,102407,101705,71465,77555,50391,61614,14390,24648,811766,767290,70474,67895,182588,175771,43075,77,93
2021-09-09T23:59:59+02:00,8901,8263,56263,52918,63417,59150,72819,73837,94265,96409,106085,105255,73333,79631,51716,63281,14883,25604,7159,6572,51146,48198,59639,54866,69167,69577,90358,92005,102293,101613,71422,77510,50362,61584,14384,24632,810404,766219,70453,67845,182569,175749,42581,76,93
2021-09-08T23:59:59+02:00,8815,8186,56082,52746,63265,58967,72672,73685,94103,96278,105991,105148,73268,79571,51688,63225,14878,25589,7083,6503,50971,48034,59514,54725,69043,69429,90232,91894,102208,101511,71366,77452,50339,61543,14380,24616,809000,765061,70426,67793,182533,175724,42172,76,93
2021-09-07T23:59:59+02:00,8727,8126,55926,52590,63148,58827,72555,73551,93999,96176,105886,105049,73216,79523,51661,63185,14870,25569,7005,6449,50802,47870,59383,54580,68916,69310,90126,91778,102108,101411,71318,77403,50317,61517,14375,24597,807752,763832,70420,67781,182529,175702,41857,76,93
2021-09-06T23:59:59+02:00,8665,8060,55780,52422,63008,58670,72446,73419,93896,96065,105804,104960,73164,79475,51630,63155,14859,25553,6939,6393,50653,47730,59244,54431,68802,69189,90045,91684,102012,101323,71269,77356,50295,61488,14368,24587,806530,762715,70394,67739,182497,175678,41583,76,93
2021-09-05T23:59:59+02:00,8636,8022,55713,52329,62943,58609,72398,73361,93850,96014,105776,104916,73143,79453,51620,63135,14852,25546,6889,6342,50563,47645,59179,54366,68738,69128,89999,91628,101969,101272,71249,77328,50282,61471,14362,24578,806009,762092,70385,67729,182475,175655,41419,76,93
2021-09-04T23:59:59+02:00,8629,8017,55693,52320,62933,58596,72390,73353,93843,96010,105773,104910,73142,79452,51620,63135,14852,25546,6885,6337,50549,47630,59164,54350,68733,69120,89991,91623,101965,101268,71248,77326,50281,61471,14362,24578,805946,762027,70382,67724,182474,175653,41384,76,93
2021-09-03T23:59:59+02:00,8563,7949,55561,52233,62861,58500,72310,73272,93765,95945,105703,104850,73112,79419,51601,63104,14845,25536,6826,6285,50434,47536,59085,54283,68674,69049,89930,91562,101901,101216,71220,77292,50260,61448,14359,24569,805027,761254,70375,67704,182465,175644,41234,76,93
2021-09-02T23:59:59+02:00,8467,7852,55371,52076,62736,58392,72216,73142,93644,95830,105598,104765,73055,79363,51569,63056,14834,25516,6731,6196,50211,47363,58940,54163,68569,68935,89798,91459,101784,101121,71163,77245,50236,61420,14352,24553,803887,760109,70330,67661,182451,175592,40784,76,93
2021-09-01T23:59:59+02:00,8391,7759,55218,51928,62604,58260,72128,73017,93551,95742,105520,104694,73017,79320,51546,63019,14827,25498,6645,6087,50036,47153,58816,54023,68489,68823,89695,91356,101678,101027,71123,77202,50211,61379,14345,24537,802771,758876,70306,67621,182437,175542,40494,76,92
2021-08-31T23:59:59+02:00,8283,7667,55054,51772,62496,58142,72047,72913,93464,95658,105435,104616,72973,79277,51524,62989,14817,25484,6530,5969,49828,46950,58696,53880,68372,68697,89597,91250,101569,100947,71079,77149,50191,61343,14333,24521,801679,757514,70298,67603,182427,175517,40175,76,92
2021-08-30T23:59:59+02:00,8207,7587,54880,51610,62384,58013,71932,72796,93339,95530,105317,104521,72923,79234,51507,62956,14796,25461,6433,5884,49631,46736,58570,53740,68272,68584,89480,91140,101456,100839,71028,77112,50164,61314,14319,24504,800495,756307,70258,67536,182395,175460,39811,76,92
2021-08-29T23:59:59+02:00,8165,7540,54788,51530,62322,57931,71864,72747,93285,95466,105270,104487,72903,79212,51492,62941,14790,25452,6379,5835,49513,46632,58479,53640,68202,68507,89423,91080,101395,100786,71004,77096,50150,61301,14313,24501,799959,755653,70256,67525,182385,175415,39551,76,92
2021-08-28T23:59:59+02:00,8147,7526,54750,51493,62291,57911,71835,72729,93267,95449,105256,104475,72898,79210,51490,62937,14790,25452,6373,5831,49476,46613,58453,53624,68179,68493,89403,91058,101388,100773,70998,77092,50148,61299,14313,24501,799750,755505,70255,67519,182383,175415,39484,76,92
2021-08-27T23:59:59+02:00,8062,7448,54567,51355,62179,57771,71737,72607,93143,95328,105145,104389,72853,79159,51467,62901,14778,25446,6338,5791,49352,46528,58374,53543,68097,68421,89323,90992,101331,100724,70963,77059,50134,61288,14311,24501,798428,754804,70250,67513,182371,175409,39252,76,92
2021-08-26T23:59:59+02:00,7998,7374,54411,51206,62063,57656,71638,72499,93039,95199,105038,104307,72811,79109,51444,62881,14773,25432,6288,5751,49189,46371,58255,53435,68000,68327,89218,90911,101262,100656,70922,77024,50110,61266,14306,24492,797380,753980,70239,67473,182361,175376,38862,76,92
2021-08-25T23:59:59+02:00,7934,7320,54266,51056,61951,57502,71531,72383,92929,95097,104937,104225,72755,79058,51416,62844,14760,25417,6219,5669,48993,46179,58127,53293,67882,68203,89100,90798,101164,100566,70865,76976,50084,61227,14300,24477,796367,752839,70213,67436,182350,175341,38414,76,92
2021-08-24T23:59:59+02:00,7822,7231,54125,50849,61824,57366,71422,72250,92812,94977,104832,104128,72702,79010,51381,62801,14752,25402,6137,5579,48775,45959,57989,53122,67772,68065,88998,90704,101072,100484,70827,76923,50059,61204,14296,24461,794955,751445,70196,67414,182340,175319,38158,76,90
2021-08-23T23:59:59+02:00,7759,7157,53954,50677,61695,57240,71308,72138,92685,94871,104733,104030,72650,78949,51347,62759,14745,25391,6077,5524,48594,45788,57867,52992,67664,67967,88893,90614,100983,100408,70787,76872,50032,61165,14292,24449,793757,750425,70166,67389,182325,175262,37802,76,90
2021-08-22T23:59:59+02:00,7731,7131,53869,50598,61642,57174,71268,72083,92642,94829,104688,104000,72631,78933,51338,62747,14744,25385,6039,5486,48475,45677,57776,52898,67589,67904,88823,90556,100940,100366,70757,76848,50017,61147,14289,24442,793325,749741,70158,67381,182305,175211,37606,75,90
2021-08-21T23:59:59+02:00,7725,7128,53844,50583,61624,57163,71252,72069,92629,94811,104677,103990,72626,78931,51338,62746,14744,25384,6035,5482,48454,45659,57756,52890,67570,67884,88804,90541,100930,100356,70755,76845,50017,61146,14289,24442,793253,749644,70116,67362,182301,175205,37554,75,90
2021-08-20T23:59:59+02:00,7694,7091,53752,50506,61549,57103,71181,72006,92564,94749,104625,103953,72601,78903,51326,62720,14735,25373,6010,5462,48362,45583,57681,52827,67503,67829,88747,90481,100871,100318,70732,76823,50010,61130,14280,24438,792707,749125,70044,67349,182298,175182,37342,75,89
2021-08-19T23:59:59+02:00,7628,7011,53619,50381,61405,56988,71063,71897,92450,94660,104529,103863,72552,78846,51296,62679,14726,25353,5983,5435,48225,45479,57561,52735,67412,67750,88654,90401,100772,100253,70699,76794,49990,61106,14276,24429,791668,748469,70007,67312,182281,175135,36949,75,89
2021-08-18T23:59:59+02:00,7553,6954,53477,50242,61278,56879,70950,71803,92341,94572,104427,103779,72494,78793,51261,62643,14716,25332,5949,5392,48109,45353,57440,52638,67317,67674,88538,90311,100697,100179,70655,76756,49971,61082,14270,24412,790669,747751,69977,67282,182270,175084,36537,75,89
2021-08-17T23:59:59+02:00,7470,6873,53314,50078,61174,56755,70833,71679,92234,94467,104320,103679,72441,78750,51233,62616,14708,25320,5899,5353,47917,45174,57309,52496,67193,67568,88406,90216,100590,100083,70599,76707,49945,61060,14263,24400,789579,746708,69955,67246,182265,175031,36104,75,89
2021-08-16T23:59:59+02:00,7396,6810,53184,49948,61078,56642,70731,71585,92142,94362,104227,103579,72398,78699,51203,62573,14700,25312,5875,5317,47777,45054,57198,52426,67096,67484,88309,90130,100506,99988,70556,76667,49921,61033,14256,24395,788708,746075,69907,67200,182250,174962,35663,75,88
2021-08-15T23:59:59+02:00,7345,6770,53105,49866,61007,56571,70666,71522,92083,94310,104171,103528,72361,78669,51194,62556,14696,25303,5854,5299,47671,44959,57105,52334,67026,67422,88231,90066,100450,99938,70518,76632,49905,61012,14251,24383,788220,745589,69893,67167,182236,174880,35333,75,87
2021-08-14T23:59:59+02:00,7323,6754,53032,49798,60959,56526,70631,71475,92046,94270,104132,103492,72340,78661,51185,62545,14694,25300,5778,5245,47435,44687,56937,52145,66872,67267,88096,89944,100335,99831,70469,76589,49894,60989,14247,24378,787737,743759,69887,67161,182236,174869,35262,75,87
2021-08-13T23:59:59+02:00,7282,6718,52921,49703,60873,56445,70579,71406,91970,94212,104082,103447,72317,78638,51173,62534,14692,25293,5550,5030,46932,44190,56694,51875,66642,67011,87824,89689,100138,99625,70382,76488,49855,60929,14241,24357,786980,740275,69882,67150,182236,174794,35146,75,87
2021-08-12T23:59:59+02:00,7251,6691,52823,49634,60815,56366,70504,71356,91900,94153,104020,103400,72283,78604,51159,62518,14690,25279,5330,4855,46435,43745,56419,51567,66384,66786,87566,89468,99798,99351,70272,76352,49801,60865,14230,24329,786546,737220,69856,67125,182220,174339,34783,75,86
2021-08-11T23:59:59+02:00,7184,6622,52657,49463,60686,56245,70420,71261,91791,94049,103921,103291,72222,78538,51128,62477,14684,25263,5053,4572,45757,43128,56045,51183,66125,66490,87271,89203,99462,98983,70132,76205,49742,60764,14219,24300,785362,733100,69835,67094,182211,173901,34453,75,86
2021-08-10T23:59:59+02:00,7107,6538,52459,49278,60539,56124,70311,71138,91665,93919,103799,103185,72169,78480,51097,62446,14676,25254,4831,4331,44802,42229,55373,50522,65630,66033,86808,88719,98972,98528,69932,76005,49649,60666,14199,24262,783997,726832,69826,67061,182203,173396,34116,75,86
2021-08-09T23:59:59+02:00,7063,6491,52348,49186,60462,56049,70255,71077,91597,93847,103728,103125,72126,78444,51091,62430,14672,25246,4591,4112,43796,41172,54656,49837,65155,65599,86361,88282,98458,98060,69752,75781,49568,60543,14174,24224,783430,720376,69757,67009,182191,172833,33817,75,86
2021-08-08T23:59:59+02:00,7017,6450,52283,49116,60422,56016,70215,71051,91540,93798,103675,103085,72106,78421,51077,62409,14666,25241,4576,4099,43740,41109,54596,49788,65085,65556,86286,88221,98389,98008,69726,75750,49547,60517,14166,24217,783138,720071,69750,66992,182177,172748,33479,75,86
2021-08-07T23:59:59+02:00,6978,6409,52172,48988,60344,55939,70159,70986,91471,93735,103625,103038,72089,78404,51068,62403,14666,25240,4264,3788,42774,40092,54044,49219,64653,65148,85909,87824,98067,97661,69582,75605,49491,60435,14149,24199,782346,713707,69746,66972,182177,172740,33401,75,84
2021-08-06T23:59:59+02:00,6935,6348,52039,48859,60270,55873,70094,70905,91391,93659,103565,102980,72065,78381,51057,62385,14664,25236,3955,3566,42092,39475,53797,48950,64426,64904,85672,87602,97840,97457,69498,75514,49449,60395,14143,24185,781478,710078,69741,66887,182175,172603,33268,75,84
2021-08-05T23:59:59+02:00,6824,6241,51784,48636,60094,55685,69952,70759,91231,93512,103423,102843,72004,78318,51029,62345,14651,25217,3762,3395,41258,38784,53281,48492,64056,64549,85213,87200,97215,96937,69311,75330,49383,60297,14124,24155,779855,705529,69688,66835,182140,171475,32819,75,84
2021-08-04T23:59:59+02:00,6735,6155,51590,48403,59947,55506,69843,70607,91095,93395,103305,102728,71943,78254,51003,62299,14640,25188,3388,3040,40412,38001,52910,48086,63735,64226,84841,86870,96801,96529,69146,75159,49306,60201,14107,24121,778448,700933,69652,66810,182127,170689,32363,75,84
2021-08-03T23:59:59+02:00,6662,6098,51420,48268,59821,55378,69749,70515,90993,93296,103207,102646,71889,78218,50983,62273,14632,25173,3258,2938,39410,37059,52107,47399,63191,63690,84323,86384,96087,95898,68903,74942,49214,60084,14086,24078,777404,694669,69643,66786,182120,169504,32008,75,84
2021-08-02T23:59:59+02:00,6614,6055,51284,48127,59729,55299,69665,70446,90938,93222,103126,102584,71848,78175,50962,62252,14625,25160,3089,2760,38140,35907,51144,46590,62474,63102,83718,85815,95286,95197,68649,74684,49126,59951,14066,24039,776703,687051,69595,66732,182091,168193,31677,74,84
2021-08-01T23:59:59+02:00,6572,6000,51113,47965,59576,55183,69573,70331,90828,93132,103038,102491,71806,78138,50940,62212,14620,25144,3065,2742,37955,35774,50982,46490,62340,63006,83540,85671,94834,94794,68531,74573,49085,59902,14055,24019,775649,686388,69566,66672,182073,166885,31329,74,84
2021-07-31T23:59:59+02:00,6529,5966,51018,47845,59520,55111,69523,70287,90789,93102,103011,102466,71795,78126,50932,62207,14620,25141,2661,2361,36347,34262,50072,45623,61807,62440,83035,85155,94354,94359,68344,74368,49006,59806,14037,23986,775037,677238,69562,66660,182073,166770,31271,74,84
2021-07-30T23:59:59+02:00,6493,5914,50868,47706,59435,55030,69454,70226,90717,93022,102955,102428,71778,78102,50923,62183,14617,25137,2385,2132,34895,32859,49099,44669,61075,61746,82351,84531,93670,93780,68109,74132,48901,59656,14018,23955,774273,667699,69537,66648,182067,166466,31066,74,84
2021-07-29T23:59:59+02:00,6378,5795,50438,47339,59217,54755,69262,70035,90529,92834,102792,102291,71702,78019,50890,62128,14602,25119,2308,2065,34159,32245,48471,44215,60668,61386,81924,84181,92896,93104,67912,73974,48838,59569,13998,23924,771948,663809,69483,66500,182024,164819,30625,74,84
2021-07-28T23:59:59+02:00,6306,5732,50185,47146,59084,54601,69134,69938,90398,92710,102683,102197,71646,77962,50863,62088,14593,25102,2284,2046,33833,31950,48147,43973,60434,61161,81742,84009,92656,92903,67838,73907,48805,59536,13985,23914,770632,662084,69447,66411,181997,164298,30247,74,83
2021-07-27T23:59:59+02:00,6253,5685,50024,47002,58941,54504,69040,69848,90296,92600,102576,102121,71601,77909,50833,62055,14585,25089,2143,1931,32364,30557,46871,42882,59594,60361,81134,83474,91628,92051,67560,73620,48717,59410,13953,23874,769725,653405,69420,66336,181973,162500,29800,73,83
2021-07-26T23:59:59+02:00,6230,5656,49905,46916,58842,54414,68960,69793,90209,92539,102510,102069,71560,77873,50811,62035,14579,25080,2009,1815,30994,29309,45553,41749,58489,59370,80420,82840,90459,91020,67249,73346,48627,59292,13928,23832,769190,644313,69350,66238,181935,160204,29463,72,83
2021-07-25T23:59:59+02:00,6210,5639,49792,46810,58753,54346,68896,69734,90144,92483,102448,102020,71527,77837,50791,62012,14575,25070,1993,1807,30784,29151,45278,41546,58224,59132,80142,82628,89491,90164,67042,73170,48557,59219,13916,23809,768774,643084,69339,66115,181908,157748,29023,71,83
2021-07-24T23:59:59+02:00,6175,5610,49674,46719,58684,54283,68848,69677,90098,92437,102407,101979,71522,77830,50788,62009,14574,25066,1735,1587,29195,27570,44137,40469,57528,58419,79524,82050,88846,89595,66862,72979,48487,59117,13902,23785,768164,633056,69330,66097,181900,157609,28943,71,82
2021-07-23T23:59:59+02:00,6090,5523,49497,46541,58589,54178,68738,69572,89992,92333,102317,101882,71486,77774,50767,61978,14570,25060,1506,1367,27503,26057,42877,39380,56594,57528,78831,81429,88140,88932,66593,72705,48408,59016,13881,23755,766780,622494,69326,65930,181880,157138,28858,71,82
2021-07-22T23:59:59+02:00,5950,5407,49201,46253,58390,53972,68567,69402,89806,92181,102159,101748,71419,77691,50725,61927,14559,25041,1422,1313,26682,25233,41967,38572,55649,56697,78083,80798,86470,87420,66218,72306,48297,58886,13850,23703,764834,613998,69281,65421,181846,155671,28394,71,82
2021-07-21T23:59:59+02:00,5673,5124,48668,45726,58085,53655,68337,69119,89526,91934,101891,101482,71290,77559,50666,61862,14550,25015,1390,1287,26426,25008,41542,38290,55201,56305,77709,80511,85659,86816,66048,72178,48241,58820,13832,23678,761221,612005,69254,65144,181824,153890,27820,71,82
2021-07-20T23:59:59+02:00,5596,5049,48385,45447,57912,53446,68163,68971,89346,91779,101725,101338,71214,77491,50627,61815,14541,24987,1299,1202,25249,23863,40251,37254,53859,55096,76801,79733,84293,85468,65741,71835,48132,58684,13804,23632,759537,601597,69247,64983,181779,152308,27226,71,82
2021-07-19T23:59:59+02:00,5516,4963,48061,45123,57687,53237,67997,68766,89159,91599,101576,101177,71141,77409,50584,61764,14532,24958,1218,1140,24423,23024,38938,36136,52124,53596,75525,78672,83179,84485,65447,71578,48032,58566,13779,23592,757731,591533,69237,64834,181751,150518,26487,71,82
2021-07-18T23:59:59+02:00,5508,4962,47984,45064,57588,53157,67921,68689,89062,91531,101502,101109,71104,77367,50559,61732,14530,24946,1203,1134,24280,22923,38665,35913,51786,53297,75272,78474,82273,83714,65255,71399,47977,58494,13774,23570,757435,590452,69212,64670,181711,148285,25914,71,82
2021-07-17T23:59:59+02:00,5481,4925,47885,44987,57514,53096,67857,68632,89002,91468,101457,101090,71095,77352,50554,61725,14530,24945,1009,946,22899,21467,37284,34611,50538,52101,74664,77915,81637,83116,65125,71251,47910,58432,13765,23550,756868,579575,69207,64643,181702,148145,25775,71,82
2021-07-16T23:59:59+02:00,5378,4846,47643,44756,57386,52986,67736,68518,88863,91371,101350,100987,71048,77301,50531,61706,14524,24939,813,784,21649,20233,35990,33372,49079,50780,73653,76980,80935,82454,64904,71028,47828,58331,13746,23518,755401,567952,69205,64578,181695,147940,25525,71,82
2021-07-15T23:59:59+02:00,5235,4717,47242,44435,57176,52793,67541,68331,88648,91171,101161,100819,70950,77199,50482,61632,14515,24910,754,741,21045,19730,35056,32668,47840,49827,72464,76060,78774,80318,64304,70427,47686,58152,13727,23455,753335,558581,69187,63538,181650,146090,24737,71,82
2021-07-14T23:59:59+02:00,4863,4392,46651,43859,56942,52526,67336,68127,88434,90927,100945,100621,70842,77089,50414,61549,14503,24886,736,724,20842,19584,34791,32509,47465,49523,71924,75668,78104,79781,63980,70147,47603,58069,13704,23419,749884,556754,69168,63348,181597,144182,24209,71,80
2021-07-13T23:59:59+02:00,4772,4312,46454,43704,56779,52365,67173,67977,88278,90799,100798,100493,70769,77026,50376,61502,14499,24870,707,685,20282,19046,33759,31687,45840,48065,70152,73999,76495,78219,63603,69755,47473,57898,13675,23367,748519,545793,69151,62572,181523,142557,23705,71,80
2021-07-12T23:59:59+02:00,4707,4233,46268,43512,56625,52221,67018,67851,88107,90662,100642,100355,70694,76938,50338,61446,14492,24852,683,664,19810,18614,32965,31063,44178,46608,67771,71923,74599,76712,63073,69169,47329,57735,13646,23315,747245,534676,69127,62004,181423,139980,23117,71,80
2021-07-11T23:59:59+02:00,4702,4230,46197,43457,56560,52171,66964,67812,88044,90608,100570,100294,70657,76895,50328,61431,14489,24838,675,659,19600,18470,32612,30812,43727,46230,67312,71562,73817,76015,62672,68790,47258,57646,13630,23282,747088,532870,69115,61679,181357,137504,22636,71,80
2021-07-10T23:59:59+02:00,4576,4095,45910,43150,56375,51972,66817,67637,87910,90469,100468,100187,70601,76838,50307,61404,14486,24829,643,627,19038,17920,31668,29954,41978,44647,65827,70279,73181,75395,62505,68638,47205,57594,13623,23268,744988,522252,69109,61664,181345,137456,22538,71,80
2021-07-09T23:59:59+02:00,4447,3977,45639,42897,56210,51774,66654,67472,87757,90303,100332,100082,70548,76765,50270,61363,14481,24817,596,578,18453,17350,30700,28991,40022,42715,63534,68153,72021,74255,62230,68312,47129,57468,13605,23242,742931,508566,69093,61284,181339,137050,22374,71,80
2021-07-08T23:59:59+02:00,4418,3951,45498,42785,56084,51651,66525,67371,87629,90181,100212,99983,70493,76712,50249,61325,14470,24803,549,534,17514,16552,29300,27955,38302,41261,61402,66328,68656,71099,61331,67337,46884,57123,13560,23146,742202,493305,69034,59206,181268,134463,21779,71,80
2021-07-07T23:59:59+02:00,4406,3945,45431,42743,55997,51596,66438,67327,87573,90142,100168,99932,70476,76689,50239,61307,14466,24793,471,481,16557,15702,27913,26939,36775,40027,59780,64870,65421,67621,60310,66291,46645,56800,13510,23073,741887,478001,68987,57290,181216,132306,21509,71,80
2021-07-06T23:59:59+02:00,4354,3897,45286,42612,55863,51454,66333,67218,87466,90049,100085,99847,70437,76628,50221,61280,14463,24779,404,417,15791,14967,26833,26033,34927,38313,56377,61843,62763,65158,59552,65500,46371,56465,13470,22970,740745,460103,68964,56465,181159,130170,21336,70,80
2021-07-05T23:59:59+02:00,4291,3852,45101,42437,55711,51349,66206,67106,87346,89955,99997,99749,70374,76564,50199,61252,14460,24763,370,365,15128,14348,25883,25221,33691,37178,53280,58866,59987,62691,58711,64683,46116,56153,13425,22892,739540,444022,68920,56112,181081,127674,21102,70,78
2021-07-04T23:59:59+02:00,4283,3845,45052,42403,55642,51312,66160,67077,87306,89923,99965,99721,70350,76543,50193,61237,14454,24752,351,345,14924,14144,25438,24860,33086,36649,52615,58337,58999,61828,58043,64049,45932,55948,13406,22842,739336,439928,68886,55909,181011,124965,20916,70,78
2021-07-03T23:59:59+02:00,4064,3665,44520,41842,55322,50936,65864,66796,87057,89663,99765,99523,70277,76471,50170,61191,14450,24740,333,329,14634,13821,25080,24503,32109,35728,50870,56787,58131,61091,57869,63851,45864,55863,13394,22817,735533,431347,68867,55890,181005,124917,20842,70,78
2021-07-02T23:59:59+02:00,3753,3378,43868,41245,54995,50594,65576,66491,86784,89413,99530,99298,70174,76357,50118,61121,14444,24723,306,292,14216,13374,24377,23884,30949,34661,48236,54616,55991,59303,57471,63420,45704,55703,13378,22780,731193,418815,68846,54837,180992,124180,20763,69,66
2021-07-01T23:59:59+02:00,3615,3268,43513,40894,54791,50416,65416,66327,86627,89271,99375,99178,70105,76289,50087,61087,14437,24708,262,251,13524,12695,23073,22796,29269,33146,46217,52870,53493,57022,56045,61847,45209,55086,13304,22652,729052,405276,68779,52518,180943,120340,20562,69,65
2021-06-30T23:59:59+02:00,3604,3251,43248,40698,54609,50278,65294,66224,86536,89207,99303,99126,70077,76265,50075,61065,14433,24697,200,212,12781,12095,21909,21894,27678,31774,44364,51153,49856,53056,54710,60508,44853,54645,13248,22523,727896,389508,68723,50612,180923,116894,20380,69,65
2021-06-29T23:59:59+02:00,3389,3031,42330,39869,53999,49669,64853,65784,86120,88753,98954,98798,69952,76116,50018,60994,14413,24666,171,160,12183,11494,21106,21124,26305,30567,41740,48738,47981,51506,53736,59399,44445,54109,13153,22370,721898,377460,68669,49085,180907,113513,20166,69,63
2021-06-28T23:59:59+02:00,3171,2847,41374,38877,53330,49016,64388,65389,85738,88359,98621,98454,69812,75955,49953,60894,14395,24642,128,128,11682,11045,20443,20535,25336,29668,39646,46794,46352,50137,52632,58353,44084,53603,13073,22247,715728,367968,68555,48046,180896,109841,19968,69,63
2021-06-27T23:59:59+02:00,3166,2844,41337,38841,53281,48977,64346,65352,85685,88323,98568,98426,69792,75941,49944,60880,14390,24639,110,111,11489,10852,20118,20221,24757,29106,38619,45940,45186,49045,51601,57340,43649,53095,12991,22104,715499,363367,68525,47602,180860,105522,19780,69,63
2021-06-26T23:59:59+02:00,2684,2370,39945,37481,52560,48238,63794,64788,85197,87803,98143,97993,69602,75765,49871,60776,14371,24616,100,100,11374,10749,19950,20067,24557,28889,38142,45501,44816,48691,51487,57195,43602,53046,12986,22090,706804,360412,68496,47597,180860,105501,19769,69,63
2021-06-25T23:59:59+02:00,2279,2034,39101,36675,52207,47878,63465,64463,84917,87491,97894,97727,69498,75648,49824,60714,14357,24594,76,82,11073,10438,19568,19639,24025,28264,35458,43192,42628,46774,51148,56815,43503,52914,12962,22059,701749,348824,68359,47150,180853,104844,19737,69,63
2021-06-24T23:59:59+02:00,2225,1981,38611,36215,51858,47554,63244,64248,84681,87296,97708,97570,69416,75582,49789,60668,14351,24579,63,59,10478,9855,18504,18751,22597,27009,33354,41350,40192,44479,49665,55160,42932,52212,12845,21856,698800,335921,68329,44550,180832,101282,19547,69,61
2021-06-23T23:59:59+02:00,2212,1957,38379,35987,51690,47382,63126,64136,84580,87198,97631,97485,69385,75551,49769,60647,14347,24567,36,33,10023,9420,17875,18190,21663,26145,31412,39712,36227,40006,48365,53796,42546,51704,12763,21689,697552,320354,68292,43918,180816,97969,19303,67,61
2021-06-22T23:59:59+02:00,2133,1896,37392,35063,50936,46703,62641,63687,84205,86786,97264,97172,69235,75408,49702,60566,14334,24534,13,18,9556,8990,17002,17497,20434,25061,28284,36950,33922,38123,47407,52820,42136,51144,12622,21454,691399,308168,68245,41174,180803,94887,19144,67,60
2021-06-21T23:59:59+02:00,1986,1757,36046,33852,49915,45837,61918,63022,83707,86314,96824,96765,69064,75237,49636,60471,14323,24499,9,11,9238,8697,16540,17133,19808,24579,26537,35384,32382,36829,46351,51739,41683,50592,12516,21262,683456,300797,68211,40531,180788,91249,18653,66,60
2021-06-20T23:59:59+02:00,1975,1748,35958,33799,49765,45709,61774,62881,83626,86253,96750,96702,69030,75209,49621,60453,14323,24487,8,10,9088,8594,16322,16961,19492,24318,25720,34731,31441,35873,46155,51536,41652,50540,12507,21241,682788,297006,68167,39935,180770,90915,18273,66,60
2021-06-19T23:59:59+02:00,1607,1448,34349,32252,48866,44893,61289,62376,83156,85778,96344,96350,68883,75043,49555,60372,14308,24463,7,9,9047,8521,16218,16838,19373,24164,25615,34573,31311,35729,46059,51440,41634,50515,12503,21231,674103,295665,68148,39932,180763,90877,18253,66,60
2021-06-18T23:59:59+02:00,1409,1274,32710,30672,47658,43704,60348,61456,82349,85029,95731,95773,68664,74821,49466,60234,14292,24433,7,9,8973,8434,16057,16681,19183,23970,25362,34332,31025,35408,45762,51092,41548,50438,12490,21217,662983,293460,68013,39814,180762,90455,18200,66,59
2021-06-17T23:59:59+02:00,1334,1216,31790,29838,46795,43000,59541,60605,81605,84380,95319,95391,68523,74676,49424,60156,14278,24404,7,9,8434,8068,15365,16126,18351,23138,24253,33204,29546,34048,44434,49585,41062,49828,12370,21028,656065,284506,67897,38983,180731,87793,17517,66,57
2021-06-16T23:59:59+02:00,1251,1152,31101,29142,45991,42250,58622,59726,80826,83608,94895,95012,68388,74516,49366,60064,14258,24377,7,8,7945,7745,14743,15606,17568,22412,23112,32243,28366,32934,42533,47460,40510,49247,12262,20842,649006,274731,67770,38380,180712,85384,16992,66,56
2021-06-15T23:59:59+02:00,1109,1033,29214,27370,44243,40736,57028,58093,79439,82287,94134,94339,68100,74222,49252,59907,14225,24312,7,6,7774,7619,14429,15364,17201,22108,22590,31856,27826,32503,41593,46441,40123,48819,12138,20621,634082,271638,67721,37873,180673,82949,16502,66,56
2021-06-14T23:59:59+02:00,1016,919,27669,25907,42635,39219,55375,56443,78338,81174,93439,93710,67851,73979,49158,59784,14205,24268,6,5,7592,7445,14051,15026,16670,21661,21896,31272,27143,31909,41206,46018,39739,48365,12007,20416,620854,268945,67663,37457,180644,80106,15864,65,55
2021-06-13T23:59:59+02:00,992,894,27468,25727,42250,38881,54825,55916,77991,80864,93246,93520,67761,73899,49121,59725,14190,24243,6,5,7451,7277,13777,14732,16280,21260,21463,30778,26603,31404,40808,45613,39272,47797,11827,20128,618134,266840,67521,37384,180616,77024,15178,65,55
2021-06-12T23:59:59+02:00,863,780,25959,24143,41098,37809,54151,55183,77462,80369,92695,92995,67605,73722,49053,59648,14177,24222,6,5,7403,7227,13650,14620,16145,21145,21280,30628,26481,31298,40790,45596,39262,47786,11827,20127,608633,266043,67515,37382,180610,76683,15113,64,55
2021-06-11T23:59:59+02:00,750,671,24348,22629,39749,36621,52923,53973,76492,79518,92120,92419,67371,73488,48991,59540,14158,24187,6,5,7348,7134,13474,14428,15925,20948,21006,30368,26207,31037,40484,45220,39177,47671,11809,20098,596900,264133,67434,37236,180601,75971,14950,64,55
2021-06-10T23:59:59+02:00,648,582,23351,21627,38530,35444,51315,52469,75172,78322,90511,90872,67015,73092,48865,59366,14133,24133,6,5,7066,6911,12945,13993,15280,20375,20243,29617,25409,30358,39778,44358,38823,47252,11694,19913,584013,260652,66942,37201,180550,72239,13879,64,55
2021-06-09T23:59:59+02:00,578,532,22899,21241,37869,34923,50209,51424,73926,77129,89917,90367,66889,72946,48814,59280,14118,24102,6,5,6794,6602,12354,13388,14491,19560,19324,28594,24422,29195,37210,41437,38256,46608,11544,19675,576844,250322,66483,37128,180513,68700,13260,64,55
2021-06-08T23:59:59+02:00,472,421,21382,19791,36267,33556,48094,49462,71788,75192,88443,88886,66573,72562,48678,59119,14085,24058,6,5,6662,6430,11966,13010,14002,19071,18719,27989,23860,28657,36923,41181,37965,46241,11436,19518,559491,248650,66203,37047,180481,65299,12591,64,54
2021-06-07T23:59:59+02:00,356,327,20377,18824,34724,32224,45821,47439,69651,73308,87465,88038,66349,72294,48604,58984,14065,24021,6,5,6507,6269,11541,12654,13458,18587,17990,27402,23224,28059,36603,40877,37545,45760,11323,19319,544314,246645,66027,36978,180427,61412,12040,64,54
2021-06-06T23:59:59+02:00,333,306,20196,18676,34330,31940,45213,46867,69030,72822,87252,87872,66292,72232,48592,58957,14058,24009,6,5,6376,6096,11214,12240,13026,18013,17348,26590,22526,27250,36136,40401,37062,45207,11166,19049,541192,244189,65701,36924,180380,56904,11641,64,53
2021-06-05T23:59:59+02:00,261,241,18956,17418,33013,30729,43988,45692,68454,72303,86719,87362,66201,72130,48544,58909,14051,23997,6,5,6324,6012,11109,12073,12898,17834,17175,26380,22355,27055,36070,40322,37040,45183,11164,19044,531222,243573,65700,36511,180364,56294,11619,64,52
2021-06-04T23:59:59+02:00,180,171,17769,16272,31708,29444,42435,44193,67113,70986,85912,86609,66014,71918,48469,58817,14035,23968,6,5,6220,5873,10928,11862,12682,17577,16819,25995,21834,26614,35176,39464,36724,44883,11147,19022,518414,241719,65634,36183,180357,53333,11545,64,51
2021-06-03T23:59:59+02:00,125,118,17132,15701,30722,28615,40973,42893,65334,69452,83664,84327,65589,71463,48341,58655,14017,23930,6,5,6047,5662,10616,11506,12362,17108,16362,25331,21281,26030,34508,38670,36549,44679,11114,18972,504628,239365,64933,35795,180318,50490,11109,64,49
2021-06-02T23:59:59+02:00,96,75,16790,15392,30408,28349,40305,42270,63743,68058,82724,83525,65447,71298,48281,58574,14014,23915,6,4,5929,5569,10436,11344,12129,16890,16066,25021,20931,25631,31259,35045,36321,44457,11085,18919,497113,230644,64930,35462,180316,50045,10842,64,49
2021-06-01T23:59:59+02:00,38,40,16003,14725,28906,27247,37937,40206,60168,64877,80294,81204,65095,70933,48153,58384,13980,23862,6,4,5655,5293,9909,10914,11588,16293,15394,24223,20196,24868,30917,34746,36124,44279,11056,18857,478753,229170,63370,34956,180251,46534,9615,63,47
2021-05-31T23:59:59+02:00,30,32,15441,14251,27963,26542,35979,38542,56726,61846,78261,79501,64762,70576,48009,58209,13948,23810,6,3,5491,5089,9499,10548,11156,15807,14854,23535,19568,24161,30631,34491,35939,44086,11021,18800,462982,228472,62645,34568,180186,43046,8552,63,47
2021-05-30T23:59:59+02:00,28,29,15297,14122,27675,26305,35528,38131,56012,61229,77938,79226,64700,70518,47984,58174,13944,23799,6,3,5389,4894,9170,10186,10743,15318,14398,22731,19032,23385,29949,33772,35712,43894,10999,18737,459993,227997,62206,34486,180139,37555,8238,63,42
2021-05-29T23:59:59+02:00,26,28,14900,13730,26826,25495,33771,36543,54529,59931,77347,78661,64550,70367,47931,58121,13937,23785,6,3,5356,4821,9101,10069,10648,15197,14286,22579,18898,23244,29920,33749,35706,43886,10998,18734,449875,227495,62173,34486,180135,36946,8232,63,42
2021-05-28T23:59:59+02:00,23,27,14495,13334,26012,24752,31923,34783,52360,57923,76296,77665,64345,70115,47879,58044,13927,23762,6,3,5271,4707,8922,9924,10488,15022,14121,22339,18685,22940,29850,33699,35689,43869,10997,18729,437935,226806,61704,34479,180044,36016,7919,63,41
2021-05-27T23:59:59+02:00,19,22,13866,12867,24941,24031,30669,33855,50747,56545,73193,74681,63902,69576,47745,57882,13904,23706,6,3,5158,4474,8588,9583,10082,14584,13672,21702,18176,22339,29625,33493,35578,43755,10976,18700,425770,226138,59739,34407,179413,32741,7167,62,41
2021-05-26T23:59:59+02:00,18,20,13381,12447,24026,23383,29743,33151,49658,55618,70233,71486,63287,68963,47610,57712,13873,23660,6,3,5070,4312,8332,9268,9776,14193,13313,21099,17742,21737,29428,33325,35480,43649,10949,18648,414940,225512,57556,34288,178914,29692,6797,62,41
2021-05-25T23:59:59+02:00,18,15,13042,12150,23445,22977,28687,32287,47056,53376,67971,69359,62935,68597,47496,57563,13855,23606,6,3,4990,4191,8115,9004,9522,13815,13000,20576,17353,21183,29266,33167,35396,43543,10922,18593,403078,224936,56487,34205,178290,26947,6518,62,39
2021-05-24T23:59:59+02:00,17,14,12742,11869,22942,22596,28064,31832,44437,50943,65509,67166,62625,68298,47385,57437,13819,23549,6,3,4919,4082,7864,8770,9199,13429,12670,20061,16964,20621,29120,33026,35321,43471,10898,18545,391413,224338,55998,34139,177620,24302,6151,62,39
2021-05-23T23:59:59+02:00,17,14,12680,11802,22845,22511,27984,31752,44178,50715,64920,66617,62545,68210,47360,57419,13817,23547,6,3,4898,4067,7828,8738,9137,13394,12589,19997,16884,20562,29110,33010,35317,43463,10898,18543,389204,224038,55917,34131,177606,24093,6145,61,37
2021-05-22T23:59:59+02:00,17,14,12456,11564,22527,22203,26978,30863,42342,49138,64064,65875,62382,68019,47294,57327,13807,23523,6,3,4882,4012,7800,8672,9093,13327,12557,19910,16854,20492,29099,33000,35313,43457,10897,18542,380711,223943,55906,34131,177601,23691,6114,61,37
2021-05-21T23:59:59+02:00,17,13,12154,11310,21950,21755,26159,30170,39954,47245,62089,64205,62119,67745,47210,57239,13792,23497,6,3,4863,3984,7744,8585,9026,13239,12480,19816,16778,20405,29083,32974,35306,43446,10895,18541,370261,223741,54848,34116,177411,23238,6042,61,37
2021-05-20T23:59:59+02:00,16,13,11545,10738,20825,20855,25004,29142,38447,45967,59739,62130,61299,66845,47009,56977,13758,23441,6,3,4588,3807,7341,8298,8581,12841,12025,19303,16355,19881,28962,32875,35255,43390,10891,18531,359748,223324,52492,34005,176126,20244,5323,61,37
2021-05-19T23:59:59+02:00,16,13,11100,10424,20038,20298,24153,28539,37541,45281,56502,58489,60607,66141,46901,56843,13735,23394,6,3,4435,3649,7085,8051,8301,12509,11690,18869,15982,19459,28862,32762,35212,43314,10880,18516,349249,222827,50873,33886,174997,18000,4836,60,36
2021-05-18T23:59:59+02:00,16,13,10773,10139,19454,19847,23495,27972,36129,44048,55081,57354,60233,65714,46771,56682,13710,23368,6,3,4330,3522,6838,7814,8036,12223,11453,18463,15633,19023,28775,32668,35182,43272,10876,18509,343830,222523,49015,33803,173518,15888,4376,60,36
2021-05-17T23:59:59+02:00,15,12,10553,9963,19015,19556,23058,27659,34929,43057,53764,56312,59981,65466,46707,56583,13694,23334,6,3,4260,3436,6630,7595,7784,11929,11196,18068,15320,18615,28680,32578,35157,43230,10870,18495,339740,222216,48021,33734,171998,14025,3841,58,36
2021-05-16T23:59:59+02:00,15,11,10362,9833,18722,19352,22723,27417,34288,42595,52525,55141,59788,65300,46670,56529,13683,23314,6,3,4192,3361,6413,7430,7495,11674,10925,17713,15024,18250,28614,32516,35141,43212,10863,18491,337295,221957,47138,33672,170384,12264,3394,57,36
2021-05-15T23:59:59+02:00,15,11,10266,9733,18569,19204,22552,27271,33905,42228,52128,54761,59672,65153,46622,56483,13680,23298,6,3,4151,3325,6328,7363,7401,11571,10823,17593,14919,18119,28520,32398,35047,43120,10859,18486,334889,220863,47137,33669,170250,12245,3219,56,36
2021-05-14T23:59:59+02:00,14,11,9983,9531,18140,18964,22149,26981,31558,40448,49978,52903,59450,64924,46574,56397,13663,23277,6,3,4023,3243,6040,7197,7094,11345,10475,17240,14570,17791,27946,31692,34924,42928,10840,18458,325730,217558,47084,33663,169639,12121,2437,55,36
2021-05-13T23:59:59+02:00,14,11,9519,9164,17343,18397,21280,26297,30439,39457,47729,50732,58600,63947,46363,56113,13624,23203,6,3,3524,3050,5699,6942,6781,11034,10062,16850,14194,17353,27041,30492,34497,42406,10809,18398,317218,212939,45220,33105,167612,10932,2129,53,36
2021-05-12T23:59:59+02:00,14,11,9229,8971,16908,18137,20803,26006,29908,39072,44729,47084,58026,63305,46279,55999,13606,23178,6,3,3385,2962,5466,6831,6500,10887,9780,16641,13956,17086,26393,29668,34331,42213,10783,18364,308017,209904,44403,33079,167319,10763,1473,53,36
2021-05-11T23:59:59+02:00,14,11,8795,8697,16135,17617,19936,25385,28169,37627,42790,45578,57649,62856,46195,55864,13585,23150,6,3,3263,2833,5232,6488,6202,10473,9413,16081,13517,16525,24969,27997,33820,41585,10732,18276,302511,203916,41348,32895,164836,9263,1305,53,36
2021-05-10T23:59:59+02:00,14,10,8534,8545,15622,17360,19305,25062,27175,36935,41328,44430,57381,62581,46116,55759,13564,23119,6,2,3153,2706,5002,6249,5946,10149,9087,15603,13152,16100,23920,26665,33331,41000,10696,18218,299195,199255,40441,32865,162164,7841,988,52,36
2021-05-09T23:59:59+02:00,14,10,8378,8460,15318,17176,18923,24803,26505,36505,39545,42762,57084,62302,46060,55701,13556,23099,6,2,3032,2650,4821,6107,5776,9973,8887,15395,12981,15925,23643,26331,33185,40826,10686,18203,296213,198049,40060,32821,159166,6811,712,50,36
2021-05-08T23:59:59+02:00,14,10,8302,8387,15135,17030,18714,24603,26276,36264,39308,42566,56957,62151,46022,55664,13553,23088,6,2,3024,2629,4790,6071,5732,9927,8810,15328,12894,15855,23272,25903,32899,40512,10678,18187,294636,196858,39605,32105,159042,6808,712,49,36
2021-05-07T23:59:59+02:00,13,10,8132,8288,14806,16845,18321,24366,25849,35975,38848,42184,56681,61796,45973,55616,13546,23078,6,2,2725,2494,4441,5884,5461,9667,8494,15016,12498,15457,22172,24522,32248,39676,10650,18137,292083,193381,39172,30604,158708,5215,316,48,34
2021-05-06T23:59:59+02:00,12,10,7483,7930,13907,16240,17262,23509,24500,34861,36701,40517,55552,60475,45729,55310,13511,23011,6,2,2599,2382,4267,5686,5249,9360,8149,14575,12064,15000,20863,22845,31395,38665,10596,18023,281421,187752,37886,29642,156886,4021,279,48,32
2021-05-05T23:59:59+02:00,10,10,6947,7622,13121,15694,16217,22745,23112,33832,34870,39023,53706,58432,45408,54964,13477,22945,6,2,2513,2325,4091,5530,5057,9148,7800,14234,11693,14640,19471,21061,30198,37246,10556,17920,269942,181606,36959,28464,155086,3289,100,48,32
2021-05-04T23:59:59+02:00,10,9,6758,7530,12751,15517,15725,22472,22465,33486,33906,38320,52852,57469,45285,54837,13459,22904,6,2,2459,2255,3936,5358,4880,8894,7456,13823,11267,14179,17818,19127,29095,35911,10460,17800,266150,174765,36088,27523,153423,2360,47,47,31
2021-05-03T23:59:59+02:00,10,8,6612,7381,12372,15296,15214,22158,21752,33078,32751,37428,52549,57149,45189,54728,13444,22872,6,2,2399,2187,3842,5178,4739,8659,7237,13474,10947,13771,16613,17628,28214,34806,10395,17692,262834,169181,35625,27173,151451,1369,35,46,31
2021-05-02T23:59:59+02:00,10,8,6532,7290,12158,15125,14912,21923,21273,32757,31598,36478,52265,56859,45127,54637,13426,22841,6,2,2384,2180,3820,5145,4708,8623,7170,13403,10861,13677,16300,17232,27916,34501,10383,17678,260390,167605,35550,27059,149200,1262,34,45,29
2021-05-01T23:59:59+02:00,10,8,6514,7265,12094,15074,14831,21860,21170,32685,31471,36381,52259,56844,45123,54636,13424,22839,6,2,2381,2172,3796,5128,4667,8599,7132,13366,10800,13621,16102,17009,27801,34364,10380,17668,259811,166639,35549,27032,149049,1260,34,45,29
2021-04-30T23:59:59+02:00,10,8,6476,7227,12001,14980,14725,21739,20974,32497,31230,36189,51988,56484,45078,54583,13418,22827,6,2,2352,2151,3734,5066,4570,8488,6982,13184,10521,13356,15286,15983,26931,33291,10339,17580,258022,163428,35505,25141,148829,1191,33,45,29
2021-04-29T23:59:59+02:00,10,8,6271,7100,11680,14793,14366,21498,20452,32206,30475,35696,51339,55656,44987,54464,13392,22747,6,2,2314,2105,3642,4977,4446,8352,6790,12964,10243,13066,14310,14748,25623,31739,10276,17483,254823,157710,35409,24389,146831,928,32,45,27
2021-04-28T23:59:59+02:00,10,8,6008,6935,11298,14449,13870,21031,19807,31601,29306,34561,48671,52647,44693,54139,13329,22669,6,2,2276,2063,3572,4914,4330,8237,6628,12781,9991,12847,13164,13266,24131,29858,10214,17380,244851,151722,35282,23184,144837,711,18,44,25
2021-04-27T23:59:59+02:00,10,8,5905,6844,11142,14325,13668,20865,19520,31387,28742,34173,48462,52423,44637,54085,13320,22647,6,2,2234,2028,3481,4821,4237,8128,6463,12595,9707,12571,11946,11698,22471,27697,10135,17234,243451,144880,35235,21999,143416,534,18,43,23
2021-04-26T23:59:59+02:00,10,8,5856,6802,11019,14257,13505,20739,19291,31175,27904,33604,48124,52052,44583,54019,13311,22618,6,2,2212,2001,3426,4776,4174,8061,6359,12462,9519,12395,11028,10538,21190,25934,10074,17143,242700,139590,35207,21249,140910,423,18,42,20
2021-04-25T23:59:59+02:00,10,8,5811,6755,10912,14159,13341,20581,19041,30888,27141,32862,47627,51541,44499,53922,13297,22598,6,2,2187,1991,3394,4756,4155,8040,6326,12420,9461,12334,10866,10344,20948,25610,10064,17129,240976,138733,35162,20897,138796,365,18,41,20
2021-04-24T23:59:59+02:00,10,8,5789,6707,10831,14065,13241,20435,18906,30708,26977,32677,47524,51418,44406,53826,13293,22593,6,2,2180,1980,3369,4728,4117,7993,6255,12348,9330,12217,10709,10163,20814,25479,10048,17111,239474,138209,35144,20256,138737,346,18,41,20
2021-04-23T23:59:59+02:00,10,8,5728,6618,10697,13865,13035,20179,18591,30327,26573,32315,46576,50279,44252,53581,13270,22561,6,2,2162,1958,3327,4691,4067,7939,6161,12256,9166,12089,10442,9862,20488,25059,9999,17028,235056,137081,35085,19248,138265,335,18,41,20
2021-04-22T23:59:59+02:00,10,8,5627,6505,10485,13666,12681,19840,18075,29853,25939,31717,44845,48123,43683,52850,13224,22462,5,2,2148,1947,3286,4638,3990,7864,6031,12157,8907,11926,10008,9456,20030,24467,9949,16950,228784,134949,34972,18472,135778,303,18,41,19
2021-04-21T23:59:59+02:00,10,7,5529,6370,10255,13464,12348,19525,17569,29355,25220,30983,40562,43251,43206,52315,13157,22357,5,2,2135,1938,3249,4601,3934,7806,5949,12064,8731,11766,9676,9071,19529,23874,9883,16852,216637,133296,34909,17457,133878,279,18,41,15
2021-04-20T23:59:59+02:00,10,7,5451,6279,10057,13242,12069,19257,17145,28944,24660,30411,38807,41234,42550,51535,13086,22217,5,2,2110,1925,3208,4577,3868,7762,5818,11965,8559,11639,9392,8751,19056,23203,9786,16712,210373,131924,34818,16156,131711,225,18,41,15
2021-04-19T23:59:59+02:00,10,6,5371,6203,9897,13112,11861,19047,16783,28561,24113,29937,37250,39441,41957,50814,13031,22129,5,2,2094,1908,3172,4542,3827,7716,5778,11894,8476,11547,9154,8466,18647,22636,9739,16619,205331,130222,34760,15763,129373,204,18,41,15
2021-04-18T23:59:59+02:00,10,5,5309,6154,9763,13026,11660,18907,16501,28362,23701,29622,35934,38076,41603,50407,12997,22065,5,2,2081,1893,3145,4520,3800,7700,5733,11847,8423,11497,9056,8377,18494,22449,9726,16593,203769,129734,34717,15375,125557,199,18,41,15
2021-04-17T23:59:59+02:00,10,5,5303,6138,9729,12995,11613,18867,16423,28294,23637,29563,35621,37734,41494,50309,12991,22054,5,2,2071,1885,3117,4507,3741,7655,5663,11794,8335,11445,8944,8266,18388,22331,9705,16580,202538,128920,34707,15283,125476,198,18,41,15
2021-04-16T23:59:59+02:00,10,5,5238,6098,9642,12933,11476,18755,16209,28132,23285,29215,34536,36467,41081,49784,12971,22020,5,2,1938,1798,2888,4324,3380,7334,4887,11253,6836,10347,6403,6179,16561,20622,9509,16280,198362,119490,34617,10830,124821,195,17,40,14
2021-04-15T23:59:59+02:00,10,5,5171,6008,9437,12759,11177,18509,15711,27738,22592,28611,32633,34152,40033,48574,12889,21853,5,2,1895,1765,2820,4257,3260,7212,4669,11070,6458,10036,5943,5779,15970,19936,9317,15945,192522,116346,34563,9777,120722,186,17,38,13
2021-04-14T23:59:59+02:00,10,5,5109,5963,9270,12632,10958,18332,15306,27420,21937,28127,30700,31901,38814,47151,12814,21667,5,2,1810,1710,2737,4188,3147,7118,4465,10905,6148,9786,5465,5364,15386,19246,9113,15590,186126,113709,34423,8317,117512,129,17,38,13
2021-04-13T23:59:59+02:00,10,5,5061,5909,9132,12502,10778,18164,14961,27143,21413,27665,28590,29445,37548,45550,12671,21460,5,2,1767,1692,2700,4145,3091,7055,4331,10765,5878,9573,5124,5061,14935,18795,8977,15385,179206,112281,34356,6936,114391,34,17,37,13
2021-04-12T23:59:59+02:00,10,5,4996,5860,9024,12362,10571,18017,14639,26861,20872,27208,26548,27172,36387,44084,12541,21259,5,2,1732,1648,2669,4123,3062,7000,4272,10697,5775,9472,4958,4914,14633,18427,8865,15185,173480,111428,34275,5948,110607,33,17,37,13
2021-04-11T23:59:59+02:00,10,5,4960,5817,8930,12282,10411,17915,14374,26683,20445,26884,25341,25880,35682,43298,12452,21108,5,2,1723,1642,2646,4102,3037,6971,4237,10650,5688,9404,4865,4858,14517,18301,8826,15133,171686,111214,34201,5337,106537,27,16,37,13
2021-04-10T23:59:59+02:00,10,5,4948,5802,8888,12254,10354,17881,14306,26632,20347,26803,25026,25504,35334,42878,12445,21087,5,2,1719,1636,2636,4093,3023,6954,4207,10619,5628,9365,4787,4781,14387,18135,8779,15047,170469,110411,33474,5336,106508,27,16,37,13
2021-04-09T23:59:59+02:00,10,5,4901,5770,8803,12174,10228,17756,14137,26457,20085,26556,24183,24349,34378,41666,12412,21013,4,2,1691,1607,2580,4058,2951,6893,4057,10509,5371,9139,4370,4405,13816,17418,8551,14678,167089,106721,31956,5327,105790,27,12,36,13
2021-04-08T23:59:59+02:00,10,5,4827,5705,8656,12066,10013,17584,13737,26141,19481,26082,22471,22353,32679,39689,12262,20776,4,2,1661,1591,2525,4012,2867,6808,3909,10372,5078,8875,3909,3977,12819,16171,8065,13914,161304,101718,31048,4793,102138,23,12,35,13
2021-04-07T23:59:59+02:00,10,4,4780,5651,8471,11985,9787,17435,13418,25912,19007,25720,20658,20234,30917,37426,12144,20560,4,2,1628,1575,2470,3958,2806,6726,3802,10227,4887,8685,3643,3685,12126,15363,7688,13354,155246,98376,29867,4215,98964,14,11,31,13
2021-04-06T23:59:59+02:00,10,4,4731,5605,8328,11873,9627,17268,13099,25644,18486,25333,18801,18163,28985,34931,11941,20215,4,2,1593,1556,2445,3932,2772,6686,3738,10182,4804,8591,3531,3560,11648,14712,7400,12939,148382,96045,28901,4014,95721,13,11,29,12
2021-04-05T23:59:59+02:00,10,4,4700,5564,8233,11782,9489,17170,12886,25432,18084,24988,17074,16232,27357,32774,11793,19987,4,2,1571,1544,2413,3914,2743,6637,3695,10123,4716,8475,3418,3451,11305,14342,7243,12656,142957,94643,28467,3574,92097,12,11,27,12
2021-04-04T23:59:59+02:00,10,4,4693,5558,8224,11771,9475,17153,12860,25411,18056,24963,16942,16056,27161,32528,11784,19973,4,2,1569,1543,2411,3911,2740,6633,3693,10119,4711,8472,3409,3440,11294,14330,7239,12648,142234,94561,28374,3574,91980,12,9,25,12
2021-04-03T23:59:59+02:00,10,4,4689,5550,8209,11764,9456,17133,12821,25379,17978,24898,16862,15966,27114,32471,11779,19966,4,2,1566,1541,2402,3903,2722,6619,3670,10091,4628,8417,3292,3325,11212,14255,7233,12638,141703,93913,28345,3574,91967,12,9,25,12
2021-04-02T23:59:59+02:00,10,4,4664,5530,8149,11711,9391,17064,12681,25272,17741,24696,16409,15489,26637,31894,11747,19911,4,2,1564,1532,2387,3898,2715,6603,3649,10058,4558,8324,3222,3256,10975,13952,7081,12435,140486,92613,26931,3570,91549,12,9,25,11
2021-04-01T23:59:59+02:00,9,4,4621,5469,8038,11567,9261,16904,12406,24985,17295,24295,15656,14763,25878,30930,11620,19728,4,2,1547,1512,2358,3866,2692,6575,3611,10020,4491,8258,3106,3123,10038,12832,6465,11584,138239,88590,26264,3464,88893,11,9,24,10
2021-03-31T23:59:59+02:00,9,4,4409,5391,7925,11443,9119,16737,12186,24706,16938,23930,14958,13997,25041,29919,11510,19529,4,2,1538,1507,2343,3846,2664,6546,3561,9972,4417,8186,3014,3033,9461,12127,6100,11085,136429,86142,24799,3235,86493,11,8,22,10
2021-03-30T23:59:59+02:00,9,4,4378,5339,7849,11316,9033,16580,12026,24516,16652,23618,14357,13351,24282,28931,11371,19284,4,2,1524,1497,2322,3822,2638,6516,3520,9907,4350,8115,2887,2885,8867,11465,5747,10588,134936,83803,23583,2829,84347,6,8,22,10
2021-03-29T23:59:59+02:00,9,4,4338,5286,7749,11204,8925,16414,11862,24241,16322,23270,13813,12751,23516,27951,11211,19035,4,2,1504,1484,2303,3806,2615,6488,3486,9847,4286,8039,2834,2817,8575,11077,5558,10275,133079,82406,22820,2570,81972,6,8,22,10
2021-03-28T23:59:59+02:00,9,4,4302,5202,7662,11096,8844,16259,11725,24011,16061,22996,13484,12440,22942,27257,11035,18749,4,2,1494,1477,2281,3790,2600,6459,3447,9797,4249,7980,2786,2766,8496,10971,5513,10207,132571,82055,22292,2241,79185,5,8,22,10
2021-03-27T23:59:59+01:00,9,4,4288,5191,7635,11064,8777,16185,11626,23915,15913,22880,13280,12227,22739,27043,11000,18720,4,2,1493,1475,2278,3788,2599,6458,3430,9770,4239,7957,2776,2759,8438,10907,5478,10167,131682,81754,21646,2241,79138,5,8,22,10
2021-03-26T23:59:59+01:00,9,4,4244,5123,7525,10926,8602,15999,11288,23608,15299,22375,12356,11396,21947,26194,10853,18491,2,2,1488,1461,2273,3767,2585,6434,3413,9744,4198,7921,2746,2720,8255,10688,5357,9995,127601,80901,20031,2126,78579,5,7,21,10
2021-03-25T23:59:59+01:00,9,3,4189,4961,7361,10647,8356,15591,10903,22982,14654,21675,11683,10733,21076,25124,10534,17946,2,2,1468,1448,2240,3742,2550,6396,3376,9697,4127,7839,2611,2580,7275,9424,4739,9075,124305,76684,19248,1886,74848,5,6,20,10
2021-03-24T23:59:59+01:00,9,3,4113,4821,7224,10357,8138,15178,10638,22433,14182,21065,11077,10172,20139,24031,10201,17379,2,2,1447,1419,2213,3705,2506,6359,3333,9632,4048,7739,2510,2483,6623,8656,4352,8493,121692,74043,18053,1463,71394,3,3,18,10
2021-03-23T23:59:59+01:00,9,3,4073,4730,7118,10116,7983,14836,10374,21927,13780,20572,10609,9731,19413,23179,9886,16912,2,2,1436,1401,2187,3684,2486,6331,3273,9578,3954,7663,2415,2382,5893,7725,3899,7798,120222,70961,16947,1133,68062,3,2,18,10
2021-03-22T23:59:59+01:00,9,3,4020,4652,6989,9875,7823,14513,10114,21459,13429,20071,10216,9374,18841,22471,9692,16564,2,1,1427,1394,2180,3670,2474,6315,3249,9555,3924,7629,2354,2331,5436,7114,3537,7304,119323,68838,16543,1043,64229,3,2,18,10
2021-03-21T23:59:59+01:00,9,3,3973,4551,6856,9613,7655,14152,9891,20917,13086,19544,9897,9095,18304,21870,9502,16248,2,1,1424,1390,2179,3659,2470,6307,3243,9546,3914,7615,2340,2312,5319,6982,3479,7203,119113,68327,16146,1043,59887,3,2,18,10
2021-03-20T23:59:59+01:00,9,3,3962,4531,6818,9557,7597,14077,9807,20805,12979,19454,9810,9001,18163,21692,9451,16161,2,1,1421,1385,2175,3655,2465,6302,3229,9536,3894,7605,2305,2280,4992,6610,3289,6961,118276,67049,16050,1043,59531,3,2,18,10
2021-03-19T23:59:59+01:00,8,3,3788,4390,6527,9304,7155,13649,8894,20073,11247,18126,6942,6646,15904,19486,9090,15596,2,1,1417,1381,2170,3648,2453,6290,3216,9510,3842,7559,2238,2239,4616,6136,3020,6636,108957,65350,11321,1010,56530,3,2,18,9
2021-03-18T23:59:59+01:00,8,2,3684,4259,6351,8998,6885,13210,8504,19414,10609,17387,6221,5993,14680,18014,8571,14768,2,1,1413,1375,2146,3621,2435,6254,3187,9468,3803,7526,2193,2205,4193,5603,2738,6220,103808,63466,10314,903,53417,3,2,17,9
2021-03-17T23:59:59+01:00,8,2,3605,4185,6222,8850,6713,13033,8206,19104,10205,16996,5813,5607,13858,17085,8170,14179,2,1,1403,1362,2130,3601,2405,6222,3156,9440,3766,7489,2138,2145,3783,5157,2486,5832,100554,61735,8622,769,52646,3,2,17,9
2021-03-16T23:59:59+01:00,8,2,3528,4053,6065,8578,6505,12663,7893,18518,9656,16340,5284,5151,13038,16119,7831,13679,2,1,1394,1353,2121,3584,2389,6207,3140,9421,3741,7463,2111,2108,3263,4516,2145,5319,98215,59499,7209,765,49468,3,2,17,9
2021-03-15T23:59:59+01:00,8,2,3479,3908,5874,8303,6286,12250,7619,17943,9221,15715,4967,4866,12378,15376,7567,13218,2,1,1394,1343,2104,3569,2369,6183,3121,9371,3717,7424,2074,2057,2894,4053,1858,4921,96714,57695,6226,747,46022,3,1,17,9
2021-03-14T23:59:59+01:00,8,2,3433,3776,5645,7974,5995,11803,7309,17226,8758,14962,4643,4591,12088,15119,7518,13119,2,1,1387,1338,2088,3540,2356,6134,3103,9312,3699,7385,2067,2046,2816,3945,1805,4834,96587,57292,5610,553,41754,3,1,17,9
2021-03-13T23:59:59+01:00,8,2,3416,3733,5604,7857,5933,11681,7223,17078,8609,14805,4492,4440,11997,15033,7512,13108,2,1,1387,1338,2088,3540,2355,6134,3102,9310,3698,7385,2063,2038,2763,3889,1771,4779,95892,57079,5610,553,41011,2,1,17,8
2021-03-12T23:59:59+01:00,8,2,3396,3663,5546,7717,5873,11529,7136,16850,8473,14571,4385,4343,11724,14707,7355,12890,2,1,1387,1338,2084,3534,2354,6126,3097,9304,3696,7380,2061,2036,2675,3778,1687,4690,94462,56666,5601,553,40088,2,1,16,8
2021-03-11T23:59:59+01:00,8,2,3318,3470,5336,7423,5641,11110,6795,16182,8034,13929,4038,4005,10644,13442,6695,11978,2,1,1381,1336,2073,3521,2336,6101,3074,9269,3673,7347,2030,2010,2435,3512,1530,4469,90244,55571,5164,520,36627,2,1,14,6
2021-03-10T23:59:59+01:00,8,2,3222,3352,5118,7151,5425,10746,6524,15636,7692,13381,3813,3776,9994,12649,6307,11441,2,1,1376,1325,2047,3483,2306,6011,3026,9146,3616,7227,1986,1933,2219,3275,1397,4273,87763,54354,4788,286,33671,2,1,14,6
2021-03-09T23:59:59+01:00,7,2,3149,3224,4948,6965,5221,10462,6292,15201,7395,12871,3629,3569,9358,11945,5927,10913,2,1,1369,1314,2013,3423,2275,5908,2964,9004,3548,7145,1956,1907,1938,2957,1225,4026,85467,52928,4521,38,31075,2,1,14,6
2021-03-08T23:59:59+01:00,7,2,3083,3068,4718,6701,4978,10108,6030,14687,7033,12284,3428,3376,8964,11502,5729,10597,2,1,1366,1296,1999,3345,2244,5810,2926,8858,3515,7050,1940,1884,1735,2725,1101,3831,83986,51587,4151,34,28144,0,1,13,6
2021-03-07T23:59:59+01:00,7,2,3050,3009,4646,6585,4894,9996,5925,14522,6915,12135,3376,3328,8875,11393,5688,10529,2,1,1360,1291,1993,3333,2236,5785,2919,8819,3503,7031,1932,1872,1680,2657,1050,3762,83622,51185,3972,34,27267,0,1,13,6
2021-03-06T23:59:59+01:00,6,2,3036,2952,4603,6494,4856,9929,5864,14402,6866,12023,3352,3305,8818,11327,5653,10486,2,1,1358,1278,1988,3319,2224,5758,2916,8791,3492,7012,1922,1848,1652,2633,1044,3753,83294,50950,3972,34,26694,0,1,13,6
2021-03-05T23:59:59+01:00,6,2,3013,2863,4544,6382,4792,9831,5801,14249,6763,11870,3307,3250,8632,11099,5530,10309,2,1,1349,1244,1956,3263,2199,5652,2876,8657,3448,6874,1878,1802,1588,2563,1021,3725,82385,50058,3964,34,25881,0,0,13,6
2021-03-04T23:59:59+01:00,4,2,2961,2675,4385,6144,4571,9516,5594,13832,6450,11481,3131,3074,7609,9802,4897,9390,2,1,1330,1195,1919,3140,2167,5470,2830,8380,3390,6641,1806,1712,1551,2511,1016,3707,78210,48729,3690,33,23605,0,0,13,6
2021-03-03T23:59:59+01:00,3,2,2922,2604,4244,5955,4403,9248,5390,13453,6193,11062,3005,2941,6959,9023,4498,8779,2,1,1318,1159,1892,3067,2145,5359,2800,8200,3337,6483,1738,1669,1509,2441,996,3652,75473,47730,3446,33,21752,0,0,13,5
2021-03-02T23:59:59+01:00,3,2,2862,2514,4055,5738,4198,8977,5193,13073,5924,10686,2856,2778,6191,8058,4026,8067,2,1,1285,1117,1865,2995,2121,5217,2750,7927,3288,6285,1663,1609,1442,2361,972,3602,72293,46465,2990,33,19905,0,0,13,4
2021-03-01T23:59:59+01:00,3,1,2823,2451,3892,5588,4012,8758,5004,12754,5686,10293,2753,2663,5696,7401,3660,7555,2,1,1279,1081,1842,2894,2095,5022,2709,7677,3228,6049,1620,1573,1392,2300,942,3559,70120,45228,2682,33,18178,0,0,13,4
2021-02-28T23:59:59+01:00,3,1,2781,2403,3735,5470,3789,8569,4823,12503,5499,9987,2696,2589,5574,7245,3598,7454,2,1,1275,1076,1837,2881,2086,4998,2702,7641,3218,6032,1611,1566,1386,2291,939,3549,69640,45055,2460,32,16606,0,0,13,4
2021-02-27T23:59:59+01:00,3,1,2768,2342,3709,5389,3755,8494,4789,12408,5464,9912,2655,2555,5240,6858,3397,7202,2,1,1268,1068,1830,2869,2073,4963,2683,7576,3202,5976,1593,1556,1380,2280,937,3548,68320,44770,2460,31,16148,0,0,13,4
2021-02-26T23:59:59+01:00,3,1,2748,2301,3667,5300,3689,8391,4726,12297,5377,9824,2578,2502,4855,6375,3118,6868,2,1,1211,1018,1780,2764,2024,4782,2627,7301,3129,5766,1532,1505,1357,2258,923,3539,66497,43485,2333,30,15778,0,0,12,4
2021-02-25T23:59:59+01:00,3,1,2577,2196,3480,5117,3503,8164,4523,12008,5157,9549,2489,2436,4405,5819,2829,6439,2,1,1195,961,1749,2656,1969,4508,2558,6905,3034,5479,1486,1462,1336,2243,920,3530,64627,41963,2006,27,14050,0,0,12,4
2021-02-24T23:59:59+01:00,3,1,2423,2063,3290,4921,3357,7958,4326,11753,4935,9298,2352,2316,3946,5307,2567,6041,1,1,1180,932,1726,2570,1933,4368,2498,6649,2981,5272,1455,1428,1318,2222,916,3507,62848,40934,1528,19,12469,0,0,12,4
2021-02-23T23:59:59+01:00,3,1,2294,1924,3114,4697,3204,7720,4151,11481,4749,9048,2261,2222,3389,4642,2221,5521,1,1,1165,884,1692,2475,1894,4177,2430,6349,2883,5013,1397,1371,1289,2178,900,3480,60626,39559,1175,16,10829,0,0,12,4
2021-02-22T23:59:59+01:00,3,1,2254,1873,3030,4604,3134,7611,4057,11294,4641,8923,2209,2181,3018,4174,1933,5132,1,1,1153,825,1660,2349,1851,3931,2354,5954,2757,4715,1334,1318,1266,2144,892,3455,58938,37950,1088,6,10034,0,0,12,4
2021-02-21T23:59:59+01:00,3,1,2218,1842,2978,4535,3054,7498,3976,11149,4573,8806,2194,2158,2933,4059,1877,5043,1,1,1150,807,1643,2297,1824,3824,2321,5798,2694,4589,1303,1295,1256,2130,885,3440,58502,37248,1055,6,9328,0,0,12,4
2021-02-20T23:59:59+01:00,3,1,2206,1839,2955,4522,3038,7462,3950,11116,4552,8784,2190,2150,2879,4002,1842,4988,1,1,1150,804,1643,2295,1823,3815,2320,5793,2693,4585,1302,1292,1255,2127,884,3439,58286,37212,1054,6,9128,0,0,11,4
2021-02-19T23:59:59+01:00,2,1,2194,1825,2919,4470,3013,7376,3905,11034,4498,8721,2182,2144,2788,3888,1757,4894,1,1,1100,795,1604,2287,1812,3806,2310,5772,2685,4572,1296,1281,1244,2122,879,3432,57864,36990,1022,5,8714,0,0,11,4
2021-02-18T23:59:59+01:00,2,1,2064,1730,2761,4288,2889,7177,3767,10748,4360,8514,2148,2110,2545,3617,1599,4670,1,1,1022,759,1532,2188,1762,3683,2237,5614,2628,4487,1282,1260,1237,2107,865,3414,56788,36071,955,4,7237,0,0,10,4
2021-02-17T23:59:59+01:00,2,1,2020,1682,2669,4156,2779,6964,3615,10407,4219,8270,2089,2026,2327,3388,1471,4477,1,1,870,694,1420,2065,1685,3492,2140,5387,2555,4314,1247,1214,1209,2062,849,3369,55716,34567,809,3,6027,0,0,10,4
2021-02-16T23:59:59+01:00,2,1,1850,1573,2495,3947,2638,6689,3453,10053,4042,7964,2044,1999,2044,3068,1297,4224,1,1,844,671,1350,1986,1615,3351,2045,5213,2458,4180,1183,1167,1143,1969,814,3265,54374,33250,773,2,4226,0,0,10,4
2021-02-15T23:59:59+01:00,2,1,1815,1519,2407,3775,2561,6415,3331,9685,3927,7694,2018,1970,1825,2827,1171,4031,1,1,826,659,1321,1940,1572,3282,1987,5040,2394,4078,1115,1126,1071,1877,792,3160,53263,32237,757,1,2944,0,0,10,4
2021-02-14T23:59:59+01:00,2,1,1727,1489,2359,3714,2519,6320,3260,9581,3881,7616,2007,1960,1767,2767,1121,3971,1,1,811,649,1305,1917,1545,3258,1953,4999,2368,4022,1105,1115,1064,1868,789,3148,52923,31914,729,1,2400,0,0,10,3
2021-02-13T23:59:59+01:00,2,1,1726,1477,2349,3707,2513,6306,3257,9565,3874,7606,1998,1940,1743,2747,1117,3961,1,1,811,649,1305,1917,1545,3258,1953,4999,2368,4022,1105,1115,1064,1868,789,3148,52766,31914,729,1,2384,0,0,10,3
2021-02-12T23:59:59+01:00,2,1,1647,1390,2249,3594,2434,6133,3152,9327,3750,7340,1950,1882,1679,2676,1093,3932,1,1,804,641,1294,1894,1531,3240,1945,4968,2352,4002,1100,1110,1063,1849,789,3117,51821,31698,729,0,1671,0,0,10,3
2021-02-11T23:59:59+01:00,2,1,1451,1255,2067,3381,2306,5841,3001,8892,3592,6992,1877,1779,1637,2612,1073,3909,1,1,775,594,1200,1713,1403,2962,1805,4606,2185,3711,1046,1046,1019,1771,748,2974,50420,29559,687,0,552,0,0,9,1
2021-02-10T23:59:59+01:00,2,1,1358,1208,1982,3254,2237,5669,2919,8613,3481,6760,1807,1732,1589,2545,1054,3846,1,1,564,510,977,1484,1260,2652,1618,4146,1981,3328,926,918,886,1512,656,2633,49242,26052,648,0,159,0,0,8,1
2021-02-09T23:59:59+01:00,2,1,1323,1159,1948,3161,2209,5484,2852,8273,3411,6502,1732,1670,1527,2484,1035,3804,1,1,302,379,761,1216,1074,2274,1412,3605,1731,2871,760,756,712,1205,522,2127,47972,21708,518,0,80,0,0,7,1
2021-02-08T23:59:59+01:00,2,1,1316,1124,1916,3044,2172,5261,2800,7994,3352,6266,1688,1635,1477,2429,1018,3782,1,1,266,340,657,1062,969,2058,1253,3213,1533,2555,658,636,610,1017,450,1841,46845,19119,346,0,79,0,0,7,1
2021-02-07T23:59:59+01:00,2,1,1290,1108,1886,2991,2146,5179,2770,7891,3310,6200,1672,1619,1462,2410,1006,3767,1,1,232,285,609,972,908,1902,1163,2985,1435,2383,617,616,588,983,440,1811,46558,17931,145,0,0,0,0,7,0
2021-02-06T23:59:59+01:00,2,1,1285,1102,1880,2979,2137,5151,2757,7847,3299,6155,1659,1611,1457,2400,1003,3766,1,1,213,254,586,933,881,1837,1119,2867,1378,2300,601,597,581,983,440,1811,46339,17383,145,0,0,0,0,7,0
2021-02-05T23:59:59+01:00,2,1,1226,1050,1831,2873,2085,4955,2696,7551,3222,5939,1596,1556,1440,2376,995,3760,1,1,196,220,550,881,845,1756,1082,2747,1325,2200,567,573,569,959,428,1786,45002,16686,145,0,0,0,0,7,0
2021-02-04T23:59:59+01:00,2,1,1214,987,1790,2726,2013,4643,2614,7104,3122,5610,1551,1522,1423,2359,990,3749,1,1,166,168,476,763,746,1616,969,2508,1211,1985,520,520,521,903,407,1666,43377,15147,37,0,0,0,0,6,0
2021-02-03T23:59:59+01:00,2,1,1196,958,1760,2645,1974,4495,2548,6842,3070,5395,1514,1490,1393,2324,971,3719,1,1,137,140,401,647,629,1378,823,2128,1012,1693,400,384,376,682,287,1258,42254,12377,37,0,0,0,0,6,0
2021-02-02T23:59:59+01:00,2,1,1178,902,1725,2544,1933,4275,2475,6510,2964,5123,1460,1442,1368,2293,961,3694,1,1,114,115,325,524,523,1139,678,1797,822,1384,299,280,295,500,225,946,40808,9968,37,0,0,0,0,5,0
2021-02-01T23:59:59+01:00,1,1,1165,842,1690,2420,1881,4030,2398,6119,2842,4827,1392,1358,1338,2247,948,3665,0,0,82,76,224,354,351,746,431,1160,480,863,186,170,172,299,126,562,39122,6282,37,0,0,0,0,5,0
2021-01-31T23:59:59+01:00,1,1,1161,824,1673,2363,1856,3908,2366,5935,2775,4706,1361,1335,1327,2231,941,3649,0,0,72,70,190,282,273,577,342,906,398,696,160,155,160,290,122,548,38374,5241,34,0,0,0,0,5,0
2021-01-30T23:59:59+01:00,1,1,1161,821,1672,2358,1854,3897,2364,5924,2772,4696,1360,1331,1326,2230,941,3648,0,0,69,63,158,235,245,509,307,788,355,621,159,148,155,286,122,547,38319,4767,33,0,0,0,0,5,0
2021-01-29T23:59:59+01:00,1,1,1110,812,1633,2350,1843,3890,2356,5909,2764,4685,1356,1328,1322,2230,941,3648,0,0,61,45,120,180,201,353,251,641,310,493,148,139,144,276,119,546,38143,4027,31,0,0,0,0,5,0
2021-01-28T23:59:59+01:00,1,1,1035,786,1577,2287,1809,3821,2309,5837,2731,4633,1344,1316,1312,2224,929,3634,0,0,39,20,77,107,132,207,156,385,202,296,115,106,118,221,107,496,37553,2784,28,0,0,0,0,5,0
2021-01-27T23:59:59+01:00,1,1,888,733,1482,2211,1741,3707,2236,5708,2673,4507,1314,1270,1283,2185,913,3598,0,0,30,13,63,89,106,163,122,326,175,250,107,88,105,201,103,459,36428,2400,19,0,0,0,0,4,0
2021-01-26T23:59:59+01:00,1,1,874,713,1418,2136,1679,3577,2148,5536,2584,4395,1255,1230,1233,2111,888,3537,0,0,29,12,60,86,102,157,118,311,174,240,104,82,98,180,92,409,35298,2254,14,0,0,0,0,4,0
2021-01-25T23:59:59+01:00,1,1,862,692,1389,2077,1645,3480,2102,5367,2527,4303,1201,1205,1178,2052,870,3471,0,0,27,12,57,86,99,155,117,309,173,240,103,81,97,179,90,406,34414,2231,5,0,0,0,0,4,0
2021-01-24T23:59:59+01:00,1,1,859,691,1383,2066,1640,3463,2094,5342,2515,4271,1197,1197,1173,2045,869,3465,0,0,27,12,57,86,98,154,117,309,173,239,103,81,97,179,90,405,34264,2227,5,0,0,0,0,3,0
2021-01-23T23:59:59+01:00,1,1,859,691,1383,2066,1639,3463,2094,5342,2515,4271,1197,1197,1173,2045,869,3465,0,0,27,12,57,86,98,154,117,309,172,239,103,81,97,179,90,405,34264,2226,4,0,0,0,0,3,0
2021-01-22T23:59:59+01:00,1,1,858,682,1370,2043,1624,3439,2081,5308,2499,4251,1195,1192,1172,2022,868,3431,0,0,27,12,57,86,98,154,117,309,171,239,103,81,97,179,90,405,34030,2225,4,0,0,0,0,3,0
2021-01-21T23:59:59+01:00,1,1,826,646,1293,1887,1522,3246,1985,5036,2389,4051,1154,1132,1143,1952,830,3310,0,0,25,11,53,81,90,145,107,280,157,216,89,72,86,155,74,345,32400,1986,3,0,0,0,0,1,0
2021-01-20T23:59:59+01:00,1,1,625,548,1099,1668,1384,2973,1806,4629,2184,3709,1025,1013,1013,1711,753,3007,0,0,23,11,52,77,87,144,99,267,146,197,78,65,80,130,62,307,29145,1825,3,0,0,0,0,1,0
2021-01-19T23:59:59+01:00,1,1,340,406,850,1407,1180,2625,1570,4099,1919,3257,851,843,842,1422,630,2564,0,0,19,8,37,53,58,79,73,180,103,134,58,50,52,96,47,238,24804,1285,2,0,0,0,0,1,0
2021-01-18T23:59:59+01:00,1,1,299,370,736,1217,1062,2371,1377,3599,1676,2876,710,691,681,1166,526,2119,0,0,8,4,12,18,20,27,24,52,25,47,13,11,13,33,11,72,21476,390,1,0,0,0,0,1,0
2021-01-17T23:59:59+01:00,1,1,257,318,670,1122,982,2198,1278,3326,1562,2664,664,660,652,1107,498,2052,0,0,0,0,1,0,3,2,2,1,2,2,1,4,1,0,0,1,20011,20,1,0,0,0,0,0,0
2021-01-16T23:59:59+01:00,1,1,240,288,653,1086,959,2136,1236,3216,1511,2590,648,642,644,1107,498,2051,0,0,0,0,0,0,1,2,1,1,1,2,0,1,1,0,0,1,19506,11,1,0,0,0,0,0,0
2021-01-15T23:59:59+01:00,1,1,224,254,623,1033,932,2058,1203,3098,1459,2493,617,616,637,1086,491,2039,0,0,0,0,0,0,0,0,0,0,0,0,0,0,0,0,0,0,18865,0,0,0,0,0,0,0,0
2021-01-14T23:59:59+01:00,1,1,193,206,562,912,843,1915,1108,2876,1344,2307,572,572,597,1040,484,1993,0,0,0,0,0,0,0,0,0,0,0,0,0,0,0,0,0,0,17526,0,0,0,0,0,0,0,0
2021-01-13T23:59:59+01:00,1,1,164,184,512,838,770,1789,1009,2639,1189,2082,456,453,454,823,368,1551,0,0,0,0,0,0,0,0,0,0,0,0,0,0,0,0,0,0,15283,0,0,0,0,0,0,0,0
2021-01-12T23:59:59+01:00,1,1,140,164,481,768,718,1632,920,2436,1080,1850,366,344,354,590,270,1114,0,0,0,0,0,0,0,0,0,0,0,0,0,0,0,0,0,0,13229,0,0,0,0,0,0,0,0
2021-01-11T23:59:59+01:00,0,0,112,127,404,639,628,1378,757,1978,847,1461,228,203,203,358,153,673,0,0,0,0,0,0,0,0,0,0,0,0,0,0,0,0,0,0,10149,0,0,0,0,0,0,0,0
2021-01-10T23:59:59+01:00,0,0,87,92,313,460,472,1000,548,1450,623,1065,190,179,186,344,147,659,0,0,0,0,0,0,0,0,0,0,0,0,0,0,0,0,0,0,7815,0,0,0,0,0,0,0,0
2021-01-09T23:59:59+01:00,0,0,77,84,266,398,401,867,481,1233,547,908,183,169,181,339,147,657,0,0,0,0,0,0,0,0,0,0,0,0,0,0,0,0,0,0,6938,0,0,0,0,0,0,0,0
2021-01-08T23:59:59+01:00,0,0,64,64,193,288,303,585,368,936,440,689,175,164,164,327,145,657,0,0,0,0,0,0,0,0,0,0,0,0,0,0,0,0,0,0,5562,0,0,0,0,0,0,0,0
2021-01-07T23:59:59+01:00,0,0,45,25,83,123,140,231,165,422,222,344,130,128,145,277,131,602,0,0,0,0,0,0,0,0,0,0,0,0,0,0,0,0,0,0,3213,0,0,0,0,0,0,0,0
2021-01-06T23:59:59+01:00,0,0,33,18,71,94,119,180,137,345,193,279,111,99,116,227,112,517,0,0,0,0,0,0,0,0,0,0,0,0,0,0,0,0,0,0,2651,0,0,0,0,0,0,0,0
2021-01-05T23:59:59+01:00,0,0,30,13,60,90,108,166,121,329,179,256,109,94,115,220,109,499,0,0,0,0,0,0,0,0,0,0,0,0,0,0,0,0,0,0,2498,0,0,0,0,0,0,0,0
2021-01-04T23:59:59+01:00,0,0,27,12,57,87,100,158,116,314,177,244,108,90,108,206,99,461,0,0,0,0,0,0,0,0,0,0,0,0,0,0,0,0,0,0,2364,0,0,0,0,0,0,0,0
2021-01-03T23:59:59+01:00,0,0,27,12,57,87,100,158,116,314,177,244,108,90,107,205,99,461,0,0,0,0,0,0,0,0,0,0,0,0,0,0,0,0,0,0,2362,0,0,0,0,0,0,0,0
2021-01-02T23:59:59+01:00,0,0,27,12,57,87,100,158,116,314,176,244,108,90,107,205,99,461,0,0,0,0,0,0,0,0,0,0,0,0,0,0,0,0,0,0,2361,0,0,0,0,0,0,0,0
2021-01-01T23:59:59+01:00,0,0,27,12,57,87,100,158,116,314,174,243,108,90,107,205,99,461,0,0,0,0,0,0,0,0,0,0,0,0,0,0,0,0,0,0,2358,0,0,0,0,0,0,0,0
2020-12-31T23:59:59+01:00,0,0,27,12,57,87,100,158,116,314,174,243,108,90,107,205,99,461,0,0,0,0,0,0,0,0,0,0,0,0,0,0,0,0,0,0,2358,0,0,0,0,0,0,0,0
2020-12-30T23:59:59+01:00,0,0,26,12,57,86,99,155,116,313,174,243,108,90,107,205,99,461,0,0,0,0,0,0,0,0,0,0,0,0,0,0,0,0,0,0,2351,0,0,0,0,0,0,0,0
2020-12-29T23:59:59+01:00,0,0,20,9,42,60,76,91,86,218,128,191,83,77,78,171,80,373,0,0,0,0,0,0,0,0,0,0,0,0,0,0,0,0,0,0,1783,0,0,0,0,0,0,0,0
2020-12-28T23:59:59+01:00,0,0,9,6,18,30,31,45,40,113,53,103,36,42,40,98,43,211,0,0,0,0,0,0,0,0,0,0,0,0,0,0,0,0,0,0,918,0,0,0,0,0,0,0,0
2020-12-27T23:59:59+01:00,0,0,2,2,4,5,7,11,10,24,6,23,6,7,7,25,5,56,0,0,0,0,0,0,0,0,0,0,0,0,0,0,0,0,0,0,200,0,0,0,0,0,0,0,0
