Datum,<15_m,<15_w,15-24_1_m,15-24_1_w,25-34_1_m,25-34_1_w,35-44_1_m,35-44_1_w,45-54_1_m,45-54_1_w,55-64_1_m,55-64_1_w,65-74_1_m,65-74_1_w,75-84_1_m,75-84_1_w,>84_1_m,>84_1_w,<24_2_m,<24_2_w,25-34_2_m,25-34_2_w,35-44_2_m,35-44_2_w,45-54_2_m,45-54_2_w,55-64_2_m,55-64_2_w,65-74_2_m,65-74_2_w,75-84_2_m,75-84_2_w,>84_2_m,>84_2_w,bp_1,bp_2,mo_1,mo_2,az_1,az_2,ja,unb_1,unb_2
2021-08-11T23:59:59+02:00,7122,6564,52844,49872,60290,55800,69781,70591,91265,93550,103339,102791,71719,78118,50555,62048,14192,24485,45765,43381,55602,50681,65400,65783,86625,88534,98731,98292,69541,75657,49197,60259,13831,23655,780561,727164,68982,66263,181522,173157,33842,19,39
2021-08-10T23:59:59+02:00,7047,6480,52651,49688,60157,55686,69680,70472,91143,93423,103219,102689,71668,78061,50525,62017,14184,24476,44821,42498,54947,50044,64922,65337,86177,88062,98248,97845,69346,75463,49106,60163,13811,23618,779235,721028,68973,66237,181516,172659,33523,19,39
2021-08-09T23:59:59+02:00,7005,6435,52544,49600,60084,55615,69626,70412,91076,93356,103155,102631,71626,78026,50519,62002,14180,24468,43822,41445,54241,49369,64453,64915,85736,87629,97741,97379,69166,75243,49028,60041,13786,23582,778698,714636,68905,66197,181505,172100,33233,19,39
2021-08-08T23:59:59+02:00,6960,6397,52480,49535,60043,55586,69593,70389,91024,93309,103103,102590,71605,78006,50505,61982,14174,24463,43770,41385,54178,49326,64399,64883,85671,87572,97679,97331,69142,75216,49009,60017,13778,23575,778424,714378,68900,66183,181492,172023,32909,19,39
2021-08-07T23:59:59+02:00,6923,6357,52371,49409,59975,55512,69537,70325,90954,93248,103052,102543,71588,77989,50495,61976,14174,24462,42811,40367,53623,48756,63969,64480,85304,87183,97362,96987,68999,75074,48953,59937,13761,23558,777650,708048,68895,66169,181492,172015,32834,19,37
2021-08-06T23:59:59+02:00,6883,6296,52233,49281,59900,55446,69471,70241,90878,93174,102994,102490,71565,77966,50484,61958,14172,24457,42141,39763,53379,48494,63747,64244,85075,86970,97135,96788,68917,74983,48911,59897,13755,23545,776786,704488,68892,66089,181491,171878,32701,19,37
2021-08-05T23:59:59+02:00,6778,6190,51981,49058,59733,55263,69331,70101,90723,93029,102859,102358,71506,77904,50458,61918,14159,24439,41323,39077,52872,48039,63384,63902,84629,86575,96528,96277,68734,74804,48846,59799,13737,23514,775198,700030,68841,66045,181462,170756,32268,19,37
2021-08-04T23:59:59+02:00,6691,6106,51786,48834,59587,55087,69224,69952,90591,92914,102741,102244,71446,77842,50432,61872,14148,24410,40487,38288,52506,47643,63071,63591,84264,86250,96120,95879,68571,74636,48771,59704,13722,23480,773813,695500,68800,66030,181450,169964,31825,19,37
2021-08-03T23:59:59+02:00,6618,6052,51618,48698,59465,54966,69133,69863,90493,92817,102647,102163,71395,77807,50412,61848,14140,24396,39504,37338,51718,46973,62533,63076,83750,85772,95416,95252,68332,74425,48680,59591,13701,23437,772794,689322,68791,66011,181443,168792,31484,19,37
2021-08-02T23:59:59+02:00,6569,6009,51485,48560,59375,54887,69051,69795,90441,92747,102572,102102,71358,77765,50392,61827,14133,24383,38230,36165,50754,46169,61827,62506,83150,85210,94621,94556,68081,74170,48595,59460,13682,23399,772109,681727,68743,65970,181416,167481,31164,19,37
2021-08-01T23:59:59+02:00,6527,5957,51314,48400,59233,54778,68959,69682,90334,92656,102485,102011,71319,77728,50371,61786,14129,24367,38050,36030,50606,46079,61701,62414,82971,85073,94173,94154,67966,74062,48558,59411,13672,23379,771072,681104,68715,65915,181398,166172,30832,19,37
2021-07-31T23:59:59+02:00,6484,5924,51219,48281,59178,54708,68911,69640,90294,92627,102459,101987,71308,77716,50363,61783,14129,24364,36448,34527,49707,45220,61166,61853,82467,84560,93693,93726,67777,73859,48481,59316,13654,23346,770470,672000,68711,65909,181398,166057,30777,19,37
2021-07-30T23:59:59+02:00,6449,5871,51068,48145,59098,54626,68841,69583,90222,92548,102404,101949,71290,77693,50354,61760,14126,24360,34985,33117,48735,44272,60443,61169,81787,83946,93013,93154,67549,73627,48377,59166,13635,23315,769716,662513,68687,65898,181392,165757,30573,19,37
2021-07-29T23:59:59+02:00,6334,5751,50637,47779,58886,54358,68650,69393,90033,92364,102245,101813,71214,77612,50322,61706,14111,24342,34262,32504,48117,43831,60046,60829,81366,83599,92255,92484,67356,73473,48315,59082,13615,23286,767412,658713,68635,65762,181350,164127,30134,19,37
2021-07-28T23:59:59+02:00,6263,5688,50382,47583,58754,54210,68529,69300,89909,92243,102140,101720,71157,77555,50298,61668,14102,24325,33936,32212,47806,43601,59824,60619,81194,83439,92020,92289,67282,73408,48286,59048,13602,23276,766114,657064,68605,65675,181323,163612,29765,19,37
2021-07-27T23:59:59+02:00,6212,5642,50225,47446,58624,54119,68437,69216,89813,92134,102034,101647,71116,77502,50269,61635,14095,24312,32479,30803,46537,42508,58995,59835,80596,82919,91007,91448,67007,73125,48199,58922,13572,23235,765253,648430,68581,65609,181299,161834,29326,19,37
2021-07-26T23:59:59+02:00,6189,5613,50105,47357,58525,54036,68362,69163,89726,92075,101970,101598,71079,77467,50245,61615,14090,24303,31112,29541,45218,41387,57896,58852,79898,82288,89842,90426,66702,72854,48110,58808,13550,23193,764725,639381,68515,65521,181261,159543,28998,19,37
2021-07-25T23:59:59+02:00,6171,5595,49991,47250,58439,53970,68302,69107,89662,92022,101913,101552,71047,77431,50228,61592,14087,24293,30904,29382,44958,41192,57644,58629,79628,82087,88885,89576,66496,72681,48043,58735,13539,23169,764323,638224,68504,65409,181239,157089,28567,19,37
2021-07-24T23:59:59+02:00,6140,5568,49878,47162,58378,53910,68257,69055,89617,91982,101876,101513,71043,77425,50225,61589,14086,24290,29294,27781,43797,40103,56950,57918,79014,81515,88247,89013,66318,72489,47972,58634,13525,23146,763752,628141,68496,65399,181236,156950,28491,19,37
2021-07-23T23:59:59+02:00,6056,5481,49701,46989,58285,53807,68150,68954,89513,91881,101786,101421,71007,77369,50205,61558,14082,24284,27597,26250,42537,39023,56027,57034,78328,80904,87542,88351,66047,72217,47894,58533,13504,23116,762394,617604,68492,65239,181217,156482,28407,19,37
2021-07-22T23:59:59+02:00,5918,5367,49407,46708,58087,53610,67979,68788,89330,91730,101634,101290,70942,77288,50165,61506,14071,24265,26778,25419,41618,38212,55086,56209,77586,80278,85874,86853,65676,71818,47786,58401,13473,23064,760485,609122,68450,64745,181186,155009,27945,19,37
2021-07-21T23:59:59+02:00,5643,5085,48872,46183,57780,53298,67749,68515,89056,91483,101366,101024,70816,77157,50107,61442,14062,24240,26524,25197,41197,37933,54652,55827,77219,79998,85068,86247,65510,71689,47731,58335,13455,23039,756896,607170,68426,64477,181165,153234,27372,19,37
2021-07-20T23:59:59+02:00,5566,5012,48588,45907,57611,53094,67577,68371,88878,91331,101203,100880,70742,77092,50068,61396,14053,24215,25358,24049,39905,36901,53322,54629,76319,79228,83711,84908,65208,71347,47626,58198,13427,22994,755233,596816,68421,64333,181124,151653,26787,19,37
2021-07-19T23:59:59+02:00,5488,4928,48262,45581,57396,52885,67412,68171,88693,91156,101056,100719,70666,77011,50028,61346,14044,24186,24529,23210,38603,35781,51594,53133,75059,78182,82603,83929,64921,71092,47535,58080,13403,22955,753447,586813,68413,64189,181097,149873,26052,19,37
2021-07-18T23:59:59+02:00,5481,4927,48196,45530,57308,52813,67349,68106,88612,91093,100986,100654,70634,76970,50002,61313,14042,24174,24394,23107,38344,35569,51270,52852,74815,77991,81705,83167,64736,70915,47479,58007,13398,22933,753191,585767,68390,64029,181058,147652,25532,19,37
2021-07-17T23:59:59+02:00,5456,4891,48102,45456,57238,52751,67289,68052,88557,91035,100943,100635,70627,76955,49997,61309,14042,24173,23002,21638,36948,34270,50024,51664,74216,77438,81074,82572,64608,70767,47413,57946,13389,22913,752657,574889,68388,64005,181055,147515,25389,19,37
2021-07-16T23:59:59+02:00,5353,4813,47860,45226,57116,52645,67174,67941,88420,90941,100840,100534,70584,76907,49975,61290,14036,24166,21741,20389,35646,33021,48572,50343,73213,76510,80373,81915,64390,70547,47333,57849,13370,22880,751230,563252,68388,63946,181049,147313,25135,19,37
2021-07-15T23:59:59+02:00,5213,4686,47467,44907,56910,52447,66984,67759,88208,90744,100654,100367,70487,76806,49928,61216,14026,24137,21133,19887,34721,32326,47344,49407,72043,75602,78224,79790,63793,69953,47191,57673,13351,22818,749192,553955,68372,62925,181004,145469,24359,19,37
2021-07-14T23:59:59+02:00,4841,4358,46875,44332,56679,52182,66782,67557,87996,90503,100437,100170,70380,76697,49863,61133,14015,24113,20931,19741,34466,32173,46980,49109,71516,75216,77560,79257,63472,69678,47110,57589,13330,22783,745746,552182,68358,62744,180953,143569,23837,19,37
2021-07-13T23:59:59+02:00,4754,4281,46680,44179,56518,52037,66622,67414,87844,90382,100301,100053,70309,76636,49826,61089,14011,24098,20366,19209,33442,31363,45375,47659,69767,73564,75964,77710,63098,69287,46982,57421,13301,22732,744447,541314,68343,61978,180885,141957,23340,19,37
2021-07-12T23:59:59+02:00,4689,4205,46498,43989,56368,51897,66468,67290,87672,90245,100148,99917,70234,76554,49789,61038,14004,24080,19890,18773,32653,30740,43716,46209,67398,71490,74077,76211,62569,68703,46840,57259,13273,22682,743202,530231,68322,61420,180790,139384,22753,18,37
2021-07-11T23:59:59+02:00,4684,4201,46426,43937,56311,51847,66419,67255,87613,90196,100076,99858,70197,76512,49779,61023,14002,24066,19685,18626,32315,30495,43274,45837,66942,71133,73300,75516,62172,68327,46770,57170,13258,22649,743065,528470,68314,61098,180727,136916,22278,18,37
2021-07-10T23:59:59+02:00,4557,4065,46142,43628,56126,51654,66273,67082,87482,90059,99978,99753,70141,76454,49759,60997,13999,24057,19125,18070,31368,29630,41528,44256,65468,69859,72668,74901,62008,68178,46717,57118,13251,22635,740981,517876,68310,61082,180716,136872,22181,18,37
2021-07-09T23:59:59+02:00,4430,3951,45869,43375,55958,51465,66118,66925,87332,89898,99848,99650,70091,76381,49723,60956,13994,24045,18529,17497,30397,28673,39568,42328,63172,67738,71507,73761,61736,67854,46642,56992,13234,22610,738957,504182,68299,60700,180710,136466,22025,18,37
2021-07-08T23:59:59+02:00,4400,3926,45736,43266,55840,51348,65991,66824,87213,89777,99729,99552,70040,76328,49703,60919,13983,24032,17589,16690,29002,27638,37852,40880,61043,65922,68158,70617,60851,66885,46401,56652,13189,22515,738250,488948,68245,58638,180641,133888,21453,18,37
2021-07-07T23:59:59+02:00,4389,3921,45669,43223,55766,51305,65910,66785,87159,89739,99686,99501,70024,76306,49694,60901,13979,24022,16624,15833,27624,26629,36333,39652,59428,64469,64947,67156,59839,65848,46165,56333,13139,22442,737969,473680,68202,56739,180588,131751,21202,18,37
2021-07-06T23:59:59+02:00,4335,3874,45525,43099,55639,51165,65807,66676,87056,89652,99609,99418,69986,76248,49676,60873,13976,24008,15850,15088,26548,25719,34502,37949,56037,61455,62307,64711,59088,65061,45893,55999,13098,22339,736861,455842,68183,55925,180530,129628,21030,18,37
2021-07-05T23:59:59+02:00,4275,3830,45350,42927,55494,51070,65692,66569,86942,89560,99525,99325,69923,76184,49655,60846,13973,23993,15191,14458,25593,24905,33283,36821,52943,58487,59541,62252,58252,64254,45644,55688,13053,22262,735704,439795,68153,55568,180454,127155,20804,18,37
2021-07-04T23:59:59+02:00,4267,3824,45304,42901,55434,51044,65653,66548,86904,89529,99493,99297,69900,76164,49649,60831,13968,23983,14982,14253,25156,24556,32687,36295,52279,57963,58560,61388,57594,63625,45462,55486,13034,22215,735533,435720,68123,55364,180386,124476,20633,18,35
2021-07-03T23:59:59+02:00,4049,3648,44769,42336,55115,50674,65364,66274,86659,89272,99298,99098,69827,76092,49626,60785,13964,23972,14696,13933,24805,24205,31708,35377,50541,56414,57696,60651,57422,63430,45395,55401,13022,22190,731744,427154,68108,55350,180380,124434,20572,18,35
2021-07-02T23:59:59+02:00,3741,3362,44117,41745,54790,50344,65084,65976,86391,89023,99063,98875,69723,75980,49574,60716,13958,23955,14281,13495,24111,23613,30559,34326,47926,54265,55571,58868,57030,63006,45236,55246,13006,22152,727429,414749,68092,54305,180367,123704,20512,17,15
2021-07-01T23:59:59+02:00,3603,3253,43765,41393,54589,50175,64931,65817,86242,88888,98913,98759,69656,75912,49544,60682,13950,23940,13590,12800,22819,22530,28889,32811,45920,52521,53080,56596,55610,61438,44741,54630,12933,22024,725323,401228,68032,51995,180318,119886,20322,17,15
2021-06-30T23:59:59+02:00,3592,3237,43496,41198,54408,50050,64819,65730,86156,88826,98845,98710,69629,75889,49532,60660,13946,23931,12834,12181,21650,21624,27298,31438,44077,50797,49451,52644,54282,60110,44385,54190,12877,21896,724212,385441,67988,50104,180299,116449,20138,17,15
2021-06-29T23:59:59+02:00,3375,3017,42582,40356,53803,49458,64387,65305,85750,88374,98499,98381,69502,75740,49475,60590,13927,23900,12233,11577,20853,20861,25955,30237,41459,48399,47586,51103,53314,59002,43978,53654,12783,21743,718239,373445,67936,48596,180285,113069,19944,17,15
2021-06-28T23:59:59+02:00,3158,2837,41617,39350,53146,48815,63930,64925,85367,87986,98167,98038,69364,75580,49410,60490,13909,23877,11732,11129,20202,20272,24997,29342,39368,46460,45963,49744,52210,57957,43616,53150,12704,21623,712084,363982,67831,47577,180276,109394,19758,17,15
2021-06-27T23:59:59+02:00,3153,2834,41583,39318,53104,48784,63895,64893,85315,87951,98117,98011,69347,75569,49401,60476,13904,23874,11538,10936,19878,19955,24422,28787,38348,45616,44808,48653,51185,56950,43183,52645,12622,21487,711891,359415,67806,47138,180241,105093,19574,17,15
2021-06-26T23:59:59+02:00,2671,2360,40183,37946,52369,48034,63341,64330,84829,87436,97695,97578,69156,75393,49328,60371,13885,23851,11424,10837,19709,19805,24226,28572,37873,45180,44443,48306,51072,56807,43137,52598,12617,21472,703152,356494,67782,47132,180241,105075,19564,17,15
2021-06-25T23:59:59+02:00,2265,2027,39328,37125,52018,47671,63012,64006,84548,87124,97444,97312,69053,75280,49282,60310,13870,23829,11120,10527,19327,19382,23707,27956,35180,42883,42264,46394,50734,56429,43038,52469,12593,21442,698073,344943,67648,46687,180235,104430,19531,17,15
2021-06-24T23:59:59+02:00,2211,1977,38839,36667,51670,47341,62799,63804,84316,86933,97260,97160,68972,75215,49247,60265,13864,23813,10520,9943,18266,18514,22288,26710,33081,41051,39835,44104,49257,54791,42469,51770,12476,21239,695151,332105,67626,44084,180213,100890,19346,17,15
2021-06-23T23:59:59+02:00,2199,1954,38613,36432,51508,47179,62695,63702,84222,86841,97188,97077,68941,75184,49230,60243,13861,23803,10065,9514,17639,17968,21354,25863,31154,39431,35881,39660,47967,53432,42084,51266,12395,21073,693950,316642,67599,43465,180199,97590,19107,17,15
2021-06-22T23:59:59+02:00,2122,1892,37626,35492,50764,46507,62218,63263,83850,86435,96825,96766,68794,75045,49164,60163,13848,23770,9589,9070,16776,17285,20136,24792,28036,36663,33580,37791,47015,52464,41675,50709,12255,20839,687829,304497,67559,40728,180190,94522,18949,17,15
2021-06-21T23:59:59+02:00,1976,1753,36266,34255,49745,45630,61499,62605,83355,85964,96387,96364,68624,74874,49099,60068,13836,23736,9277,8775,16318,16922,19508,24310,26299,35108,32054,36502,45969,51387,41222,50162,12150,20648,679851,297192,67535,40088,180174,90882,18459,17,15
2021-06-20T23:59:59+02:00,1965,1745,36182,34202,49608,45518,61367,62478,83278,85908,96320,96306,68590,74846,49084,60050,13836,23725,9130,8673,16104,16753,19191,24052,25482,34454,31117,35556,45774,51185,41191,50110,12141,20628,679246,293409,67500,39499,180157,90553,18088,17,15
2021-06-19T23:59:59+02:00,1599,1446,34564,32649,48700,44698,60878,61971,82809,85430,95912,95953,68440,74682,49019,59968,13821,23701,9088,8595,16004,16632,19074,23902,25377,34296,30990,35418,45679,51088,41173,50085,12137,20618,670517,292075,67487,39496,180151,90520,18068,17,14
2021-06-18T23:59:59+02:00,1404,1273,32910,31055,47487,43505,59942,61058,82008,84685,95295,95376,68222,74462,48930,59829,13805,23671,9013,8507,15847,16481,18890,23713,25128,34059,30706,35100,45388,50744,41087,50009,12124,20604,659369,289910,67362,39380,180150,90094,18019,17,14
2021-06-17T23:59:59+02:00,1328,1214,31977,30209,46616,42801,59139,60214,81270,84038,94887,94997,68084,74318,48888,59753,13790,23642,8476,8138,15161,15923,18067,22892,24026,32937,29228,33748,44064,49241,40602,49398,12005,20416,652439,280987,67251,38558,180117,87439,17341,17,14
2021-06-16T23:59:59+02:00,1245,1150,31282,29507,45820,42054,58221,59344,80495,83272,94468,94621,67947,74158,48831,59662,13771,23616,7985,7815,14548,15413,17302,22171,22895,31989,28056,32645,42178,47135,40060,48822,11897,20231,645386,271314,67135,37959,180101,85047,16825,17,14
2021-06-15T23:59:59+02:00,1103,1032,29393,27704,44066,40516,56640,57706,79108,81957,93715,93953,67660,73867,48721,59504,13738,23551,7808,7684,14247,15175,16941,21873,22381,31612,27533,32223,41243,46122,39680,48402,11774,20011,630419,268276,67092,37456,180066,82638,16340,17,14
2021-06-14T23:59:59+02:00,1011,919,27846,26224,42458,38999,54983,56058,78012,80852,93020,93327,67408,73627,48625,59381,13718,23507,7623,7510,13870,14845,16420,21437,21695,31033,26860,31630,40862,45702,39298,47954,11643,19806,617175,265627,67038,37047,180038,79806,15707,17,14
2021-06-13T23:59:59+02:00,987,894,27645,26041,42077,38670,54445,55539,77665,80549,92827,93137,67318,73547,48588,59325,13703,23482,7480,7340,13603,14553,16038,21045,21268,30545,26330,31132,40465,45300,38840,47390,11464,19521,614479,263553,66905,36981,180008,76749,15030,17,14
2021-06-12T23:59:59+02:00,858,779,26109,24436,40906,37585,53771,54804,77133,80053,92276,92613,67163,73369,48519,59248,13690,23461,7434,7289,13482,14444,15905,20936,21084,30398,26214,31036,40448,45284,38832,47380,11464,19520,604884,262779,66902,36979,180001,76422,14969,17,14
2021-06-11T23:59:59+02:00,744,670,24481,22900,39546,36392,52545,53598,76164,79201,91698,92038,66928,73135,48458,59140,13671,23426,7377,7200,13312,14263,15695,20745,20815,30144,25947,30782,40140,44908,38748,47266,11447,19492,593088,260905,66825,36834,179993,75729,14812,17,14
2021-06-10T23:59:59+02:00,644,583,23485,21886,38324,35209,50946,52099,74846,78011,90090,90496,66574,72741,48331,58968,13645,23372,7096,6976,12792,13828,15066,20179,20055,29394,25157,30110,39442,44048,38398,46852,11335,19309,580189,257476,66351,36802,179943,72008,13750,17,14
2021-06-09T23:59:59+02:00,574,534,23036,21495,37667,34688,49835,51062,73607,76817,89499,89992,66449,72598,48281,58883,13630,23342,6823,6664,12193,13226,14287,19373,19142,28375,24178,28955,36883,41150,37833,46209,11187,19069,573039,247208,65895,36728,179901,68474,13137,17,13
2021-06-08T23:59:59+02:00,468,423,21517,20019,36055,33321,47729,49106,71471,74884,88031,88516,66136,72212,48148,58724,13598,23298,6693,6486,11819,12862,13810,18889,18541,27776,23624,28424,36601,40898,37544,45843,11079,18913,555671,245572,65620,36653,179871,65100,12477,17,13
2021-06-07T23:59:59+02:00,353,330,20510,19033,34508,31981,45453,47082,69335,73007,87054,87665,65914,71948,48074,58588,13578,23263,6540,6323,11400,12515,13273,18413,17814,27190,22994,27828,36281,40593,37126,45363,10966,18717,540462,243594,65450,36589,179816,61222,11931,17,13
2021-06-06T23:59:59+02:00,330,309,20328,18888,34115,31698,44848,46518,68721,72526,86844,87498,65858,71889,48063,58561,13571,23251,6407,6154,11079,12103,12845,17843,17177,26380,22297,27024,35815,40121,36646,44811,10810,18449,537361,241159,65128,36541,179774,56725,11536,17,13
2021-06-05T23:59:59+02:00,258,244,19077,17605,32774,30480,43619,45342,68147,72006,86314,86989,65767,71787,48015,58513,13564,23239,6356,6075,10976,11950,12722,17673,17010,26176,22129,26842,35754,40042,36624,44786,10808,18444,527337,240573,65128,36127,179742,56151,11516,17,13
2021-06-04T23:59:59+02:00,177,175,17878,16450,31455,29184,42062,43845,66804,70689,85503,86238,65580,71574,47939,58423,13548,23211,6254,5933,10801,11744,12507,17421,16657,25793,21610,26405,34871,39194,36310,44487,10791,18421,514475,238751,65061,35802,179737,53200,11445,17,13
2021-06-03T23:59:59+02:00,122,122,17239,15874,30470,28359,40606,42559,65035,69159,83250,83955,65156,71122,47811,58261,13530,23173,6083,5726,10495,11393,12191,16961,16212,25136,21066,25826,34206,38406,36136,44285,10758,18371,500698,236438,64368,35417,179696,50371,11024,17,13
2021-06-02T23:59:59+02:00,93,79,16899,15566,30162,28099,39939,41938,63447,67769,82311,83156,65015,70959,47751,58178,13527,23158,5965,5631,10325,11239,11968,16750,15918,24833,20727,25434,30973,34791,35911,44062,10729,18317,493204,227775,64367,35091,179695,49942,10763,17,13
2021-06-01T23:59:59+02:00,38,44,16107,14895,28670,27011,37590,39884,59894,64593,79885,80842,64665,70594,47623,57992,13493,23103,5688,5346,9809,10807,11436,16158,15256,24046,19991,24680,30628,34494,35713,43882,10701,18255,474912,226299,62814,34592,179627,46445,9553,17,12
2021-05-31T23:59:59+02:00,30,36,15537,14417,27736,26316,35626,38218,56456,61568,77855,79137,64331,70238,47479,57817,13460,23050,5526,5131,9401,10445,11009,15682,14723,23366,19366,23974,30342,34244,35531,43688,10665,18198,459137,225633,62103,34207,179560,42959,8490,17,12
2021-05-30T23:59:59+02:00,29,33,15391,14291,27457,26090,35174,37812,55745,60950,77535,78863,64271,70180,47454,57782,13456,23040,5423,4939,9074,10078,10599,15198,14276,22568,18840,23205,29666,33531,35305,43494,10643,18137,456169,225184,61670,34127,179514,37480,8183,17,12
2021-05-29T23:59:59+02:00,27,32,14994,13893,26604,25270,33413,36218,54265,59656,76946,78296,64120,70032,47401,57729,13449,23026,5389,4863,9012,9967,10510,15085,14170,22423,18710,23069,29636,33508,35299,43486,10642,18134,446028,224715,61639,34127,179509,36881,8178,17,12
2021-05-28T23:59:59+02:00,24,31,14583,13487,25785,24522,31562,34453,52094,57651,75890,77301,63915,69782,47349,57652,13439,23003,5304,4746,8839,9821,10359,14917,14012,22190,18503,22767,29567,33461,35282,43470,10641,18130,434048,224061,61169,34121,179421,35957,7868,17,12
2021-05-27T23:59:59+02:00,20,27,13957,13017,24721,23800,30317,33526,50489,56279,72794,74322,63477,69245,47214,57490,13415,22949,5190,4507,8511,9485,9961,14492,13574,21559,18002,22171,29348,33257,35173,43358,10619,18102,421906,223435,59216,34050,178797,32699,7123,17,12
2021-05-26T23:59:59+02:00,19,25,13468,12587,23809,23150,29401,32832,49401,55354,69837,71134,62865,68636,47079,57320,13385,22903,5104,4342,8256,9171,9664,14105,13218,20960,17567,21574,29157,33090,35075,43254,10593,18052,411091,222834,57041,33932,178301,29659,6755,17,12
2021-05-25T23:59:59+02:00,19,21,13124,12287,23232,22745,28351,31978,46806,53123,67573,69009,62514,68269,46966,57171,13367,22852,5021,4218,8048,8914,9410,13734,12905,20440,17189,21027,29000,32938,34991,43152,10567,17997,399255,222293,55976,33851,177679,26924,6480,17,12
2021-05-24T23:59:59+02:00,18,20,12825,12006,22732,22363,27735,31529,44186,50692,65120,66822,62207,67971,46856,57046,13334,22797,4949,4113,7798,8684,9094,13357,12578,19929,16804,20471,28858,32800,34917,43081,10545,17951,387609,221730,55494,33788,177015,24284,6124,17,12
2021-05-23T23:59:59+02:00,18,20,12764,11936,22637,22280,27655,31453,43930,50464,64535,66273,62128,67883,46831,57028,13332,22795,4929,4098,7761,8654,9036,13326,12500,19869,16730,20417,28849,32788,34914,43075,10545,17950,385410,221460,55414,33782,177003,24078,6118,17,12
2021-05-22T23:59:59+02:00,18,20,12540,11697,22316,21977,26652,30565,42097,48882,63681,65535,61967,67692,46765,56937,13322,22772,4913,4043,7734,8592,8995,13263,12470,19787,16702,20353,28839,32778,34910,43069,10544,17949,376925,221376,55403,33782,176998,23688,6092,17,12
2021-05-21T23:59:59+02:00,18,19,12235,11444,21746,21539,25844,29880,39711,46991,61711,63871,61706,67421,46681,56849,13307,22747,4894,4015,7680,8504,8928,13175,12392,19693,16629,20269,28823,32753,34903,43059,10542,17948,366532,221179,54345,33768,176807,23238,6019,17,12
2021-05-20T23:59:59+02:00,17,19,11614,10866,20628,20653,24705,28860,38207,45714,59372,61805,60888,66522,46482,56593,13273,22692,4613,3835,7280,8211,8489,12779,11939,19183,16213,19749,28702,32658,34852,43008,10538,17938,356071,220783,51994,33660,175531,20244,5297,17,12
2021-05-19T23:59:59+02:00,17,19,11175,10553,19841,20108,23859,28266,37307,45031,56147,58173,60197,65819,46373,56459,13251,22645,4460,3669,7025,7967,8212,12449,11612,18756,15844,19326,28604,32545,34810,42934,10528,17923,345641,220306,50381,33547,174394,18001,4807,17,12
2021-05-18T23:59:59+02:00,17,19,10842,10267,19268,19657,23218,27710,35909,43808,54741,57049,59828,65397,46244,56297,13226,22620,4352,3544,6779,7735,7955,12167,11380,18360,15499,18897,28521,32456,34780,42895,10524,17916,340290,220023,48543,33470,172914,15911,4353,17,12
2021-05-17T23:59:59+02:00,16,18,10622,10085,18836,19372,22790,27403,34709,42813,53436,56018,59581,65151,46181,56198,13210,22587,4280,3457,6571,7517,7704,11876,11124,17966,15191,18494,28431,32370,34756,42854,10518,17903,336232,219742,47558,33403,171398,14043,3821,17,12
2021-05-16T23:59:59+02:00,16,17,10432,9953,18542,19170,22455,27164,34073,42355,52198,54849,59387,64987,46145,56144,13199,22567,4212,3381,6353,7352,7412,11622,10858,17614,14898,18131,28367,32308,34740,42836,10511,17899,333804,219500,46682,33342,169775,12275,3375,17,11
2021-05-15T23:59:59+02:00,16,17,10334,9852,18391,19024,22287,27024,33688,41986,51804,54474,59271,64839,46097,56099,13196,22551,4171,3346,6269,7287,7318,11519,10756,17495,14790,18001,28273,32190,34649,42743,10507,17894,331413,218411,46681,33340,169640,12256,3199,17,11
2021-05-14T23:59:59+02:00,15,17,10050,9643,17958,18784,21888,26740,31333,40215,49658,52622,59054,64613,46049,56016,13180,22529,4041,3263,5983,7125,7010,11294,10408,17147,14445,17673,27700,31485,34529,42550,10489,17865,322273,215115,46628,33336,169027,12135,2419,17,11
2021-05-13T23:59:59+02:00,15,17,9588,9266,17165,18221,21016,26062,30214,39232,47418,50451,58208,63642,45840,55733,13141,22457,3537,3065,5646,6871,6698,10987,10001,16759,14070,17240,26805,30289,34107,42037,10458,17803,313786,210535,44765,32784,167009,10941,2111,15,11
2021-05-12T23:59:59+02:00,15,17,9295,9075,16733,17965,20547,25778,29686,38846,44419,46812,57634,63002,45756,55621,13123,22432,3396,2977,5417,6760,6420,10842,9719,16551,13832,16977,26161,29472,33943,41842,10432,17769,304630,207519,43941,32761,166717,10773,1455,13,11
2021-05-11T23:59:59+02:00,15,15,8853,8791,15961,17450,19687,25162,27945,37401,42488,45311,57256,62555,45671,55486,13103,22404,3276,2846,5187,6418,6119,10428,9357,15991,13394,16421,24737,27806,33435,41220,10381,17684,299142,201561,40883,32578,164230,9274,1286,13,10
2021-05-10T23:59:59+02:00,15,14,8591,8638,15448,17200,19058,24847,26954,36719,41031,44166,56997,62283,45592,55383,13082,22375,3166,2718,4956,6187,5863,10104,9029,15515,13031,16003,23690,26478,32949,40634,10346,17626,295877,196917,39976,32552,161555,7853,973,12,8
2021-05-09T23:59:59+02:00,15,14,8432,8554,15140,17017,18681,24597,26286,36294,39250,42507,56701,62005,45539,55325,13074,22357,3046,2664,4776,6050,5694,9931,8833,15310,12863,15829,23416,26146,32805,40459,10336,17611,292925,195725,39604,32511,158548,6834,699,12,8
2021-05-08T23:59:59+02:00,15,14,8358,8479,14963,16872,18472,24400,26060,36056,39019,42318,56574,61856,45503,55288,13071,22347,3039,2646,4743,6014,5651,9885,8756,15246,12777,15759,23048,25720,32522,40148,10328,17595,291376,194539,39151,31807,158427,6832,699,12,8
2021-05-07T23:59:59+02:00,14,13,8184,8381,14640,16692,18091,24168,25639,35771,38570,41940,56301,61504,45454,55242,13066,22337,2735,2512,4393,5829,5382,9624,8444,14936,12385,15363,21956,24349,31878,39319,10300,17545,288865,191098,38724,30314,158101,5233,305,12,8
2021-05-06T23:59:59+02:00,13,13,7531,8019,13746,16094,17040,23322,24301,34661,36423,40279,55174,60184,45212,54937,13031,22271,2608,2399,4220,5633,5173,9314,8101,14494,11953,14909,20651,22670,31027,38315,10249,17434,278241,185491,37446,29357,156284,4034,268,12,8
2021-05-05T23:59:59+02:00,11,13,6992,7712,12962,15543,16016,22558,22922,33637,34602,38794,53338,58150,44896,54592,12998,22205,2518,2339,4046,5475,4985,9102,7756,14155,11588,14553,19265,20890,29839,36903,10209,17332,266810,179381,36531,28189,154499,3296,89,12,8
2021-05-04T23:59:59+02:00,11,12,6803,7617,12605,15373,15533,22287,22281,33293,33641,38100,52483,57190,44775,54466,12980,22164,2462,2268,3893,5305,4811,8846,7418,13748,11161,14093,17616,18968,28748,35576,10115,17212,263060,172582,35666,27260,152842,2363,35,11,8
2021-05-03T23:59:59+02:00,11,12,6656,7470,12230,15157,15028,21978,21573,32889,32492,37211,52185,56874,44679,54359,12965,22132,2403,2197,3800,5125,4672,8611,7202,13400,10840,13685,16415,17476,27871,34478,10051,17105,259778,167029,35207,26909,150880,1368,25,11,8
2021-05-02T23:59:59+02:00,11,12,6576,7380,12021,14985,14734,21745,21098,32569,31342,36265,51902,56583,44617,54269,12949,22101,2390,2190,3779,5093,4643,8575,7136,13329,10758,13596,16104,17083,27575,34173,10039,17093,257355,165472,35137,26799,148632,1263,24,11,6
2021-05-01T23:59:59+02:00,11,12,6558,7355,11959,14940,14657,21686,20999,32496,31215,36173,51896,56567,44613,54268,12947,22099,2387,2181,3756,5076,4601,8550,7099,13292,10698,13541,15906,16860,27459,34036,10036,17083,256798,164506,35137,26772,148481,1261,24,11,6
2021-04-30T23:59:59+02:00,11,12,6521,7317,11869,14851,14552,21570,20804,32310,30977,35983,51624,56208,44568,54214,12942,22087,2358,2160,3694,5014,4507,8442,6948,13107,10423,13277,15098,15835,26592,32965,9995,16995,255028,161310,35095,24889,148263,1190,23,11,6
2021-04-29T23:59:59+02:00,11,12,6317,7194,11549,14664,14200,21334,20286,32024,30223,35493,50976,55383,44477,54099,12918,22012,2321,2114,3602,4925,4382,8306,6754,12890,10149,12992,14127,14603,25289,31423,9934,16903,251869,155621,35002,24143,146268,930,22,11,6
2021-04-28T23:59:59+02:00,11,12,6050,7029,11173,14332,13712,20870,19651,31421,29057,34366,48315,52392,44186,53775,12855,21934,2282,2074,3533,4865,4267,8191,6594,12706,9903,12773,12988,13126,23803,29548,9873,16800,241966,149668,34877,22940,144277,710,10,11,6
2021-04-27T23:59:59+02:00,11,12,5948,6937,11024,14212,13512,20709,19373,31211,28497,33981,48109,52172,44130,53725,12847,21912,2240,2040,3442,4771,4174,8082,6429,12522,9625,12497,11780,11565,22152,27395,9797,16655,240605,142869,34830,21756,142866,533,10,11,6
2021-04-26T23:59:59+02:00,11,12,5900,6893,10907,14147,13353,20589,19146,31001,27668,33412,47772,51807,44078,53661,12838,21883,2217,2012,3389,4728,4111,8012,6327,12390,9437,12322,10865,10408,20874,25648,9739,16569,239893,137601,34806,21018,140358,423,10,11,4
2021-04-25T23:59:59+02:00,11,12,5854,6846,10804,14052,13193,20436,18902,30718,26909,32675,47275,51295,43995,53562,12824,21864,2190,2001,3359,4709,4093,7993,6294,12350,9380,12262,10704,10216,20632,25325,9729,16555,238199,136747,34765,20675,138242,364,10,11,4
2021-04-24T23:59:59+02:00,11,12,5833,6798,10729,13968,13097,20295,18771,30544,26747,32497,47175,51172,43902,53468,12820,21859,2183,1991,3335,4682,4054,7947,6222,12277,9250,12145,10547,10035,20500,25194,9713,16537,236741,136225,34749,20035,138187,346,10,11,4
2021-04-23T23:59:59+02:00,11,12,5769,6706,10599,13769,12899,20043,18464,30170,26355,32136,46231,50039,43748,53223,12798,21827,2165,1970,3293,4647,4006,7892,6128,12188,9085,12017,10280,9737,20176,24775,9664,16457,232359,135103,34693,19036,137726,335,10,11,4
2021-04-22T23:59:59+02:00,11,12,5666,6591,10391,13574,12549,19712,17956,29698,25727,31544,44501,47887,43176,52493,12752,21726,2151,1959,3253,4595,3930,7818,6000,12088,8827,11852,9850,9330,19724,24186,9614,16379,226123,132987,34583,18259,135239,303,10,11,4
2021-04-21T23:59:59+02:00,11,11,5570,6453,10162,13372,12221,19399,17454,29204,25012,30816,40234,43027,42701,51958,12686,21622,2139,1950,3218,4559,3875,7760,5922,11995,8652,11692,9521,8947,19224,23596,9555,16284,214037,131347,34517,17255,133338,280,10,11,4
2021-04-20T23:59:59+02:00,11,11,5490,6363,9969,13157,11947,19136,17034,28796,24460,30255,38479,41017,42049,51183,12616,21484,2114,1937,3179,4533,3809,7715,5791,11899,8481,11564,9238,8627,18755,22932,9458,16143,207829,129988,34427,15954,131181,226,10,10,4
2021-04-19T23:59:59+02:00,11,10,5410,6285,9810,13030,11746,18931,16672,28415,23918,29787,36925,39227,41461,50457,12560,21395,2098,1919,3144,4499,3769,7671,5752,11829,8398,11473,9002,8344,18352,22366,9412,16053,202811,128303,34371,15565,128850,206,10,8,4
2021-04-18T23:59:59+02:00,11,9,5348,6234,9680,12947,11548,18794,16394,28217,23515,29476,35620,37865,41113,50051,12528,21333,2086,1903,3115,4478,3743,7655,5707,11783,8347,11424,8902,8253,18199,22178,9399,16030,201279,127817,34332,15177,125054,201,10,8,4
2021-04-17T23:59:59+02:00,11,9,5342,6218,9645,12916,11503,18754,16317,28151,23451,29418,35311,37527,41006,49954,12522,21322,2076,1895,3088,4466,3685,7610,5636,11732,8261,11373,8792,8144,18096,22062,9378,16017,200054,127018,34323,15087,124982,199,10,8,4
2021-04-16T23:59:59+02:00,11,9,5279,6179,9556,12856,11370,18644,16108,27992,23107,29073,34233,36269,40599,49434,12502,21289,1943,1807,2862,4288,3328,7295,4874,11205,6782,10288,6309,6116,16301,20389,9188,15720,195920,117786,34239,10705,124333,197,10,8,4
2021-04-15T23:59:59+02:00,11,9,5212,6088,9356,12686,11074,18396,15612,27599,22417,28475,32335,33951,39558,48225,12426,21125,1898,1775,2797,4224,3211,7176,4656,11025,6407,9977,5850,5719,15710,19705,9002,15391,190106,114671,34188,9655,120243,190,10,8,4
2021-04-14T23:59:59+02:00,11,8,5151,6042,9188,12557,10855,18219,15211,27286,21771,27995,30412,31701,38342,46809,12352,20940,1817,1720,2714,4158,3102,7084,4452,10859,6102,9726,5369,5306,15126,19017,8800,15043,183742,112056,34051,8198,117039,134,10,8,4
2021-04-13T23:59:59+02:00,11,8,5103,5988,9051,12427,10676,18050,14871,27012,21249,27530,28315,29254,37085,45217,12212,20736,1772,1704,2676,4115,3047,7023,4321,10718,5832,9516,5029,5001,14679,18568,8668,14844,176869,110640,33987,6829,113921,37,10,8,4
2021-04-12T23:59:59+02:00,10,8,5042,5940,8942,12290,10473,17902,14551,26732,20708,27074,26277,26986,35929,43753,12085,20539,1738,1661,2646,4096,3021,6970,4261,10651,5728,9416,4869,4857,14381,18199,8557,14645,171161,109803,33912,5851,110150,35,10,8,4
2021-04-11T23:59:59+02:00,10,8,5003,5897,8851,12211,10315,17801,14288,26555,20285,26750,25079,25700,35224,42969,11997,20392,1729,1655,2625,4076,2999,6945,4228,10605,5642,9349,4778,4803,14266,18077,8519,14594,169381,109606,33842,5247,106094,30,10,8,4
2021-04-10T23:59:59+02:00,10,8,4992,5883,8810,12185,10260,17766,14220,26506,20189,26670,24765,25326,34881,42550,11990,20371,1724,1650,2616,4067,2985,6929,4199,10576,5585,9310,4700,4724,14140,17915,8473,14510,168170,108819,33122,5247,106072,30,10,8,4
2021-04-09T23:59:59+02:00,10,8,4945,5852,8725,12107,10138,17643,14052,26330,19929,26429,23934,24175,33930,41346,11957,20298,1696,1620,2562,4032,2913,6867,4048,10463,5334,9085,4282,4351,13579,17203,8247,14145,164821,105153,31613,5239,105359,30,7,8,4
2021-04-08T23:59:59+02:00,10,8,4868,5787,8578,11996,9924,17467,13656,26017,19326,25961,22233,22197,32249,39384,11811,20064,1666,1604,2508,3985,2832,6780,3900,10325,5041,8820,3830,3927,12594,15960,7777,13387,159081,100188,30708,4718,101732,25,7,8,4
2021-04-07T23:59:59+02:00,10,7,4821,5735,8397,11920,9696,17318,13336,25790,18858,25602,20422,20085,30494,37127,11696,19853,1633,1588,2454,3933,2771,6700,3791,10179,4853,8630,3569,3638,11911,15154,7408,12842,153047,96887,29534,4148,98571,14,7,8,4
2021-04-06T23:59:59+02:00,10,7,4774,5690,8253,11808,9535,17153,13019,25524,18341,25217,18571,18024,28579,34640,11501,19511,1599,1569,2431,3907,2738,6663,3726,10135,4772,8541,3462,3515,11435,14509,7128,12436,146225,94589,28578,3959,95339,13,7,8,4
2021-04-05T23:59:59+02:00,10,7,4743,5648,8157,11719,9397,17053,12808,25313,17941,24870,16846,16090,26954,32496,11357,19289,1579,1558,2401,3888,2709,6615,3683,10076,4687,8426,3352,3408,11097,14141,6972,12157,140819,93201,28143,3530,91723,13,7,6,4
2021-04-04T23:59:59+02:00,10,7,4735,5642,8149,11708,9384,17040,12783,25293,17913,24845,16714,15916,26758,32249,11348,19276,1578,1557,2399,3885,2707,6612,3681,10073,4683,8423,3342,3395,11086,14129,6970,12149,140099,93122,28051,3530,91610,13,6,4,4
2021-04-03T23:59:59+02:00,10,7,4731,5634,8135,11700,9364,17020,12744,25262,17835,24783,16634,15827,26713,32192,11343,19269,1575,1555,2390,3877,2689,6598,3657,10045,4601,8368,3224,3280,11004,14055,6964,12139,139572,92474,28023,3530,91598,13,6,4,4
2021-04-02T23:59:59+02:00,10,7,4705,5614,8078,11646,9301,16952,12605,25156,17601,24583,16183,15350,26238,31620,11311,19216,1573,1546,2377,3871,2682,6582,3636,10013,4532,8275,3155,3212,10767,13756,6812,11938,138371,91184,26615,3526,91180,13,6,4,4
2021-04-01T23:59:59+02:00,9,7,4662,5553,7966,11505,9170,16792,12332,24871,17156,24184,15435,14625,25483,30662,11186,19035,1556,1524,2346,3839,2660,6552,3596,9974,4463,8210,3044,3084,9839,12643,6203,11092,136141,87190,25951,3422,88533,11,4,4,4
2021-03-31T23:59:59+02:00,9,7,4453,5473,7856,11383,9030,16627,12114,24595,16805,23819,14739,13863,24651,29655,11081,18843,1547,1519,2332,3819,2634,6524,3548,9925,4392,8139,2954,2994,9269,11948,5840,10597,134348,84772,24497,3196,86150,11,4,4,4
2021-03-30T23:59:59+02:00,9,7,4422,5420,7784,11256,8944,16469,11952,24405,16528,23510,14147,13221,23895,28678,10944,18602,1533,1509,2312,3794,2608,6495,3508,9860,4324,8068,2830,2849,8687,11295,5490,10111,132875,82465,23287,2799,84023,7,4,4,4
2021-03-29T23:59:59+02:00,9,7,4381,5362,7684,11144,8837,16307,11794,24133,16202,23164,13606,12624,23136,27707,10791,18357,1515,1496,2293,3778,2587,6466,3473,9804,4260,7993,2777,2781,8400,10910,5300,9802,131041,81086,22537,2540,81659,7,4,4,4
2021-03-28T23:59:59+02:00,9,7,4347,5277,7599,11037,8760,16155,11659,23903,15944,22891,13282,12315,22570,27017,10617,18078,1506,1491,2271,3764,2573,6437,3433,9754,4222,7936,2729,2730,8322,10806,5257,9737,130543,80746,22018,2213,78898,7,4,4,4
2021-03-27T23:59:59+01:00,9,7,4333,5266,7573,11007,8694,16084,11559,23807,15802,22775,13076,12102,22370,26807,10582,18049,1505,1489,2268,3762,2572,6436,3420,9731,4211,7914,2719,2723,8266,10741,5223,9697,129663,80455,21375,2213,78856,7,4,4,4
2021-03-26T23:59:59+01:00,9,7,4290,5197,7464,10876,8519,15900,11227,23508,15193,22270,12161,11284,21588,25973,10441,17826,1500,1475,2263,3741,2559,6413,3403,9705,4170,7877,2689,2684,8089,10524,5106,9530,125642,79618,19778,2099,78305,7,4,4,4
2021-03-25T23:59:59+01:00,9,6,4231,5038,7303,10598,8276,15497,10844,22887,14555,21572,11492,10625,20723,24907,10129,17291,1480,1461,2231,3715,2524,6374,3366,9657,4100,7796,2555,2546,7115,9276,4501,8625,122382,75448,19005,1864,74589,7,3,4,4
2021-03-24T23:59:59+01:00,9,6,4155,4897,7165,10313,8062,15084,10582,22343,14087,20966,10890,10066,19793,23822,9806,16730,1459,1431,2205,3678,2479,6338,3324,9594,4022,7697,2456,2447,6472,8516,4120,8046,119797,72829,17820,1448,71154,6,1,4,4
2021-03-23T23:59:59+01:00,9,6,4115,4803,7058,10079,7909,14746,10325,21840,13687,20475,10426,9624,19074,22972,9496,16269,1447,1413,2179,3657,2458,6311,3263,9540,3930,7623,2363,2345,5746,7590,3675,7359,118341,69770,16718,1123,67850,6,0,4,4
2021-03-22T23:59:59+01:00,9,6,4063,4723,6931,9838,7750,14426,10069,21376,13338,19978,10035,9268,18511,22263,9309,15929,1438,1406,2170,3643,2446,6295,3240,9517,3900,7590,2302,2294,5294,6986,3328,6870,117460,67676,16321,1036,64037,6,0,4,4
2021-03-21T23:59:59+01:00,9,6,4016,4618,6799,9573,7582,14071,9846,20837,12997,19454,9715,8990,17982,21660,9119,15622,1435,1403,2169,3632,2443,6288,3234,9508,3890,7576,2288,2275,5177,6854,3270,6769,117265,67168,15927,1036,59700,6,0,4,4
2021-03-20T23:59:59+01:00,9,6,4005,4596,6764,9519,7524,14000,9762,20732,12893,19365,9628,8896,17847,21487,9069,15535,1432,1399,2165,3629,2438,6283,3221,9498,3871,7566,2253,2243,4854,6481,3086,6528,116445,65904,15832,1036,59356,6,0,4,4
2021-03-19T23:59:59+01:00,8,6,3830,4455,6474,9267,7083,13577,8850,20002,11167,18038,6783,6557,15618,19292,8717,14974,1428,1395,2160,3623,2426,6270,3209,9474,3821,7520,2186,2202,4485,6009,2824,6213,107186,64234,11131,1004,56377,6,0,4,4
2021-03-18T23:59:59+01:00,8,5,3725,4322,6297,8958,6818,13137,8459,19346,10528,17301,6075,5904,14405,17825,8210,14160,1424,1389,2136,3596,2408,6234,3179,9431,3780,7485,2140,2168,4066,5481,2543,5804,102090,62362,10128,896,53261,5,0,4,4
2021-03-17T23:59:59+01:00,8,5,3648,4248,6165,8814,6651,12959,8165,19036,10128,16909,5670,5521,13589,16895,7817,13585,1414,1377,2120,3577,2378,6201,3148,9402,3743,7449,2084,2109,3660,5035,2294,5421,98865,60644,8447,762,52497,5,0,4,4
2021-03-16T23:59:59+01:00,7,5,3570,4113,6013,8543,6445,12591,7851,18452,9583,16253,5150,5068,12777,15933,7487,13095,1405,1368,2111,3560,2363,6187,3133,9382,3717,7423,2056,2073,3142,4396,1960,4915,96557,58428,7046,758,49329,4,0,4,4
2021-03-15T23:59:59+01:00,7,5,3523,3965,5828,8266,6227,12182,7577,17880,9147,15629,4836,4787,12124,15190,7224,12638,1405,1358,2095,3545,2343,6162,3115,9334,3693,7384,2020,2023,2780,3937,1676,4523,95067,56644,6076,744,45888,4,0,4,4
2021-03-14T23:59:59+01:00,7,5,3477,3833,5601,7937,5942,11738,7272,17161,8686,14877,4523,4515,11834,14934,7179,12539,1398,1352,2079,3516,2328,6112,3097,9276,3676,7345,2013,2012,2702,3830,1624,4439,94949,56245,5471,550,41636,3,0,4,4
2021-03-13T23:59:59+01:00,7,5,3461,3793,5562,7825,5883,11622,7190,17021,8543,14726,4371,4366,11742,14848,7173,12528,1398,1352,2079,3516,2327,6112,3096,9274,3675,7345,2010,2004,2650,3775,1590,4385,94261,56035,5471,550,40930,2,0,4,4
2021-03-12T23:59:59+01:00,7,5,3443,3721,5506,7689,5821,11475,7106,16797,8408,14493,4264,4270,11472,14525,7019,12313,1398,1352,2075,3510,2326,6104,3092,9268,3674,7339,2008,2002,2564,3665,1510,4299,92844,55633,5463,550,40023,2,0,4,4
2021-03-11T23:59:59+01:00,7,5,3365,3526,5298,7391,5590,11056,6768,16132,7976,13855,3929,3936,10401,13271,6372,11412,1393,1349,2065,3497,2307,6079,3069,9234,3650,7307,1979,1977,2326,3403,1360,4081,88678,54556,5046,517,36562,2,0,4,4
2021-03-10T23:59:59+01:00,7,5,3270,3408,5085,7121,5377,10700,6498,15586,7641,13310,3709,3709,9760,12479,5988,10879,1388,1338,2038,3459,2277,5989,3021,9113,3592,7189,1936,1901,2110,3166,1231,3893,86219,53356,4677,282,33632,2,0,4,4
2021-03-09T23:59:59+01:00,6,5,3196,3278,4930,6932,5183,10421,6269,15154,7343,12807,3526,3504,9132,11777,5616,10362,1381,1328,2002,3399,2246,5887,2960,8969,3525,7108,1907,1875,1836,2850,1063,3648,83956,51946,4423,35,31058,2,0,4,4
2021-03-08T23:59:59+01:00,6,5,3130,3119,4704,6667,4946,10068,6010,14643,6981,12219,3327,3312,8745,11334,5419,10050,1378,1309,1988,3321,2215,5794,2921,8823,3492,7015,1892,1853,1636,2619,945,3458,82489,50625,4062,33,28130,0,0,4,4
2021-03-07T23:59:59+01:00,6,5,3098,3060,4630,6555,4863,9955,5905,14480,6865,12074,3277,3270,8661,11229,5381,9983,1372,1304,1981,3309,2207,5767,2914,8784,3480,6996,1884,1841,1580,2552,893,3391,82139,50221,3897,33,27257,0,0,4,4
2021-03-06T23:59:59+01:00,6,5,3084,3002,4586,6465,4829,9892,5847,14366,6817,11965,3253,3247,8605,11163,5347,9940,1370,1291,1976,3295,2195,5740,2911,8756,3469,6977,1876,1817,1553,2528,888,3382,81823,49990,3897,33,26695,0,0,4,4
2021-03-05T23:59:59+01:00,6,5,3060,2909,4528,6356,4767,9793,5784,14215,6717,11812,3209,3192,8421,10933,5228,9768,1361,1258,1946,3240,2171,5633,2869,8622,3425,6839,1833,1772,1489,2457,866,3356,80925,49103,3889,33,25885,0,0,4,4
2021-03-04T23:59:59+01:00,4,5,3007,2716,4369,6117,4549,9483,5578,13795,6406,11423,3031,3016,7407,9644,4610,8856,1341,1208,1908,3117,2141,5450,2823,8345,3369,6607,1763,1682,1453,2408,862,3338,76785,47782,3619,32,23608,0,0,4,4
2021-03-03T23:59:59+01:00,3,5,2968,2644,4228,5926,4384,9215,5376,13418,6153,11003,2910,2886,6763,8875,4217,8254,1329,1170,1881,3045,2119,5339,2791,8168,3316,6449,1694,1638,1412,2338,842,3285,74077,46784,3390,32,21757,0,0,4,3
2021-03-02T23:59:59+01:00,3,5,2907,2555,4044,5710,4176,8942,5178,13043,5886,10629,2764,2729,5997,7911,3755,7549,1296,1127,1854,2973,2095,5200,2742,7896,3267,6251,1623,1578,1348,2259,822,3242,70920,45541,2944,32,19915,0,0,4,3
2021-03-01T23:59:59+01:00,3,4,2867,2493,3878,5559,3989,8722,4990,12721,5648,10242,2664,2615,5508,7257,3403,7044,1290,1091,1831,2872,2068,5007,2701,7646,3207,6015,1580,1542,1300,2200,796,3203,68772,44317,2645,32,18186,0,0,4,3
2021-02-28T23:59:59+01:00,3,4,2826,2444,3720,5441,3768,8532,4807,12471,5461,9937,2607,2543,5385,7101,3341,6943,1286,1086,1827,2858,2059,4983,2694,7610,3197,5998,1572,1535,1294,2191,794,3193,68295,44146,2427,31,16608,0,0,4,3
2021-02-27T23:59:59+01:00,3,3,2811,2379,3694,5361,3734,8463,4773,12381,5426,9863,2566,2509,5056,6714,3145,6693,1279,1078,1820,2846,2046,4948,2675,7545,3181,5942,1554,1526,1288,2180,791,3192,66989,43861,2427,30,16154,0,0,4,3
2021-02-26T23:59:59+01:00,3,3,2791,2338,3654,5277,3669,8361,4712,12273,5341,9775,2489,2456,4679,6233,2876,6370,1220,1028,1770,2737,1997,4767,2621,7271,3108,5731,1493,1475,1265,2158,777,3183,65199,42573,2302,29,15795,0,0,4,2
2021-02-25T23:59:59+01:00,3,3,2617,2229,3470,5096,3487,8138,4508,11987,5122,9501,2402,2391,4230,5681,2588,5949,1204,971,1739,2629,1944,4493,2550,6877,3013,5445,1449,1432,1245,2143,775,3174,63343,41059,1980,26,14075,0,0,4,1
2021-02-24T23:59:59+01:00,3,3,2462,2091,3280,4904,3339,7932,4311,11733,4903,9253,2265,2272,3777,5171,2331,5556,1189,942,1716,2543,1910,4354,2490,6620,2961,5239,1418,1401,1227,2123,771,3155,61580,40042,1511,18,12491,0,0,4,1
2021-02-23T23:59:59+01:00,3,3,2325,1953,3101,4676,3184,7701,4140,11460,4721,9007,2179,2178,3224,4506,1993,5044,1175,894,1685,2448,1871,4161,2422,6321,2863,4979,1360,1346,1198,2080,758,3130,59381,38678,1164,14,10849,0,0,4,1
2021-02-22T23:59:59+01:00,3,3,2285,1902,3016,4583,3114,7593,4046,11274,4614,8882,2129,2137,2860,4044,1707,4658,1163,835,1653,2322,1828,3915,2346,5927,2737,4681,1298,1291,1175,2047,752,3109,57710,37076,1080,4,10056,0,0,4,1
2021-02-21T23:59:59+01:00,3,3,2249,1870,2965,4514,3032,7479,3965,11128,4548,8765,2115,2114,2776,3930,1652,4570,1159,817,1636,2269,1803,3806,2313,5772,2674,4557,1266,1268,1165,2033,745,3096,57279,36376,1047,4,9348,0,0,4,1
2021-02-20T23:59:59+01:00,3,3,2238,1867,2943,4501,3016,7443,3939,11095,4527,8744,2112,2106,2722,3873,1617,4515,1159,814,1636,2267,1802,3797,2312,5767,2673,4553,1265,1265,1164,2030,744,3095,57064,36340,1046,4,9150,0,0,4,1
2021-02-19T23:59:59+01:00,2,3,2226,1854,2907,4449,2991,7355,3894,11013,4473,8681,2104,2100,2634,3760,1537,4422,1107,805,1597,2259,1792,3788,2302,5746,2664,4541,1259,1254,1153,2025,739,3088,56652,36116,1015,4,8734,0,0,4,1
2021-02-18T23:59:59+01:00,2,3,2094,1758,2750,4264,2867,7156,3757,10726,4333,8478,2072,2066,2394,3494,1385,4200,1028,770,1522,2161,1743,3665,2230,5588,2608,4454,1245,1234,1148,2011,729,3070,55595,35203,948,4,7252,0,0,4,1
2021-02-17T23:59:59+01:00,2,3,2050,1709,2658,4131,2758,6942,3604,10385,4192,8236,2015,1983,2175,3265,1261,4013,874,707,1413,2035,1668,3475,2136,5364,2535,4283,1211,1189,1123,1966,714,3030,54534,33721,803,3,6041,0,0,4,1
2021-02-16T23:59:59+01:00,2,3,1877,1596,2484,3924,2619,6667,3443,10031,4016,7929,1971,1956,1900,2946,1091,3761,847,685,1341,1960,1600,3333,2042,5192,2438,4152,1150,1142,1065,1876,682,2937,53208,32441,767,2,4237,0,0,4,1
2021-02-15T23:59:59+01:00,2,3,1842,1540,2396,3755,2541,6394,3320,9664,3901,7660,1945,1928,1685,2708,970,3575,829,672,1312,1914,1559,3265,1987,5020,2375,4052,1085,1102,1001,1786,663,2844,52114,31466,754,1,2957,0,0,4,1
2021-02-14T23:59:59+01:00,2,3,1752,1509,2351,3693,2499,6304,3250,9561,3855,7582,1934,1918,1628,2649,920,3516,814,662,1295,1889,1532,3242,1953,4979,2350,3997,1075,1093,994,1776,660,2832,51781,31143,725,1,2416,0,0,4,1
2021-02-13T23:59:59+01:00,2,3,1751,1497,2341,3686,2493,6290,3246,9545,3848,7572,1926,1898,1605,2629,917,3506,814,662,1295,1889,1532,3242,1953,4979,2350,3997,1075,1093,994,1776,660,2832,51627,31143,725,1,2399,0,0,4,1
2021-02-12T23:59:59+01:00,2,3,1671,1411,2242,3574,2413,6116,3141,9307,3726,7307,1879,1841,1542,2557,894,3479,808,655,1283,1867,1517,3223,1945,4948,2334,3977,1070,1088,993,1757,660,2802,50687,30928,725,0,1689,0,0,4,1
2021-02-11T23:59:59+01:00,2,3,1468,1273,2060,3359,2285,5824,2989,8874,3567,6961,1807,1739,1500,2496,880,3456,780,604,1188,1687,1392,2949,1806,4589,2171,3691,1020,1027,951,1686,627,2671,49293,28840,684,0,562,0,0,4,1
2021-02-10T23:59:59+01:00,2,3,1372,1224,1972,3232,2217,5651,2907,8596,3456,6730,1736,1691,1455,2429,864,3399,566,520,966,1462,1253,2641,1621,4127,1968,3313,903,900,830,1435,548,2355,48127,25409,644,0,161,0,0,4,1
2021-02-09T23:59:59+01:00,2,3,1337,1174,1935,3140,2190,5470,2840,8255,3386,6471,1663,1629,1394,2369,847,3362,303,383,747,1199,1066,2266,1411,3590,1719,2861,735,736,662,1148,438,1909,46869,21174,515,0,80,0,0,3,1
2021-02-08T23:59:59+01:00,2,3,1330,1139,1904,3021,2152,5248,2788,7975,3327,6235,1622,1595,1349,2314,831,3342,267,342,645,1044,960,2048,1251,3199,1522,2545,632,617,558,969,381,1659,45750,18640,345,0,79,0,0,3,1
2021-02-07T23:59:59+01:00,2,3,1303,1123,1875,2969,2127,5166,2759,7872,3285,6170,1606,1579,1334,2295,820,3327,233,286,597,954,900,1893,1159,2973,1424,2373,592,597,537,936,371,1630,45468,17457,144,0,0,0,0,3,0
2021-02-06T23:59:59+01:00,2,3,1298,1117,1869,2957,2118,5138,2746,7828,3274,6125,1593,1571,1329,2285,817,3326,214,252,575,917,872,1827,1117,2856,1367,2291,576,579,530,936,371,1630,45249,16912,144,0,0,0,0,3,0
2021-02-05T23:59:59+01:00,2,3,1237,1065,1820,2846,2066,4942,2687,7532,3197,5909,1530,1517,1310,2259,809,3319,198,223,540,870,838,1747,1078,2739,1314,2192,542,555,519,912,361,1605,43903,16235,144,0,0,0,0,3,0
2021-02-04T23:59:59+01:00,2,3,1225,1001,1779,2697,1995,4630,2604,7088,3097,5583,1485,1484,1292,2243,806,3311,170,169,467,753,739,1608,968,2500,1201,1977,495,503,476,858,343,1492,42287,14721,36,0,0,0,0,2,0
2021-02-03T23:59:59+01:00,2,3,1207,972,1749,2616,1956,4484,2537,6826,3045,5367,1448,1451,1263,2208,788,3282,139,140,393,641,623,1371,823,2122,1004,1687,378,369,341,644,240,1131,41166,12048,36,0,0,0,0,2,0
2021-02-02T23:59:59+01:00,2,3,1190,916,1717,2516,1913,4261,2464,6494,2938,5094,1394,1405,1240,2178,779,3258,118,116,316,520,520,1136,678,1792,814,1377,280,269,263,472,188,847,39724,9708,36,0,0,0,0,2,0
2021-02-01T23:59:59+01:00,1,3,1177,856,1682,2391,1863,4015,2387,6101,2816,4798,1327,1323,1209,2132,768,3233,85,76,216,349,347,741,430,1155,478,858,174,164,152,279,100,494,38044,6098,36,0,0,0,0,2,0
2021-01-31T23:59:59+01:00,1,3,1172,838,1665,2333,1839,3892,2355,5918,2749,4679,1296,1300,1198,2117,761,3221,74,70,183,279,270,575,341,902,396,691,148,148,144,271,96,480,37302,5068,33,0,0,0,0,2,0
2021-01-30T23:59:59+01:00,1,3,1172,835,1664,2328,1837,3881,2353,5907,2746,4669,1295,1296,1197,2116,761,3220,70,63,151,232,242,507,306,784,353,616,147,141,139,267,96,479,37247,4593,32,0,0,0,0,2,0
2021-01-29T23:59:59+01:00,1,3,1119,826,1625,2321,1826,3874,2345,5893,2738,4657,1291,1293,1193,2116,761,3220,62,45,114,177,198,353,249,635,309,488,136,132,127,256,93,479,37071,3853,30,0,0,0,0,1,0
2021-01-28T23:59:59+01:00,1,3,1044,801,1567,2261,1793,3805,2298,5822,2705,4603,1279,1281,1186,2110,752,3206,40,20,72,105,129,206,154,380,201,291,103,101,102,205,83,432,36489,2624,27,0,0,0,0,1,0
2021-01-27T23:59:59+01:00,1,3,894,750,1476,2185,1726,3690,2226,5692,2647,4478,1251,1237,1162,2071,740,3174,29,12,62,86,104,162,122,323,174,247,95,84,91,186,79,401,35384,2257,18,0,0,0,0,1,0
2021-01-26T23:59:59+01:00,1,3,880,731,1411,2111,1663,3560,2139,5520,2559,4367,1196,1197,1116,2000,716,3125,28,11,59,83,100,156,118,309,173,237,93,79,84,165,68,355,34282,2118,12,0,0,0,0,1,0
2021-01-25T23:59:59+01:00,1,3,867,710,1379,2051,1632,3463,2094,5354,2502,4277,1145,1172,1069,1943,698,3066,26,11,56,83,97,154,117,307,172,237,92,78,83,164,66,352,33422,2095,3,0,0,0,0,1,0
2021-01-24T23:59:59+01:00,1,3,864,709,1373,2040,1627,3446,2086,5328,2491,4245,1141,1166,1064,1936,697,3061,26,11,56,83,96,153,117,307,172,236,92,78,83,164,66,352,33274,2092,3,0,0,0,0,1,0
2021-01-23T23:59:59+01:00,1,3,864,709,1373,2040,1627,3446,2086,5328,2491,4245,1141,1166,1064,1936,697,3061,26,11,56,83,96,153,117,307,171,236,92,78,83,164,66,352,33274,2091,3,0,0,0,0,1,0
2021-01-22T23:59:59+01:00,1,3,864,699,1359,2018,1611,3422,2073,5294,2475,4225,1139,1161,1063,1913,696,3028,26,11,56,83,96,153,117,307,170,236,92,78,83,164,66,352,33040,2090,3,0,0,0,0,1,0
2021-01-21T23:59:59+01:00,1,3,833,662,1281,1863,1512,3232,1976,5022,2367,4027,1100,1102,1032,1833,658,2901,24,10,52,78,88,145,107,278,156,213,79,70,74,144,54,300,31401,1872,3,0,0,0,0,1,0
2021-01-20T23:59:59+01:00,1,3,630,563,1087,1644,1378,2958,1799,4618,2164,3690,975,984,914,1604,593,2631,22,10,51,74,85,144,99,265,145,194,69,64,69,122,45,268,28232,1726,3,0,0,0,0,1,0
2021-01-19T23:59:59+01:00,1,3,343,417,835,1387,1177,2618,1564,4089,1904,3241,808,816,750,1331,495,2226,18,7,36,52,56,78,73,178,101,131,52,49,48,91,34,207,24002,1211,2,0,0,0,0,1,0
2021-01-18T23:59:59+01:00,1,3,301,376,723,1199,1056,2364,1372,3592,1665,2861,680,667,605,1087,421,1841,7,3,11,17,19,27,24,50,25,46,12,11,13,33,7,61,20812,366,1,0,0,0,0,1,0
2021-01-17T23:59:59+01:00,1,3,260,321,657,1105,978,2193,1275,3317,1550,2650,635,638,578,1031,400,1783,0,0,1,0,2,2,2,1,2,2,1,4,1,0,0,1,19374,19,1,0,0,0,0,0,0
2021-01-16T23:59:59+01:00,1,3,243,289,641,1072,954,2130,1234,3207,1499,2577,619,621,571,1031,400,1782,0,0,0,0,1,2,1,1,1,2,0,1,1,0,0,1,18873,11,1,0,0,0,0,0,0
2021-01-15T23:59:59+01:00,1,3,228,256,612,1024,927,2052,1199,3091,1447,2481,588,595,564,1010,393,1770,0,0,0,0,0,0,0,0,0,0,0,0,0,0,0,0,18241,0,0,0,0,0,0,0,0
2021-01-14T23:59:59+01:00,1,2,198,204,552,902,838,1909,1106,2868,1332,2298,544,552,526,966,387,1728,0,0,0,0,0,0,0,0,0,0,0,0,0,0,0,0,16913,0,0,0,0,0,0,0,0
2021-01-13T23:59:59+01:00,1,2,166,185,503,833,766,1783,1008,2635,1178,2074,431,435,399,761,289,1331,0,0,0,0,0,0,0,0,0,0,0,0,0,0,0,0,14780,0,0,0,0,0,0,0,0
2021-01-12T23:59:59+01:00,1,2,144,164,471,764,716,1628,918,2432,1071,1840,342,327,308,541,207,943,0,0,0,0,0,0,0,0,0,0,0,0,0,0,0,0,12819,0,0,0,0,0,0,0,0
2021-01-11T23:59:59+01:00,0,1,115,127,395,634,626,1375,754,1974,845,1454,212,190,169,313,109,546,0,0,0,0,0,0,0,0,0,0,0,0,0,0,0,0,9839,0,0,0,0,0,0,0,0
2021-01-10T23:59:59+01:00,0,1,89,92,305,458,471,995,547,1447,621,1058,175,167,157,300,104,533,0,0,0,0,0,0,0,0,0,0,0,0,0,0,0,0,7520,0,0,0,0,0,0,0,0
2021-01-09T23:59:59+01:00,0,1,78,84,259,395,401,863,480,1230,545,900,168,157,152,295,104,531,0,0,0,0,0,0,0,0,0,0,0,0,0,0,0,0,6643,0,0,0,0,0,0,0,0
2021-01-08T23:59:59+01:00,0,1,65,64,186,287,304,584,365,932,439,681,160,152,136,283,102,531,0,0,0,0,0,0,0,0,0,0,0,0,0,0,0,0,5272,0,0,0,0,0,0,0,0
2021-01-07T23:59:59+01:00,0,0,46,24,78,121,137,230,164,419,222,339,116,121,123,251,98,504,0,0,0,0,0,0,0,0,0,0,0,0,0,0,0,0,2993,0,0,0,0,0,0,0,0
2021-01-06T23:59:59+01:00,0,0,32,17,69,92,116,180,136,342,193,275,97,93,97,205,83,429,0,0,0,0,0,0,0,0,0,0,0,0,0,0,0,0,2456,0,0,0,0,0,0,0,0
2021-01-05T23:59:59+01:00,0,0,29,12,59,87,106,166,121,327,179,253,96,88,95,198,81,411,0,0,0,0,0,0,0,0,0,0,0,0,0,0,0,0,2308,0,0,0,0,0,0,0,0
2021-01-04T23:59:59+01:00,0,0,26,11,56,84,98,157,116,312,177,241,95,85,88,184,71,380,0,0,0,0,0,0,0,0,0,0,0,0,0,0,0,0,2181,0,0,0,0,0,0,0,0
2021-01-03T23:59:59+01:00,0,0,26,11,56,84,98,157,116,312,177,241,95,85,87,183,71,380,0,0,0,0,0,0,0,0,0,0,0,0,0,0,0,0,2179,0,0,0,0,0,0,0,0
2021-01-02T23:59:59+01:00,0,0,26,11,56,84,98,157,116,312,176,241,95,85,87,183,71,380,0,0,0,0,0,0,0,0,0,0,0,0,0,0,0,0,2178,0,0,0,0,0,0,0,0
2021-01-01T23:59:59+01:00,0,0,26,11,56,84,98,157,116,312,174,240,95,85,87,183,71,380,0,0,0,0,0,0,0,0,0,0,0,0,0,0,0,0,2175,0,0,0,0,0,0,0,0
2020-12-31T23:59:59+01:00,0,0,26,11,56,84,98,157,116,312,174,240,95,85,87,183,71,380,0,0,0,0,0,0,0,0,0,0,0,0,0,0,0,0,2175,0,0,0,0,0,0,0,0
2020-12-30T23:59:59+01:00,0,0,25,11,56,83,97,154,116,311,174,240,95,85,87,183,71,380,0,0,0,0,0,0,0,0,0,0,0,0,0,0,0,0,2168,0,0,0,0,0,0,0,0
2020-12-29T23:59:59+01:00,0,0,18,8,41,59,74,91,86,216,127,188,73,73,65,151,56,304,0,0,0,0,0,0,0,0,0,0,0,0,0,0,0,0,1630,0,0,0,0,0,0,0,0
2020-12-28T23:59:59+01:00,0,0,8,5,17,28,31,45,40,111,53,101,30,40,37,91,29,175,0,0,0,0,0,0,0,0,0,0,0,0,0,0,0,0,841,0,0,0,0,0,0,0,0
2020-12-27T23:59:59+01:00,0,0,2,2,4,5,7,11,10,23,6,22,5,7,6,25,3,48,0,0,0,0,0,0,0,0,0,0,0,0,0,0,0,0,186,0,0,0,0,0,0,0,0
