Datum,<24_1_m,<24_1_w,25-34_1_m,25-34_1_w,35-44_1_m,35-44_1_w,45-54_1_m,45-54_1_w,55-64_1_m,55-64_1_w,65-74_1_m,65-74_1_w,75-84_1_m,75-84_1_w,>84_1_m,>84_1_w,<24_2_m,<24_2_w,25-34_2_m,25-34_2_w,35-44_2_m,35-44_2_w,45-54_2_m,45-54_2_w,55-64_2_m,55-64_2_w,65-74_2_m,65-74_2_w,75-84_2_m,75-84_2_w,>84_2_m,>84_2_w,bp_1,bp_2,mo_1,mo_2,az_1,az_2,ja
2021-05-24T23:59:59+02:00,14476,14055,22831,22168,27716,32341,46502,53006,65041,66616,59881,65917,44956,55208,10962,19650,5529,4858,7705,8623,8898,13603,12819,20375,16762,19626,29770,34125,33506,41589,8641,15416,385663,219332,55076,33524,174803,23205,5784
2021-05-23T23:59:59+02:00,14404,13981,22740,22086,27644,32266,46209,52731,64487,66099,59810,65854,44936,55191,10960,19649,5507,4837,7669,8600,8839,13565,12750,20322,16698,19577,29764,34116,33503,41584,8641,15415,383479,219088,54999,33518,174791,23003,5778
2021-05-22T23:59:59+02:00,14151,13728,22434,21762,26504,31277,44386,51185,63779,65473,59664,65678,44882,55110,10951,19631,5486,4777,7646,8543,8804,13506,12722,20232,16676,19526,29760,34109,33501,41582,8641,15415,375050,219013,54986,33518,174789,22625,5770
2021-05-21T23:59:59+02:00,13804,13428,21850,21330,25605,30545,41805,49122,62125,64041,59477,65475,44809,55030,10939,19613,5464,4738,7593,8460,8743,13429,12653,20140,16608,19450,29752,34094,33496,41572,8639,15414,364726,218846,53928,33507,174646,22194,5698
2021-05-20T23:59:59+02:00,13113,12797,20766,20488,24533,29569,40278,47795,59810,61963,58823,64756,44633,54800,10913,19564,5162,4550,7220,8195,8363,13076,12231,19650,16250,19038,29663,34026,33453,41527,8637,15405,354443,218482,51751,33407,173386,19536,5021
2021-05-19T23:59:59+02:00,12618,12428,19981,19958,23708,28984,39393,47105,56301,58022,58506,64453,44541,54673,10895,19524,4990,4370,6987,7951,8086,12767,11903,19229,15924,18669,29586,33936,33415,41460,8629,15395,344079,218038,50217,33313,172269,17421,4525
2021-05-18T23:59:59+02:00,12247,12098,19407,19520,23088,28427,37840,45771,55098,57044,58182,64077,44423,54530,10874,19503,4878,4222,6742,7734,7850,12491,11673,18858,15618,18284,29528,33875,33387,41427,8626,15388,338783,217770,48416,33244,170838,15475,4092
2021-05-17T23:59:59+02:00,11988,11882,18978,19252,22659,28120,36483,44638,53973,56162,57988,63871,44366,54436,10864,19476,4797,4118,6524,7522,7603,12207,11431,18490,15329,17920,29461,33821,33367,41391,8620,15376,334770,217507,47444,33179,169354,13723,3568
2021-05-16T23:59:59+02:00,11797,11735,18686,19054,22329,27873,35794,44136,52753,55010,57879,63776,44332,54388,10855,19459,4718,4037,6292,7355,7343,11958,11167,18142,15073,17616,29412,33782,33353,41373,8613,15373,332395,217274,46571,33123,167769,12089,3121
2021-05-15T23:59:59+02:00,11691,11621,18528,18911,22166,27732,35354,43715,52405,54677,57777,63651,44292,54342,10852,19446,4671,3995,6202,7288,7252,11851,11069,18027,14968,17492,29312,33660,33280,41294,8609,15369,330012,216201,46571,33122,167634,12073,2943
2021-05-14T23:59:59+02:00,11375,11392,18108,18679,21780,27458,32609,41620,50655,53123,57625,63497,44245,54271,10840,19427,4523,3904,5914,7119,6957,11625,10726,17677,14622,17171,28787,32975,33168,41142,8596,15344,320965,212978,46518,33118,167022,11955,2199
2021-05-13T23:59:59+02:00,10859,10957,17295,18124,20909,26775,31475,40613,48361,50848,56926,62725,44063,54014,10809,19362,3962,3681,5601,6867,6659,11322,10317,17300,14228,16705,27906,31798,32812,40701,8570,15294,312538,208472,44659,32566,165022,10789,1896
2021-05-12T23:59:59+02:00,10539,10734,16883,17878,20450,26492,30971,40222,45080,46838,56698,62507,43984,53913,10795,19342,3814,3582,5385,6762,6401,11174,10065,17096,13987,16416,27311,31034,32673,40547,8547,15263,303422,205557,43838,32545,164734,10623,1332
2021-05-11T23:59:59+02:00,10050,10414,16093,17345,19607,25877,29001,38647,43380,45448,56405,62152,43904,53791,10780,19319,3671,3425,5161,6418,6101,10764,9700,16515,13519,15841,25906,29373,32228,40011,8510,15189,297970,199637,40784,32366,162284,9154,1175
2021-05-10T23:59:59+02:00,9759,10243,15594,17092,19030,25557,27967,37909,41991,44334,56231,61958,43833,53690,10762,19295,3561,3279,4955,6183,5879,10457,9390,16027,13127,15403,24879,28033,31804,39519,8479,15139,294749,195040,39883,32343,159648,7766,965
2021-05-09T23:59:59+02:00,9570,10151,15305,16904,18648,25315,27247,37439,40147,42605,56100,61834,43789,53636,10755,19278,3421,3217,4779,6045,5720,10283,9199,15817,12953,15242,24606,27703,31686,39362,8471,15130,291829,193869,39516,32304,156688,6771,690
2021-05-08T23:59:59+02:00,9478,10058,15130,16767,18443,25104,27016,37201,39924,42419,55988,61712,43756,53598,10752,19269,3411,3195,4745,6011,5676,10234,9117,15751,12855,15159,24216,27250,31450,39099,8464,15115,290292,192685,39066,31604,156567,6769,690
2021-05-07T23:59:59+02:00,9279,9945,14789,16586,18080,24872,26602,36914,39492,42037,55727,61393,43716,53551,10747,19262,3072,3035,4398,5838,5422,9958,8784,15445,12431,14715,23112,25860,30907,38391,8443,15082,287813,189309,38639,30112,156243,5175,297
2021-05-06T23:59:59+02:00,8589,9546,13912,15969,17025,24016,25224,35787,37371,40313,54744,60242,43502,53270,10717,19210,2926,2909,4226,5631,5213,9647,8418,14998,11989,14221,21767,24155,30187,37536,8399,14982,277322,183803,37371,29157,154485,3985,259
2021-05-05T23:59:59+02:00,8008,9194,13126,15421,16000,23233,23799,34752,35554,38739,53073,58389,43227,52966,10690,19152,2821,2839,4061,5480,5021,9427,8070,14643,11628,13832,20275,22283,29208,36361,8368,14901,266055,177889,36466,27994,152721,3254,81
2021-05-04T23:59:59+02:00,7813,9083,12776,15242,15498,22965,23168,34403,34567,37988,52336,57535,43115,52843,10679,19118,2751,2756,3908,5309,4840,9168,7727,14211,11171,13327,18584,20321,28273,35246,8295,14806,262418,171274,35603,27067,151079,2323,29
2021-05-03T23:59:59+02:00,7632,8917,12386,15035,14992,22646,22463,33984,33421,37080,52117,57292,43024,52748,10670,19090,2685,2676,3814,5128,4695,8919,7504,13849,10834,12907,17332,18753,27499,34282,8241,14715,259204,165758,35144,26718,149130,1338,19
2021-05-02T23:59:59+02:00,7545,8807,12160,14871,14683,22417,21978,33651,32229,36088,51937,57081,42968,52668,10655,19062,2673,2668,3792,5095,4665,8880,7435,13776,10746,12805,16994,18349,27254,34013,8229,14704,256809,164214,35072,26607,146901,1239,18
2021-05-01T23:59:59+02:00,7519,8778,12102,14820,14603,22365,21882,33578,32112,36000,51932,57072,42965,52667,10653,19060,2666,2658,3769,5077,4624,8853,7392,13741,10685,12739,16787,18116,27156,33898,8226,14694,256269,163248,35072,26579,146750,1237,17
2021-04-30T23:59:59+02:00,7478,8732,12006,14741,14491,22242,21686,33406,31880,35787,51682,56744,42922,52616,10648,19052,2631,2633,3708,5011,4529,8745,7239,13542,10381,12462,15895,16980,26422,32987,8196,14621,254533,160099,35029,24698,146534,1168,17
2021-04-29T23:59:59+02:00,7245,8595,11708,14562,14136,22005,21159,33108,31125,35261,51101,56000,42836,52503,10627,18985,2590,2579,3609,4921,4400,8607,7042,13328,10098,12162,14771,15557,25314,31683,8143,14536,251424,154454,34943,23954,144572,915,17
2021-04-28T23:59:59+02:00,6943,8405,11322,14226,13656,21532,20534,32496,29804,33959,48611,53227,42582,52208,10578,18918,2549,2533,3538,4860,4288,8490,6869,13136,9844,11932,13446,13838,24062,30116,8099,14451,241574,148592,34827,22754,142593,698,7
2021-04-27T23:59:59+02:00,6835,8303,11168,14103,13471,21381,20248,32284,29248,33555,48446,53049,42531,52159,10571,18900,2504,2492,3440,4772,4202,8378,6685,12936,9560,11636,12018,12011,22649,28267,8038,14333,240264,141826,34782,21568,141199,520,7
2021-04-26T23:59:59+02:00,6778,8255,11057,14036,13312,21264,20011,32057,28395,32950,48166,52748,42482,52103,10566,18873,2482,2459,3387,4731,4136,8305,6578,12799,9363,11446,10931,10617,21576,26782,7988,14260,239574,136596,34759,20827,138713,410,7
2021-04-25T23:59:59+02:00,6726,8203,10946,13938,13155,21112,19753,31762,27570,32160,47769,52308,42408,52017,10553,18856,2453,2447,3357,4711,4118,8283,6544,12758,9301,11389,10744,10389,21367,26500,7983,14248,237897,135751,34717,20484,136615,350,7
2021-04-24T23:59:59+02:00,6700,8145,10867,13856,13063,20965,19615,31593,27415,31988,47665,52185,42333,51938,10549,18852,2446,2437,3331,4680,4077,8238,6464,12680,9170,11268,10585,10208,21246,26375,7971,14232,236459,135229,34701,19840,136562,332,7
2021-04-23T23:59:59+02:00,6627,8040,10732,13655,12869,20710,19294,31218,27006,31605,46776,51085,42187,51735,10534,18822,2428,2415,3286,4646,4025,8181,6366,12584,9005,11133,10294,9876,20959,25992,7930,14168,232130,134115,34646,18845,136112,321,7
2021-04-22T23:59:59+02:00,6511,7917,10509,13442,12523,20370,18761,30734,26327,30935,45080,48955,41692,51105,10497,18739,2410,2396,3240,4598,3950,8102,6241,12484,8728,10966,9828,9416,20557,25459,7892,14108,225924,132013,34538,18066,133628,289,7
2021-04-21T23:59:59+02:00,6409,7756,10274,13245,12185,20049,18257,30232,25414,29956,41047,44359,41270,50634,10441,18644,2399,2384,3196,4565,3902,8044,6152,12388,8555,10809,9459,8993,20107,24919,7841,14025,213946,130395,34473,17066,131746,270,7
2021-04-20T23:59:59+02:00,6309,7653,10070,13029,11910,19781,17832,29804,24798,29327,39313,42353,40703,49961,10381,18522,2374,2368,3154,4540,3836,7997,6012,12295,8397,10681,9149,8610,19653,24310,7768,13908,207757,129057,34389,15771,129593,217,7
2021-04-19T23:59:59+02:00,6228,7567,9916,12903,11703,19583,17440,29385,24206,28801,37805,40578,40182,49327,10333,18446,2357,2346,3119,4507,3793,7950,5973,12227,8311,10589,8872,8269,19288,23803,7734,13830,202773,127383,34335,15379,127288,199,7
2021-04-18T23:59:59+02:00,6152,7505,9787,12826,11511,19435,17154,29186,23750,28416,36546,39280,39870,48955,10306,18398,2344,2326,3088,4488,3766,7933,5927,12180,8261,10543,8764,8155,19146,23640,7720,13810,201259,126900,34298,14989,123513,195,7
2021-04-17T23:59:59+02:00,6145,7488,9750,12793,11468,19391,17072,29122,23672,28345,36248,38943,39774,48875,10301,18388,2332,2316,3062,4473,3702,7891,5853,12127,8182,10492,8653,8042,19050,23536,7702,13798,200035,126111,34290,14900,123443,193,7
2021-04-16T23:59:59+02:00,6078,7438,9667,12743,11340,19267,16854,28970,23266,27920,35220,37719,39415,48428,10285,18360,2183,2213,2839,4306,3341,7570,5056,11567,6662,9385,6215,6039,17466,22025,7549,13554,195939,117169,34206,10603,122818,191,7
2021-04-15T23:59:59+02:00,5998,7338,9463,12562,11032,19017,16335,28570,22529,27226,33309,35391,38522,47374,10216,18218,2135,2174,2776,4241,3222,7454,4813,11369,6301,9075,5742,5636,16893,21325,7396,13277,190140,114081,34154,9557,118799,184,7
2021-04-14T23:59:59+02:00,5926,7281,9298,12437,10797,18829,15922,28232,21833,26675,31319,33075,37482,46134,10154,18060,2045,2110,2698,4180,3110,7364,4602,11196,5976,8826,5264,5214,16322,20615,7225,12984,183785,111497,34015,8098,115647,129,7
2021-04-13T23:59:59+02:00,5867,7213,9158,12309,10618,18656,15560,27936,21247,26110,29168,30556,36354,44716,10039,17894,1996,2091,2661,4141,3054,7298,4466,11044,5709,8622,4917,4893,15866,20161,7126,12822,176907,110102,33952,6726,112535,32,7
2021-04-12T23:59:59+02:00,5800,7157,9044,12170,10414,18500,15221,27642,20637,25575,27113,28233,35327,43415,9933,17728,1962,2049,2632,4121,3030,7242,4397,10975,5606,8528,4761,4747,15557,19770,7036,12656,171210,109283,33879,5747,108813,32,7
2021-04-11T23:59:59+02:00,5754,7110,8955,12093,10250,18396,14936,27451,20169,25198,25915,26953,34704,42703,9866,17605,1951,2042,2609,4100,3011,7216,4361,10931,5525,8463,4663,4694,15443,19646,7005,12611,169439,109092,33810,5145,104802,27,7
2021-04-10T23:59:59+02:00,5735,7093,8920,12068,10191,18360,14867,27402,20070,25109,25558,26536,34417,42341,9859,17584,1948,2037,2600,4090,2995,7200,4328,10903,5466,8419,4587,4616,15314,19478,6968,12537,168230,108307,33090,5145,104783,27,7
2021-04-09T23:59:59+02:00,5677,7058,8837,11985,10066,18239,14695,27212,19793,24855,24616,25241,33614,41312,9834,17525,1916,2005,2548,4052,2915,7138,4167,10777,5209,8187,4163,4234,14744,18745,6779,12230,164887,104637,31582,5138,104083,27,7
2021-04-08T23:59:59+02:00,5593,6985,8688,11868,9843,18059,14278,26891,19168,24332,22764,23089,32145,39592,9713,17325,1881,1985,2492,4003,2840,7052,4007,10626,4907,7922,3699,3793,13727,17450,6395,11617,159150,99761,30676,4606,100500,22,7
2021-04-07T23:59:59+02:00,5530,6922,8511,11798,9613,17900,13943,26645,18667,23938,20786,20717,30631,37656,9620,17149,1844,1968,2436,3948,2776,6974,3895,10465,4719,7714,3428,3512,13015,16608,6088,11146,153141,96482,29503,4036,97375,11,7
2021-04-06T23:59:59+02:00,5469,6870,8369,11694,9454,17727,13589,26368,18129,23499,18741,18391,28957,35469,9459,16864,1806,1947,2411,3922,2743,6934,3831,10421,4639,7626,3323,3384,12497,15920,5853,10799,146327,94191,28549,3848,94166,10,7
2021-04-05T23:59:59+02:00,5429,6824,8276,11600,9317,17627,13355,26141,17680,23107,16882,16251,27551,33584,9336,16677,1782,1938,2384,3905,2716,6886,3789,10361,4550,7518,3216,3276,12143,15528,5721,10558,140927,92836,28114,3418,90589,10,7
2021-04-04T23:59:59+02:00,5421,6819,8269,11586,9300,17618,13333,26118,17650,23083,16726,16049,27383,33368,9331,16666,1781,1936,2383,3903,2714,6883,3787,10357,4544,7516,3208,3263,12131,15517,5719,10550,140213,92757,28021,3418,90479,10,7
2021-04-03T23:59:59+02:00,5417,6811,8253,11576,9279,17599,13288,26086,17578,23017,16645,15961,27343,33312,9327,16662,1778,1932,2372,3897,2696,6867,3758,10331,4465,7451,3082,3150,12061,15452,5714,10540,139687,92111,27992,3418,90468,10,7
2021-04-02T23:59:59+02:00,5388,6789,8199,11519,9208,17529,13137,25973,17343,22804,16170,15429,26917,32812,9302,16617,1775,1922,2361,3891,2686,6852,3732,10290,4400,7365,3013,3080,11786,15133,5605,10366,138491,90826,26580,3414,90058,10,7
2021-04-01T23:59:59+02:00,5333,6711,8083,11382,9075,17364,12855,25673,16882,22405,15375,14642,26242,31929,9203,16468,1750,1890,2338,3869,2658,6821,3698,10252,4332,7299,2890,2942,10773,13895,5106,9662,136259,86853,25914,3308,87444,9,5
2021-03-31T23:59:59+02:00,5110,6614,7970,11271,8943,17197,12621,25376,16533,22043,14629,13818,25483,30995,9118,16311,1739,1884,2325,3846,2636,6795,3644,10197,4261,7234,2800,2852,10136,13121,4819,9255,134477,84447,24460,3083,85090,9,5
2021-03-30T23:59:59+02:00,5076,6547,7894,11144,8860,17045,12455,25178,16241,21716,13999,13108,24767,30095,9009,16109,1726,1869,2306,3828,2610,6771,3605,10134,4192,7156,2676,2715,9501,12405,4535,8834,133007,82150,23247,2702,82984,6,5
2021-03-29T23:59:59+02:00,5030,6475,7788,11038,8754,16879,12286,24885,15907,21378,13424,12438,24066,29201,8884,15903,1714,1859,2289,3815,2594,6747,3570,10078,4138,7086,2624,2649,9178,11981,4390,8573,131181,80783,22492,2491,80658,6,5
2021-03-28T23:59:59+02:00,4986,6380,7699,10932,8684,16722,12140,24649,15640,21104,13088,12099,23507,28529,8746,15669,1705,1854,2278,3804,2587,6724,3533,10034,4105,7033,2582,2601,9097,11869,4351,8520,130685,80452,21967,2214,77917,6,5
2021-03-27T23:59:59+01:00,4972,6366,7672,10902,8613,16648,12037,24548,15492,20986,12879,11882,23322,28334,8718,15643,1704,1852,2275,3802,2585,6723,3520,10008,4094,7016,2573,2593,9032,11797,4326,8488,129812,80163,21319,2214,77878,6,5
2021-03-26T23:59:59+01:00,4922,6285,7553,10784,8440,16448,11680,24225,14858,20466,11947,11052,22602,27543,8611,15458,1696,1834,2271,3784,2572,6698,3498,9982,4052,6980,2550,2557,8825,11553,4236,8349,125814,79326,19720,2100,77335,6,5
2021-03-25T23:59:59+01:00,4857,6100,7383,10496,8192,16035,11269,23583,14242,19798,11251,10381,21742,26461,8364,15009,1674,1816,2240,3756,2536,6664,3460,9929,3977,6897,2412,2425,7794,10193,3744,7639,122556,75281,18944,1865,73659,6,4
2021-03-24T23:59:59+01:00,4773,5932,7232,10206,7990,15618,10994,23036,13784,19225,10626,9806,20830,25357,8091,14522,1650,1784,2213,3720,2494,6624,3404,9857,3912,6802,2309,2327,7096,9349,3434,7164,119974,72687,17756,1446,70291,5,1
2021-03-23T23:59:59+01:00,4727,5816,7118,9978,7840,15270,10726,22515,13384,18758,10159,9355,20081,24479,7852,14136,1637,1767,2189,3698,2471,6596,3344,9799,3820,6729,2212,2229,6303,8315,3066,6599,118533,69652,16658,1117,67003,5,0
2021-03-22T23:59:59+01:00,4667,5719,6987,9734,7682,14948,10463,22039,13041,18285,9779,9002,19515,23761,7705,13851,1626,1759,2182,3683,2457,6583,3324,9773,3782,6696,2159,2179,5791,7635,2777,6193,117665,67566,16257,1028,63256,5,0
2021-03-21T23:59:59+01:00,4612,5584,6851,9467,7520,14576,10224,21490,12710,17805,9451,8718,18994,23146,7549,13589,1623,1754,2181,3674,2454,6577,3317,9761,3772,6685,2143,2159,5662,7488,2735,6110,117471,67062,15860,1028,58955,5,0
2021-03-20T23:59:59+01:00,4601,5558,6815,9406,7456,14513,10131,21380,12610,17715,9368,8624,18856,22970,7508,13512,1621,1751,2177,3671,2449,6571,3304,9751,3747,6676,2110,2123,5301,7080,2589,5908,116647,65796,15766,1028,58610,5,0
2021-03-19T23:59:59+01:00,4400,5389,6528,9157,6978,14073,9149,20602,10805,16311,6486,6255,16806,20892,7213,13042,1615,1746,2172,3663,2438,6559,3292,9723,3689,6631,2046,2084,4876,6559,2382,5639,107376,64113,11062,996,55648,5,0
2021-03-18T23:59:59+01:00,4281,5219,6337,8856,6725,13612,8738,19935,10164,15605,5773,5594,15561,19357,6794,12360,1608,1738,2152,3636,2419,6521,3260,9687,3648,6597,2007,2053,4393,5963,2165,5301,102267,62256,10056,888,52588,4,0
2021-03-17T23:59:59+01:00,4190,5129,6210,8715,6548,13437,8436,19592,9752,15227,5367,5208,14722,18382,6459,11861,1596,1723,2137,3617,2388,6489,3225,9658,3610,6560,1953,1996,3947,5461,1960,4975,99031,60536,8372,755,51832,4,0
2021-03-16T23:59:59+01:00,4098,4972,6057,8449,6338,13051,8100,19011,9215,14595,4850,4751,13890,17389,6190,11444,1587,1714,2128,3601,2371,6477,3213,9636,3583,6532,1924,1958,3354,4749,1703,4551,96723,58327,6964,751,48713,3,0
2021-03-15T23:59:59+01:00,4029,4800,5864,8178,6133,12620,7815,18441,8785,14007,4555,4479,13208,16633,5976,11041,1586,1704,2113,3585,2350,6452,3192,9583,3561,6494,1890,1908,2945,4248,1476,4211,95268,56560,5991,736,45305,2,0
2021-03-14T23:59:59+01:00,3972,4631,5616,7862,5871,12151,7486,17702,8351,13316,4243,4224,12944,16392,5939,10956,1578,1694,2097,3555,2336,6400,3175,9522,3544,6464,1882,1897,2861,4131,1432,4137,95155,56160,5383,543,41118,2,0
2021-03-13T23:59:59+01:00,3957,4600,5583,7776,5815,12065,7411,17593,8225,13189,4090,4086,12865,16316,5934,10945,1578,1694,2097,3555,2335,6400,3174,9521,3543,6464,1877,1888,2802,4070,1407,4090,94472,55950,5383,543,40595,2,0
2021-03-12T23:59:59+01:00,3932,4510,5534,7645,5749,11922,7324,17354,8094,12981,3985,3990,12558,15972,5824,10757,1578,1694,2093,3548,2333,6392,3171,9514,3542,6460,1875,1886,2694,3941,1346,4025,93058,55547,5375,543,39698,2,0
2021-03-11T23:59:59+01:00,3830,4265,5321,7387,5523,11482,6971,16664,7680,12404,3652,3645,11401,14604,5287,10000,1572,1689,2083,3535,2314,6369,3149,9475,3517,6429,1848,1862,2427,3653,1223,3837,88893,54468,4947,512,36276,2,0
2021-03-10T23:59:59+01:00,3720,4123,5108,7122,5310,11109,6697,16091,7354,11919,3448,3428,10691,13733,4979,9559,1565,1670,2059,3496,2285,6282,3098,9346,3461,6319,1807,1791,2186,3388,1121,3677,86430,53271,4579,278,33382,2,0
2021-03-09T23:59:59+01:00,3639,3971,4941,6935,5127,10822,6463,15635,7055,11444,3278,3249,10007,12966,4675,9108,1555,1654,2025,3437,2252,6177,3029,9201,3402,6248,1780,1765,1885,3032,981,3475,84159,51865,4323,31,30833,2,0
2021-03-08T23:59:59+01:00,3562,3789,4713,6678,4890,10455,6201,15117,6700,10880,3092,3084,9593,12488,4523,8840,1552,1631,2008,3356,2222,6084,2987,9057,3374,6167,1766,1742,1661,2776,885,3311,82690,50549,3961,30,27954,0,0
2021-03-07T23:59:59+01:00,3528,3718,4637,6568,4805,10342,6103,14956,6587,10750,3045,3040,9508,12377,4490,8784,1544,1625,2003,3344,2213,6054,2980,9019,3362,6153,1760,1729,1593,2699,845,3255,82348,50148,3792,30,27098,0,0
2021-03-06T23:59:59+01:00,3510,3646,4594,6485,4769,10271,6045,14841,6541,10656,3027,3019,9443,12304,4466,8750,1542,1609,1996,3332,2203,6026,2977,8991,3351,6134,1752,1708,1561,2675,843,3247,82035,49917,3792,30,26540,0,0
2021-03-05T23:59:59+01:00,3481,3541,4532,6385,4710,10166,5979,14682,6441,10517,2993,2976,9232,12042,4373,8607,1532,1568,1967,3275,2176,5918,2935,8855,3309,6000,1710,1670,1495,2606,824,3222,81134,49032,3784,30,25739,0,0
2021-03-04T23:59:59+01:00,3412,3323,4362,6149,4508,9857,5754,14239,6138,10163,2818,2809,8123,10596,3852,7857,1510,1511,1932,3151,2148,5724,2889,8587,3258,5786,1645,1589,1461,2559,820,3207,76971,47748,3511,29,23478,0,0
2021-03-03T23:59:59+01:00,3363,3241,4220,5959,4343,9586,5538,13859,5904,9769,2695,2697,7425,9732,3525,7354,1496,1468,1904,3075,2126,5615,2859,8406,3202,5641,1578,1545,1420,2487,802,3160,74253,46755,3297,29,21660,0,0
2021-03-02T23:59:59+01:00,3304,3133,4028,5757,4144,9312,5338,13474,5651,9416,2560,2555,6582,8653,3141,6775,1461,1419,1876,3003,2100,5462,2813,8134,3152,5464,1507,1487,1358,2407,782,3121,71099,45517,2898,29,19826,0,0
2021-03-01T23:59:59+01:00,3262,3055,3852,5610,3970,9089,5152,13153,5423,9043,2472,2461,6030,7921,2847,6356,1453,1376,1855,2891,2069,5274,2768,7859,3099,5261,1466,1457,1312,2346,756,3085,68945,44298,2647,29,18104,0,0
2021-02-28T23:59:59+01:00,3212,2998,3677,5493,3769,8885,4960,12893,5242,8760,2428,2399,5893,7752,2801,6272,1448,1370,1852,2878,2058,5248,2763,7824,3089,5246,1458,1450,1306,2336,753,3078,68473,44128,2429,29,16532,0,0
2021-02-27T23:59:59+01:00,3193,2921,3651,5418,3738,8820,4923,12797,5204,8698,2389,2358,5522,7333,2646,6062,1441,1360,1842,2866,2047,5203,2743,7765,3074,5195,1443,1442,1298,2326,752,3077,67161,43846,2429,28,16083,0,0
2021-02-26T23:59:59+01:00,3168,2866,3606,5335,3679,8720,4862,12688,5112,8619,2316,2308,5087,6801,2432,5785,1372,1294,1797,2764,1999,5012,2684,7479,3003,5013,1386,1401,1276,2303,739,3069,65355,42564,2304,27,15725,0,0
2021-02-25T23:59:59+01:00,2979,2736,3420,5156,3503,8495,4645,12384,4907,8371,2237,2257,4576,6178,2209,5435,1355,1231,1761,2653,1955,4709,2606,7089,2913,4769,1346,1361,1259,2288,737,3060,63494,41068,1981,24,14013,0,0
2021-02-24T23:59:59+01:00,2796,2576,3249,4960,3346,8297,4441,12101,4695,8159,2108,2141,4087,5610,1996,5104,1334,1194,1741,2572,1917,4553,2549,6828,2860,4588,1320,1333,1240,2267,735,3040,61726,40054,1508,17,12432,0,0
2021-02-23T23:59:59+01:00,2641,2415,3072,4728,3199,8070,4257,11823,4523,7931,2026,2054,3460,4870,1736,4675,1319,1139,1710,2471,1876,4348,2478,6529,2764,4353,1269,1281,1217,2226,722,3016,59526,38704,1157,14,10797,0,0
2021-02-22T23:59:59+01:00,2591,2354,2991,4634,3126,7963,4161,11630,4419,7817,1986,2015,3042,4364,1507,4343,1305,1072,1676,2334,1831,4090,2396,6137,2641,4084,1216,1234,1196,2198,718,2994,57863,37118,1071,4,10009,0,0
2021-02-21T23:59:59+01:00,2552,2317,2935,4556,3049,7847,4074,11475,4359,7720,1971,1993,2952,4241,1460,4266,1299,1049,1660,2276,1803,3975,2362,5981,2584,3973,1184,1218,1188,2182,711,2981,57430,36422,1038,4,9299,0,0
2021-02-20T23:59:59+01:00,2540,2313,2913,4541,3033,7813,4044,11441,4343,7701,1966,1984,2891,4178,1434,4218,1299,1046,1660,2274,1801,3965,2362,5977,2583,3970,1183,1215,1187,2178,710,2981,57215,36387,1037,4,9101,0,0
2021-02-19T23:59:59+01:00,2524,2296,2880,4486,3004,7725,4001,11355,4290,7647,1960,1979,2780,4045,1373,4147,1239,1036,1629,2267,1790,3952,2353,5955,2572,3960,1179,1207,1175,2173,706,2974,56800,36163,1006,4,8686,0,0
2021-02-18T23:59:59+01:00,2367,2181,2737,4304,2882,7519,3855,11056,4162,7473,1934,1947,2510,3747,1249,3956,1146,987,1563,2175,1740,3830,2278,5791,2523,3889,1166,1191,1172,2158,695,2958,55735,35258,940,4,7204,0,0
2021-02-17T23:59:59+01:00,2314,2120,2647,4172,2771,7300,3697,10698,4032,7257,1883,1876,2269,3488,1147,3795,978,905,1455,2058,1672,3628,2184,5561,2451,3746,1137,1147,1146,2112,679,2919,54664,33775,795,3,6007,0,0
2021-02-16T23:59:59+01:00,2113,1990,2492,3962,2633,7009,3535,10331,3870,7001,1842,1850,1965,3130,1006,3587,945,878,1386,1978,1599,3480,2086,5381,2361,3637,1077,1096,1089,2020,645,2829,53333,32485,759,2,4224,0,0
2021-02-15T23:59:59+01:00,2074,1922,2405,3797,2555,6725,3407,9952,3765,6771,1818,1823,1721,2862,909,3429,926,861,1355,1930,1560,3407,2028,5213,2296,3539,1015,1055,1022,1929,630,2740,52236,31505,745,1,2954,0,0
2021-02-14T23:59:59+01:00,1981,1884,2361,3736,2509,6630,3342,9845,3719,6705,1809,1815,1652,2795,872,3378,911,851,1336,1902,1533,3386,1998,5169,2272,3488,1005,1045,1015,1918,627,2731,51903,31186,716,1,2414,0,0
2021-02-13T23:59:59+01:00,1980,1869,2350,3731,2504,6615,3338,9830,3712,6693,1801,1797,1625,2775,871,3369,911,851,1336,1902,1533,3386,1998,5169,2272,3488,1005,1045,1015,1918,627,2731,51747,31186,716,1,2397,0,0
2021-02-12T23:59:59+01:00,1887,1769,2258,3617,2422,6438,3230,9590,3596,6435,1757,1755,1562,2705,850,3343,903,843,1324,1881,1520,3365,1988,5139,2257,3470,1001,1040,1014,1896,627,2705,50810,30972,716,1,1688,0,0
2021-02-11T23:59:59+01:00,1659,1612,2087,3402,2296,6127,3079,9163,3445,6118,1691,1661,1518,2650,839,3323,872,774,1220,1706,1399,3085,1847,4759,2101,3230,954,979,972,1815,597,2580,49431,28889,676,1,563,0,0
2021-02-10T23:59:59+01:00,1551,1550,2002,3272,2234,5957,2983,8881,3345,5902,1623,1616,1474,2581,823,3270,625,663,1017,1486,1256,2766,1657,4275,1911,2907,837,857,846,1551,529,2278,48267,25461,637,0,160,0,0
2021-02-09T23:59:59+01:00,1511,1488,1968,3182,2203,5761,2918,8531,3274,5674,1550,1558,1417,2521,809,3240,343,498,806,1220,1065,2388,1443,3722,1666,2498,685,694,669,1233,424,1854,47017,21208,509,0,79,0,0
2021-02-08T23:59:59+01:00,1501,1443,1939,3052,2162,5539,2865,8233,3217,5475,1512,1531,1374,2464,793,3223,299,438,700,1061,964,2163,1272,3315,1477,2216,583,581,565,1036,369,1621,45905,18660,339,0,79,0,0
2021-02-07T23:59:59+01:00,1470,1421,1911,3004,2136,5453,2832,8133,3179,5414,1499,1517,1360,2444,780,3210,263,376,651,967,904,2002,1183,3092,1379,2064,546,562,545,1004,361,1593,45625,17492,138,0,0,0,0
2021-02-06T23:59:59+01:00,1465,1413,1903,2992,2128,5421,2819,8090,3168,5373,1488,1509,1353,2435,779,3209,241,338,627,929,876,1935,1143,2972,1325,1986,530,550,539,1004,361,1593,45407,16949,138,0,0,0,0
2021-02-05T23:59:59+01:00,1394,1345,1859,2886,2076,5209,2752,7786,3095,5180,1430,1464,1335,2410,772,3203,224,301,590,891,841,1848,1104,2853,1272,1894,497,530,531,979,350,1571,44058,16276,138,0,0,0,0
2021-02-04T23:59:59+01:00,1381,1267,1813,2737,2009,4871,2661,7337,3000,4905,1391,1433,1318,2394,769,3193,191,232,511,775,751,1706,990,2602,1162,1704,455,486,490,920,332,1462,42448,14769,31,0,0,0,0
2021-02-03T23:59:59+01:00,1357,1230,1784,2657,1969,4702,2594,7066,2950,4716,1356,1403,1287,2356,755,3168,156,194,432,656,632,1460,838,2223,978,1439,336,357,352,696,228,1101,41319,12078,31,0,0,0,0
2021-02-02T23:59:59+01:00,1339,1167,1752,2550,1922,4469,2519,6730,2840,4471,1315,1359,1266,2327,746,3144,133,159,348,534,523,1209,684,1881,796,1166,248,258,275,509,176,824,39885,9723,31,0,0,0,0
2021-02-01T23:59:59+01:00,1322,1097,1714,2412,1869,4206,2441,6340,2723,4196,1251,1286,1239,2287,737,3119,97,99,236,365,347,779,425,1214,466,725,155,155,168,310,93,471,38208,6105,31,0,0,0,0
2021-01-31T23:59:59+01:00,1316,1074,1697,2347,1842,4084,2407,6150,2667,4091,1221,1269,1230,2271,731,3106,83,88,197,293,275,608,335,936,387,596,131,141,160,302,89,458,37472,5079,31,0,0,0,0
2021-01-30T23:59:59+01:00,1316,1071,1696,2342,1839,4071,2406,6139,2664,4083,1220,1265,1229,2269,731,3106,78,76,164,243,246,538,300,813,348,534,130,135,155,299,89,457,37417,4605,30,0,0,0,0
2021-01-29T23:59:59+01:00,1255,1062,1665,2335,1827,4062,2399,6127,2655,4071,1217,1263,1225,2269,731,3106,69,56,121,184,203,377,245,661,306,426,122,126,143,290,86,456,37241,3871,28,0,0,0,0
2021-01-28T23:59:59+01:00,1168,1031,1619,2280,1794,3992,2350,6048,2625,4027,1206,1252,1220,2263,721,3092,44,27,77,110,129,218,154,387,204,259,91,100,115,234,78,417,36663,2644,25,0,0,0,0
2021-01-27T23:59:59+01:00,1003,968,1528,2213,1732,3869,2283,5911,2566,3919,1182,1209,1195,2224,708,3063,32,19,66,87,104,174,123,331,178,218,83,84,105,212,75,388,35556,2279,17,0,0,0,0
2021-01-26T23:59:59+01:00,984,942,1466,2135,1666,3729,2191,5733,2485,3832,1124,1166,1151,2154,685,3013,31,18,63,84,100,167,119,316,177,210,80,80,96,188,66,344,34445,2139,11,0,0,0,0
2021-01-25T23:59:59+01:00,969,915,1433,2075,1634,3625,2139,5575,2434,3745,1075,1140,1100,2100,670,2956,29,18,60,84,97,164,118,315,175,209,80,80,95,187,64,341,33583,2116,2,0,0,0,0
2021-01-24T23:59:59+01:00,966,913,1426,2062,1629,3608,2132,5549,2422,3715,1072,1132,1095,2095,669,2951,29,18,60,84,96,163,118,315,175,208,80,80,95,187,64,341,33434,2113,2,0,0,0,0
2021-01-23T23:59:59+01:00,966,913,1426,2062,1629,3608,2132,5549,2422,3715,1072,1132,1094,2095,669,2951,29,18,60,84,96,163,118,315,174,208,80,80,95,187,64,341,33433,2112,2,0,0,0,0
2021-01-22T23:59:59+01:00,965,903,1409,2037,1618,3582,2116,5517,2410,3697,1070,1128,1093,2066,668,2924,29,18,60,84,96,163,118,315,174,208,80,80,95,187,64,341,33201,2112,2,0,0,0,0
2021-01-21T23:59:59+01:00,923,850,1323,1878,1523,3385,2011,5209,2304,3511,1031,1068,1058,1975,634,2804,27,17,54,79,89,154,109,284,160,188,67,72,84,162,51,292,31485,1889,2,0,0,0,0
2021-01-20T23:59:59+01:00,690,727,1141,1666,1385,3097,1834,4790,2106,3217,910,950,937,1734,578,2544,26,17,53,74,86,154,101,267,149,172,57,65,75,137,45,259,28304,1737,2,0,0,0,0
2021-01-19T23:59:59+01:00,383,554,898,1408,1177,2754,1596,4245,1852,2807,757,783,771,1430,484,2162,21,12,35,51,60,85,74,180,104,117,43,50,54,104,35,197,24060,1222,1,0,0,0,0
2021-01-18T23:59:59+01:00,331,490,786,1217,1055,2484,1392,3724,1615,2473,631,641,621,1158,408,1799,8,6,11,17,22,30,23,49,24,39,11,10,14,34,7,62,20825,367,0,0,0,0,0
2021-01-17T23:59:59+01:00,287,423,716,1122,981,2310,1296,3441,1500,2282,591,611,591,1101,387,1740,1,0,0,0,3,3,1,0,2,2,1,4,0,0,0,1,19379,18,0,0,0,0,0
2021-01-16T23:59:59+01:00,267,389,699,1087,956,2247,1256,3329,1452,2213,575,599,585,1101,387,1739,0,0,0,0,2,3,0,0,1,2,0,1,0,0,0,1,18881,10,0,0,0,0,0
2021-01-15T23:59:59+01:00,252,346,668,1051,928,2159,1221,3213,1399,2123,547,577,579,1079,380,1730,0,0,0,0,0,0,0,0,0,0,0,0,0,0,0,0,18252,0,0,0,0,0,0
2021-01-14T23:59:59+01:00,218,279,601,932,848,2011,1124,2986,1284,1960,509,539,545,1032,376,1694,0,0,0,0,0,0,0,0,0,0,0,0,0,0,0,0,16938,0,0,0,0,0,0
2021-01-13T23:59:59+01:00,183,254,550,859,776,1879,1017,2746,1136,1751,386,425,417,817,276,1299,0,0,0,0,0,0,0,0,0,0,0,0,0,0,0,0,14771,0,0,0,0,0,0
2021-01-12T23:59:59+01:00,159,228,518,787,722,1713,927,2529,1031,1552,302,313,324,581,197,921,0,0,0,0,0,0,0,0,0,0,0,0,0,0,0,0,12804,0,0,0,0,0,0
2021-01-11T23:59:59+01:00,128,177,439,648,628,1452,752,2038,802,1213,181,182,182,344,105,527,0,0,0,0,0,0,0,0,0,0,0,0,0,0,0,0,9798,0,0,0,0,0,0
2021-01-10T23:59:59+01:00,96,123,341,473,468,1052,538,1479,593,884,155,163,168,329,100,516,0,0,0,0,0,0,0,0,0,0,0,0,0,0,0,0,7478,0,0,0,0,0,0
2021-01-09T23:59:59+01:00,84,114,292,402,398,906,469,1255,522,753,150,155,163,325,100,514,0,0,0,0,0,0,0,0,0,0,0,0,0,0,0,0,6602,0,0,0,0,0,0
2021-01-08T23:59:59+01:00,71,89,213,286,300,627,356,951,426,577,143,148,148,316,98,514,0,0,0,0,0,0,0,0,0,0,0,0,0,0,0,0,5263,0,0,0,0,0,0
2021-01-07T23:59:59+01:00,50,32,85,125,135,246,163,434,225,301,108,123,135,285,95,489,0,0,0,0,0,0,0,0,0,0,0,0,0,0,0,0,3031,0,0,0,0,0,0
2021-01-06T23:59:59+01:00,35,24,74,95,116,192,137,355,195,243,86,96,111,233,80,419,0,0,0,0,0,0,0,0,0,0,0,0,0,0,0,0,2491,0,0,0,0,0,0
2021-01-05T23:59:59+01:00,32,19,64,89,105,179,122,339,183,224,84,91,109,226,78,401,0,0,0,0,0,0,0,0,0,0,0,0,0,0,0,0,2345,0,0,0,0,0,0
2021-01-04T23:59:59+01:00,29,18,61,85,97,170,117,321,181,215,83,89,100,209,70,372,0,0,0,0,0,0,0,0,0,0,0,0,0,0,0,0,2217,0,0,0,0,0,0
2021-01-03T23:59:59+01:00,29,18,61,85,97,170,117,321,181,215,83,89,99,208,70,372,0,0,0,0,0,0,0,0,0,0,0,0,0,0,0,0,2215,0,0,0,0,0,0
2021-01-02T23:59:59+01:00,29,18,61,85,97,170,117,321,180,215,83,89,99,208,70,372,0,0,0,0,0,0,0,0,0,0,0,0,0,0,0,0,2214,0,0,0,0,0,0
2021-01-01T23:59:59+01:00,29,18,61,85,97,170,117,321,179,214,83,89,99,208,70,372,0,0,0,0,0,0,0,0,0,0,0,0,0,0,0,0,2212,0,0,0,0,0,0
2020-12-31T23:59:59+01:00,29,18,61,85,97,170,117,321,179,214,83,89,99,208,70,372,0,0,0,0,0,0,0,0,0,0,0,0,0,0,0,0,2212,0,0,0,0,0,0
2020-12-30T23:59:59+01:00,28,18,61,83,96,168,117,320,179,214,83,89,99,208,70,372,0,0,0,0,0,0,0,0,0,0,0,0,0,0,0,0,2205,0,0,0,0,0,0
2020-12-29T23:59:59+01:00,23,12,42,59,76,102,86,226,131,166,64,75,75,174,56,297,0,0,0,0,0,0,0,0,0,0,0,0,0,0,0,0,1664,0,0,0,0,0,0
2020-12-28T23:59:59+01:00,9,7,19,28,34,51,40,119,49,85,29,43,43,101,29,172,0,0,0,0,0,0,0,0,0,0,0,0,0,0,0,0,858,0,0,0,0,0,0
2020-12-27T23:59:59+01:00,3,4,3,4,10,14,8,24,5,18,6,6,6,25,4,50,0,0,0,0,0,0,0,0,0,0,0,0,0,0,0,0,190,0,0,0,0,0,0
