Datum,<15_m,<15_w,15-24_1_m,15-24_1_w,25-34_1_m,25-34_1_w,35-44_1_m,35-44_1_w,45-54_1_m,45-54_1_w,55-64_1_m,55-64_1_w,65-74_1_m,65-74_1_w,75-84_1_m,75-84_1_w,>84_1_m,>84_1_w,<24_2_m,<24_2_w,25-34_2_m,25-34_2_w,35-44_2_m,35-44_2_w,45-54_2_m,45-54_2_w,55-64_2_m,55-64_2_w,65-74_2_m,65-74_2_w,75-84_2_m,75-84_2_w,>84_2_m,>84_2_w,bp_1,bp_2,mo_1,mo_2,az_1,az_2,ja,unb_1,unb_2
2021-10-06T23:59:59+02:00,10473,9771,60035,56535,66413,62053,75152,76262,96531,98561,107907,106790,74122,80443,52133,63954,15058,25945,54678,51601,62096,57377,71152,71636,92228,93824,103878,102966,72117,78228,50758,62226,14518,24842,835953,787738,70729,68179,182590,175874,48889,37,54
2021-10-05T23:59:59+02:00,10408,9702,59902,56413,66314,61956,75073,76193,96457,98502,107861,106737,74101,80414,52120,63925,15049,25931,54496,51431,61984,57231,71040,71519,92119,93726,103811,102895,72065,78183,50734,62189,14510,24829,835011,786375,70720,68150,182587,175863,48763,37,54
2021-10-04T23:59:59+02:00,10348,9649,59760,56297,66191,61847,74986,76106,96371,98428,107800,106689,74078,80383,52100,63889,15043,25911,54327,51248,61872,57080,70916,71391,92039,93621,103714,102810,72030,78129,50689,62150,14500,24809,833965,784948,70707,68143,182584,175845,48643,37,54
2021-10-03T23:59:59+02:00,10304,9610,59708,56212,66130,61798,74929,76068,96342,98397,107767,106650,74066,80365,52084,63863,15037,25897,54213,51135,61791,56990,70829,71291,91973,93548,103651,102725,71996,78100,50670,62117,14493,24805,833442,783992,70702,68138,182571,175817,48535,37,54
2021-10-02T23:59:59+02:00,10299,9608,59700,56197,66114,61786,74921,76055,96337,98392,107765,106647,74065,80365,52083,63861,15037,25897,54199,51124,61778,56983,70826,71281,91969,93545,103649,102716,71993,78100,50669,62115,14492,24805,833369,783921,70691,68132,182571,175816,48521,37,54
2021-10-01T23:59:59+02:00,10244,9551,59546,56099,66038,61701,74841,75989,96286,98339,107706,106612,74049,80342,52072,63848,15036,25893,54085,51016,61724,56920,70779,71234,91916,93489,103614,102683,71980,78093,50665,62103,14490,24800,832538,783261,70672,68105,182569,175814,48435,37,54
2021-09-30T23:59:59+02:00,10174,9470,59412,55949,65910,61580,74741,75901,96185,98252,107619,106553,74026,80305,52056,63824,15032,25879,53940,50883,61632,56816,70691,71153,91838,93407,103543,102621,71947,78052,50646,62069,14490,24789,831473,782292,70642,68083,182565,175805,48210,37,54
2021-09-29T23:59:59+02:00,10103,9414,59282,55824,65793,61464,74662,75809,96089,98165,107555,106496,73988,80261,52048,63795,15027,25868,53787,50731,61519,56681,70596,71046,91745,93314,103447,102554,71897,78008,50621,62018,14483,24779,830500,781109,70615,68053,182562,175786,47987,37,54
2021-09-28T23:59:59+02:00,10020,9331,59142,55674,65630,61323,74557,75723,95983,98080,107474,106430,73938,80219,52026,63767,15019,25847,53635,50580,61382,56567,70505,70931,91668,93236,103372,102476,71856,77970,50598,61985,14479,24768,829336,780057,70604,68034,182558,175777,47705,37,54
2021-09-27T23:59:59+02:00,9961,9278,58990,55515,65491,61195,74468,75620,95880,97974,107385,106376,73892,80176,52007,63740,15011,25827,53483,50452,61260,56433,70412,70825,91566,93139,103288,102424,71808,77923,50576,61949,14472,24749,828287,779071,70587,68019,182553,175731,47372,37,53
2021-09-26T23:59:59+02:00,9920,9238,58905,55428,65413,61114,74412,75543,95817,97918,107338,106339,73866,80151,51993,63711,15001,25810,53384,50338,61177,56355,70336,70737,91496,93063,103234,102392,71779,77895,50555,61924,14466,24737,827645,778326,70569,68011,182537,175696,47179,37,53
2021-09-25T23:59:59+02:00,9912,9226,58887,55409,65397,61104,74402,75534,95811,97910,107328,106335,73866,80150,51992,63710,15001,25810,53358,50330,61163,56337,70324,70729,91490,93057,103224,102390,71779,77893,50555,61921,14466,24737,827567,778250,70562,68007,182535,175695,47133,37,53
2021-09-24T23:59:59+02:00,9860,9171,58775,55285,65297,61004,74313,75442,95726,97837,107269,106294,73838,80128,51984,63700,15000,25800,53254,50224,61089,56263,70251,70658,91420,92996,103151,102340,71753,77875,50544,61905,14461,24727,826684,777467,70544,68000,182529,175689,46978,37,53
2021-09-23T23:59:59+02:00,9773,9079,58537,55094,65122,60846,74188,75298,95583,97703,107160,106185,73793,80093,51964,63660,14988,25782,53076,50090,60971,56127,70135,70546,91303,92888,103058,102268,71719,77831,50526,61880,14448,24711,825282,776459,70491,67972,182525,175671,46559,37,53
2021-09-22T23:59:59+02:00,9689,9019,58350,54945,64961,60701,74068,75173,95456,97603,107060,106127,73749,80044,51937,63615,14968,25756,52932,49940,60851,56007,70044,70449,91209,92782,102995,102216,71678,77783,50497,61843,14434,24697,824019,775472,70472,67949,182515,175657,46224,37,53
2021-09-21T23:59:59+02:00,9621,8931,58201,54789,64815,60556,73933,75041,95319,97484,106966,106034,73715,79985,51918,63589,14960,25734,52788,49780,60733,55878,69943,70344,91102,92678,102901,102122,71639,77738,50470,61803,14425,24672,822744,774306,70455,67937,182511,175650,45890,37,53
2021-09-20T23:59:59+02:00,9561,8870,58064,54651,64656,60422,73815,74889,95190,97393,106879,105941,73653,79941,51891,63553,14947,25713,52665,49645,60608,55759,69835,70237,91002,92588,102824,102047,71586,77695,50445,61754,14418,24654,821543,773326,70441,67920,182504,175621,45550,37,53
2021-09-19T23:59:59+02:00,9509,8830,57944,54563,64545,60306,73725,74784,95116,97292,106817,105869,73636,79916,51877,63533,14945,25702,52556,49528,60514,55647,69741,70143,90934,92517,102744,101978,71553,77662,50423,61723,14411,24648,820756,772551,70421,67906,182492,175596,45249,37,53
2021-09-18T23:59:59+02:00,9492,8813,57918,54534,64511,60275,73699,74760,95100,97270,106805,105848,73633,79915,51874,63530,14945,25701,52526,49493,60484,55623,69721,70123,90914,92501,102731,101958,71549,77659,50423,61722,14410,24646,820538,772358,70411,67897,182492,175595,45191,37,53
2021-09-17T23:59:59+02:00,9406,8735,57747,54386,64378,60147,73574,74641,94996,97168,106721,105776,73598,79883,51862,63512,14938,25694,52359,49382,60359,55513,69629,70033,90833,92420,102658,101899,71516,77622,50408,61692,14401,24639,819392,771411,70367,67878,182490,175588,44921,37,53
2021-09-16T23:59:59+02:00,9331,8662,57533,54234,64202,59962,73397,74475,94847,97035,106568,105665,73527,79824,51840,63470,14931,25679,52193,49256,60207,55391,69503,69919,90724,92319,102554,101818,71471,77574,50386,61654,14394,24626,817932,770441,70350,67859,182467,175556,44441,37,53
2021-09-15T23:59:59+02:00,9239,8581,57330,54015,64018,59761,73218,74298,94699,96884,106422,105530,73467,79756,51795,63419,14921,25659,52033,49090,60079,55256,69378,69815,90623,92240,102446,101729,71424,77517,50352,61616,14384,24615,816185,769360,70331,67842,182463,175544,44041,37,53
2021-09-14T23:59:59+02:00,9130,8475,57140,53783,63837,59573,73073,74120,94568,96728,106297,105430,73395,79691,51765,63369,14903,25637,51861,48891,59927,55115,69256,69695,90514,92113,102354,101637,71372,77456,50324,61571,14377,24602,814429,768034,70319,67829,182443,175509,43731,36,53
2021-09-13T23:59:59+02:00,9068,8408,56917,53578,63680,59379,72915,73950,94416,96575,106160,105300,73341,79640,51726,63322,14883,25608,51691,48727,59800,54984,69176,69604,90395,92024,102258,101565,71326,77415,50295,61529,14365,24591,812729,766977,70308,67816,182428,175481,43409,36,53
2021-09-12T23:59:59+02:00,9023,8380,56798,53491,63592,59284,72838,73864,94343,96509,106097,105232,73313,79615,51711,63299,14878,25601,51559,48617,59700,54884,69101,69527,90320,91959,102185,101495,71290,77385,50280,61504,14360,24578,812011,766169,70291,67802,182411,175456,43163,36,52
2021-09-11T23:59:59+02:00,9019,8371,56780,53468,63574,59271,72826,73851,94338,96495,106092,105227,73312,79614,51711,63299,14878,25601,51539,48597,59679,54872,69085,69516,90312,91944,102183,101490,71286,77383,50280,61504,14360,24576,811933,766119,70284,67758,182408,175454,43110,36,52
2021-09-10T23:59:59+02:00,8947,8310,56618,53322,63460,59151,72718,73746,94219,96379,106015,105166,73276,79578,51698,63273,14874,25596,51412,48532,59616,54809,69022,69469,90247,91887,102147,101452,71265,77367,50271,61494,14356,24570,810816,765656,70252,67703,182402,175451,42884,36,52
2021-09-09T23:59:59+02:00,8876,8246,56420,53130,63297,58968,72561,73602,94072,96241,105890,105072,73218,79516,51667,63239,14870,25583,51229,48366,59461,54677,68889,69342,90128,91781,102031,101360,71221,77322,50243,61465,14350,24554,809471,764599,70231,67653,182383,175429,42391,35,52
2021-09-08T23:59:59+02:00,8792,8171,56241,52957,63147,58787,72419,73450,93916,96111,105795,104962,73150,79454,51637,63185,14865,25568,51053,48201,59336,54539,68764,69190,90004,91675,101947,101260,71168,77266,50216,61423,14346,24537,808078,763442,70204,67602,182347,175406,41984,35,52
2021-09-07T23:59:59+02:00,8704,8111,56077,52802,63030,58647,72302,73319,93810,96010,105688,104861,73097,79406,51611,63145,14858,25546,50884,48038,59207,54394,68642,69074,89898,91560,101848,101160,71121,77221,50193,61397,14342,24518,806817,762230,70199,67588,182343,175384,41671,35,52
2021-09-06T23:59:59+02:00,8641,8045,55928,52633,62892,58492,72199,73188,93709,95899,105608,104774,73045,79357,51579,63115,14847,25530,50735,47898,59069,54245,68525,68954,89817,91464,101752,101075,71072,77173,50169,61368,14335,24507,805603,761105,70172,67545,182310,175362,41401,35,52
2021-09-05T23:59:59+02:00,8612,8007,55860,52539,62829,58433,72152,73131,93659,95849,105581,104730,73020,79334,51569,63095,14840,25524,50643,47815,59004,54181,68466,68895,89773,91407,101711,101025,71051,77144,50155,61351,14329,24498,805078,760486,70163,67535,182289,175342,41239,35,52
2021-09-04T23:59:59+02:00,8606,8002,55840,52530,62820,58424,72144,73123,93652,95845,105578,104724,73019,79333,51569,63095,14840,25524,50629,47800,58988,54167,68462,68886,89766,91402,101707,101021,71050,77142,50154,61351,14329,24498,805020,760421,70160,67530,182288,175341,41205,35,52
2021-09-03T23:59:59+02:00,8540,7933,55709,52443,62748,58327,72065,73043,93574,95782,105508,104663,72989,79299,51550,63064,14833,25514,50514,47705,58909,54100,68401,68814,89705,91341,101642,100968,71021,77109,50132,61325,14326,24489,804101,759636,70152,67512,182281,175332,41055,35,52
2021-09-02T23:59:59+02:00,8447,7838,55517,52287,62623,58222,71971,72914,93455,95667,105402,104579,72932,79244,51519,63017,14822,25494,50290,47536,58765,53981,68297,68697,89570,91233,101526,100869,70963,77061,50108,61297,14318,24473,802967,758473,70109,67471,182267,175283,40610,35,52
2021-09-01T23:59:59+02:00,8371,7745,55367,52141,62492,58090,71884,72790,93360,95577,105324,104508,72894,79200,51498,62982,14815,25476,50116,47328,58639,53841,68217,68585,89468,91130,101422,100775,70922,77018,50081,61256,14311,24457,801854,757242,70087,67432,182255,175230,40321,35,52
2021-08-31T23:59:59+02:00,8263,7651,55205,51986,62387,57976,71807,72690,93276,95494,105242,104429,72853,79159,51476,62953,14805,25462,49909,47127,58520,53702,68103,68462,89371,91025,101313,100696,70876,76965,50059,61220,14299,24440,800781,755880,70079,67416,182246,175205,40011,35,52
2021-08-30T23:59:59+02:00,8187,7571,55024,51821,62275,57848,71692,72573,93152,95365,105122,104334,72802,79117,51459,62919,14783,25439,49712,46915,58398,53563,68004,68351,89253,90912,101199,100587,70824,76930,50032,61191,14285,24423,799587,754677,70039,67350,182213,175149,39646,35,52
2021-08-29T23:59:59+02:00,8146,7525,54934,51742,62217,57770,71624,72525,93100,95301,105074,104299,72782,79095,51444,62903,14777,25430,49594,46812,58309,53463,67932,68276,89198,90851,101138,100534,70797,76914,50018,61178,14279,24420,799061,754019,70037,67340,182203,175105,39389,35,52
2021-08-28T23:59:59+02:00,8128,7511,54895,51704,62187,57749,71597,72508,93082,95285,105060,104288,72777,79093,51442,62899,14777,25430,49556,46793,58283,53447,67911,68262,89178,90828,101131,100521,70791,76910,50016,61176,14279,24420,798855,753872,70036,67333,182201,175105,39322,35,52
2021-08-27T23:59:59+02:00,8045,7433,54713,51566,62073,57612,71500,72385,92960,95164,104949,104202,72732,79043,51419,62863,14765,25424,49431,46708,58205,53365,67829,68190,89100,90761,101073,100473,70755,76875,50002,61165,14277,24420,797538,753169,70031,67327,182190,175097,39091,35,52
2021-08-26T23:59:59+02:00,7981,7360,54552,51419,61950,57501,71402,72278,92857,95036,104843,104121,72690,78991,51396,62843,14760,25410,49269,46552,58083,53260,67729,68095,88996,90682,101005,100404,70714,76839,49978,61143,14272,24410,796485,752340,70021,67288,182180,175064,38704,35,52
2021-08-25T23:59:59+02:00,7918,7307,54408,51269,61839,57349,71296,72162,92750,94935,104741,104035,72631,78940,51368,62807,14747,25396,49073,46361,57958,53120,67611,67971,88883,90568,100904,100314,70657,76791,49951,61103,14265,24395,795481,751205,69995,67255,182169,175026,38253,35,52
2021-08-24T23:59:59+02:00,7809,7219,54268,51065,61713,57212,71190,72033,92633,94815,104636,103937,72578,78893,51333,62762,14739,25380,48853,46138,57820,52949,67502,67836,88781,90475,100813,100232,70619,76738,49926,61077,14261,24378,794082,749807,69978,67233,182159,175004,37996,35,52
2021-08-23T23:59:59+02:00,7747,7145,54085,50892,61581,57089,71076,71922,92507,94708,104538,103838,72526,78833,51299,62720,14732,25369,48669,45964,57703,52823,67396,67739,88678,90384,100726,100153,70578,76687,49898,61038,14257,24366,792874,748789,69948,67207,182144,174949,37641,35,52
2021-08-22T23:59:59+02:00,7719,7119,54002,50814,61528,57026,71036,71869,92464,94666,104496,103809,72505,78817,51290,62707,14731,25363,48550,45855,57613,52730,67321,67679,88607,90326,100684,100111,70549,76663,49883,61020,14254,24359,792451,748110,69940,67199,182123,174899,37447,35,52
2021-08-21T23:59:59+02:00,7713,7116,53975,50799,61509,57015,71020,71855,92451,94648,104486,103799,72500,78815,51290,62706,14731,25362,48530,45838,57592,52723,67303,67660,88589,90311,100674,100101,70548,76660,49883,61019,14254,24359,792380,748020,69897,67180,182119,174893,37394,35,52
2021-08-20T23:59:59+02:00,7682,7079,53885,50723,61435,56954,70950,71792,92386,94585,104433,103763,72475,78787,51278,62680,14723,25351,48437,45763,57521,52660,67234,67604,88531,90252,100614,100063,70525,76637,49877,61003,14245,24355,791837,747504,69825,67167,182116,174869,37183,35,52
2021-08-19T23:59:59+02:00,7616,6999,53752,50600,61285,56838,70833,71685,92271,94496,104338,103673,72426,78731,51249,62640,14714,25331,48305,45660,57405,52567,67144,67526,88440,90174,100516,99997,70492,76609,49857,60979,14241,24346,790800,746861,69789,67133,182099,174824,36789,35,52
2021-08-18T23:59:59+02:00,7541,6943,53604,50463,61158,56727,70722,71593,92162,94408,104236,103590,72367,78678,51214,62604,14704,25310,48186,45533,57287,52469,67054,67452,88322,90085,100438,99921,70444,76567,49835,60951,14233,24329,789798,746134,69760,67094,182088,174772,36378,35,52
2021-08-17T23:59:59+02:00,7458,6862,53441,50299,61050,56602,70606,71472,92057,94303,104128,103490,72316,78635,51186,62578,14696,25299,47993,45355,57155,52330,66933,67345,88192,89989,100328,99824,70388,76518,49810,60930,14226,24317,788720,745102,69739,67060,182082,174717,35937,35,52
2021-08-16T23:59:59+02:00,7386,6799,53311,50169,60953,56488,70506,71377,91963,94198,104035,103390,72272,78584,51157,62533,14688,25291,47853,45237,57047,52260,66838,67261,88091,89902,100241,99730,70341,76477,49783,60899,14218,24312,787848,744475,69691,66996,182067,174650,35494,35,51
2021-08-15T23:59:59+02:00,7337,6759,53233,50088,60885,56418,70440,71317,91905,94147,103980,103342,72237,78555,51149,62517,14684,25282,47747,45141,56955,52172,66769,67199,88013,89837,100186,99684,70303,76440,49769,60878,14213,24300,787375,743987,69677,66967,182054,174569,35169,35,51
2021-08-14T23:59:59+02:00,7315,6743,53160,50018,60836,56374,70404,71270,91869,94108,103941,103306,72216,78547,51140,62506,14682,25279,47508,44867,56788,51984,66616,67045,87879,89715,100070,99577,70253,76397,49758,60855,14209,24295,786892,742155,69670,66961,182054,174558,35098,35,51
2021-08-13T23:59:59+02:00,7274,6707,53050,49922,60751,56294,70351,71201,91793,94052,103890,103261,72193,78525,51128,62495,14680,25272,47004,44368,56547,51716,66386,66790,87606,89462,99873,99372,70166,76295,49719,60795,14203,24274,786138,738674,69666,66951,182054,174484,34981,35,51
2021-08-12T23:59:59+02:00,7243,6680,52949,49851,60692,56215,70277,71152,91722,93993,103829,103215,72159,78493,51114,62479,14678,25258,46505,43923,56271,51414,66125,66568,87346,89238,99522,99096,70051,76156,49660,60731,14192,24245,785701,735620,69641,66895,182038,174030,34619,35,50
2021-08-11T23:59:59+02:00,7177,6611,52782,49682,60562,56096,70193,71058,91614,93889,103729,103108,72099,78428,51082,62437,14671,25242,45828,43304,55900,51032,65863,66271,87051,88973,99185,98728,69911,76010,49599,60628,14180,24216,784527,731505,69620,66858,182029,173595,34284,35,50
2021-08-10T23:59:59+02:00,7100,6527,52583,49495,60417,55976,70086,70936,91489,93759,103606,103003,72047,78371,51051,62406,14663,25233,44871,42397,55229,50379,65367,65817,86591,88488,98691,98271,69706,75811,49499,60527,14159,24177,783168,725235,69611,66807,182023,173092,33945,35,50
2021-08-09T23:59:59+02:00,7057,6480,52472,49404,60340,55901,70028,70876,91421,93687,103535,102944,72004,78335,51045,62390,14659,25225,43865,41334,54515,49689,64892,65385,86146,88054,98174,97802,69516,75587,49406,60401,14131,24137,782603,718773,69541,66728,182012,172529,33646,35,50
2021-08-08T23:59:59+02:00,7012,6440,52408,49336,60300,55869,69990,70851,91364,93640,103482,102903,71983,78313,51031,62369,14653,25220,43809,41271,54452,49643,64829,65347,86074,87997,98107,97752,69490,75557,49383,60374,14123,24130,782321,718485,69534,66712,181998,172446,33309,35,50
2021-08-07T23:59:59+02:00,6973,6399,52298,49209,60222,55793,69932,70786,91294,93578,103432,102855,71966,78296,51022,62363,14653,25219,42842,40248,53897,49071,64394,64942,85699,87599,97787,97405,69347,75414,49327,60292,14106,24112,781536,712115,69530,66695,181998,172438,33224,35,48
2021-08-06T23:59:59+02:00,6930,6338,52163,49082,60150,55727,69867,70704,91214,93502,103372,102798,71943,78273,51011,62344,14651,25215,42161,39635,53654,48804,64171,64701,85464,87377,97558,97204,69263,75323,49285,60251,14100,24099,780666,708500,69526,66613,181997,172301,33093,35,48
2021-08-05T23:59:59+02:00,6820,6231,51911,48859,59974,55538,69726,70559,91053,93356,103230,102662,71882,78210,50983,62304,14638,25196,41326,38939,53134,48344,63798,64353,85007,86977,96935,96686,69076,75139,49219,60153,14081,24068,779051,703955,69473,66562,181964,171172,32641,35,48
2021-08-04T23:59:59+02:00,6731,6146,51715,48627,59827,55360,69613,70408,90917,93242,103111,102545,71821,78148,50957,62258,14627,25167,40482,38151,52764,47941,63476,64033,84636,86650,96523,96279,68913,74967,49142,60055,14065,24034,777644,699364,69438,66543,181950,170384,32185,35,48
2021-08-03T23:59:59+02:00,6658,6089,51546,48490,59702,55231,69522,70317,90818,93143,103014,102464,71768,78113,50937,62232,14619,25151,39484,37205,51969,47257,62933,63500,84118,86166,95809,95649,68669,74751,49050,59938,14044,23989,776610,693114,69429,66520,181943,169202,31829,35,48
2021-08-02T23:59:59+02:00,6610,6046,51411,48350,59611,55152,69438,70248,90763,93070,102935,102402,71729,78072,50916,62209,14612,25138,38211,36042,51004,46446,62216,62912,83512,85600,95009,94948,68415,74494,48962,59804,14023,23950,775915,685479,69381,66469,181915,167890,31498,35,48
2021-08-01T23:59:59+02:00,6568,5991,51241,48188,59457,55037,69345,70134,90655,92979,102847,102309,71688,78035,50894,62169,14607,25122,38026,35908,50844,46346,62085,62819,83334,85458,94557,94545,68298,74384,48923,59755,14012,23930,774868,684835,69352,66410,181897,166580,31146,35,47
2021-07-31T23:59:59+02:00,6525,5957,51147,48067,59402,54965,69296,70090,90616,92949,102820,102285,71677,78023,50886,62165,14607,25119,36416,34397,49933,45477,61548,62252,82830,84945,94076,94111,68109,74179,48844,59660,13994,23897,774258,675674,69348,66401,181897,166465,31090,35,47
2021-07-30T23:59:59+02:00,6489,5904,50997,47926,59320,54884,69227,70031,90542,92869,102764,102247,71660,77999,50877,62142,14604,25115,34955,32992,48961,44525,60816,61561,82145,84324,93393,93535,67875,73942,48740,59510,13975,23866,773496,666139,69323,66390,181891,166160,30884,35,47
2021-07-29T23:59:59+02:00,6374,5784,50566,47557,59105,54614,69035,69841,90353,92681,102602,102109,71585,77917,50844,62087,14589,25097,34219,32377,48336,44076,60413,61206,81721,83973,92620,92859,67680,73784,48677,59423,13955,23836,771179,662273,69269,66244,181848,164514,30441,35,47
2021-07-28T23:59:59+02:00,6302,5720,50311,47363,58973,54459,68907,69745,90225,92557,102495,102015,71529,77860,50817,62047,14580,25080,33894,32082,48016,43837,60182,60982,81542,83801,92381,92659,67606,73717,48644,59390,13942,23826,769861,660565,69236,66155,181821,163992,30064,35,46
2021-07-27T23:59:59+02:00,6250,5673,50148,47223,58831,54363,68814,69656,90123,92447,102387,101938,71484,77807,50787,62013,14572,25066,32426,30677,46742,42743,59349,60187,80937,83269,91358,91812,67330,73432,48556,59263,13910,23785,768955,651895,69210,66084,181797,162198,29617,35,46
2021-07-26T23:59:59+02:00,6227,5644,50029,47134,58733,54275,68737,69603,90036,92386,102322,101887,71444,77770,50763,61993,14566,25057,31057,29417,45420,41618,58247,59199,80227,82634,90192,90782,67022,73159,48464,59146,13886,23743,768419,642809,69144,65989,181759,159902,29282,34,46
2021-07-25T23:59:59+02:00,6207,5627,49915,47029,58643,54209,68673,69544,89971,92329,102262,101840,71410,77734,50745,61970,14563,25047,30850,29260,45146,41422,57991,58968,79955,82426,89230,89927,66815,72986,48396,59073,13874,23719,768007,641623,69132,65870,181733,157446,28844,34,46
2021-07-24T23:59:59+02:00,6172,5598,49795,46941,58574,54147,68625,69488,89925,92286,102221,101799,71404,77727,50742,61967,14562,25043,29252,27668,43990,40335,57293,58253,79335,81852,88586,89360,66635,72795,48325,58971,13860,23695,767401,631548,69123,65853,181725,157306,28765,34,46
2021-07-23T23:59:59+02:00,6087,5511,49621,46763,58479,54043,68516,69385,89820,92182,102131,101703,71368,77670,50721,61936,14558,25037,27554,26147,42729,39245,56360,57364,78643,81236,87877,88696,66365,72523,48247,58870,13839,23665,766023,620980,69119,65687,181706,156834,28681,34,46
2021-07-22T23:59:59+02:00,5947,5398,49324,46478,58279,53838,68344,69218,89636,92029,101977,101569,71301,77587,50679,61885,14547,25018,26732,25318,41817,38431,55416,56535,77899,80609,86211,87188,65989,72123,48137,58739,13808,23613,764085,612483,69074,65185,181675,155362,28218,34,46
2021-07-21T23:59:59+02:00,5671,5115,48791,45950,57976,53525,68112,68940,89357,91781,101707,101302,71173,77457,50619,61820,14538,24992,26476,25094,41396,38149,54975,56144,77529,80327,85402,86581,65822,71995,48081,58673,13790,23588,760476,610508,69049,64906,181652,153586,27647,34,46
2021-07-20T23:59:59+02:00,5594,5041,48505,45671,57806,53317,67935,68795,89177,91626,101541,101158,71097,77390,50580,61773,14529,24964,25299,23939,40101,37115,53631,54940,76625,79553,84039,85236,65515,71653,47973,58536,13762,23542,758790,600096,69042,64751,181608,152004,27057,34,46
2021-07-19T23:59:59+02:00,5514,4955,48179,45344,57585,53108,67770,68592,88988,91448,101391,100997,71024,77308,50537,61722,14520,24935,24468,23101,38789,35994,51903,53442,75359,78498,82926,84255,65220,71397,47873,58418,13737,23502,756987,590055,69032,64605,181579,150212,26317,34,46
2021-07-18T23:59:59+02:00,5506,4954,48107,45287,57488,53029,67699,68518,88895,91381,101319,100933,70988,77266,50511,61689,14518,24923,24330,23002,38518,35772,51570,53152,75107,78303,82023,83486,65028,71218,47816,58345,13732,23480,756710,588991,69009,64442,181538,147983,25752,34,46
2021-07-17T23:59:59+02:00,5479,4917,48007,45209,57414,52969,67638,68461,88834,91320,101276,100914,70980,77251,50506,61682,14518,24922,22941,21539,37129,34467,50327,51960,74503,77746,81388,82890,64899,71070,47749,58283,13723,23460,756148,578107,69004,64416,181531,147844,25611,34,46
2021-07-16T23:59:59+02:00,5376,4838,47765,44977,57290,52864,67521,68347,88695,91224,101169,100810,70934,77199,50483,61663,14512,24915,21683,20299,35832,33220,48871,50639,73491,76811,80687,82230,64679,70847,47667,58182,13704,23427,754694,566461,69002,64353,181524,147641,25359,34,46
2021-07-15T23:59:59+02:00,5234,4709,47365,44651,57080,52668,67328,68161,88483,91023,100981,100642,70836,77098,50434,61589,14503,24886,21077,19798,34904,32521,47633,49691,72305,75892,78534,80094,64079,70249,47523,58003,13685,23364,752626,557101,68985,63323,181477,145799,24572,34,46
2021-07-14T23:59:59+02:00,4860,4385,46772,44075,56846,52402,67120,67958,88269,90782,100763,100445,70729,76988,50366,61506,14491,24862,20871,19652,34642,32361,47260,49388,71773,75500,77868,79558,63755,69973,47439,57919,13662,23330,749173,555291,68969,63136,181425,143896,24041,34,44
2021-07-13T23:59:59+02:00,4769,4304,46572,43921,56681,52244,66958,67810,88111,90655,100617,100317,70656,76925,50328,61459,14487,24846,20308,19119,33616,31540,45639,47933,70014,73837,76263,77999,63380,69581,47310,57747,13633,23278,747805,544359,68952,62365,181351,142277,23541,34,44
2021-07-12T23:59:59+02:00,4704,4226,46384,43730,56529,52102,66803,67683,87938,90516,100460,100176,70580,76837,50290,61403,14480,24828,19831,18683,32829,30917,43975,46476,67632,71764,74370,76495,62850,68994,47165,57585,13605,23227,746531,533251,68929,61796,181251,139704,22947,34,44
2021-07-11T23:59:59+02:00,4699,4223,46313,43676,56466,52053,66752,67644,87876,90463,100388,100115,70542,76794,50280,61388,14477,24814,19622,18539,32478,30669,43526,46100,67170,71405,73591,75795,62450,68614,47093,57495,13589,23194,746382,531452,68918,61470,181186,137229,22466,34,44
2021-07-10T23:59:59+02:00,4573,4087,46029,43369,56280,51856,66602,67467,87742,90323,100286,100008,70486,76737,50259,61362,14474,24805,19058,17988,31534,29806,41775,44519,65686,70123,72955,75174,62285,68465,47040,57443,13582,23180,744281,520832,68912,61454,181174,137183,22367,34,44
2021-07-09T23:59:59+02:00,4444,3969,45754,43117,56112,51661,66440,67302,87590,90158,100153,99903,70433,76664,50223,61321,14469,24793,18466,17414,30560,28843,39821,42589,63388,67996,71795,74034,62012,68140,46964,57318,13565,23155,742225,507133,68898,61073,181168,136777,22204,34,44
2021-07-08T23:59:59+02:00,4415,3943,45609,43003,55986,51543,66308,67202,87465,90036,100033,99805,70379,76610,50201,61282,14458,24780,17523,16607,29156,27808,38100,41134,61256,66174,68437,70877,61114,67165,46717,56976,13520,23060,741492,491858,68838,58992,181097,134197,21612,33,44
2021-07-07T23:59:59+02:00,4403,3937,45543,42961,55902,51489,66225,67158,87413,89995,99989,99754,70364,76588,50192,61264,14454,24770,16562,15753,27763,26795,36572,39903,59636,64718,65206,67398,60096,66123,46481,56655,13470,22988,741188,476553,68792,57079,181045,132048,21343,33,44
2021-07-06T23:59:59+02:00,4351,3889,45397,42833,55776,51347,66120,67049,87304,89902,99908,99670,70326,76530,50174,61236,14451,24756,15791,15012,26684,25886,34726,38190,56234,61695,62555,64938,59342,65334,46208,56320,13429,22885,740055,458649,68772,56261,180986,129918,21174,32,44
2021-07-05T23:59:59+02:00,4288,3844,45220,42657,55624,51244,65996,66940,87187,89808,99823,99572,70263,76465,50152,61209,14448,24741,15132,14385,25734,25070,33493,37056,53132,58721,59779,62472,58503,64522,45955,56008,13384,22807,738866,442561,68734,55905,180906,127431,20943,32,44
2021-07-04T23:59:59+02:00,4279,3838,45173,42625,55558,51211,65954,66915,87148,89776,99791,99544,70239,76444,50146,61194,14442,24730,14927,14181,25295,24714,32895,36528,52466,58192,58793,61607,57841,63888,45771,55803,13365,22758,738673,438482,68702,55699,180836,124728,20764,32,43
2021-07-03T23:59:59+02:00,4059,3660,44639,42061,55241,50834,65657,66638,86902,89515,99591,99348,70166,76372,50123,61148,14438,24718,14641,13859,24941,24359,31917,35607,50720,56644,57924,60871,57667,63690,45704,55718,13353,22733,734861,429902,68687,55681,180830,124680,20700,32,43
2021-07-02T23:59:59+02:00,3750,3373,43986,41466,54915,50497,65374,66334,86628,89262,99355,99122,70062,76259,50071,61078,14432,24701,14223,13410,24245,23752,30758,34538,48087,54474,55789,59081,57272,63259,45544,55559,13337,22695,730520,417385,68670,54630,180817,123949,20627,31,26
2021-07-01T23:59:59+02:00,3612,3263,43631,41115,54713,50322,65214,66170,86474,89122,99201,99002,69991,76191,50040,61044,14424,24686,13534,12725,22943,22670,29079,33024,46073,52729,53294,56800,55848,61685,45050,54943,13264,22568,728375,403846,68606,52316,180767,120116,20436,31,25
2021-06-30T23:59:59+02:00,3601,3246,43367,40918,54529,50188,65097,66073,86381,89055,99131,98949,69964,76167,50028,61022,14420,24675,12789,12123,21774,21771,27490,31654,44220,51012,49657,52838,54519,60350,44694,54505,13208,22440,727230,388081,68554,50413,180746,116683,20251,30,25
2021-06-29T23:59:59+02:00,3384,3026,42451,40083,53922,49587,64658,65645,85970,88603,98784,98622,69839,76018,49971,60951,14400,24644,12188,11515,20975,21003,26125,30447,41595,48599,47785,51290,53549,59239,44287,53967,13114,22287,721251,376037,68502,48888,180730,113299,20045,30,24
2021-06-28T23:59:59+02:00,3166,2846,41495,39084,53256,48935,64194,65254,85588,88214,98451,98278,69699,75858,49906,60851,14382,24621,11686,11064,20317,20412,25155,29549,39501,46659,46160,49924,52440,58192,43925,53459,13034,22166,715085,366548,68391,47852,180721,109621,19851,30,24
2021-06-27T23:59:59+02:00,3161,2843,41458,39052,53210,48900,64156,65220,85536,88178,98398,98251,69680,75845,49897,60837,14377,24618,11492,10870,19991,20095,24577,28987,38475,45809,44996,48830,51407,57179,43491,52952,12952,22023,714876,361941,68362,47409,180685,105306,19664,30,24
2021-06-26T23:59:59+02:00,2679,2370,40063,37682,52485,48155,63604,64656,85050,87659,97973,97818,69489,75670,49824,60733,14358,24595,11377,10767,19821,19940,24378,28769,37995,45370,44628,48477,51293,57034,43445,52904,12947,22008,706160,358981,68335,47404,180685,105288,19653,30,24
2021-06-25T23:59:59+02:00,2272,2037,39209,36870,52133,47796,63275,64331,84769,87349,97721,97551,69385,75554,49777,60671,14343,24573,11078,10457,19439,19514,23851,28146,35306,43065,42442,46562,50955,56655,43347,52773,12923,21977,701088,347404,68199,46958,180678,104638,19621,30,24
2021-06-24T23:59:59+02:00,2218,1985,38720,36409,51782,47468,63058,64122,84535,87156,97533,97395,69303,75488,49742,60625,14337,24557,10480,9874,18376,18636,22427,26890,33206,41226,40009,44267,49473,55005,42777,52072,12806,21774,698142,334519,68170,44354,180657,101086,19434,30,24
2021-06-23T23:59:59+02:00,2205,1960,38489,36177,51619,47299,62944,64011,84437,87061,97456,97311,69272,75457,49724,60604,14333,24546,10025,9443,17750,18080,21498,26032,31274,39593,36040,39806,48180,53641,42391,51565,12726,21608,696906,318992,68138,43732,180641,97778,19192,28,24
2021-06-22T23:59:59+02:00,2126,1899,37503,35249,50868,46627,62463,63563,84061,86650,97092,96999,69123,75314,49657,60523,14320,24513,9553,9010,16880,17392,20274,24952,28148,36826,33734,37929,47222,52669,41981,51008,12586,21374,690766,306809,68093,40991,180628,94709,19035,28,23
2021-06-21T23:59:59+02:00,1979,1760,36151,34026,49847,45759,61742,62901,83565,86179,96652,96594,68954,75143,49591,60428,14308,24478,9234,8712,16419,17028,19648,24473,26403,35260,32196,36635,46172,51589,41528,50459,12479,21182,682808,299450,68065,40348,180613,91070,18544,27,23
2021-06-20T23:59:59+02:00,1968,1751,36064,33973,49704,45638,61605,62766,83485,86121,96583,96535,68920,75115,49576,60410,14308,24467,9086,8609,16201,16860,19332,24215,25585,34606,31253,35685,45977,51386,41497,50407,12470,21162,682173,295662,68026,39756,180595,90738,18168,27,23
2021-06-19T23:59:59+02:00,1600,1451,34446,32424,48794,44818,61116,62261,83014,85644,96174,96181,68771,74949,49510,60328,14293,24443,9046,8534,16097,16737,19212,24062,25480,34447,31123,35544,45881,51290,41479,50382,12466,21152,673446,294320,68009,39753,180588,90703,18147,27,23
2021-06-18T23:59:59+02:00,1405,1278,32797,30835,47587,43628,60178,61342,82208,84897,95558,95603,68552,74727,49421,60189,14277,24413,8971,8449,15938,16582,19024,23869,25227,34208,30840,35224,45587,50943,41395,50305,12453,21138,662308,292126,67875,39638,180587,90282,18098,27,23
2021-06-17T23:59:59+02:00,1330,1220,31872,29992,46720,42919,59372,60492,81466,84251,95146,95219,68409,74583,49379,60113,14263,24384,8430,8083,15248,16026,18196,23043,24124,33081,29359,33863,44262,49440,40910,49693,12333,20950,655372,283181,67761,38811,180555,87625,17415,27,23
2021-06-16T23:59:59+02:00,1247,1156,31181,29290,45917,42173,58447,59614,80688,83479,94723,94840,68271,74423,49322,60021,14243,24358,7942,7758,14633,15511,17418,22315,22983,32126,28180,32754,42367,47322,40364,49114,12225,20765,648301,273438,67637,38211,180535,85226,16893,27,23
2021-06-15T23:59:59+02:00,1105,1037,29289,27500,44169,40651,56859,57976,79301,82159,93965,94169,67984,74130,49208,59864,14210,24293,7767,7631,14324,15271,17057,22013,22465,31741,27648,32325,41431,46306,39980,48688,12101,20545,633347,270367,67589,37704,180497,82802,16409,27,23
2021-06-14T23:59:59+02:00,1012,923,27739,26030,42568,39136,55206,56326,78199,81050,93272,93541,67734,73889,49113,59743,14190,24249,7584,7458,13950,14937,16531,21567,21773,31157,26970,31731,41046,45882,39596,48238,11970,20341,620114,267689,67535,37289,180468,79965,15776,27,22
2021-06-13T23:59:59+02:00,988,898,27540,25850,42184,38803,54662,55805,77853,80743,93079,93351,67644,73809,49076,59685,14175,24224,7442,7290,13677,14643,16143,21167,21345,30666,26432,31228,40648,45478,39134,47673,11791,20056,617415,265595,67394,37220,180440,76893,15093,27,22
2021-06-12T23:59:59+02:00,859,784,26026,24258,41020,37723,53989,55072,77320,80249,92528,92825,67489,73632,49007,59608,14162,24203,7397,7240,13555,14535,16011,21054,21161,30520,26314,31129,40631,45461,39124,47662,11791,20055,607874,264815,67388,37218,180434,76564,15031,27,22
2021-06-11T23:59:59+02:00,745,675,24408,22735,39669,36531,52759,53863,76351,79397,91954,92249,67254,73397,48945,59500,14143,24168,7341,7152,13383,14348,15794,20858,20889,30259,26043,30872,40325,45085,39039,47547,11774,20026,596111,262920,67308,37073,180425,75858,14872,27,22
2021-06-10T23:59:59+02:00,644,585,23411,21727,38449,35349,51154,52359,75034,78201,90348,90703,66899,73001,48818,59326,14118,24113,7060,6927,12857,13912,15155,20286,20128,29503,25252,30196,39620,44224,38687,47129,11660,19842,583214,259456,66826,37039,180371,72130,13801,27,22
2021-06-09T23:59:59+02:00,574,536,22957,21339,37789,34826,50045,51313,73789,77004,89757,90197,66772,72856,48768,59241,14103,24083,6787,6618,12265,13308,14370,19475,19211,28478,24267,29033,37053,41305,38123,46484,11512,19603,576040,249133,66365,36966,180332,68596,13185,27,22
2021-06-08T23:59:59+02:00,468,425,21439,19874,36180,33463,47930,49355,71648,75066,88282,88718,66456,72471,48633,59080,14070,24039,6656,6444,11881,12937,13886,18986,18607,27877,23711,28496,36769,41050,37832,46117,11403,19446,558664,247475,66089,36888,180298,65204,12519,27,22
2021-06-07T23:59:59+02:00,353,331,20432,18901,34635,32134,45655,47333,69513,73189,87306,87870,66232,72205,48559,58945,14050,24003,6501,6283,11456,12586,13343,18502,17879,27288,23078,27898,36448,40745,37414,45635,11290,19247,543485,245479,65918,36818,180245,61313,11971,27,22
2021-06-06T23:59:59+02:00,330,310,20252,18756,34240,31849,45047,46759,68894,72704,87095,87703,66176,72144,48547,58918,14043,23991,6369,6109,11129,12171,12914,17930,17242,26478,22382,27089,35981,40269,36932,45082,11134,18978,540363,243032,65591,36769,180202,56802,11575,27,21
2021-06-05T23:59:59+02:00,258,245,19005,17490,32908,30635,43820,45585,68319,72187,86563,87193,66085,72042,48499,58869,14036,23979,6318,6028,11025,12008,12789,17752,17072,26267,22211,26900,35917,40192,36910,45058,11132,18973,530365,242429,65591,36356,180181,56202,11554,27,21
2021-06-04T23:59:59+02:00,177,175,17811,16339,31599,29342,42267,44088,66974,70871,85753,86440,65898,71828,48422,58777,14020,23950,6215,5886,10851,11798,12575,17496,16716,25882,21691,26462,35032,39338,36595,44758,11115,18950,517524,240589,65524,36029,180174,53250,11482,27,20
2021-06-03T23:59:59+02:00,122,122,17171,15765,30613,28515,40808,42793,65199,69340,83504,84155,65472,71375,48294,58615,14002,23912,6045,5677,10541,11443,12257,17030,16265,25221,21143,25883,34368,38548,36419,44556,11082,18900,503731,238255,64827,35642,180135,50415,11057,27,19
2021-06-02T23:59:59+02:00,93,79,16828,15455,30303,28250,40144,42172,63609,67948,82563,83353,65331,71212,48234,58531,13999,23897,5928,5586,10366,11284,12027,16814,15973,24915,20797,25490,31121,34921,36191,44333,11053,18847,496224,229556,64824,35311,180134,49977,10792,27,19
2021-06-01T23:59:59+02:00,37,44,16036,14783,28803,27145,37781,40111,60044,64763,80130,81031,64982,70848,48106,58341,13965,23843,5654,5306,9848,10850,11490,16220,15308,24119,20059,24734,30778,34624,35995,44156,11024,18785,477860,228093,63267,34806,180065,46467,9575,26,18
2021-05-31T23:59:59+02:00,29,36,15471,14304,27863,26443,35820,38446,56599,61734,78098,79328,64651,70492,47962,58166,13933,23791,5490,5098,9436,10484,11062,15739,14773,23435,19434,24029,30492,34370,35812,43964,10989,18728,462088,227413,62546,34419,179998,42985,8508,26,18
2021-05-30T23:59:59+02:00,27,33,15325,14178,27577,26211,35367,38035,55885,61113,77777,79055,64589,70434,47937,58131,13929,23780,5387,4902,9108,10122,10650,15251,14322,22633,18906,23259,29814,33654,35585,43771,10967,18666,459105,226948,62108,34339,179949,37505,8195,26,18
2021-05-29T23:59:59+02:00,25,32,14928,13785,26728,25395,33608,36443,54402,59817,77188,78489,64439,70285,47884,58078,13922,23766,5354,4827,9045,10009,10556,15133,14213,22484,18775,23120,29785,33631,35579,43763,10966,18663,448978,226465,62075,34339,179945,36899,8190,26,18
2021-05-28T23:59:59+02:00,22,31,14522,13384,25913,24650,31759,34680,52231,57810,76136,77493,64233,70032,47832,58001,13912,23743,5270,4709,8868,9865,10400,14959,14052,22247,18564,22819,29716,33584,35562,43746,10965,18658,437016,225792,61605,34333,179856,35968,7881,26,18
2021-05-27T23:59:59+02:00,18,26,13892,12917,24845,23933,30509,33752,50624,56434,73031,74504,63791,69494,47697,57839,13889,23688,5157,4474,8536,9525,9997,14528,13611,21615,18059,22220,29493,33380,35452,43634,10944,18630,424852,225144,59646,34262,179223,32703,7136,26,18
2021-05-26T23:59:59+02:00,17,24,13404,12494,23931,23289,29588,33049,49538,55508,70072,71312,63177,68884,47562,57668,13858,23642,5069,4311,8280,9208,9697,14139,13252,21013,17626,21621,29297,33214,35354,43529,10917,18578,414028,224531,57471,34144,178726,29654,6766,26,18
2021-05-25T23:59:59+02:00,17,19,13061,12197,23349,22884,28531,32188,46936,53272,67810,69186,62825,68517,47449,57519,13840,23588,4990,4190,8071,8946,9443,13761,12940,20492,17242,21071,29138,33059,35270,43424,10890,18523,402167,223980,56403,34063,178103,26908,6489,26,18
2021-05-24T23:59:59+02:00,16,18,12763,11914,22851,22501,27910,31735,44313,50839,65349,66995,62517,68217,47338,57393,13804,23531,4918,4081,7821,8713,9122,13376,12610,19978,16858,20513,28996,32918,35195,43352,10866,18476,390497,223401,55919,33996,177437,24261,6125,26,18
2021-05-23T23:59:59+02:00,16,18,12701,11845,22756,22416,27830,31656,44056,50612,64761,66447,62437,68129,47313,57375,13802,23529,4897,4066,7786,8682,9063,13342,12531,19917,16779,20458,28987,32905,35191,43345,10866,18474,388293,223119,55838,33989,177423,24052,6119,26,18
2021-05-22T23:59:59+02:00,16,18,12477,11607,22435,22108,26829,30766,42220,49035,63905,65707,62274,67938,47247,57284,13792,23506,4880,4011,7758,8618,9022,13277,12500,19832,16749,20391,28976,32895,35187,43339,10865,18473,379802,223028,55827,33989,177418,23655,6091,26,18
2021-05-21T23:59:59+02:00,16,17,12174,11356,21866,21667,26014,30074,39826,47140,61929,64038,62012,67665,47163,57196,13777,23480,4861,3984,7703,8532,8956,13188,12423,19739,16674,20306,28960,32869,35180,43329,10863,18472,369368,222832,54771,33974,177226,23204,6019,26,18
2021-05-20T23:59:59+02:00,15,17,11561,10783,20737,20773,24862,29044,38319,45861,59584,61964,61193,66764,46962,56937,13743,23424,4584,3806,7302,8241,8515,12793,11967,19227,16254,19786,28839,32773,35129,43276,10859,18462,358860,222426,52416,33863,175945,20218,5296,26,18
2021-05-19T23:59:59+02:00,15,17,11121,10470,19950,20221,24013,28444,37418,45177,56351,58327,60503,66061,46853,56802,13720,23377,4431,3645,7047,7997,8238,12464,11638,18796,15884,19363,28740,32661,35086,43200,10848,18447,348392,221941,50794,33745,174816,17977,4812,26,18
2021-05-18T23:59:59+02:00,15,17,10790,10183,19368,19770,23360,27883,36012,43949,54938,57198,60131,65634,46723,56640,13695,23352,4324,3518,6800,7763,7978,12179,11403,18393,15536,18933,28656,32569,35056,43159,10844,18440,343001,221649,48940,33663,173336,15874,4355,26,18
2021-05-17T23:59:59+02:00,14,16,10570,10002,18930,19480,22924,27571,34809,42956,53628,56162,59882,65387,46659,56541,13679,23319,4253,3432,6592,7546,7726,11884,11146,17997,15225,18527,28564,32481,35031,43118,10838,18427,338918,221350,47945,33595,171815,14007,3825,26,18
2021-05-16T23:59:59+02:00,14,15,10378,9873,18634,19276,22590,27330,34170,42496,52389,54990,59689,65222,46622,56487,13668,23299,4184,3358,6375,7380,7436,11631,10878,17645,14931,18163,28498,32419,35015,43100,10831,18423,336477,221100,47067,33533,170195,12247,3378,25,17
2021-05-15T23:59:59+02:00,14,15,10283,9773,18483,19129,22419,27185,33785,42127,51993,54612,59573,65076,46574,56442,13665,23283,4144,3322,6291,7315,7343,11528,10776,17526,14827,18033,28403,32301,34923,43007,10827,18418,334075,220012,47066,33531,170061,12228,3204,25,17
2021-05-14T23:59:59+02:00,13,15,10000,9569,18053,18886,22017,26898,31433,40348,49841,52755,59353,64847,46526,56357,13649,23261,4015,3239,6005,7151,7038,11304,10431,17175,14481,17706,27831,31595,34800,42815,10809,18389,324912,216722,47013,33525,169449,12105,2423,24,17
2021-05-13T23:59:59+02:00,13,15,9539,9200,17260,18324,21148,26217,30317,39358,47597,50582,58502,63873,46316,56074,13610,23188,3514,3045,5666,6898,6726,10995,10019,16785,14104,17272,26936,30396,34376,42297,10778,18327,316419,212127,45150,32969,167426,10914,2115,23,17
2021-05-12T23:59:59+02:00,13,15,9248,9006,16828,18067,20677,25928,29788,38972,44595,46939,57929,63231,46232,55960,13592,23163,3374,2957,5434,6787,6446,10849,9736,16576,13865,17008,26288,29573,34210,42104,10752,18294,307235,209096,44333,32943,167133,10746,1459,23,17
2021-05-11T23:59:59+02:00,13,13,8811,8727,16055,17549,19815,25308,28050,37530,42660,45437,57552,62785,46148,55825,13571,23135,3255,2826,5201,6445,6148,10436,9368,16019,13426,16447,24865,27903,33699,41476,10701,18206,301750,203115,41274,32760,164647,9248,1290,23,16
2021-05-10T23:59:59+02:00,13,12,8550,8574,15544,17294,19181,24987,27060,36840,41199,44292,57285,62512,46068,55721,13551,23104,3145,2701,4969,6210,5894,10112,9045,15542,13062,16025,23814,26572,33210,40893,10666,18149,298445,198460,40365,32732,161977,7832,978,22,14
2021-05-09T23:59:59+02:00,13,12,8394,8492,15237,17114,18798,24732,26393,36411,39420,42625,56989,62233,46013,55663,13543,23084,3025,2647,4788,6070,5726,9938,8847,15335,12894,15852,23539,26240,33065,40720,10656,18134,295472,197265,39991,32689,158975,6809,706,22,14
2021-05-08T23:59:59+02:00,13,12,8319,8419,15056,16968,18589,24532,26165,36173,39187,42434,56862,62083,45975,55626,13540,23073,3017,2628,4757,6034,5682,9892,8770,15269,12808,15782,23169,25814,32779,40407,10648,18118,293908,196075,39538,31980,158852,6806,706,22,14
2021-05-07T23:59:59+02:00,12,11,8145,8323,14729,16784,18201,24295,25742,35884,38731,42054,56588,61728,45926,55579,13533,23063,2717,2494,4408,5847,5412,9630,8454,14958,12412,15386,22070,24440,32129,39572,10620,18068,291365,192611,39106,30478,158524,5212,311,22,12
2021-05-06T23:59:59+02:00,11,11,7494,7966,13830,16185,17142,23440,24400,34770,36585,40390,55459,60407,45683,55272,13498,22997,2592,2381,4234,5651,5204,9326,8111,14517,11979,14932,20763,22763,31274,38563,10566,17954,280718,186991,37823,29519,156703,4021,274,22,12
2021-05-05T23:59:59+02:00,9,11,6956,7657,13046,15637,16105,22673,23013,33744,34755,38901,53620,58366,45362,54926,13465,22931,2505,2322,4060,5494,5013,9114,7764,14179,11611,14571,19373,20982,30080,37146,10526,17851,269248,180858,36901,28347,154911,3286,95,22,12
2021-05-04T23:59:59+02:00,9,10,6767,7565,12680,15459,15617,22403,22364,33398,33793,38203,52765,57403,45239,54798,13447,22889,2450,2252,3906,5325,4837,8860,7422,13771,11184,14112,17721,19055,28982,35814,10429,17731,265466,174041,36033,27406,153248,2358,41,21,12
2021-05-03T23:59:59+02:00,9,10,6621,7416,12302,15240,15111,22091,21657,32991,32641,37313,52466,57085,45143,54690,13432,22857,2391,2182,3812,5145,4697,8624,7205,13422,10863,13704,16518,17556,28102,34711,10364,17623,262174,168464,35572,27056,151278,1364,30,21,12
2021-05-02T23:59:59+02:00,9,10,6540,7324,12088,15068,14816,21858,21180,32670,31491,36365,52182,56794,45081,54599,13414,22826,2376,2175,3791,5112,4667,8588,7139,13351,10779,13612,16206,17160,27806,34406,10352,17610,259738,166899,35498,26942,149029,1257,29,21,10
2021-05-01T23:59:59+02:00,9,10,6522,7301,12025,15019,14736,21794,21079,32597,31364,36271,52176,56779,45077,54598,13412,22824,2373,2168,3767,5095,4626,8563,7102,13314,10718,13557,16008,16937,27691,34269,10349,17600,259168,165933,35497,26917,148878,1255,29,21,10
2021-04-30T23:59:59+02:00,9,10,6484,7262,11934,14924,14630,21675,20884,32411,31124,36080,51905,56419,45032,54545,13406,22812,2345,2147,3705,5032,4530,8454,6952,13131,10440,13294,15192,15910,26820,33195,10308,17512,257384,162725,35454,25025,148659,1186,28,21,10
2021-04-29T23:59:59+02:00,9,10,6279,7135,11611,14736,14276,21438,20365,32121,30371,35589,51256,55593,44940,54426,13379,22733,2308,2101,3613,4945,4407,8318,6758,12913,10163,13008,14216,14677,25517,31648,10246,17419,254201,157024,35359,24277,146659,926,27,21,10
2021-04-28T23:59:59+02:00,9,10,6015,6971,11234,14400,13783,20970,19724,31513,29204,34456,48588,52588,44645,54101,13316,22655,2270,2060,3546,4884,4292,8201,6598,12729,9915,12789,13075,13195,24024,29769,10184,17316,244247,151051,35231,23073,144668,707,15,21,8
2021-04-27T23:59:59+02:00,9,10,5911,6879,11081,14278,13583,20806,19445,31303,28644,34069,48382,52368,44589,54047,13307,22633,2228,2026,3457,4790,4199,8092,6432,12544,9633,12513,11858,11630,22368,27612,10105,17170,242874,144224,35183,21888,143251,530,15,21,7
2021-04-26T23:59:59+02:00,9,10,5862,6835,10964,14210,13422,20684,19219,31092,27810,33502,48044,51999,44534,53981,13298,22604,2206,1999,3403,4747,4137,8024,6330,12411,9444,12339,10939,10471,21088,25855,10044,17080,242143,138944,35156,21140,140745,420,15,20,5
2021-04-25T23:59:59+02:00,9,10,5816,6788,10859,14115,13262,20528,18972,30808,27049,32763,47546,51487,44450,53882,13284,22584,2180,1989,3373,4728,4119,8005,6297,12369,9387,12278,10777,10278,20845,25532,10034,17066,240431,138090,35113,20792,138633,362,15,20,5
2021-04-24T23:59:59+02:00,9,10,5794,6739,10782,14026,13163,20384,18839,30629,26888,32582,47444,51364,44356,53786,13280,22579,2173,1979,3348,4700,4080,7958,6225,12297,9256,12160,10620,10097,20710,25400,10018,17048,238950,137562,35095,20151,138574,343,15,20,5
2021-04-23T23:59:59+02:00,9,10,5732,6650,10649,13827,12961,20130,18529,30249,26491,32220,46499,50228,44202,53541,13257,22547,2155,1957,3305,4663,4031,7904,6130,12206,9092,12032,10353,9797,20386,24978,9970,16966,234555,136437,35035,19143,138106,332,15,20,5
2021-04-22T23:59:59+02:00,9,10,5630,6536,10439,13628,12608,19794,18017,29776,25861,31627,44770,48073,43630,52812,13211,22446,2141,1946,3266,4610,3954,7831,6001,12106,8833,11867,9919,9390,19930,24387,9920,16889,228300,134312,34923,18364,135619,300,15,20,5
2021-04-21T23:59:59+02:00,9,9,5532,6399,10209,13426,12277,19480,17515,29281,25143,30895,40489,43202,43150,52278,13144,22342,2129,1937,3230,4573,3899,7773,5920,12013,8657,11708,9589,9007,19431,23795,9854,16792,216169,132664,34857,17352,133719,277,15,20,5
2021-04-20T23:59:59+02:00,9,9,5454,6309,10016,13210,12001,19214,17092,28873,24590,30327,38734,41186,42495,51498,13072,22201,2104,1924,3189,4549,3832,7729,5787,11915,8486,11580,9305,8689,18958,23126,9757,16651,209924,131296,34767,16048,131565,223,15,19,5
2021-04-19T23:59:59+02:00,9,8,5375,6231,9855,13080,11796,19004,16729,28491,24044,29856,37177,39392,41903,50776,13017,22112,2088,1907,3154,4514,3792,7685,5747,11846,8401,11488,9067,8405,18550,22558,9710,16559,204883,129600,34709,15654,129231,203,15,17,5
2021-04-18T23:59:59+02:00,9,7,5313,6180,9724,12995,11596,18865,16448,28293,23636,29543,35865,38027,41550,50371,12983,22048,2075,1892,3126,4492,3766,7669,5703,11799,8351,11439,8969,8316,18396,22370,9697,16534,203337,129119,34667,15263,125418,198,15,16,5
2021-04-17T23:59:59+02:00,9,7,5307,6164,9690,12964,11549,18825,16371,28225,23572,29484,35554,37686,41442,50273,12977,22037,2065,1884,3099,4479,3708,7624,5633,11748,8265,11387,8859,8206,18290,22254,9676,16521,202105,128315,34658,15173,125342,196,15,16,5
2021-04-16T23:59:59+02:00,9,7,5242,6125,9601,12903,11415,18713,16160,28065,23219,29136,34470,36423,41029,49746,12957,22002,1932,1798,2869,4300,3348,7307,4863,11215,6775,10298,6342,6143,16481,20561,9481,16223,197931,118975,34567,10754,124694,193,15,15,5
2021-04-15T23:59:59+02:00,9,7,5176,6035,9399,12730,11120,18466,15664,27670,22529,28531,32571,34107,39982,48537,12876,21834,1889,1766,2802,4235,3229,7186,4646,11033,6397,9990,5885,5744,15889,19874,9288,15888,192100,115841,34514,9702,120599,184,15,15,5
2021-04-14T23:59:59+02:00,9,7,5114,5989,9232,12603,10904,18289,15262,27355,21878,28051,30643,31855,38762,47114,12801,21647,1806,1712,2718,4167,3118,7093,4445,10867,6089,9740,5406,5330,15306,19186,9084,15532,185718,113214,34375,8242,117392,129,15,15,5
2021-04-13T23:59:59+02:00,9,7,5067,5935,9095,12475,10727,18121,14919,27079,21356,27588,28537,29403,37498,45515,12657,21440,1762,1695,2681,4124,3062,7032,4311,10727,5819,9529,5063,5027,14855,18738,8948,15328,178819,111792,34309,6862,114270,33,15,15,5
2021-04-12T23:59:59+02:00,9,7,5004,5886,8987,12338,10520,17973,14598,26798,20817,27133,26496,27129,36337,44046,12527,21239,1727,1652,2651,4104,3034,6979,4252,10660,5716,9429,4897,4881,14554,18369,8835,15127,173095,110945,34230,5876,110489,32,15,15,5
2021-04-11T23:59:59+02:00,9,7,4968,5843,8894,12259,10363,17872,14335,26621,20393,26809,25293,25838,35631,43261,12438,21089,1718,1646,2630,4084,3009,6951,4217,10613,5628,9361,4806,4826,14438,18246,8796,15074,171309,110735,34159,5268,106425,26,15,15,5
2021-04-10T23:59:59+02:00,9,7,4957,5830,8852,12231,10308,17837,14267,26572,20297,26729,24977,25463,35284,42842,12431,21068,1713,1640,2621,4076,2995,6934,4187,10582,5569,9322,4728,4749,14309,18080,8749,14989,170096,109936,33434,5267,106401,26,15,15,5
2021-04-09T23:59:59+02:00,9,7,4910,5798,8768,12152,10184,17713,14099,26398,20036,26485,24137,24308,34329,41631,12399,20994,1685,1611,2564,4042,2923,6874,4037,10472,5315,9098,4312,4374,13739,17363,8519,14620,166728,106252,31917,5259,105687,26,11,14,5
2021-04-08T23:59:59+02:00,9,7,4834,5733,8622,12043,9971,17541,13703,26084,19431,26019,22429,22320,32636,39657,12250,20758,1655,1595,2510,3997,2840,6787,3889,10336,5023,8834,3855,3947,12745,16116,8035,13857,160966,101260,31010,4729,102046,21,11,14,5
2021-04-07T23:59:59+02:00,9,6,4787,5680,8439,11965,9744,17391,13385,25857,18960,25657,20619,20204,30873,37394,12133,20544,1622,1580,2456,3945,2779,6706,3782,10191,4835,8646,3592,3655,12055,15312,7658,13296,154919,97933,29832,4155,98876,12,10,10,5
2021-04-06T23:59:59+02:00,9,6,4740,5634,8295,11853,9584,17225,13065,25589,18440,25270,18763,18138,28945,34901,11930,20198,1587,1561,2432,3919,2746,6668,3720,10148,4753,8555,3483,3531,11582,14664,7372,12884,148065,95624,28867,3960,95634,11,10,9,5
2021-04-05T23:59:59+02:00,9,6,4709,5593,8200,11763,9445,17128,12852,25377,18038,24924,17032,16206,27315,32749,11783,19970,1565,1549,2401,3901,2716,6619,3677,10089,4667,8439,3370,3422,11241,14296,7214,12603,142645,94227,28431,3521,92006,11,10,7,5
2021-04-04T23:59:59+02:00,9,6,4702,5587,8192,11752,9431,17113,12826,25356,18010,24899,16900,16030,27119,32503,11774,19956,1564,1548,2399,3898,2713,6615,3675,10085,4664,8436,3361,3411,11229,14284,7211,12595,141926,94148,28337,3521,91889,11,8,5,5
2021-04-03T23:59:59+02:00,9,6,4698,5580,8178,11745,9412,17093,12787,25325,17932,24835,16820,15940,27072,32446,11769,19949,1561,1546,2390,3890,2695,6601,3652,10057,4581,8381,3244,3296,11148,14210,7205,12585,141395,93502,28311,3521,91877,11,8,5,5
2021-04-02T23:59:59+02:00,9,6,4672,5560,8119,11691,9348,17025,12648,25218,17696,24634,16367,15462,26596,31867,11737,19895,1559,1537,2376,3884,2688,6585,3631,10025,4511,8288,3174,3228,10911,13909,7053,12382,140182,92205,26898,3517,91457,11,8,5,5
2021-04-01T23:59:59+02:00,8,6,4629,5499,8007,11549,9218,16865,12375,24932,17251,24233,15616,14735,25837,30904,11610,19712,1542,1517,2347,3851,2666,6556,3592,9986,4443,8222,3062,3097,9975,12791,6439,11532,137938,88190,26234,3412,88803,10,6,5,5
2021-03-31T23:59:59+02:00,8,6,4418,5420,7895,11427,9077,16698,12156,24656,16897,23867,14919,13971,25002,29892,11500,19513,1533,1512,2334,3831,2641,6527,3544,9938,4377,8153,2974,3008,9404,12088,6073,11033,136134,85754,24770,3200,86407,10,6,5,5
2021-03-30T23:59:59+02:00,8,6,4387,5367,7821,11300,8990,16541,11994,24466,16613,23555,14319,13327,24241,28907,11361,19268,1519,1502,2313,3806,2615,6498,3504,9873,4311,8082,2847,2860,8810,11433,5722,10538,134642,83428,23553,2793,84265,6,6,5,5
2021-03-29T23:59:59+02:00,8,6,4347,5312,7721,11188,8883,16378,11835,24192,16284,23208,13774,12725,23475,27930,11201,19019,1501,1489,2294,3790,2593,6469,3469,9814,4247,8007,2794,2792,8521,11046,5533,10226,132792,82040,22793,2533,81890,6,6,5,5
2021-03-28T23:59:59+02:00,8,6,4312,5228,7636,11078,8804,16224,11700,23962,16025,22934,13445,12414,22904,27235,11026,18735,1492,1482,2272,3774,2578,6440,3429,9764,4209,7948,2746,2741,8442,10942,5488,10158,132293,81689,22268,2205,79104,5,6,5,5
2021-03-27T23:59:59+01:00,8,6,4298,5217,7610,11046,8738,16152,11601,23867,15880,22818,13239,12201,22701,27021,10991,18706,1491,1480,2269,3772,2577,6439,3415,9736,4199,7926,2738,2735,8385,10877,5453,10118,131408,81394,21622,2205,79059,5,6,5,5
2021-03-26T23:59:59+01:00,8,6,4255,5150,7500,10912,8562,15967,11266,23563,15266,22315,12319,11371,21910,26179,10844,18478,1486,1466,2264,3751,2564,6416,3398,9710,4158,7889,2708,2696,8204,10658,5332,9948,127348,80544,20009,2091,78503,5,6,5,5
2021-03-25T23:59:59+01:00,8,5,4200,4989,7337,10633,8317,15560,10882,22939,14621,21617,11644,10707,21039,25112,10524,17932,1466,1452,2232,3725,2530,6377,3363,9663,4088,7808,2579,2559,7227,9398,4717,9032,124058,76340,19227,1864,74771,5,5,5,5
2021-03-24T23:59:59+01:00,8,5,4124,4848,7200,10344,8102,15148,10618,22391,14150,21008,11038,10148,20104,24019,10191,17365,1445,1423,2205,3687,2486,6340,3321,9598,4009,7708,2480,2462,6577,8635,4332,8448,121455,73700,18033,1449,71317,3,2,4,5
2021-03-23T23:59:59+01:00,8,5,4084,4756,7094,10106,7947,14807,10355,21885,13747,20517,10571,9706,19377,23168,9877,16898,1434,1405,2179,3666,2467,6312,3262,9544,3919,7631,2387,2362,5850,7702,3881,7758,119988,70622,16927,1131,67988,3,1,4,5
2021-03-22T23:59:59+01:00,8,5,4031,4677,6966,9866,7787,14485,10095,21417,13397,20016,10177,9351,18808,22458,9683,16549,1425,1398,2172,3651,2455,6296,3238,9521,3889,7597,2326,2311,5395,7094,3523,7267,119096,68510,16524,1041,64151,3,1,4,5
2021-03-21T23:59:59+01:00,8,5,3984,4574,6832,9602,7619,14128,9874,20878,13054,19490,9857,9071,18271,21855,9493,16235,1422,1394,2171,3640,2452,6289,3232,9512,3879,7583,2312,2292,5278,6961,3465,7166,118891,68001,16127,1041,59807,2,1,4,5
2021-03-20T23:59:59+01:00,8,5,3973,4554,6797,9548,7561,14055,9790,20769,12948,19401,9770,8978,18131,21677,9441,16148,1419,1389,2167,3637,2447,6284,3219,9502,3860,7573,2277,2260,4950,6588,3276,6924,118057,66725,16032,1041,59460,2,1,4,5
2021-03-19T23:59:59+01:00,7,5,3798,4414,6504,9299,7120,13630,8878,20039,11221,18075,6907,6629,15875,19473,9076,15583,1415,1385,2162,3630,2435,6271,3207,9477,3809,7527,2210,2219,4576,6116,3007,6599,108751,65031,11309,1008,56468,2,1,4,5
2021-03-18T23:59:59+01:00,7,4,3694,4282,6327,8989,6852,13190,8490,19380,10582,17339,6192,5977,14650,17999,8558,14758,1411,1379,2139,3603,2417,6235,3178,9436,3770,7494,2165,2185,4154,5585,2724,6185,103613,63154,10301,900,53351,2,1,4,5
2021-03-17T23:59:59+01:00,7,4,3615,4209,6196,8844,6681,13013,8192,19070,10179,16948,5784,5590,13832,17070,8156,14169,1401,1366,2123,3584,2387,6203,3147,9408,3733,7458,2110,2126,3746,5139,2470,5797,100366,61427,8607,765,52581,2,1,4,5
2021-03-16T23:59:59+01:00,7,4,3536,4075,6043,8574,6474,12644,7878,18488,9631,16293,5256,5135,13014,16108,7818,13669,1392,1358,2114,3567,2371,6188,3131,9389,3708,7432,2083,2090,3229,4496,2131,5284,98038,59196,7195,761,49409,2,1,4,5
2021-03-15T23:59:59+01:00,7,4,3488,3929,5854,8301,6255,12233,7601,17915,9195,15671,4939,4850,12356,15365,7551,13204,1392,1348,2098,3552,2351,6164,3112,9340,3684,7393,2046,2039,2861,4034,1847,4889,96536,57402,6215,743,45963,2,0,4,5
2021-03-14T23:59:59+01:00,7,4,3444,3794,5624,7970,5965,11787,7293,17197,8736,14919,4617,4575,12065,15110,7503,13105,1385,1342,2082,3523,2338,6115,3094,9282,3667,7355,2039,2028,2782,3926,1794,4803,96413,57002,5599,548,41699,2,0,4,5
2021-03-13T23:59:59+01:00,7,4,3428,3754,5583,7854,5906,11665,7208,17049,8587,14764,4466,4425,11975,15025,7497,13094,1385,1342,2082,3523,2337,6115,3093,9281,3666,7355,2036,2020,2730,3871,1760,4750,95720,56793,5599,548,40968,2,0,4,5
2021-03-12T23:59:59+01:00,7,4,3409,3683,5526,7719,5845,11513,7122,16823,8451,14531,4358,4329,11701,14700,7340,12876,1385,1342,2078,3517,2336,6107,3089,9275,3664,7350,2034,2018,2642,3760,1676,4663,94289,56383,5591,548,40053,2,0,4,5
2021-03-11T23:59:59+01:00,7,4,3332,3491,5318,7419,5613,11095,6782,16155,8013,13893,4015,3992,10620,13441,6682,11961,1380,1340,2067,3503,2317,6082,3067,9242,3640,7317,2004,1994,2403,3496,1522,4444,90083,55297,5155,516,36591,2,0,4,5
2021-03-10T23:59:59+01:00,7,4,3235,3373,5100,7148,5400,10733,6512,15609,7674,13346,3792,3764,9974,12649,6292,11423,1376,1329,2040,3465,2288,5992,3019,9120,3583,7198,1960,1917,2187,3259,1388,4250,87605,54084,4778,282,33648,2,0,4,5
2021-03-09T23:59:59+01:00,6,4,3162,3246,4935,6959,5197,10447,6281,15176,7377,12838,3608,3557,9338,11948,5915,10895,1369,1318,2005,3405,2257,5890,2957,8977,3515,7116,1930,1891,1907,2943,1216,4003,85318,52660,4516,34,31051,2,0,4,5
2021-03-08T23:59:59+01:00,6,4,3097,3089,4707,6694,4958,10094,6021,14663,7016,12252,3406,3364,8944,11504,5717,10578,1366,1300,1991,3327,2226,5793,2919,8831,3482,7023,1915,1869,1704,2711,1092,3809,83840,51323,4145,32,28125,0,0,4,5
2021-03-07T23:59:59+01:00,6,4,3065,3030,4634,6579,4874,9981,5916,14499,6899,12106,3355,3318,8857,11396,5676,10509,1360,1295,1985,3315,2218,5768,2913,8792,3470,7004,1907,1857,1649,2643,1040,3740,83480,50921,3969,32,27251,0,0,4,5
2021-03-06T23:59:59+01:00,6,4,3051,2973,4593,6488,4837,9914,5858,14379,6851,11995,3331,3295,8800,11331,5641,10467,1358,1282,1980,3301,2206,5741,2910,8765,3459,6985,1897,1833,1621,2619,1034,3731,83159,50687,3969,32,26682,0,0,4,5
2021-03-05T23:59:59+01:00,6,4,3027,2879,4534,6377,4773,9815,5795,14227,6748,11843,3286,3240,8612,11101,5518,10292,1349,1249,1948,3246,2181,5635,2869,8631,3415,6847,1853,1787,1557,2548,1012,3703,82247,49795,3961,32,25865,0,0,4,5
2021-03-04T23:59:59+01:00,4,4,2974,2688,4377,6141,4555,9502,5588,13811,6435,11454,3111,3064,7592,9802,4883,9375,1330,1200,1910,3123,2150,5452,2823,8355,3360,6615,1781,1698,1520,2496,1007,3685,78075,48471,3687,31,23594,0,0,4,5
2021-03-03T23:59:59+01:00,3,4,2935,2617,4238,5949,4389,9233,5384,13433,6179,11032,2985,2931,6943,9026,4485,8764,1318,1164,1883,3050,2128,5342,2792,8176,3307,6458,1713,1656,1479,2426,986,3631,75342,47476,3444,31,21740,0,0,4,4
2021-03-02T23:59:59+01:00,3,4,2875,2526,4052,5730,4183,8962,5187,13054,5910,10656,2837,2769,6176,8058,4014,8055,1285,1121,1856,2977,2104,5200,2742,7903,3258,6260,1640,1596,1413,2346,962,3580,72166,46210,2988,31,19893,0,0,4,4
2021-03-01T23:59:59+01:00,3,3,2836,2463,3888,5578,3996,8743,4997,12733,5671,10263,2736,2654,5681,7400,3648,7544,1279,1085,1832,2876,2078,5007,2702,7653,3199,6024,1597,1560,1363,2285,932,3537,69993,44976,2679,31,18161,0,0,4,4
2021-02-28T23:59:59+01:00,3,3,2794,2415,3730,5459,3775,8554,4813,12482,5485,9958,2679,2580,5558,7245,3586,7443,1275,1080,1827,2863,2069,4983,2695,7617,3189,6007,1588,1553,1358,2277,929,3527,69513,44805,2457,30,16588,0,0,4,4
2021-02-27T23:59:59+01:00,3,2,2779,2353,3703,5379,3741,8482,4779,12390,5450,9884,2638,2546,5224,6859,3387,7192,1268,1072,1820,2851,2056,4948,2676,7552,3173,5951,1570,1544,1352,2266,927,3526,68198,44521,2457,29,16132,0,0,4,4
2021-02-26T23:59:59+01:00,3,2,2759,2312,3661,5291,3675,8378,4717,12279,5364,9797,2561,2493,4844,6379,3110,6860,1211,1023,1770,2745,2007,4768,2620,7277,3101,5743,1510,1493,1329,2245,914,3517,66387,43243,2330,28,15764,0,0,4,4
2021-02-25T23:59:59+01:00,3,2,2587,2205,3478,5108,3491,8153,4513,11993,5145,9523,2473,2426,4394,5824,2821,6433,1195,965,1739,2636,1953,4493,2552,6882,3006,5457,1464,1450,1308,2230,911,3508,64521,41722,2003,25,14044,0,0,4,4
2021-02-24T23:59:59+01:00,3,2,2435,2072,3288,4914,3344,7949,4317,11738,4925,9273,2336,2306,3933,5312,2559,6035,1180,936,1716,2552,1919,4353,2492,6627,2954,5253,1433,1418,1290,2209,907,3485,62743,40704,1524,17,12470,0,0,4,4
2021-02-23T23:59:59+01:00,3,2,2302,1934,3110,4686,3192,7710,4142,11467,4740,9026,2247,2212,3377,4645,2214,5517,1166,888,1683,2456,1881,4162,2424,6328,2860,4993,1377,1364,1262,2165,891,3458,60524,39341,1171,14,10827,0,0,4,4
2021-02-22T23:59:59+01:00,3,2,2262,1883,3026,4593,3122,7603,4048,11281,4632,8901,2196,2171,3006,4177,1928,5129,1155,829,1651,2332,1839,3916,2348,5934,2735,4696,1314,1310,1239,2132,883,3435,58840,37741,1084,4,10035,0,0,4,4
2021-02-21T23:59:59+01:00,3,2,2226,1852,2974,4524,3042,7489,3967,11136,4566,8784,2181,2148,2922,4062,1871,5041,1152,811,1634,2280,1813,3809,2315,5778,2673,4573,1284,1287,1229,2118,876,3420,58406,37045,1051,4,9329,0,0,4,4
2021-02-20T23:59:59+01:00,3,2,2214,1849,2951,4511,3026,7453,3941,11103,4545,8762,2178,2140,2869,4005,1836,4988,1151,808,1634,2278,1812,3800,2314,5773,2672,4569,1283,1284,1228,2115,875,3419,58193,37009,1050,4,9129,0,0,4,3
2021-02-19T23:59:59+01:00,2,2,2202,1835,2915,4459,3001,7365,3896,11021,4491,8699,2170,2134,2778,3891,1752,4894,1100,799,1595,2270,1802,3791,2304,5752,2664,4556,1277,1273,1217,2110,870,3412,57772,36786,1018,4,8713,0,0,4,3
2021-02-18T23:59:59+01:00,2,2,2071,1740,2759,4276,2877,7167,3759,10736,4352,8494,2136,2100,2536,3621,1597,4671,1022,763,1523,2170,1752,3670,2231,5596,2607,4471,1263,1254,1211,2096,857,3394,56703,35874,950,4,7239,0,0,4,3
2021-02-17T23:59:59+01:00,2,2,2027,1692,2668,4144,2768,6955,3606,10395,4210,8251,2077,2016,2317,3391,1468,4478,870,698,1411,2044,1675,3480,2135,5369,2535,4298,1231,1209,1185,2051,841,3349,55628,34376,804,3,6031,0,0,4,3
2021-02-16T23:59:59+01:00,2,2,1857,1581,2492,3937,2628,6680,3445,10042,4032,7946,2032,1989,2035,3072,1294,4225,843,676,1341,1966,1606,3338,2043,5196,2443,4166,1171,1163,1126,1963,808,3247,54287,33092,768,2,4232,0,0,4,3
2021-02-15T23:59:59+01:00,2,2,1822,1526,2404,3767,2551,6407,3323,9674,3918,7677,2006,1960,1817,2832,1168,4032,825,664,1312,1918,1564,3269,1986,5025,2381,4065,1114,1123,1063,1871,788,3145,53180,32110,752,1,2952,0,0,4,3
2021-02-14T23:59:59+01:00,2,2,1733,1495,2356,3705,2509,6314,3252,9570,3871,7599,1995,1950,1759,2772,1117,3972,810,654,1296,1894,1537,3246,1952,4984,2355,4009,1104,1114,1056,1862,785,3133,52841,31788,723,1,2405,0,0,4,3
2021-02-13T23:59:59+01:00,2,2,1732,1483,2346,3698,2503,6300,3249,9554,3864,7589,1986,1930,1735,2752,1113,3962,810,654,1296,1894,1537,3246,1952,4984,2355,4009,1104,1114,1056,1862,785,3133,52684,31788,723,1,2389,0,0,4,3
2021-02-12T23:59:59+01:00,2,2,1653,1398,2245,3584,2424,6127,3145,9316,3740,7324,1939,1872,1671,2680,1090,3933,803,646,1284,1871,1524,3227,1944,4953,2339,3989,1099,1109,1055,1843,785,3102,51742,31571,723,0,1676,0,0,4,3
2021-02-11T23:59:59+01:00,2,2,1456,1262,2063,3372,2296,5835,2994,8882,3582,6977,1866,1770,1629,2616,1070,3911,774,597,1189,1692,1397,2949,1804,4592,2172,3698,1046,1045,1011,1766,744,2960,50342,29436,683,0,556,0,0,4,1
2021-02-10T23:59:59+01:00,2,2,1362,1215,1978,3243,2228,5663,2912,8603,3471,6746,1796,1723,1582,2549,1051,3849,563,515,967,1468,1258,2638,1619,4131,1968,3316,926,917,878,1508,653,2618,49166,25943,644,0,161,0,0,4,1
2021-02-09T23:59:59+01:00,2,2,1326,1165,1942,3150,2200,5478,2845,8262,3401,6487,1722,1661,1520,2488,1032,3806,302,382,750,1204,1071,2261,1410,3593,1719,2860,756,752,703,1200,522,2121,47892,21606,514,0,80,0,0,3,1
2021-02-08T23:59:59+01:00,2,2,1319,1130,1910,3031,2163,5256,2794,7983,3342,6252,1679,1627,1470,2432,1014,3783,266,342,647,1051,966,2045,1251,3199,1523,2544,654,633,602,1014,450,1836,46763,19023,344,0,79,0,0,3,1
2021-02-07T23:59:59+01:00,2,2,1293,1114,1880,2979,2138,5174,2764,7880,3300,6186,1663,1611,1455,2413,1002,3768,232,287,598,962,907,1889,1160,2973,1426,2371,613,613,581,979,440,1805,46478,17837,143,0,0,0,0,3,0
2021-02-06T23:59:59+01:00,2,2,1288,1108,1874,2967,2129,5146,2751,7836,3289,6141,1650,1603,1450,2403,999,3767,213,254,576,924,879,1824,1117,2854,1369,2289,597,594,574,979,440,1805,46259,17289,143,0,0,0,0,3,0
2021-02-05T23:59:59+01:00,2,2,1229,1057,1825,2859,2077,4950,2691,7539,3212,5925,1587,1550,1433,2380,991,3761,197,222,540,875,843,1744,1079,2734,1316,2190,563,570,562,955,428,1780,44924,16599,143,0,0,0,0,3,0
2021-02-04T23:59:59+01:00,2,2,1217,993,1784,2711,2005,4637,2608,7093,3112,5597,1542,1517,1416,2363,986,3751,168,169,466,757,744,1604,966,2496,1203,1976,517,517,516,899,407,1661,43299,15067,35,0,0,0,0,2,0
2021-02-03T23:59:59+01:00,2,2,1199,964,1754,2632,1966,4489,2542,6831,3060,5382,1506,1485,1386,2328,967,3721,139,140,393,644,628,1366,820,2119,1010,1686,398,381,373,679,287,1256,42179,12320,35,0,0,0,0,2,0
2021-02-02T23:59:59+01:00,2,2,1181,908,1720,2531,1924,4269,2469,6499,2955,5111,1453,1438,1362,2297,957,3696,117,116,318,524,523,1129,675,1789,820,1377,297,279,292,497,225,945,40737,9924,35,0,0,0,0,2,0
2021-02-01T23:59:59+01:00,1,2,1168,848,1684,2408,1874,4024,2392,6109,2834,4815,1386,1357,1332,2251,944,3667,84,76,219,352,350,738,427,1154,480,857,185,170,171,296,126,562,39059,6247,35,0,0,0,0,2,0
2021-01-31T23:59:59+01:00,1,2,1164,830,1667,2351,1849,3902,2360,5925,2767,4696,1355,1334,1321,2235,937,3651,73,70,186,281,272,572,338,900,398,690,159,155,159,287,122,548,38313,5210,32,0,0,0,0,2,0
2021-01-30T23:59:59+01:00,1,2,1164,827,1666,2346,1847,3891,2358,5914,2764,4686,1354,1330,1320,2234,937,3650,70,63,153,233,244,504,303,782,355,615,158,148,154,283,122,547,38258,4734,31,0,0,0,0,2,0
2021-01-29T23:59:59+01:00,1,2,1112,818,1627,2339,1836,3884,2350,5900,2756,4675,1350,1327,1316,2234,937,3650,62,45,116,178,200,350,248,634,311,487,147,139,143,273,119,546,38083,3998,29,0,0,0,0,2,0
2021-01-28T23:59:59+01:00,1,2,1038,792,1571,2276,1803,3815,2303,5829,2723,4623,1338,1315,1307,2228,925,3636,40,20,74,105,131,204,153,378,203,290,115,106,117,220,107,496,37497,2759,26,0,0,0,0,2,0
2021-01-27T23:59:59+01:00,1,2,890,740,1475,2200,1735,3701,2230,5700,2665,4497,1309,1270,1278,2190,909,3601,31,13,62,87,105,160,120,321,176,245,107,88,105,201,103,459,36374,2383,17,0,0,0,0,2,0
2021-01-26T23:59:59+01:00,1,2,876,720,1412,2124,1674,3571,2143,5528,2577,4385,1250,1230,1228,2117,884,3541,30,12,59,84,101,154,116,306,175,236,104,82,98,180,92,409,35249,2238,12,0,0,0,0,2,0
2021-01-25T23:59:59+01:00,1,2,862,699,1381,2062,1641,3474,2097,5359,2520,4293,1197,1205,1173,2057,866,3475,28,12,56,84,98,152,115,304,174,236,103,81,97,179,90,406,34360,2215,3,0,0,0,0,1,0
2021-01-24T23:59:59+01:00,1,2,859,698,1375,2051,1636,3457,2089,5334,2508,4261,1193,1198,1168,2050,865,3469,28,12,56,84,97,151,115,304,174,235,103,81,97,179,90,405,34210,2211,3,0,0,0,0,1,0
2021-01-23T23:59:59+01:00,1,2,859,698,1375,2051,1636,3457,2089,5334,2508,4261,1193,1198,1168,2050,865,3469,28,12,56,84,97,151,115,304,173,235,103,81,97,179,90,405,34210,2210,3,0,0,0,0,1,0
2021-01-22T23:59:59+01:00,1,2,858,688,1361,2028,1621,3433,2076,5300,2492,4242,1191,1193,1167,2027,864,3435,28,12,56,84,97,151,115,304,172,235,103,81,97,179,90,405,33975,2209,3,0,0,0,0,1,0
2021-01-21T23:59:59+01:00,1,2,827,651,1284,1871,1520,3241,1980,5030,2381,4043,1151,1133,1138,1959,827,3315,26,11,52,79,89,142,105,275,158,212,89,72,86,155,74,345,32350,1970,3,0,0,0,0,1,0
2021-01-20T23:59:59+01:00,1,2,626,554,1090,1655,1384,2966,1804,4624,2178,3702,1023,1014,1008,1719,751,3011,24,11,51,75,86,141,97,262,147,193,78,65,80,130,62,307,29108,1809,3,0,0,0,0,1,0
2021-01-19T23:59:59+01:00,1,2,341,410,839,1397,1180,2619,1568,4095,1914,3251,848,842,835,1424,629,2564,20,8,36,53,57,76,71,175,103,130,58,50,52,96,47,238,24756,1270,2,0,0,0,0,1,0
2021-01-18T23:59:59+01:00,1,2,300,373,726,1210,1062,2366,1375,3595,1673,2869,708,688,675,1168,525,2119,8,4,12,18,19,26,23,51,25,46,13,11,13,33,11,72,21433,385,1,0,0,0,0,1,0
2021-01-17T23:59:59+01:00,1,2,258,319,660,1115,983,2195,1277,3323,1559,2657,662,658,646,1108,497,2051,0,0,1,0,3,2,2,1,2,2,1,4,1,0,0,1,19970,20,1,0,0,0,0,0,0
2021-01-16T23:59:59+01:00,1,2,241,288,644,1080,959,2133,1236,3212,1508,2583,646,640,638,1108,497,2050,0,0,0,0,1,2,1,1,1,2,0,1,1,0,0,1,19465,11,1,0,0,0,0,0,0
2021-01-15T23:59:59+01:00,1,2,226,254,614,1030,932,2055,1202,3095,1456,2487,615,614,631,1087,490,2038,0,0,0,0,0,0,0,0,0,0,0,0,0,0,0,0,18829,0,0,0,0,0,0,0,0
2021-01-14T23:59:59+01:00,1,2,196,204,553,909,843,1911,1107,2874,1341,2302,571,570,593,1041,483,1992,0,0,0,0,0,0,0,0,0,0,0,0,0,0,0,0,17493,0,0,0,0,0,0,0,0
2021-01-13T23:59:59+01:00,1,2,166,185,505,838,771,1786,1008,2637,1187,2080,455,451,451,824,367,1551,0,0,0,0,0,0,0,0,0,0,0,0,0,0,0,0,15265,0,0,0,0,0,0,0,0
2021-01-12T23:59:59+01:00,1,2,143,164,474,769,720,1631,919,2434,1079,1848,365,342,351,592,270,1114,0,0,0,0,0,0,0,0,0,0,0,0,0,0,0,0,13218,0,0,0,0,0,0,0,0
2021-01-11T23:59:59+01:00,0,1,114,127,398,638,630,1377,755,1976,847,1459,227,201,201,357,153,673,0,0,0,0,0,0,0,0,0,0,0,0,0,0,0,0,10134,0,0,0,0,0,0,0,0
2021-01-10T23:59:59+01:00,0,1,88,92,308,459,474,998,546,1448,623,1062,189,177,184,343,147,659,0,0,0,0,0,0,0,0,0,0,0,0,0,0,0,0,7798,0,0,0,0,0,0,0,0
2021-01-09T23:59:59+01:00,0,1,78,84,261,396,403,866,479,1231,547,904,183,167,179,338,147,657,0,0,0,0,0,0,0,0,0,0,0,0,0,0,0,0,6921,0,0,0,0,0,0,0,0
2021-01-08T23:59:59+01:00,0,1,65,64,188,288,305,585,365,933,441,685,175,162,163,326,145,657,0,0,0,0,0,0,0,0,0,0,0,0,0,0,0,0,5548,0,0,0,0,0,0,0,0
2021-01-07T23:59:59+01:00,0,0,46,24,81,121,140,231,163,419,223,340,130,127,144,276,131,602,0,0,0,0,0,0,0,0,0,0,0,0,0,0,0,0,3198,0,0,0,0,0,0,0,0
2021-01-06T23:59:59+01:00,0,0,34,18,70,92,119,180,135,342,194,276,111,98,116,227,112,517,0,0,0,0,0,0,0,0,0,0,0,0,0,0,0,0,2641,0,0,0,0,0,0,0,0
2021-01-05T23:59:59+01:00,0,0,31,13,60,88,108,166,120,328,180,253,109,94,115,220,109,499,0,0,0,0,0,0,0,0,0,0,0,0,0,0,0,0,2493,0,0,0,0,0,0,0,0
2021-01-04T23:59:59+01:00,0,0,28,12,57,85,100,158,115,313,178,241,108,90,108,206,99,461,0,0,0,0,0,0,0,0,0,0,0,0,0,0,0,0,2359,0,0,0,0,0,0,0,0
2021-01-03T23:59:59+01:00,0,0,28,12,57,85,100,158,115,313,178,241,108,90,107,205,99,461,0,0,0,0,0,0,0,0,0,0,0,0,0,0,0,0,2357,0,0,0,0,0,0,0,0
2021-01-02T23:59:59+01:00,0,0,28,12,57,85,100,158,115,313,177,241,108,90,107,205,99,461,0,0,0,0,0,0,0,0,0,0,0,0,0,0,0,0,2356,0,0,0,0,0,0,0,0
2021-01-01T23:59:59+01:00,0,0,28,12,57,85,100,158,115,313,175,240,108,90,107,205,99,461,0,0,0,0,0,0,0,0,0,0,0,0,0,0,0,0,2353,0,0,0,0,0,0,0,0
2020-12-31T23:59:59+01:00,0,0,28,12,57,85,100,158,115,313,175,240,108,90,107,205,99,461,0,0,0,0,0,0,0,0,0,0,0,0,0,0,0,0,2353,0,0,0,0,0,0,0,0
2020-12-30T23:59:59+01:00,0,0,27,12,57,84,99,155,115,312,175,240,108,90,107,205,99,461,0,0,0,0,0,0,0,0,0,0,0,0,0,0,0,0,2346,0,0,0,0,0,0,0,0
2020-12-29T23:59:59+01:00,0,0,20,9,42,60,76,91,85,217,128,188,83,77,78,171,80,373,0,0,0,0,0,0,0,0,0,0,0,0,0,0,0,0,1778,0,0,0,0,0,0,0,0
2020-12-28T23:59:59+01:00,0,0,9,6,18,30,31,45,40,112,53,101,36,42,40,98,43,211,0,0,0,0,0,0,0,0,0,0,0,0,0,0,0,0,915,0,0,0,0,0,0,0,0
2020-12-27T23:59:59+01:00,0,0,2,2,4,5,7,11,10,24,6,22,6,7,7,25,5,56,0,0,0,0,0,0,0,0,0,0,0,0,0,0,0,0,199,0,0,0,0,0,0,0,0
