Datum,<15_m,<15_w,15-24_1_m,15-24_1_w,25-34_1_m,25-34_1_w,35-44_1_m,35-44_1_w,45-54_1_m,45-54_1_w,55-64_1_m,55-64_1_w,65-74_1_m,65-74_1_w,75-84_1_m,75-84_1_w,>84_1_m,>84_1_w,<24_2_m,<24_2_w,25-34_2_m,25-34_2_w,35-44_2_m,35-44_2_w,45-54_2_m,45-54_2_w,55-64_2_m,55-64_2_w,65-74_2_m,65-74_2_w,75-84_2_m,75-84_2_w,>84_2_m,>84_2_w,bp_1,bp_2,mo_1,mo_2,az_1,az_2,ja,unb_1,unb_2
2021-10-02T23:59:59+02:00,10289,9601,59680,56180,66098,61775,74906,76045,96319,98382,107748,106636,74062,80358,52093,63878,15047,25910,54177,51109,61768,56968,70810,71267,91952,93532,103632,102698,71986,78089,50660,62106,14493,24804,833275,783758,70680,68126,182570,175797,48509,34,51
2021-10-01T23:59:59+02:00,10234,9544,59527,56083,66023,61691,74827,75979,96268,98331,107694,106604,74049,80336,52083,63868,15046,25907,54066,51002,61714,56906,70763,71220,91901,93478,103598,102665,71974,78082,50656,62094,14491,24799,832468,783109,70661,68099,182568,175795,48423,34,51
2021-09-30T23:59:59+02:00,10168,9465,59394,55933,65896,61571,74731,75894,96170,98244,107611,106544,74026,80299,52070,63845,15043,25896,53925,50871,61622,56805,70677,71143,91824,93397,103528,102605,71941,78042,50641,62061,14491,24789,831427,782171,70636,68077,182564,175786,48199,34,51
2021-09-29T23:59:59+02:00,10097,9408,59265,55809,65778,61455,74653,75802,96075,98156,107547,106488,73987,80255,52062,63816,15038,25886,53772,50720,61509,56671,70584,71036,91732,93304,103433,102539,71891,77998,50616,62010,14484,24779,830453,780993,70609,68047,182561,175767,47979,34,51
2021-09-28T23:59:59+02:00,10018,9329,59127,55660,65618,61314,74548,75716,95970,98071,107468,106423,73937,80212,52040,63789,15030,25865,53621,50569,61374,56557,70494,70922,91656,93226,103360,102462,71850,77959,50593,61977,14480,24768,829300,779944,70598,68028,182557,175758,47703,34,51
2021-09-27T23:59:59+02:00,9959,9276,58975,55502,65479,61186,74458,75613,95866,97964,107379,106369,73892,80169,52021,63762,15022,25845,53468,50441,61251,56423,70401,70816,91554,93130,103276,102410,71802,77912,50571,61941,14473,24749,828256,778959,70581,68013,182552,175712,47366,34,50
2021-09-26T23:59:59+02:00,9918,9236,58890,55414,65401,61105,74402,75536,95803,97908,107332,106332,73866,80144,52007,63733,15012,25828,53369,50328,61168,56345,70325,70728,91483,93054,103222,102378,71773,77884,50550,61916,14467,24737,827613,778213,70563,68005,182536,175677,47173,34,50
2021-09-25T23:59:59+02:00,9910,9224,58872,55395,65385,61095,74392,75527,95797,97900,107322,106328,73866,80143,52006,63732,15012,25828,53343,50320,61154,56327,70314,70720,91477,93048,103212,102376,71773,77882,50550,61913,14467,24737,827534,778137,70556,68001,182534,175676,47128,34,50
2021-09-24T23:59:59+02:00,9858,9169,58760,55271,65285,60995,74303,75435,95712,97827,107263,106287,73838,80121,51998,63722,15011,25818,53239,50214,61080,56253,70241,70649,91408,92987,103139,102326,71747,77864,50539,61897,14462,24727,826651,777356,70538,67994,182528,175670,46973,34,50
2021-09-23T23:59:59+02:00,9771,9076,58522,55080,65110,60837,74178,75292,95570,97694,107154,106178,73793,80086,51978,63682,14999,25800,53061,50080,60962,56117,70125,70538,91292,92880,103046,102254,71713,77820,50521,61872,14449,24711,825248,776351,70485,67966,182524,175652,46555,34,50
2021-09-22T23:59:59+02:00,9687,9016,58336,54930,64949,60692,74058,75167,95444,97594,107054,106120,73750,80039,51951,63637,14979,25774,52919,49931,60842,55997,70032,70441,91198,92774,102983,102202,71672,77773,50492,61835,14435,24697,823988,775367,70466,67943,182514,175638,46221,34,50
2021-09-21T23:59:59+02:00,9619,8928,58190,54776,64804,60547,73924,75035,95308,97476,106962,106029,73716,79980,51932,63611,14971,25752,52775,49771,60725,55868,69931,70336,91091,92670,102889,102108,71633,77728,50465,61795,14426,24672,822726,774202,70449,67931,182510,175631,45887,34,50
2021-09-20T23:59:59+02:00,9559,8867,58053,54638,64646,60412,73806,74883,95179,97385,106875,105936,73652,79936,51905,63575,14958,25731,52652,49636,60601,55748,69823,70229,90991,92580,102813,102033,71581,77685,50440,61746,14419,24654,821523,773224,70435,67914,182503,175602,45547,34,50
2021-09-19T23:59:59+02:00,9507,8827,57934,54549,64535,60296,73716,74778,95105,97284,106813,105864,73635,79911,51892,63555,14955,25720,52543,49522,60508,55636,69729,70135,90923,92510,102734,101964,71548,77652,50418,61715,14412,24648,820735,772455,70416,67900,182491,175577,45246,34,50
2021-09-18T23:59:59+02:00,9491,8810,57908,54520,64501,60265,73690,74754,95089,97262,106801,105843,73632,79910,51889,63552,14955,25719,52513,49487,60478,55612,69709,70115,90903,92494,102721,101944,71544,77649,50418,61714,14411,24646,820518,772262,70406,67891,182491,175576,45188,34,50
2021-09-17T23:59:59+02:00,9405,8731,57737,54373,64369,60137,73565,74635,94985,97160,106717,105771,73597,79878,51877,63534,14948,25712,52346,49377,60354,55502,69618,70025,90822,92414,102648,101885,71511,77612,50403,61684,14402,24639,819370,771316,70363,67873,182489,175569,44920,34,50
2021-09-16T23:59:59+02:00,9330,8658,57523,54221,64193,59953,73388,74469,94836,97027,106563,105660,73526,79819,51855,63492,14941,25697,52180,49251,60202,55381,69492,69911,90713,92313,102543,101804,71466,77564,50381,61646,14395,24626,817910,770346,70346,67854,182466,175537,44440,34,50
2021-09-15T23:59:59+02:00,9238,8577,57320,54002,64009,59752,73209,74292,94688,96876,106417,105525,73466,79751,51810,63441,14931,25677,52020,49085,60074,55246,69367,69807,90612,92234,102435,101715,71419,77507,50347,61608,14385,24615,816163,769266,70327,67837,182462,175525,44040,34,50
2021-09-14T23:59:59+02:00,9130,8471,57130,53770,63828,59566,73064,74114,94557,96720,106292,105425,73394,79686,51780,63391,14913,25655,51848,48886,59922,55105,69245,69687,90503,92107,102343,101623,71367,77446,50319,61563,14378,24602,814410,767940,70315,67824,182442,175490,43730,33,50
2021-09-13T23:59:59+02:00,9068,8404,56907,53565,63672,59373,72907,73944,94405,96567,106156,105295,73340,79635,51741,63344,14893,25626,51678,48722,59795,54974,69165,69596,90384,92018,102248,101551,71321,77405,50290,61521,14366,24591,812713,766883,70304,67811,182427,175462,43409,33,50
2021-09-12T23:59:59+02:00,9023,8376,56788,53478,63585,59279,72831,73858,94332,96501,106092,105227,73312,79610,51726,63321,14889,25620,51546,48612,59695,54874,69090,69519,90309,91953,102175,101481,71285,77375,50275,61496,14361,24579,811998,766075,70287,67797,182410,175437,43164,33,49
2021-09-11T23:59:59+02:00,9019,8368,56771,53455,63567,59265,72820,73846,94327,96487,106087,105222,73311,79609,51726,63321,14889,25620,51526,48592,59674,54862,69075,69509,90301,91938,102173,101476,71281,77373,50275,61496,14361,24577,811921,766025,70280,67753,182407,175435,43113,33,49
2021-09-10T23:59:59+02:00,8948,8307,56609,53310,63453,59145,72712,73740,94208,96371,106010,105161,73275,79573,51713,63295,14885,25615,51399,48528,59611,54799,69012,69462,90236,91881,102137,101438,71260,77357,50266,61486,14357,24571,810805,765563,70248,67698,182401,175432,42887,33,49
2021-09-09T23:59:59+02:00,8877,8243,56411,53119,63290,58962,72555,73595,94061,96233,105885,105068,73216,79511,51682,63261,14881,25602,51217,48363,59456,54668,68879,69336,90117,91775,102021,101345,71216,77311,50236,61456,14350,24552,809458,764499,70227,67648,182382,175410,42396,32,49
2021-09-08T23:59:59+02:00,8793,8169,56234,52947,63140,58782,72413,73443,93906,96103,105789,104958,73148,79449,51652,63207,14876,25587,51042,48198,59331,54530,68754,69184,89994,91668,101936,101243,71163,77253,50208,61412,14346,24535,808070,763334,70200,67598,182346,175387,41989,32,49
2021-09-07T23:59:59+02:00,8705,8109,56070,52792,63023,58643,72297,73314,93800,96003,105682,104857,73095,79401,51626,63167,14869,25565,50873,48035,59202,54385,68632,69070,89888,91553,101837,101143,71116,77208,50185,61386,14342,24516,806812,762122,70195,67584,182342,175365,41678,32,49
2021-09-06T23:59:59+02:00,8642,8043,55921,52623,62885,58487,72194,73184,93699,95892,105602,104770,73043,79352,51594,63138,14858,25549,50724,47895,59064,54235,68515,68950,89807,91457,101741,101058,71067,77160,50161,61357,14335,24505,805600,760997,70168,67541,182309,175343,41407,32,49
2021-09-05T23:59:59+02:00,8613,8005,55853,52530,62822,58428,72147,73127,93649,95842,105575,104726,73018,79328,51584,63118,14851,25543,50632,47812,58999,54171,68456,68891,89763,91400,101700,101008,71045,77132,50146,61340,14329,24495,805076,760375,70159,67531,182287,175324,41245,32,49
2021-09-04T23:59:59+02:00,8607,8000,55833,52521,62813,58419,72139,73119,93642,95838,105572,104720,73017,79327,51584,63118,14851,25543,50618,47797,58983,54157,68452,68882,89756,91395,101696,101004,71044,77130,50145,61340,14329,24495,805018,760310,70156,67526,182286,175323,41211,32,49
2021-09-03T23:59:59+02:00,8541,7931,55702,52434,62741,58322,72060,73039,93565,95776,105502,104659,72987,79293,51565,63087,14844,25533,50503,47702,58904,54090,68391,68810,89695,91334,101631,100951,71015,77097,50123,61314,14326,24486,804101,759525,70148,67508,182279,175314,41061,32,49
2021-09-02T23:59:59+02:00,8448,7837,55510,52278,62616,58217,71966,72911,93446,95661,105396,104575,72930,79238,51534,63040,14833,25513,50279,47533,58760,53971,68287,68693,89560,91226,101515,100852,70957,77049,50099,61286,14318,24470,802969,758362,70105,67467,182265,175265,40616,32,49
2021-09-01T23:59:59+02:00,8372,7744,55360,52133,62485,58085,71877,72787,93351,95571,105318,104504,72892,79194,51513,63005,14826,25495,50105,47325,58634,53831,68207,68581,89458,91123,101411,100758,70916,77006,50072,61245,14311,24454,801855,757131,70083,67428,182253,175212,40327,32,49
2021-08-31T23:59:59+02:00,8264,7650,55198,51978,62380,57971,71800,72687,93267,95488,105236,104425,72851,79153,51491,62976,14816,25481,49898,47124,58514,53692,68093,68458,89361,91018,101302,100679,70870,76953,50050,61209,14299,24437,800782,755769,70075,67412,182244,175186,40017,32,49
2021-08-30T23:59:59+02:00,8188,7570,55017,51813,62268,57843,71686,72570,93143,95359,105116,104330,72800,79112,51474,62942,14795,25458,49701,46912,58392,53553,67994,68347,89243,90906,101187,100570,70818,76918,50023,61180,14285,24420,799592,754566,70035,67346,182211,175131,39651,32,49
2021-08-29T23:59:59+02:00,8147,7524,54927,51735,62210,57765,71618,72522,93091,95295,105068,104295,72780,79090,51459,62926,14789,25449,49583,46809,58303,53453,67922,68272,89188,90845,101127,100518,70791,76902,50009,61167,14279,24417,799067,753910,70033,67336,182201,175087,39394,32,49
2021-08-28T23:59:59+02:00,8129,7510,54888,51697,62180,57744,71591,72505,93073,95279,105054,104284,72775,79088,51457,62922,14789,25449,49545,46790,58276,53437,67901,68258,89168,90822,101120,100505,70785,76898,50007,61165,14279,24417,798861,753762,70032,67329,182199,175087,39327,32,49
2021-08-27T23:59:59+02:00,8046,7432,54706,51559,62066,57607,71494,72382,92951,95158,104943,104198,72730,79038,51434,62886,14777,25443,49420,46705,58198,53355,67819,68186,89090,90755,101062,100457,70749,76863,49993,61154,14277,24417,797544,753059,70027,67323,182188,175079,39096,32,49
2021-08-26T23:59:59+02:00,7982,7359,54545,51412,61943,57497,71396,72275,92848,95030,104837,104117,72688,78986,51411,62866,14772,25429,49258,46549,58076,53251,67719,68091,88986,90676,100995,100388,70708,76827,49969,61132,14272,24407,796491,752231,70017,67284,182178,175046,38710,32,49
2021-08-25T23:59:59+02:00,7919,7306,54401,51262,61832,57345,71290,72159,92741,94929,104735,104031,72629,78935,51383,62830,14759,25415,49062,46358,57951,53111,67601,67967,88873,90562,100894,100299,70651,76779,49942,61092,14265,24392,795487,751097,69991,67251,182167,175008,38259,32,49
2021-08-24T23:59:59+02:00,7810,7218,54261,51058,61706,57208,71184,72030,92624,94809,104630,103933,72576,78888,51349,62785,14751,25399,48842,46135,57813,52940,67492,67832,88771,90469,100803,100217,70613,76726,49917,61066,14261,24375,794089,749699,69974,67229,182157,174986,38002,32,49
2021-08-23T23:59:59+02:00,7748,7144,54078,50885,61574,57085,71070,71919,92498,94702,104532,103834,72524,78828,51315,62743,14744,25388,48658,45961,57696,52814,67386,67735,88668,90378,100716,100138,70572,76675,49889,61027,14257,24363,792881,748681,69944,67203,182142,174931,37647,32,49
2021-08-22T23:59:59+02:00,7720,7118,53995,50807,61521,57022,71030,71866,92455,94660,104490,103805,72503,78812,51306,62730,14743,25382,48539,45852,57606,52721,67311,67675,88597,90320,100674,100096,70543,76651,49874,61009,14254,24356,792458,748002,69936,67195,182121,174881,37453,32,49
2021-08-21T23:59:59+02:00,7714,7115,53968,50792,61502,57011,71015,71852,92442,94642,104480,103795,72498,78810,51306,62729,14743,25381,48519,45835,57585,52714,67294,67656,88579,90305,100664,100086,70542,76648,49874,61008,14254,24356,792387,747912,69893,67176,182117,174875,37401,32,49
2021-08-20T23:59:59+02:00,7683,7078,53878,50716,61428,56950,70945,71789,92377,94579,104427,103759,72474,78782,51294,62703,14735,25370,48426,45760,57514,52651,67225,67600,88521,90246,100604,100048,70519,76625,49868,60992,14245,24352,791845,747396,69821,67163,182114,174851,37190,32,49
2021-08-19T23:59:59+02:00,7617,6998,53745,50596,61278,56834,70828,71683,92263,94491,104335,103669,72425,78726,51265,62663,14726,25350,48294,45658,57398,52558,67135,67522,88430,90168,100508,99982,70486,76597,49848,60968,14241,24343,790813,746753,69785,67129,182098,174806,36799,32,49
2021-08-18T23:59:59+02:00,7542,6942,53597,50460,61151,56723,70717,71591,92155,94403,104234,103586,72366,78673,51230,62627,14716,25329,48175,45531,57280,52460,67045,67448,88312,90079,100430,99906,70438,76555,49826,60940,14233,24326,789813,746026,69757,67090,182087,174754,36388,32,49
2021-08-17T23:59:59+02:00,7459,6861,53434,50296,61043,56598,70601,71470,92050,94298,104127,103486,72315,78630,51202,62601,14708,25318,47982,45353,57148,52321,66925,67341,88182,89983,100320,99809,70382,76506,49801,60919,14226,24314,788735,744995,69736,67056,182082,174699,35947,32,49
2021-08-16T23:59:59+02:00,7387,6798,53304,50167,60946,56484,70501,71375,91957,94193,104034,103386,72271,78579,51173,62556,14700,25310,47842,45235,57040,52251,66830,67257,88081,89896,100233,99715,70335,76465,49774,60888,14218,24309,787865,744368,69688,66992,182067,174632,35504,32,48
2021-08-15T23:59:59+02:00,7338,6758,53226,50086,60878,56414,70435,71315,91899,94142,103979,103338,72236,78550,51165,62540,14696,25301,47736,45140,56948,52163,66761,67195,88003,89831,100178,99669,70297,76428,49760,60867,14213,24297,787392,743881,69674,66963,182054,174551,35179,32,48
2021-08-14T23:59:59+02:00,7316,6742,53153,50016,60829,56370,70400,71268,91863,94103,103940,103302,72215,78542,51156,62529,14694,25298,47497,44866,56781,51975,66609,67041,87869,89709,100062,99562,70247,76385,49749,60844,14209,24292,786909,742049,69667,66957,182054,174540,35109,32,48
2021-08-13T23:59:59+02:00,7275,6706,53043,49920,60744,56290,70347,71199,91787,94047,103889,103257,72192,78520,51144,62518,14692,25291,46993,44367,56541,51707,66379,66786,87596,89456,99865,99358,70160,76283,49710,60784,14203,24271,786155,738570,69663,66947,182054,174466,34992,32,48
2021-08-12T23:59:59+02:00,7244,6679,52942,49849,60685,56211,70273,71150,91716,93988,103828,103211,72158,78488,51130,62502,14690,25277,46494,43922,56265,51405,66118,66564,87336,89232,99514,99082,70045,76144,49651,60720,14192,24242,785718,735516,69638,66891,182038,174012,34630,32,47
2021-08-11T23:59:59+02:00,7178,6611,52776,49680,60555,56092,70189,71056,91608,93884,103728,103104,72097,78423,51098,62460,14683,25261,45817,43303,55894,51023,65856,66267,87041,88967,99177,98714,69905,75998,49590,60617,14180,24213,784544,731401,69618,66854,182029,173577,34295,32,47
2021-08-10T23:59:59+02:00,7101,6527,52577,49493,60410,55972,70082,70934,91483,93754,103605,102999,72045,78366,51067,62429,14675,25252,44861,42396,55223,50370,65360,65813,86581,88483,98683,98257,69700,75799,49490,60516,14159,24174,783185,725133,69609,66803,182023,173074,33956,32,47
2021-08-09T23:59:59+02:00,7058,6480,52466,49402,60333,55897,70024,70874,91415,93682,103534,102940,72002,78330,51061,62413,14671,25244,43855,41333,54509,49680,64885,65381,86136,88049,98166,97788,69510,75575,49397,60390,14131,24134,782620,718671,69539,66724,182012,172511,33657,32,47
2021-08-08T23:59:59+02:00,7013,6440,52402,49334,60293,55865,69986,70850,91358,93635,103481,102899,71981,78308,51047,62392,14665,25239,43799,41270,54446,49634,64823,65343,86064,87992,98101,97738,69486,75545,49375,60363,14123,24127,782339,718384,69532,66709,181998,172432,33320,32,47
2021-08-07T23:59:59+02:00,6974,6399,52292,49207,60215,55789,69928,70785,91288,93573,103431,102851,71964,78291,51038,62386,14665,25238,42832,40247,53891,49062,64388,64938,85690,87594,97781,97391,69343,75402,49319,60281,14106,24109,781554,712015,69528,66692,181998,172424,33235,32,45
2021-08-06T23:59:59+02:00,6931,6338,52157,49080,60143,55723,69863,70703,91208,93497,103372,102795,71941,78268,51027,62367,14663,25234,42151,39634,53648,48795,64165,64697,85455,87372,97552,97190,69259,75311,49277,60240,14100,24096,780686,708400,69524,66610,181997,172287,33104,32,45
2021-08-05T23:59:59+02:00,6821,6231,51905,48857,59967,55534,69722,70558,91047,93351,103230,102659,71880,78205,50999,62327,14650,25215,41317,38938,53128,48335,63792,64349,84998,86972,96929,96672,69072,75127,49211,60142,14081,24065,779071,703856,69471,66559,181964,171158,32652,32,45
2021-08-04T23:59:59+02:00,6732,6146,51709,48625,59820,55356,69609,70407,90911,93237,103112,102542,71819,78143,50973,62281,14639,25186,40473,38150,52758,47932,63470,64029,84627,86645,96518,96265,68909,74955,49134,60044,14065,24031,777664,699265,69436,66540,181950,170370,32197,32,45
2021-08-03T23:59:59+02:00,6659,6089,51540,48488,59695,55227,69518,70316,90812,93138,103015,102461,71766,78108,50953,62255,14631,25170,39476,37204,51963,47248,62927,63496,84109,86161,95804,95635,68665,74740,49042,59927,14044,23986,776630,693016,69427,66517,181943,169189,31841,32,45
2021-08-02T23:59:59+02:00,6611,6046,51405,48348,59604,55148,69434,70247,90757,93065,102936,102399,71727,78067,50932,62232,14624,25157,38203,36041,50998,46437,62210,62908,83503,85595,95004,94934,68411,74483,48954,59793,14023,23947,775935,685381,69379,66466,181915,167877,31510,32,45
2021-08-01T23:59:59+02:00,6569,5991,51235,48186,59451,55033,69341,70133,90649,92974,102848,102306,71686,78030,50910,62192,14619,25141,38018,35907,50840,46337,62079,62815,83325,85453,94552,94531,68294,74373,48915,59744,14012,23927,774888,684738,69350,66407,181897,166567,31159,32,44
2021-07-31T23:59:59+02:00,6526,5957,51141,48065,59396,54961,69292,70089,90610,92944,102821,102282,71675,78018,50902,62188,14619,25138,36409,34396,49929,45469,61542,62248,82821,84940,94071,94097,68105,74168,48836,59649,13994,23894,774278,675579,69346,66398,181897,166452,31103,32,44
2021-07-30T23:59:59+02:00,6490,5904,50991,47925,59314,54880,69223,70030,90536,92864,102765,102244,71658,77994,50893,62165,14616,25134,34948,32991,48957,44517,60811,61557,82136,84319,93388,93521,67871,73931,48732,59499,13975,23863,773517,666045,69321,66387,181891,166147,30897,32,44
2021-07-29T23:59:59+02:00,6375,5784,50560,47556,59099,54610,69031,69840,90347,92676,102603,102106,71583,77912,50860,62110,14601,25116,34212,32376,48332,44068,60408,61202,81712,83968,92615,92845,67676,73773,48669,59412,13955,23833,771200,662179,69267,66241,181848,164501,30454,32,44
2021-07-28T23:59:59+02:00,6303,5720,50305,47362,58966,54455,68903,69744,90220,92552,102496,102012,71527,77855,50833,62070,14592,25099,33887,32081,48012,43829,60177,60978,81533,83795,92376,92645,67602,73706,48636,59379,13942,23823,769883,660470,69234,66152,181820,163979,30077,32,43
2021-07-27T23:59:59+02:00,6251,5673,50142,47222,58824,54359,68810,69655,90118,92442,102388,101935,71482,77802,50803,62036,14584,25085,32420,30674,46738,42735,59344,60183,80928,83263,91352,91797,67326,73421,48548,59252,13910,23782,768977,651797,69208,66081,181796,162185,29630,32,43
2021-07-26T23:59:59+02:00,6228,5644,50023,47133,58726,54271,68734,69602,90031,92381,102323,101884,71442,77765,50779,62016,14578,25076,31052,29414,45416,41610,58242,59195,80218,82628,90186,90767,67018,73148,48456,59135,13886,23740,768442,642712,69142,65986,181758,159889,29295,31,43
2021-07-25T23:59:59+02:00,6208,5627,49909,47028,58636,54205,68670,69543,89966,92324,102264,101837,71408,77729,50761,61993,14575,25066,30845,29257,45143,41414,57986,58964,79946,82421,89225,89912,66811,72975,48388,59062,13874,23716,768031,641528,69130,65867,181732,157434,28857,31,43
2021-07-24T23:59:59+02:00,6173,5598,49789,46940,58567,54143,68622,69487,89920,92281,102223,101796,71402,77722,50758,61990,14574,25062,29247,27665,43987,40327,57288,58249,79326,81847,88581,89345,66631,72784,48317,58960,13860,23692,767425,631453,69121,65850,181724,157294,28778,31,43
2021-07-23T23:59:59+02:00,6088,5511,49615,46762,58472,54039,68513,69384,89815,92177,102133,101700,71366,77665,50737,61959,14570,25056,27550,26144,42726,39238,56356,57360,78634,81231,87872,88681,66361,72512,48239,58859,13839,23662,766047,620889,69117,65684,181705,156822,28694,31,43
2021-07-22T23:59:59+02:00,5948,5398,49318,46477,58272,53834,68341,69217,89631,92024,101979,101566,71300,77583,50695,61908,14559,25037,26728,25315,41814,38424,55412,56531,77890,80604,86206,87173,65986,72113,48129,58728,13808,23610,764109,612392,69072,65182,181674,155350,28233,31,43
2021-07-21T23:59:59+02:00,5672,5115,48785,45948,57969,53521,68109,68939,89352,91776,101709,101300,71172,77453,50635,61843,14550,25011,26472,25092,41393,38142,54971,56140,77520,80322,85397,86567,65819,71985,48073,58662,13790,23585,760500,610419,69047,64903,181651,153574,27662,31,43
2021-07-20T23:59:59+02:00,5595,5041,48499,45669,57799,53313,67932,68794,89172,91621,101543,101156,71096,77386,50596,61796,14541,24983,25295,23936,40099,37108,53627,54936,76616,79548,84034,85222,65512,71643,47965,58525,13762,23539,758814,600007,69040,64748,181607,151992,27072,31,43
2021-07-19T23:59:59+02:00,5515,4955,48173,45342,57578,53104,67767,68591,88984,91443,101393,100995,71023,77304,50553,61745,14532,24954,24464,23099,38787,35987,51899,53438,75350,78494,82921,84241,65217,71387,47865,58407,13737,23499,757012,589968,69030,64602,181578,150200,26332,31,43
2021-07-18T23:59:59+02:00,5507,4954,48101,45285,57481,53025,67696,68517,88891,91376,101321,100931,70986,77262,50527,61712,14530,24942,24326,23000,38516,35765,51566,53148,75098,78299,82018,83472,65024,71208,47808,58334,13732,23477,756735,588904,69007,64439,181537,147971,25766,31,43
2021-07-17T23:59:59+02:00,5480,4917,48001,45207,57407,52965,67635,68460,88830,91315,101278,100912,70978,77247,50522,61706,14530,24941,22937,21537,37127,34460,50323,51956,74494,77742,81383,82876,64895,71060,47741,58272,13723,23457,756173,578020,69002,64413,181531,147832,25625,31,43
2021-07-16T23:59:59+02:00,5377,4838,47759,44975,57283,52860,67518,68346,88691,91219,101171,100808,70932,77195,50499,61687,14524,24934,21680,20297,35830,33213,48867,50635,73482,76807,80682,82217,64675,70837,47659,58171,13704,23424,754719,566375,69000,64351,181524,147629,25373,31,43
2021-07-15T23:59:59+02:00,5235,4709,47359,44649,57073,52664,67325,68160,88480,91018,100983,100640,70834,77094,50450,61613,14515,24905,21074,19796,34902,32514,47630,49687,72296,75888,78529,80082,64075,70239,47515,57992,13685,23361,752652,557017,68983,63321,181477,145787,24586,31,43
2021-07-14T23:59:59+02:00,4861,4385,46767,44073,56840,52398,67117,67957,88266,90777,100765,100443,70727,76984,50382,61530,14503,24881,20868,19650,34640,32354,47257,49384,71764,75496,77863,79547,63751,69963,47431,57908,13662,23327,749201,555207,68967,63134,181425,143885,24055,31,41
2021-07-13T23:59:59+02:00,4770,4304,46566,43919,56675,52240,66955,67809,88108,90650,100619,100315,70654,76921,50344,61483,14499,24865,20306,19117,33614,31533,45636,47929,70006,73833,76259,77989,63375,69571,47302,57736,13633,23275,747832,544279,68950,62362,181351,142266,23555,31,41
2021-07-12T23:59:59+02:00,4705,4226,46378,43728,56523,52098,66800,67682,87935,90511,100462,100174,70578,76833,50306,61427,14492,24847,19829,18681,32827,30910,43974,46472,67624,71760,74366,76485,62845,68984,47157,57574,13605,23224,746558,533173,68927,61793,181251,139693,22961,31,41
2021-07-11T23:59:59+02:00,4700,4223,46307,43674,56461,52049,66749,67643,87873,90458,100390,100113,70540,76790,50296,61412,14489,24833,19620,18537,32476,30662,43525,46096,67162,71401,73587,75785,62445,68604,47085,57484,13589,23191,746410,531374,68916,61467,181186,137218,22480,31,41
2021-07-10T23:59:59+02:00,4574,4087,46023,43367,56275,51852,66599,67466,87739,90318,100288,100006,70484,76733,50275,61386,14486,24824,19056,17986,31532,29799,41774,44515,65678,70119,72951,75164,62280,68455,47032,57432,13582,23177,744309,520754,68910,61451,181174,137172,22381,31,41
2021-07-09T23:59:59+02:00,4445,3969,45748,43115,56107,51657,66437,67301,87587,90153,100155,99901,70431,76660,50239,61345,14481,24812,18464,17412,30558,28836,39820,42585,63380,67992,71791,74025,62007,68130,46956,57307,13565,23152,742253,507055,68896,61070,181168,136767,22218,31,41
2021-07-08T23:59:59+02:00,4416,3943,45603,43001,55982,51539,66305,67201,87462,90032,100035,99803,70377,76606,50217,61306,14470,24799,17521,16605,29154,27801,38099,41131,61248,66170,68433,70868,61109,67155,46709,56965,13520,23057,741522,491780,68836,58990,181097,134187,21626,30,41
2021-07-07T23:59:59+02:00,4404,3937,45537,42959,55898,51485,66222,67157,87410,89991,99991,99752,70362,76584,50208,61288,14466,24789,16561,15751,27761,26788,36571,39900,59630,64714,65202,67389,60091,66113,46473,56644,13470,22985,741218,476476,68790,57078,181045,132039,21357,30,41
2021-07-06T23:59:59+02:00,4352,3889,45391,42831,55772,51343,66117,67047,87301,89898,99910,99668,70324,76526,50190,61260,14463,24775,15790,15010,26682,25879,34724,38188,56229,61691,62551,64929,59337,65324,46200,56309,13429,22882,740084,458573,68770,56260,180986,129909,21188,29,41
2021-07-05T23:59:59+02:00,4289,3844,45215,42655,55620,51240,65993,66938,87184,89804,99825,99570,70261,76461,50168,61233,14460,24760,15131,14383,25732,25063,33491,37054,53127,58717,59775,62463,58498,64512,45947,55997,13384,22805,738896,442486,68732,55904,180906,127422,20957,29,41
2021-07-04T23:59:59+02:00,4280,3838,45168,42623,55554,51207,65951,66913,87145,89773,99793,99542,70237,76440,50162,61218,14454,24749,14926,14179,25293,24707,32893,36526,52461,58188,58789,61598,57836,63878,45763,55792,13365,22756,738704,438407,68700,55698,180836,124719,20778,29,40
2021-07-03T23:59:59+02:00,4060,3660,44634,42059,55237,50830,65654,66636,86899,89512,99593,99346,70164,76368,50139,61172,14450,24737,14640,13857,24939,24352,31915,35605,50716,56640,57920,60862,57662,63680,45696,55707,13353,22731,734892,429828,68685,55680,180830,124671,20714,29,40
2021-07-02T23:59:59+02:00,3751,3373,43981,41464,54911,50493,65371,66332,86625,89259,99357,99120,70060,76255,50087,61102,14444,24720,14222,13408,24243,23745,30756,34536,48083,54470,55786,59073,57267,63249,45536,55549,13337,22693,730551,417314,68668,54629,180817,123940,20641,28,23
2021-07-01T23:59:59+02:00,3613,3263,43626,41114,54709,50318,65211,66168,86471,89119,99203,99000,69989,76187,50056,61068,14436,24705,13533,12723,22941,22664,29077,33022,46069,52725,53291,56792,55843,61676,45042,54933,13264,22566,728407,403776,68604,52316,180767,120107,20450,28,22
2021-06-30T23:59:59+02:00,3602,3246,43362,40917,54525,50184,65094,66071,86378,89052,99133,98947,69962,76163,50044,61046,14432,24694,12788,12121,21772,21765,27488,31652,44216,51008,49654,52830,54514,60341,44686,54495,13208,22438,727262,388011,68552,50413,180746,116674,20265,27,22
2021-06-29T23:59:59+02:00,3385,3026,42446,40082,53918,49583,64655,65643,85967,88600,98786,98620,69837,76014,49987,60975,14412,24663,12187,11514,20973,20997,26123,30445,41591,48595,47782,51282,53544,59230,44279,53957,13114,22285,721283,375968,68500,48888,180730,113290,20059,27,21
2021-06-28T23:59:59+02:00,3167,2846,41490,39083,53252,48931,64191,65252,85585,88211,98453,98276,69697,75854,49922,60875,14394,24640,11685,11063,20315,20406,25153,29547,39497,46655,46157,49916,52435,58183,43917,53449,13034,22164,715117,366479,68389,47852,180721,109612,19865,27,21
2021-06-27T23:59:59+02:00,3162,2843,41453,39051,53206,48896,64153,65218,85533,88175,98400,98249,69678,75841,49913,60861,14389,24637,11491,10869,19989,20089,24575,28985,38471,45805,44993,48822,51402,57170,43483,52942,12952,22021,714908,361872,68360,47409,180685,105297,19678,27,21
2021-06-26T23:59:59+02:00,2680,2370,40058,37681,52481,48151,63601,64654,85047,87656,97975,97816,69487,75666,49840,60757,14370,24614,11376,10766,19819,19934,24376,28767,37991,45366,44625,48469,51288,57025,43437,52894,12947,22006,706192,358912,68333,47404,180685,105279,19667,27,21
2021-06-25T23:59:59+02:00,2273,2037,39204,36869,52129,47792,63272,64329,84766,87346,97723,97549,69383,75550,49793,60695,14355,24592,11077,10456,19437,19508,23849,28144,35302,43061,42440,46554,50950,56646,43339,52763,12923,21975,701120,347336,68197,46958,180678,104629,19635,27,21
2021-06-24T23:59:59+02:00,2219,1985,38715,36408,51778,47464,63055,64120,84532,87153,97535,97393,69301,75484,49758,60649,14349,24576,10479,9873,18374,18630,22426,26888,33202,41223,40007,44259,49468,54996,42769,52062,12806,21772,698174,334453,68168,44354,180657,101077,19448,27,21
2021-06-23T23:59:59+02:00,2206,1960,38484,36176,51615,47295,62941,64010,84434,87058,97458,97309,69270,75453,49740,60628,14345,24565,10024,9442,17748,18074,21497,26032,31270,39590,36039,39798,48175,53632,42383,51555,12726,21606,696938,318929,68136,43732,180642,97769,19206,25,21
2021-06-22T23:59:59+02:00,2127,1899,37498,35248,50864,46623,62460,63562,84058,86647,97094,96997,69121,75310,49673,60547,14332,24532,9552,9009,16879,17386,20273,24952,28144,36823,33733,37922,47217,52660,41973,50998,12586,21372,690798,306748,68091,40991,180629,94700,19049,25,20
2021-06-21T23:59:59+02:00,1980,1760,36146,34025,49843,45755,61739,62900,83562,86176,96654,96591,68952,75139,49607,60452,14320,24497,9233,8711,16418,17022,19647,24473,26399,35257,32195,36627,46167,51580,41520,50449,12479,21180,682840,299389,68063,40348,180614,91061,18557,24,20
2021-06-20T23:59:59+02:00,1969,1751,36059,33972,49700,45634,61602,62765,83482,86118,96585,96532,68918,75111,49592,60434,14320,24486,9085,8608,16200,16854,19331,24215,25581,34603,31252,35677,45972,51377,41489,50397,12470,21160,682205,295601,68024,39756,180596,90729,18181,24,20
2021-06-19T23:59:59+02:00,1601,1451,34442,32423,48790,44814,61113,62260,83011,85641,96176,96178,68769,74945,49526,60352,14305,24462,9045,8533,16097,16731,19211,24062,25476,34444,31122,35536,45876,51281,41471,50372,12466,21150,673479,294260,68007,39753,180589,90694,18160,24,20
2021-06-18T23:59:59+02:00,1406,1278,32793,30834,47583,43624,60175,61341,82205,84894,95560,95600,68550,74723,49437,60213,14289,24432,8970,8448,15938,16576,19023,23869,25223,34205,30839,35216,45582,50934,41387,50295,12453,21136,662341,292066,67873,39638,180588,90273,18111,24,20
2021-06-17T23:59:59+02:00,1331,1220,31868,29991,46716,42915,59369,60491,81463,84248,95148,95217,68407,74579,49395,60137,14275,24403,8429,8082,15248,16020,18195,23043,24120,33078,29358,33855,44256,49431,40902,49683,12333,20948,655406,283120,67759,38811,180556,87616,17428,24,20
2021-06-16T23:59:59+02:00,1248,1156,31177,29289,45913,42169,58444,59612,80685,83476,94725,94838,68269,74419,49338,60045,14255,24377,7941,7757,14633,15505,17417,22315,22979,32123,28179,32747,42361,47314,40357,49104,12225,20763,648334,273380,67635,38211,180536,85217,16906,24,20
2021-06-15T23:59:59+02:00,1106,1037,29286,27499,44166,40647,56856,57974,79298,82156,93967,94167,67982,74126,49224,59888,14222,24311,7766,7630,14324,15265,17056,22013,22461,31738,27647,32318,41426,46298,39973,48678,12101,20542,633382,270310,67587,37704,180498,82793,16421,24,20
2021-06-14T23:59:59+02:00,1013,923,27736,26029,42565,39132,55203,56324,78196,81047,93273,93539,67732,73885,49129,59767,14202,24267,7583,7457,13950,14931,16531,21567,21769,31154,26968,31724,41041,45874,39589,48228,11970,20338,620149,267633,67533,37289,180469,79956,15787,24,19
2021-06-13T23:59:59+02:00,989,898,27537,25849,42181,38799,54659,55803,77850,80740,93080,93349,67642,73805,49092,59709,14187,24242,7441,7289,13677,14637,16142,21167,21341,30663,26430,31221,40643,45470,39127,47663,11791,20053,617450,265539,67392,37220,180441,76883,15104,24,19
2021-06-12T23:59:59+02:00,860,784,26023,24257,41017,37719,53986,55070,77317,80245,92529,92823,67487,73628,49023,59632,14174,24221,7396,7239,13555,14529,16010,21054,21157,30516,26312,31122,40626,45453,39117,47652,11791,20052,607909,264759,67386,37218,180435,76554,15041,24,19
2021-06-11T23:59:59+02:00,746,675,24408,22734,39666,36527,52756,53860,76348,79393,91955,92247,67252,73393,48961,59524,14155,24186,7340,7151,13383,14342,15793,20857,20885,30255,26041,30865,40320,45077,39032,47538,11774,20023,596148,262865,67307,37073,180426,75848,14881,24,19
2021-06-10T23:59:59+02:00,645,585,23411,21726,38446,35345,51151,52356,75030,78197,90348,90701,66897,72998,48834,59350,14130,24131,7059,6926,12857,13906,15154,20285,20125,29499,25249,30189,39615,44216,38680,47120,11660,19839,583251,259402,66825,37039,180372,72120,13809,24,19
2021-06-09T23:59:59+02:00,575,536,22957,21338,37786,34822,50041,51310,73785,77000,89757,90195,66770,72853,48784,59265,14115,24101,6786,6617,12265,13302,14369,19474,19208,28474,24264,29027,37048,41297,38116,46475,11512,19600,576076,249080,66364,36966,180333,68586,13193,24,19
2021-06-08T23:59:59+02:00,469,425,21439,19872,36177,33458,47926,49352,71644,75062,88283,88716,66454,72468,48649,59104,14082,24056,6655,6443,11881,12932,13885,18985,18604,27873,23709,28490,36764,41042,37825,46108,11403,19443,558699,247422,66088,36888,180298,65196,12527,24,19
2021-06-07T23:59:59+02:00,354,331,20432,18900,34632,32129,45651,47330,69509,73185,87307,87868,66230,72202,48575,58969,14062,24020,6500,6282,11456,12581,13342,18502,17876,27284,23075,27892,36443,40736,37407,45626,11291,19245,543521,245426,65917,36818,180245,61306,11979,24,19
2021-06-06T23:59:59+02:00,331,310,20252,18755,34237,31844,45043,46756,68890,72700,87096,87701,66174,72141,48563,58942,14055,24008,6368,6108,11129,12166,12913,17930,17239,26474,22379,27084,35976,40260,36925,45073,11135,18976,540399,242979,65590,36769,180202,56795,11583,24,19
2021-06-05T23:59:59+02:00,259,245,19005,17489,32905,30630,43816,45582,68315,72182,86564,87191,66083,72039,48515,58893,14048,23996,6317,6027,11025,12003,12788,17752,17069,26263,22208,26894,35912,40183,36903,45049,11133,18971,530400,242375,65590,36356,180181,56195,11562,24,19
2021-06-04T23:59:59+02:00,178,175,17811,16338,31596,29337,42263,44085,66970,70866,85754,86439,65896,71825,48438,58801,14032,23967,6214,5885,10851,11793,12574,17496,16712,25878,21688,26456,35027,39330,36588,44749,11116,18948,517560,240534,65523,36029,180174,53244,11490,24,18
2021-06-03T23:59:59+02:00,123,122,17171,15764,30610,28510,40804,42791,65194,69335,83505,84154,65470,71372,48310,58639,14014,23929,6044,5676,10541,11439,12256,17030,16262,25217,21140,25877,34363,38540,36412,44547,11083,18898,503766,238202,64827,35642,180135,50409,11065,24,17
2021-06-02T23:59:59+02:00,94,79,16828,15454,30300,28245,40140,42170,63604,67943,82564,83352,65329,71209,48250,58555,14011,23914,5927,5585,10366,11280,12026,16814,15970,24911,20794,25484,31116,34913,36184,44324,11054,18845,496259,229503,64824,35311,180134,49971,10800,24,17
2021-06-01T23:59:59+02:00,38,44,16036,14782,28801,27140,37777,40109,60039,64758,80132,81031,64979,70845,48122,58365,13977,23860,5653,5305,9848,10846,11489,16220,15305,24115,20056,24728,30772,34616,35988,44147,11025,18783,477898,228040,63267,34806,180065,46461,9582,23,16
2021-05-31T23:59:59+02:00,30,36,15471,14303,27861,26438,35817,38444,56594,61729,78100,79328,64648,70489,47978,58189,13944,23808,5489,5097,9436,10480,11061,15739,14770,23431,19431,24024,30487,34362,35805,43954,10989,18726,462127,227360,62546,34419,179998,42981,8513,23,16
2021-05-30T23:59:59+02:00,28,33,15325,14177,27575,26206,35364,38033,55880,61108,77779,79055,64586,70431,47953,58154,13940,23797,5386,4901,9108,10118,10649,15251,14319,22629,18903,23254,29809,33645,35578,43761,10967,18664,459144,226895,62108,34339,179949,37500,8200,23,16
2021-05-29T23:59:59+02:00,26,32,14927,13784,26727,25390,33605,36441,54397,59812,77190,78489,64436,70282,47900,58101,13933,23783,5354,4826,9045,10005,10555,15133,14210,22480,18772,23115,29780,33622,35572,43753,10966,18661,449017,226413,62075,34339,179945,36894,8195,23,16
2021-05-28T23:59:59+02:00,23,31,14521,13383,25912,24645,31757,34678,52226,57805,76138,77493,64230,70029,47848,58024,13923,23760,5270,4708,8868,9861,10399,14959,14049,22243,18561,22814,29711,33575,35555,43736,10965,18656,437056,225740,61605,34333,179856,35963,7886,23,16
2021-05-27T23:59:59+02:00,19,26,13891,12916,24844,23928,30507,33750,50619,56429,73033,74504,63788,69491,47713,57862,13900,23705,5157,4473,8536,9521,9996,14528,13608,21611,18056,22215,29488,33371,35445,43624,10944,18628,424892,225092,59646,34262,179223,32698,7141,23,16
2021-05-26T23:59:59+02:00,18,24,13403,12493,23930,23284,29586,33047,49533,55503,70073,71311,63174,68881,47578,57691,13869,23659,5069,4310,8280,9204,9696,14139,13249,21010,17622,21615,29292,33205,35347,43519,10917,18576,414068,224479,57471,34144,178726,29650,6769,23,16
2021-05-25T23:59:59+02:00,18,19,13060,12196,23348,22879,28529,32187,46931,53267,67811,69184,62822,68514,47465,57542,13851,23605,4990,4189,8071,8942,9442,13761,12937,20489,17238,21064,29134,33051,35263,43414,10890,18521,402208,223930,56403,34063,178103,26904,6491,23,16
2021-05-24T23:59:59+02:00,17,18,12762,11913,22850,22496,27908,31734,44308,50834,65350,66993,62514,68214,47354,57416,13815,23548,4918,4080,7821,8709,9121,13375,12607,19975,16854,20506,28992,32910,35188,43342,10866,18474,390538,223350,55919,33996,177437,24257,6127,23,16
2021-05-23T23:59:59+02:00,17,18,12700,11844,22755,22411,27828,31655,44051,50607,64762,66445,62434,68126,47329,57398,13813,23546,4897,4065,7786,8678,9062,13341,12528,19914,16775,20451,28983,32897,35184,43335,10866,18472,388334,223068,55838,33989,177423,24048,6121,23,16
2021-05-22T23:59:59+02:00,17,18,12476,11606,22434,22103,26827,30765,42215,49030,63906,65705,62271,67935,47263,57307,13803,23523,4880,4010,7758,8614,9021,13276,12497,19829,16745,20384,28972,32887,35180,43329,10865,18471,379843,222977,55827,33989,177418,23651,6093,23,16
2021-05-21T23:59:59+02:00,17,17,12173,11355,21865,21662,26012,30073,39821,47135,61930,64036,62009,67662,47179,57219,13788,23497,4861,3983,7703,8528,8955,13187,12420,19736,16670,20299,28956,32861,35173,43319,10863,18470,369409,222781,54771,33974,177226,23200,6021,23,16
2021-05-20T23:59:59+02:00,16,17,11560,10782,20736,20769,24860,29043,38314,45856,59585,61962,61190,66761,46978,56960,13754,23441,4584,3805,7302,8237,8514,12792,11964,19224,16250,19779,28835,32765,35122,43266,10859,18460,358901,222375,52417,33863,175945,20214,5298,23,16
2021-05-19T23:59:59+02:00,16,17,11120,10469,19949,20217,24011,28443,37413,45172,56352,58325,60500,66058,46869,56825,13731,23394,4431,3644,7047,7993,8237,12463,11635,18793,15880,19356,28736,32653,35079,43190,10848,18445,348433,221890,50795,33745,174816,17973,4814,23,16
2021-05-18T23:59:59+02:00,16,17,10789,10182,19367,19766,23358,27882,36007,43944,54939,57196,60128,65632,46739,56663,13706,23369,4324,3517,6800,7759,7977,12178,11400,18390,15533,18926,28652,32561,35049,43150,10844,18438,343042,221599,48941,33663,173337,15871,4357,23,16
2021-05-17T23:59:59+02:00,15,16,10569,10001,18929,19476,22922,27569,34804,42951,53629,56160,59879,65385,46675,56564,13690,23336,4253,3432,6592,7542,7726,11884,11143,17994,15222,18520,28560,32473,35024,43109,10838,18425,338958,221301,47946,33595,171816,14006,3827,23,16
2021-05-16T23:59:59+02:00,15,15,10377,9872,18633,19272,22588,27328,34165,42491,52390,54989,59686,65220,46638,56510,13679,23316,4184,3358,6375,7376,7436,11631,10875,17642,14928,18156,28494,32411,35008,43091,10831,18421,336517,221051,47068,33533,170196,12246,3380,23,15
2021-05-15T23:59:59+02:00,15,15,10281,9772,18482,19125,22417,27183,33780,42122,51994,54611,59570,65074,46590,56465,13676,23300,4143,3322,6291,7312,7343,11528,10773,17523,14824,18026,28399,32293,34916,42998,10827,18416,334115,219964,47067,33531,170062,12227,3205,23,15
2021-05-14T23:59:59+02:00,14,15,9998,9568,18052,18882,22015,26896,31428,40343,49842,52754,59350,64845,46542,56380,13660,23278,4014,3239,6005,7148,7038,11304,10428,17172,14478,17699,27827,31587,34793,42806,10809,18387,324952,216674,47014,33525,169450,12104,2424,22,15
2021-05-13T23:59:59+02:00,14,15,9537,9199,17259,18320,21146,26215,30312,39353,47599,50581,58499,63871,46332,56097,13621,23205,3513,3045,5666,6895,6726,10995,10017,16782,14101,17265,26932,30388,34368,42288,10778,18325,316459,212079,45151,32968,167428,10914,2116,21,15
2021-05-12T23:59:59+02:00,14,15,9246,9005,16827,18063,20675,25927,29783,38967,44596,46938,57926,63229,46248,55983,13603,23180,3373,2957,5434,6784,6446,10849,9734,16573,13861,17001,26284,29566,34202,42095,10752,18292,307276,209049,44334,32942,167135,10746,1459,21,15
2021-05-11T23:59:59+02:00,14,13,8809,8726,16054,17545,19813,25307,28045,37525,42661,45437,57549,62783,46164,55848,13582,23152,3254,2826,5201,6442,6148,10436,9366,16016,13422,16440,24861,27896,33691,41467,10701,18204,301792,203068,41275,32759,164649,9248,1290,21,14
2021-05-10T23:59:59+02:00,14,12,8548,8573,15543,17290,19179,24986,27054,36835,41200,44292,57282,62510,46084,55744,13562,23121,3144,2701,4969,6207,5894,10112,9042,15539,13058,16019,23810,26566,33202,40884,10666,18147,298487,198415,40366,32731,161979,7832,977,20,12
2021-05-09T23:59:59+02:00,14,12,8392,8491,15236,17110,18797,24731,26387,36406,39421,42625,56986,62231,46029,55686,13554,23101,3024,2647,4788,6067,5726,9938,8844,15332,12890,15846,23535,26234,33057,40711,10656,18132,295514,197220,39992,32688,158978,6809,705,20,12
2021-05-08T23:59:59+02:00,14,12,8317,8418,15055,16964,18588,24531,26159,36168,39188,42434,56859,62081,45991,55649,13551,23090,3016,2628,4757,6031,5682,9892,8767,15266,12804,15776,23165,25808,32771,40398,10648,18116,293950,196030,39539,31979,158855,6806,705,20,12
2021-05-07T23:59:59+02:00,13,11,8143,8322,14728,16780,18200,24294,25736,35879,38732,42054,56585,61726,45942,55602,13544,23080,2716,2494,4408,5844,5412,9630,8452,14955,12408,15380,22066,24434,32121,39563,10620,18066,291407,192566,39107,30477,158527,5212,310,20,11
2021-05-06T23:59:59+02:00,12,11,7492,7965,13829,16181,17141,23439,24395,34766,36586,40390,55456,60405,45700,55295,13509,23014,2591,2381,4234,5648,5204,9326,8109,14515,11975,14926,20759,22757,31266,38554,10566,17952,280762,186946,37824,29518,156706,4021,274,20,11
2021-05-05T23:59:59+02:00,10,11,6954,7656,13045,15633,16104,22672,23008,33740,34756,38901,53617,58365,45379,54949,13476,22948,2504,2322,4060,5491,5013,9114,7762,14177,11607,14565,19370,20976,30073,37137,10526,17849,269293,180814,36902,28347,154914,3286,95,20,11
2021-05-04T23:59:59+02:00,10,10,6765,7564,12679,15455,15616,22402,22359,33394,33794,38203,52763,57403,45256,54821,13458,22906,2449,2252,3906,5322,4837,8860,7420,13769,11180,14106,17718,19049,28976,35806,10429,17729,265513,173999,36034,27406,153251,2358,41,19,11
2021-05-03T23:59:59+02:00,10,10,6619,7415,12301,15236,15110,22090,21652,32987,32642,37313,52464,57085,45160,54713,13443,22874,2390,2182,3812,5142,4697,8624,7203,13420,10859,13699,16515,17552,28096,34704,10364,17621,262221,168426,35573,27056,151281,1364,30,19,11
2021-05-02T23:59:59+02:00,10,10,6538,7323,12087,15064,14815,21857,21175,32666,31492,36365,52180,56794,45098,54622,13425,22843,2375,2175,3791,5109,4667,8588,7137,13349,10775,13608,16203,17156,27800,34399,10352,17608,259785,166862,35499,26942,149032,1257,29,19,9
2021-05-01T23:59:59+02:00,10,10,6520,7300,12024,15015,14735,21793,21074,32593,31365,36271,52174,56779,45094,54621,13423,22841,2372,2168,3767,5092,4626,8563,7100,13312,10714,13553,16005,16933,27685,34262,10349,17598,259215,165896,35498,26917,148881,1255,29,19,9
2021-04-30T23:59:59+02:00,10,10,6482,7261,11933,14920,14629,21674,20879,32407,31125,36080,51903,56419,45049,54568,13417,22829,2344,2147,3705,5029,4530,8454,6950,13129,10436,13290,15189,15906,26814,33188,10308,17510,257431,162688,35455,25025,148662,1186,28,19,9
2021-04-29T23:59:59+02:00,10,10,6277,7134,11610,14733,14275,21437,20361,32117,30372,35589,51254,55593,44957,54449,13390,22750,2307,2101,3613,4942,4407,8318,6756,12911,10159,13004,14213,14673,25512,31641,10246,17417,254250,156988,35360,24277,146662,926,27,19,9
2021-04-28T23:59:59+02:00,10,10,6013,6970,11233,14397,13782,20969,19720,31509,29204,34457,48587,52588,44662,54124,13327,22672,2269,2060,3546,4881,4292,8201,6596,12727,9912,12787,13072,13191,24019,29762,10184,17314,244298,151018,35232,23073,144670,707,15,19,7
2021-04-27T23:59:59+02:00,10,10,5909,6878,11080,14275,13582,20805,19441,31299,28644,34070,48381,52368,44606,54070,13318,22650,2227,2026,3457,4787,4199,8092,6430,12543,9631,12511,11855,11626,22363,27605,10105,17168,242925,144193,35184,21888,143253,530,15,19,6
2021-04-26T23:59:59+02:00,10,10,5860,6834,10963,14207,13421,20683,19215,31088,27810,33503,48043,51999,44551,54004,13309,22621,2205,1999,3403,4744,4137,8024,6328,12410,9443,12337,10936,10468,21083,25848,10044,17078,242194,138915,35157,21140,140747,420,15,18,4
2021-04-25T23:59:59+02:00,10,10,5814,6787,10858,14112,13261,20527,18968,30804,27049,32764,47545,51487,44467,53905,13295,22601,2179,1989,3373,4725,4119,8005,6295,12368,9386,12276,10774,10275,20840,25525,10034,17064,240482,138061,35114,20792,138635,362,15,18,4
2021-04-24T23:59:59+02:00,10,10,5793,6738,10781,14023,13162,20383,18835,30625,26888,32583,47443,51364,44373,53809,13291,22596,2172,1979,3348,4697,4080,7958,6223,12296,9256,12158,10617,10094,20705,25393,10018,17046,239002,137534,35096,20151,138576,343,15,18,4
2021-04-23T23:59:59+02:00,10,10,5731,6649,10648,13824,12960,20129,18525,30245,26491,32222,46498,50228,44219,53564,13268,22564,2154,1957,3305,4660,4031,7904,6128,12205,9092,12030,10350,9794,20381,24971,9970,16964,234607,136409,35036,19143,138109,332,15,18,4
2021-04-22T23:59:59+02:00,10,10,5629,6535,10438,13625,12607,19793,18013,29772,25861,31629,44769,48073,43647,52835,13222,22463,2140,1946,3266,4607,3954,7831,6000,12105,8833,11865,9916,9387,19925,24380,9920,16887,228352,134285,34924,18364,135622,300,15,18,4
2021-04-21T23:59:59+02:00,10,9,5531,6398,10208,13423,12276,19479,17511,29277,25143,30897,40488,43202,43167,52301,13155,22359,2128,1937,3230,4570,3899,7773,5919,12012,8657,11706,9586,9004,19426,23788,9854,16790,216221,132637,34858,17352,133722,277,15,18,4
2021-04-20T23:59:59+02:00,10,9,5453,6308,10015,13207,12000,19213,17088,28869,24590,30329,38733,41186,42512,51521,13083,22218,2103,1924,3189,4546,3832,7729,5786,11914,8485,11578,9302,8686,18953,23119,9757,16649,209976,131269,34768,16047,131568,223,15,17,4
2021-04-19T23:59:59+02:00,10,8,5374,6230,9854,13077,11795,19003,16725,28487,24044,29858,37177,39392,41920,50799,13028,22129,2087,1907,3154,4511,3792,7685,5746,11845,8400,11486,9064,8402,18545,22551,9710,16557,204935,129573,34710,15653,129235,203,15,15,4
2021-04-18T23:59:59+02:00,10,7,5312,6179,9723,12992,11595,18864,16444,28289,23636,29545,35865,38027,41567,50394,12994,22065,2074,1892,3126,4489,3766,7669,5702,11798,8350,11437,8966,8313,18391,22363,9697,16532,203389,129092,34668,15262,125422,198,15,14,4
2021-04-17T23:59:59+02:00,10,7,5306,6163,9689,12961,11548,18824,16367,28221,23572,29486,35554,37686,41459,50296,12988,22054,2064,1884,3099,4476,3708,7624,5632,11747,8264,11385,8856,8203,18285,22247,9676,16519,202157,128288,34659,15172,125346,196,15,14,4
2021-04-16T23:59:59+02:00,10,7,5241,6124,9600,12900,11414,18712,16156,28061,23219,29138,34470,36423,41046,49769,12968,22019,1931,1798,2869,4297,3348,7307,4862,11214,6775,10297,6340,6142,16477,20555,9481,16221,197983,118953,34568,10755,124698,193,15,13,4
2021-04-15T23:59:59+02:00,9,7,5175,6034,9398,12727,11119,18466,15660,27666,22529,28533,32571,34107,39999,48560,12887,21851,1888,1766,2802,4232,3229,7186,4645,11032,6397,9989,5883,5743,15885,19868,9288,15886,192152,115819,34515,9703,120603,184,15,13,4
2021-04-14T23:59:59+02:00,9,7,5113,5988,9231,12600,10903,18289,15258,27351,21878,28053,30642,31855,38779,47137,12812,21664,1805,1712,2718,4164,3118,7093,4444,10866,6089,9739,5404,5330,15301,19180,9084,15530,185770,113192,34376,8243,117395,129,15,13,4
2021-04-13T23:59:59+02:00,9,7,5066,5934,9094,12472,10726,18121,14915,27075,21355,27590,28536,29403,37515,45538,12668,21457,1761,1695,2681,4121,3062,7032,4310,10726,5819,9528,5061,5027,14850,18732,8948,15326,178871,111770,34310,6863,114272,33,15,13,4
2021-04-12T23:59:59+02:00,9,7,5003,5885,8986,12335,10519,17973,14594,26794,20816,27135,26495,27129,36354,44069,12538,21256,1726,1652,2651,4101,3034,6979,4251,10659,5716,9428,4895,4881,14549,18363,8835,15125,173147,110923,34231,5877,110491,32,15,13,4
2021-04-11T23:59:59+02:00,9,7,4967,5842,8893,12256,10362,17872,14331,26617,20392,26811,25292,25838,35648,43283,12449,21106,1717,1646,2630,4081,3009,6951,4216,10612,5628,9360,4804,4826,14433,18240,8796,15072,171361,110713,34160,5269,106426,26,15,13,4
2021-04-10T23:59:59+02:00,9,7,4956,5829,8851,12228,10307,17837,14263,26568,20296,26731,24976,25463,35301,42864,12442,21085,1712,1640,2621,4073,2995,6934,4186,10581,5569,9321,4726,4749,14304,18074,8749,14987,170148,109914,33435,5268,106402,26,15,13,4
2021-04-09T23:59:59+02:00,9,7,4909,5797,8767,12149,10183,17713,14096,26394,20035,26487,24136,24308,34346,41653,12410,21011,1684,1611,2564,4039,2923,6874,4036,10471,5315,9097,4310,4374,13735,17357,8519,14618,166780,106231,31918,5260,105688,26,11,13,4
2021-04-08T23:59:59+02:00,9,7,4833,5732,8621,12040,9970,17541,13700,26080,19430,26021,22428,22320,32653,39679,12261,20775,1654,1595,2510,3994,2840,6787,3888,10335,5022,8833,3853,3947,12741,16110,8035,13855,161018,101239,31011,4729,102047,21,11,13,4
2021-04-07T23:59:59+02:00,9,6,4786,5679,8438,11962,9743,17391,13382,25853,18959,25659,20619,20204,30890,37415,12143,20561,1621,1580,2456,3942,2779,6706,3781,10190,4834,8645,3590,3655,12052,15306,7658,13294,154969,97913,29834,4155,98877,12,10,9,4
2021-04-06T23:59:59+02:00,9,6,4739,5633,8294,11850,9583,17225,13062,25585,18439,25272,18763,18137,28962,34921,11940,20215,1586,1561,2432,3916,2746,6668,3719,10147,4752,8554,3481,3531,11579,14659,7372,12882,148113,95605,28869,3960,95635,11,10,8,4
2021-04-05T23:59:59+02:00,9,6,4708,5592,8199,11760,9444,17128,12849,25373,18037,24926,17032,16205,27332,32769,11793,19987,1564,1549,2401,3898,2716,6619,3676,10088,4666,8438,3368,3422,11238,14291,7214,12601,142693,94208,28433,3521,92007,11,10,6,4
2021-04-04T23:59:59+02:00,9,6,4701,5586,8191,11749,9430,17113,12823,25352,18009,24901,16900,16029,27136,32523,11784,19973,1563,1548,2399,3895,2713,6615,3674,10084,4663,8435,3359,3411,11226,14279,7211,12593,141974,94129,28339,3521,91890,11,8,4,4
2021-04-03T23:59:59+02:00,9,6,4697,5579,8177,11742,9411,17093,12784,25321,17931,24837,16820,15939,27089,32466,11779,19966,1560,1546,2390,3887,2695,6601,3651,10056,4580,8380,3242,3296,11145,14205,7205,12583,141443,93483,28313,3521,91878,11,8,4,4
2021-04-02T23:59:59+02:00,9,6,4671,5559,8118,11688,9347,17025,12645,25214,17695,24636,16367,15461,26613,31887,11747,19912,1558,1537,2376,3881,2688,6585,3630,10024,4510,8287,3172,3228,10908,13904,7053,12380,140230,92186,26900,3517,91458,11,8,4,4
2021-04-01T23:59:59+02:00,8,6,4628,5498,8006,11546,9217,16865,12373,24928,17250,24235,15616,14734,25854,30924,11620,19729,1541,1517,2347,3848,2666,6556,3591,9985,4442,8221,3060,3097,9972,12786,6439,11529,137987,88170,26236,3412,88804,10,6,4,4
2021-03-31T23:59:59+02:00,8,6,4417,5419,7894,11424,9076,16699,12155,24652,16896,23869,14919,13970,25019,29912,11510,19530,1532,1512,2334,3828,2641,6527,3543,9937,4377,8152,2972,3008,9401,12083,6073,11030,136184,85735,24772,3200,86409,10,6,4,4
2021-03-30T23:59:59+02:00,8,6,4386,5366,7820,11297,8989,16542,11993,24462,16612,23557,14319,13326,24258,28926,11371,19285,1518,1502,2313,3803,2615,6498,3503,9872,4311,8081,2845,2860,8806,11429,5722,10535,134692,83409,23555,2793,84266,6,6,4,4
2021-03-29T23:59:59+02:00,8,6,4346,5311,7720,11185,8882,16379,11834,24189,16284,23210,13774,12724,23492,27949,11211,19036,1500,1489,2294,3787,2593,6469,3468,9813,4247,8006,2792,2792,8517,11042,5532,10223,132844,82020,22795,2533,81891,6,6,4,4
2021-03-28T23:59:59+02:00,8,6,4311,5227,7635,11075,8803,16225,11699,23959,16025,22936,13445,12413,22921,27254,11036,18752,1491,1482,2272,3771,2578,6440,3428,9763,4209,7947,2744,2741,8438,10939,5488,10155,132345,81671,22270,2205,79105,5,6,4,4
2021-03-27T23:59:59+01:00,8,6,4297,5216,7609,11043,8737,16153,11600,23864,15880,22820,13239,12200,22718,27040,11001,18723,1490,1480,2269,3769,2577,6439,3414,9735,4199,7925,2736,2735,8381,10874,5453,10115,131460,81376,21624,2205,79060,5,6,4,4
2021-03-26T23:59:59+01:00,8,6,4254,5149,7499,10909,8561,15968,11265,23560,15266,22317,12317,11371,21927,26198,10854,18495,1485,1466,2264,3748,2564,6416,3397,9709,4158,7888,2706,2696,8200,10655,5332,9945,127399,80526,20011,2091,78504,5,6,4,4
2021-03-25T23:59:59+01:00,8,5,4199,4988,7336,10630,8316,15561,10881,22936,14621,21619,11642,10706,21056,25130,10534,17949,1465,1452,2232,3722,2530,6377,3362,9662,4088,7808,2577,2559,7223,9395,4717,9029,124108,76323,19229,1864,74771,5,5,4,4
2021-03-24T23:59:59+01:00,8,5,4123,4847,7199,10341,8101,15147,10617,22388,14150,21010,11036,10147,20121,24037,10201,17381,1444,1423,2205,3684,2486,6340,3320,9597,4009,7708,2478,2462,6573,8632,4332,8445,121503,73683,18035,1449,71316,3,2,3,4
2021-03-23T23:59:59+01:00,8,5,4083,4755,7093,10103,7946,14806,10354,21882,13747,20519,10569,9705,19394,23186,9887,16914,1433,1405,2179,3663,2467,6312,3261,9543,3919,7632,2385,2362,5846,7699,3881,7755,120036,70606,16929,1131,67987,3,1,3,4
2021-03-22T23:59:59+01:00,8,5,4030,4676,6965,9863,7786,14484,10094,21414,13397,20018,10175,9350,18825,22476,9693,16565,1424,1398,2172,3649,2455,6296,3237,9520,3889,7598,2324,2311,5393,7092,3523,7266,119144,68500,16526,1041,64150,3,1,3,4
2021-03-21T23:59:59+01:00,8,5,3983,4573,6831,9599,7618,14127,9873,20875,13054,19492,9855,9070,18288,21872,9503,16251,1421,1394,2171,3638,2452,6289,3231,9511,3879,7584,2310,2292,5276,6959,3465,7165,118939,67991,16129,1041,59805,2,1,3,4
2021-03-20T23:59:59+01:00,8,5,3972,4553,6796,9545,7560,14054,9789,20766,12948,19403,9768,8977,18148,21694,9451,16164,1418,1389,2167,3635,2447,6284,3218,9501,3860,7574,2275,2260,4948,6586,3276,6923,118105,66715,16034,1041,59458,2,1,3,4
2021-03-19T23:59:59+01:00,7,5,3797,4413,6503,9296,7119,13629,8877,20037,11221,18077,6905,6629,15891,19490,9086,15598,1414,1385,2162,3628,2435,6271,3206,9476,3809,7528,2208,2219,4575,6114,3007,6598,108800,65022,11311,1008,56465,2,1,3,4
2021-03-18T23:59:59+01:00,7,4,3693,4281,6326,8986,6851,13189,8489,19378,10582,17341,6190,5977,14666,18015,8568,14773,1410,1379,2139,3601,2417,6235,3177,9435,3770,7495,2163,2185,4153,5583,2724,6184,103661,63145,10303,900,53348,2,1,3,4
2021-03-17T23:59:59+01:00,7,4,3614,4208,6195,8841,6680,13012,8191,19068,10179,16950,5782,5590,13847,17084,8166,14183,1400,1366,2123,3582,2387,6203,3146,9407,3733,7459,2108,2126,3746,5138,2470,5796,100410,61420,8609,765,52578,2,1,3,4
2021-03-16T23:59:59+01:00,7,4,3535,4074,6042,8572,6473,12643,7877,18486,9631,16295,5254,5135,13028,16120,7827,13683,1391,1358,2114,3565,2371,6188,3130,9388,3708,7433,2081,2090,3229,4496,2131,5283,98080,59190,7195,761,49407,2,1,3,4
2021-03-15T23:59:59+01:00,7,4,3487,3928,5853,8299,6254,12233,7600,17913,9195,15673,4937,4850,12370,15377,7560,13218,1391,1348,2098,3550,2351,6164,3111,9339,3684,7394,2044,2039,2861,4034,1847,4889,96578,57397,6215,743,45962,2,0,3,4
2021-03-14T23:59:59+01:00,7,4,3443,3793,5623,7968,5964,11787,7292,17195,8736,14921,4615,4575,12078,15122,7512,13119,1384,1342,2082,3521,2338,6115,3093,9281,3667,7356,2037,2028,2782,3926,1794,4803,96455,56997,5599,548,41697,2,0,3,4
2021-03-13T23:59:59+01:00,7,4,3427,3753,5582,7852,5905,11665,7207,17047,8587,14766,4464,4425,11988,15036,7506,13108,1384,1342,2082,3521,2337,6115,3092,9280,3666,7356,2034,2020,2730,3871,1760,4750,95761,56788,5599,548,40966,2,0,3,4
2021-03-12T23:59:59+01:00,7,4,3408,3682,5525,7717,5844,11513,7121,16821,8451,14533,4356,4329,11714,14711,7349,12890,1384,1342,2078,3515,2336,6107,3088,9274,3664,7351,2032,2018,2642,3760,1676,4663,94330,56378,5591,548,40051,2,0,3,4
2021-03-11T23:59:59+01:00,7,4,3331,3490,5317,7417,5612,11095,6782,16153,8013,13895,4013,3992,10633,13452,6688,11974,1379,1340,2067,3501,2317,6082,3066,9241,3640,7318,2002,1994,2403,3496,1522,4444,90120,55292,5156,516,36589,2,0,3,4
2021-03-10T23:59:59+01:00,7,4,3234,3372,5099,7146,5399,10733,6512,15607,7675,13348,3790,3764,9986,12660,6298,11435,1375,1329,2040,3463,2288,5992,3018,9119,3583,7199,1958,1917,2187,3259,1388,4250,87641,54079,4779,282,33646,2,0,3,4
2021-03-09T23:59:59+01:00,6,4,3161,3245,4934,6957,5196,10447,6281,15174,7378,12840,3606,3557,9349,11958,5920,10907,1368,1318,2005,3403,2257,5890,2956,8976,3515,7117,1928,1891,1907,2943,1215,4003,85351,52654,4517,34,31049,2,0,3,4
2021-03-08T23:59:59+01:00,6,4,3096,3088,4706,6692,4957,10094,6021,14661,7017,12255,3404,3365,8955,11514,5722,10590,1365,1300,1991,3325,2226,5793,2918,8830,3482,7024,1913,1869,1704,2711,1091,3809,83873,51317,4146,32,28125,0,0,3,4
2021-03-07T23:59:59+01:00,6,4,3064,3029,4633,6577,4873,9981,5916,14497,6900,12109,3353,3319,8868,11407,5682,10521,1359,1295,1985,3313,2218,5768,2912,8791,3470,7005,1905,1857,1649,2643,1039,3740,83515,50915,3970,32,27251,0,0,3,4
2021-03-06T23:59:59+01:00,6,4,3050,2972,4592,6486,4836,9914,5858,14377,6852,11998,3329,3296,8811,11341,5647,10478,1357,1282,1980,3299,2206,5741,2909,8764,3459,6986,1896,1833,1621,2619,1033,3731,83192,50682,3970,32,26682,0,0,3,4
2021-03-05T23:59:59+01:00,6,4,3026,2878,4533,6375,4772,9815,5795,14225,6749,11846,3284,3241,8623,11111,5524,10303,1348,1249,1948,3244,2181,5635,2868,8630,3415,6848,1852,1787,1557,2548,1011,3703,82280,49790,3962,32,25865,0,0,3,4
2021-03-04T23:59:59+01:00,4,4,2973,2687,4376,6139,4554,9502,5588,13809,6436,11458,3109,3065,7601,9811,4888,9383,1329,1200,1910,3121,2150,5452,2822,8353,3360,6616,1780,1698,1520,2496,1006,3685,78102,48465,3688,31,23594,0,0,3,4
2021-03-03T23:59:59+01:00,3,4,2934,2616,4237,5947,4388,9233,5384,13431,6180,11036,2983,2932,6949,9035,4490,8772,1317,1164,1883,3048,2128,5342,2791,8174,3307,6459,1712,1656,1479,2426,985,3631,75366,47470,3445,31,21740,0,0,3,3
2021-03-02T23:59:59+01:00,3,4,2874,2525,4051,5728,4182,8962,5187,13052,5911,10661,2835,2770,6179,8067,4018,8063,1284,1121,1856,2975,2104,5200,2742,7901,3258,6261,1639,1596,1413,2346,961,3580,72187,46205,2989,31,19893,0,0,3,3
2021-03-01T23:59:59+01:00,3,3,2835,2462,3887,5576,3995,8743,4997,12731,5672,10268,2734,2655,5684,7408,3652,7552,1278,1085,1832,2874,2078,5007,2702,7651,3199,6025,1596,1560,1363,2285,931,3537,70013,44971,2680,31,18161,0,0,3,3
2021-02-28T23:59:59+01:00,3,3,2793,2414,3729,5457,3774,8554,4813,12480,5486,9963,2677,2581,5561,7253,3590,7451,1274,1080,1827,2861,2069,4983,2695,7615,3189,6008,1587,1553,1358,2277,928,3527,69533,44800,2458,30,16588,0,0,3,3
2021-02-27T23:59:59+01:00,3,2,2778,2352,3702,5377,3740,8482,4779,12388,5451,9889,2636,2547,5227,6865,3390,7199,1267,1072,1820,2849,2056,4948,2676,7550,3173,5952,1569,1544,1352,2266,926,3526,68214,44516,2458,29,16132,0,0,3,3
2021-02-26T23:59:59+01:00,3,2,2758,2311,3660,5289,3674,8378,4717,12277,5365,9802,2559,2494,4846,6383,3111,6865,1210,1023,1770,2743,2007,4768,2620,7275,3101,5744,1509,1493,1329,2245,913,3517,66396,43238,2331,28,15764,0,0,3,3
2021-02-25T23:59:59+01:00,3,2,2586,2204,3477,5106,3490,8153,4513,11991,5146,9528,2471,2427,4396,5828,2822,6438,1194,965,1739,2634,1953,4493,2552,6881,3006,5458,1463,1450,1308,2230,910,3508,64530,41718,2004,25,14044,0,0,3,3
2021-02-24T23:59:59+01:00,3,2,2434,2071,3287,4912,3343,7949,4317,11736,4926,9278,2334,2307,3935,5316,2560,6039,1179,936,1716,2550,1919,4353,2492,6626,2954,5254,1432,1418,1290,2209,906,3485,62751,40700,1525,17,12470,0,0,3,3
2021-02-23T23:59:59+01:00,3,2,2301,1933,3109,4684,3191,7710,4142,11465,4741,9031,2245,2213,3379,4648,2215,5520,1165,888,1683,2454,1881,4162,2424,6327,2860,4994,1376,1364,1262,2165,890,3458,60530,39337,1172,14,10827,0,0,3,3
2021-02-22T23:59:59+01:00,3,2,2261,1882,3025,4591,3121,7603,4048,11279,4633,8906,2194,2172,3008,4179,1929,5132,1154,829,1651,2330,1839,3916,2348,5933,2735,4697,1314,1310,1239,2132,882,3435,58845,37738,1085,4,10035,0,0,3,3
2021-02-21T23:59:59+01:00,3,2,2225,1851,2973,4522,3041,7489,3967,11134,4567,8789,2179,2149,2923,4064,1872,5044,1151,811,1634,2278,1813,3809,2315,5777,2673,4574,1284,1287,1229,2118,875,3420,58410,37042,1052,4,9329,0,0,3,3
2021-02-20T23:59:59+01:00,3,2,2213,1848,2950,4509,3025,7453,3941,11101,4546,8767,2176,2141,2870,4007,1837,4990,1151,808,1634,2276,1812,3800,2314,5772,2672,4570,1283,1284,1228,2115,874,3419,58196,37006,1051,4,9129,0,0,3,3
2021-02-19T23:59:59+01:00,2,2,2201,1834,2914,4457,3000,7365,3896,11019,4492,8704,2168,2135,2779,3893,1752,4896,1100,799,1595,2268,1802,3791,2304,5751,2664,4557,1277,1273,1217,2110,869,3412,57774,36783,1019,4,8713,0,0,3,3
2021-02-18T23:59:59+01:00,2,2,2070,1739,2758,4274,2876,7167,3759,10734,4353,8499,2134,2101,2537,3622,1597,4673,1022,763,1523,2168,1752,3670,2231,5595,2607,4472,1263,1254,1211,2096,856,3394,56704,35871,951,4,7239,0,0,3,3
2021-02-17T23:59:59+01:00,2,2,2026,1691,2667,4142,2767,6955,3606,10393,4211,8256,2075,2017,2318,3392,1468,4479,870,698,1411,2042,1675,3480,2135,5368,2535,4299,1231,1209,1185,2051,840,3349,55628,34373,805,3,6031,0,0,3,3
2021-02-16T23:59:59+01:00,2,2,1856,1580,2491,3935,2627,6680,3445,10040,4033,7951,2030,1990,2036,3072,1294,4226,843,676,1341,1964,1606,3338,2043,5195,2443,4167,1171,1163,1126,1963,807,3247,54286,33089,769,2,4232,0,0,3,3
2021-02-15T23:59:59+01:00,2,2,1821,1525,2403,3765,2550,6407,3323,9672,3919,7682,2004,1961,1817,2832,1168,4033,825,664,1312,1916,1564,3269,1986,5024,2381,4066,1114,1123,1063,1871,787,3145,53178,32107,753,1,2952,0,0,3,3
2021-02-14T23:59:59+01:00,2,2,1732,1494,2355,3703,2508,6314,3252,9568,3872,7604,1993,1951,1759,2772,1117,3973,810,654,1296,1892,1537,3246,1952,4983,2355,4010,1104,1114,1056,1862,784,3133,52839,31785,724,1,2405,0,0,3,3
2021-02-13T23:59:59+01:00,2,2,1731,1482,2345,3696,2502,6300,3249,9552,3865,7594,1984,1931,1735,2752,1113,3963,810,654,1296,1892,1537,3246,1952,4983,2355,4010,1104,1114,1056,1862,784,3133,52682,31785,724,1,2389,0,0,3,3
2021-02-12T23:59:59+01:00,2,2,1652,1397,2244,3582,2423,6127,3145,9314,3741,7329,1937,1873,1671,2680,1090,3934,803,646,1284,1870,1524,3227,1944,4952,2339,3990,1099,1109,1055,1843,784,3102,51740,31569,724,0,1676,0,0,3,3
2021-02-11T23:59:59+01:00,2,2,1455,1261,2062,3370,2295,5835,2993,8881,3583,6982,1864,1771,1629,2616,1071,3912,774,597,1189,1691,1397,2949,1804,4591,2172,3699,1046,1045,1011,1766,743,2960,50342,29434,683,0,556,0,0,3,1
2021-02-10T23:59:59+01:00,2,2,1361,1214,1977,3241,2227,5663,2911,8602,3472,6751,1794,1724,1582,2549,1052,3850,563,515,967,1467,1258,2638,1619,4130,1968,3317,926,917,878,1508,652,2618,49166,25941,644,0,161,0,0,3,1
2021-02-09T23:59:59+01:00,2,2,1325,1164,1941,3148,2199,5478,2845,8261,3402,6492,1721,1662,1520,2488,1033,3807,302,382,750,1204,1071,2261,1410,3592,1719,2861,756,752,703,1200,521,2121,47894,21605,514,0,80,0,0,2,1
2021-02-08T23:59:59+01:00,2,2,1318,1129,1909,3029,2162,5256,2794,7982,3343,6256,1678,1628,1470,2432,1015,3784,266,342,647,1051,966,2045,1251,3198,1523,2545,654,633,602,1014,449,1836,46764,19022,344,0,79,0,0,2,1
2021-02-07T23:59:59+01:00,2,2,1292,1113,1879,2977,2137,5174,2764,7879,3301,6190,1662,1612,1455,2413,1003,3769,232,287,598,962,907,1889,1160,2972,1426,2373,613,613,581,979,439,1805,46479,17837,143,0,0,0,0,2,0
2021-02-06T23:59:59+01:00,2,2,1287,1107,1873,2965,2128,5146,2751,7835,3290,6145,1649,1604,1450,2403,1000,3768,213,254,576,924,879,1824,1117,2854,1369,2291,597,594,574,979,439,1805,46260,17290,143,0,0,0,0,2,0
2021-02-05T23:59:59+01:00,2,2,1228,1056,1824,2857,2076,4950,2691,7538,3213,5929,1586,1551,1433,2380,992,3762,197,222,540,875,843,1744,1079,2734,1316,2192,563,570,562,955,428,1780,44925,16601,143,0,0,0,0,2,0
2021-02-04T23:59:59+01:00,2,2,1216,992,1783,2709,2004,4637,2608,7092,3113,5601,1541,1518,1416,2363,987,3752,168,169,466,757,744,1604,966,2496,1203,1978,517,517,516,899,407,1661,43300,15069,35,0,0,0,0,1,0
2021-02-03T23:59:59+01:00,2,2,1198,963,1753,2630,1965,4489,2542,6830,3061,5386,1505,1486,1386,2328,968,3722,139,140,393,644,628,1366,820,2119,1010,1688,398,381,373,679,287,1256,42180,12322,35,0,0,0,0,1,0
2021-02-02T23:59:59+01:00,2,2,1180,907,1719,2529,1923,4269,2469,6498,2956,5114,1452,1439,1362,2297,958,3697,117,116,318,524,523,1129,675,1789,820,1378,297,279,292,497,225,945,40737,9925,35,0,0,0,0,1,0
2021-02-01T23:59:59+01:00,1,2,1167,847,1683,2406,1873,4024,2392,6108,2835,4818,1385,1358,1332,2251,945,3668,84,76,219,352,350,738,427,1154,480,857,185,170,171,296,126,562,39059,6247,35,0,0,0,0,1,0
2021-01-31T23:59:59+01:00,1,2,1163,829,1666,2349,1848,3902,2360,5924,2768,4699,1354,1335,1321,2235,938,3652,73,70,186,281,272,572,338,900,398,690,159,155,159,287,122,548,38313,5210,32,0,0,0,0,1,0
2021-01-30T23:59:59+01:00,1,2,1163,826,1665,2344,1846,3891,2358,5913,2765,4689,1353,1331,1320,2234,938,3651,70,63,153,233,244,504,303,782,355,615,158,148,154,283,122,547,38258,4734,31,0,0,0,0,1,0
2021-01-29T23:59:59+01:00,1,2,1111,817,1626,2337,1835,3884,2350,5899,2757,4678,1349,1328,1316,2234,938,3651,62,45,116,178,200,350,248,634,311,487,147,139,143,273,119,546,38083,3998,29,0,0,0,0,1,0
2021-01-28T23:59:59+01:00,1,2,1037,791,1570,2274,1802,3815,2303,5828,2724,4626,1337,1316,1307,2228,926,3637,40,20,74,105,131,204,153,378,203,290,115,106,117,220,107,496,37497,2759,26,0,0,0,0,1,0
2021-01-27T23:59:59+01:00,1,2,889,739,1474,2198,1734,3701,2230,5699,2666,4500,1308,1271,1278,2190,910,3602,31,13,62,87,105,160,120,321,176,245,107,88,105,201,103,459,36374,2383,17,0,0,0,0,1,0
2021-01-26T23:59:59+01:00,1,2,875,719,1411,2122,1673,3571,2143,5527,2578,4388,1250,1231,1228,2117,885,3542,30,12,59,84,101,154,116,306,175,236,104,82,98,180,92,409,35250,2238,12,0,0,0,0,1,0
2021-01-25T23:59:59+01:00,1,2,862,698,1380,2060,1640,3474,2097,5358,2521,4296,1197,1206,1173,2057,867,3476,28,12,56,84,98,152,115,304,174,236,103,81,97,179,90,406,34361,2215,3,0,0,0,0,1,0
2021-01-24T23:59:59+01:00,1,2,859,697,1374,2049,1635,3457,2089,5333,2509,4264,1193,1199,1168,2050,866,3470,28,12,56,84,97,151,115,304,174,235,103,81,97,179,90,405,34211,2211,3,0,0,0,0,1,0
2021-01-23T23:59:59+01:00,1,2,859,697,1374,2049,1635,3457,2089,5333,2509,4264,1193,1199,1168,2050,866,3470,28,12,56,84,97,151,115,304,173,235,103,81,97,179,90,405,34211,2210,3,0,0,0,0,1,0
2021-01-22T23:59:59+01:00,1,2,858,687,1360,2027,1620,3433,2076,5299,2493,4245,1191,1194,1167,2027,865,3436,28,12,56,84,97,151,115,304,172,235,103,81,97,179,90,405,33977,2209,3,0,0,0,0,1,0
2021-01-21T23:59:59+01:00,1,2,827,650,1283,1870,1519,3241,1980,5029,2382,4046,1151,1134,1138,1959,828,3315,26,11,52,79,89,142,105,275,158,212,89,72,86,155,74,345,32351,1970,3,0,0,0,0,1,0
2021-01-20T23:59:59+01:00,1,2,626,553,1089,1654,1383,2966,1804,4623,2178,3705,1023,1015,1008,1719,752,3011,24,11,51,75,86,141,97,262,147,193,78,65,80,130,62,307,29108,1809,3,0,0,0,0,1,0
2021-01-19T23:59:59+01:00,1,2,341,409,838,1397,1180,2619,1568,4094,1914,3254,848,843,835,1424,630,2564,20,8,36,53,57,76,71,175,103,130,58,50,52,96,47,238,24758,1270,2,0,0,0,0,1,0
2021-01-18T23:59:59+01:00,1,2,300,373,726,1210,1062,2366,1375,3594,1673,2872,708,689,675,1168,526,2119,8,4,12,18,19,26,23,51,25,46,13,11,13,33,11,72,21437,385,1,0,0,0,0,1,0
2021-01-17T23:59:59+01:00,1,2,258,319,660,1115,983,2195,1277,3322,1559,2660,662,659,646,1108,498,2051,0,0,1,0,3,2,2,1,2,2,1,4,1,0,0,1,19974,20,1,0,0,0,0,0,0
2021-01-16T23:59:59+01:00,1,2,241,288,644,1080,959,2133,1236,3211,1508,2586,646,641,638,1108,498,2050,0,0,0,0,1,2,1,1,1,2,0,1,1,0,0,1,19469,11,1,0,0,0,0,0,0
2021-01-15T23:59:59+01:00,1,2,226,254,614,1030,932,2055,1202,3094,1456,2490,615,615,631,1087,491,2038,0,0,0,0,0,0,0,0,0,0,0,0,0,0,0,0,18833,0,0,0,0,0,0,0,0
2021-01-14T23:59:59+01:00,1,2,196,204,553,909,843,1911,1107,2873,1341,2305,571,571,593,1041,484,1992,0,0,0,0,0,0,0,0,0,0,0,0,0,0,0,0,17497,0,0,0,0,0,0,0,0
2021-01-13T23:59:59+01:00,1,2,166,185,505,838,771,1786,1008,2636,1187,2082,455,452,451,824,368,1551,0,0,0,0,0,0,0,0,0,0,0,0,0,0,0,0,15268,0,0,0,0,0,0,0,0
2021-01-12T23:59:59+01:00,1,2,143,164,474,769,720,1631,919,2433,1079,1849,365,343,351,592,270,1114,0,0,0,0,0,0,0,0,0,0,0,0,0,0,0,0,13219,0,0,0,0,0,0,0,0
2021-01-11T23:59:59+01:00,0,1,114,127,398,638,630,1377,755,1976,847,1459,227,202,201,357,153,673,0,0,0,0,0,0,0,0,0,0,0,0,0,0,0,0,10135,0,0,0,0,0,0,0,0
2021-01-10T23:59:59+01:00,0,1,88,92,308,459,474,998,546,1448,623,1062,189,178,184,343,147,659,0,0,0,0,0,0,0,0,0,0,0,0,0,0,0,0,7799,0,0,0,0,0,0,0,0
2021-01-09T23:59:59+01:00,0,1,78,84,261,396,403,866,479,1231,547,904,183,168,179,338,147,657,0,0,0,0,0,0,0,0,0,0,0,0,0,0,0,0,6922,0,0,0,0,0,0,0,0
2021-01-08T23:59:59+01:00,0,1,65,64,188,288,305,585,365,933,441,685,175,163,163,326,145,657,0,0,0,0,0,0,0,0,0,0,0,0,0,0,0,0,5549,0,0,0,0,0,0,0,0
2021-01-07T23:59:59+01:00,0,0,46,24,81,121,140,231,163,419,223,340,130,127,144,276,131,602,0,0,0,0,0,0,0,0,0,0,0,0,0,0,0,0,3198,0,0,0,0,0,0,0,0
2021-01-06T23:59:59+01:00,0,0,34,18,70,92,119,180,135,342,194,276,111,98,116,227,112,517,0,0,0,0,0,0,0,0,0,0,0,0,0,0,0,0,2641,0,0,0,0,0,0,0,0
2021-01-05T23:59:59+01:00,0,0,31,13,60,88,108,166,120,328,180,253,109,94,115,220,109,499,0,0,0,0,0,0,0,0,0,0,0,0,0,0,0,0,2493,0,0,0,0,0,0,0,0
2021-01-04T23:59:59+01:00,0,0,28,12,57,85,100,158,115,313,178,241,108,90,108,206,99,461,0,0,0,0,0,0,0,0,0,0,0,0,0,0,0,0,2359,0,0,0,0,0,0,0,0
2021-01-03T23:59:59+01:00,0,0,28,12,57,85,100,158,115,313,178,241,108,90,107,205,99,461,0,0,0,0,0,0,0,0,0,0,0,0,0,0,0,0,2357,0,0,0,0,0,0,0,0
2021-01-02T23:59:59+01:00,0,0,28,12,57,85,100,158,115,313,177,241,108,90,107,205,99,461,0,0,0,0,0,0,0,0,0,0,0,0,0,0,0,0,2356,0,0,0,0,0,0,0,0
2021-01-01T23:59:59+01:00,0,0,28,12,57,85,100,158,115,313,175,240,108,90,107,205,99,461,0,0,0,0,0,0,0,0,0,0,0,0,0,0,0,0,2353,0,0,0,0,0,0,0,0
2020-12-31T23:59:59+01:00,0,0,28,12,57,85,100,158,115,313,175,240,108,90,107,205,99,461,0,0,0,0,0,0,0,0,0,0,0,0,0,0,0,0,2353,0,0,0,0,0,0,0,0
2020-12-30T23:59:59+01:00,0,0,27,12,57,84,99,155,115,312,175,240,108,90,107,205,99,461,0,0,0,0,0,0,0,0,0,0,0,0,0,0,0,0,2346,0,0,0,0,0,0,0,0
2020-12-29T23:59:59+01:00,0,0,20,9,42,60,76,91,85,217,128,188,83,77,78,171,80,373,0,0,0,0,0,0,0,0,0,0,0,0,0,0,0,0,1778,0,0,0,0,0,0,0,0
2020-12-28T23:59:59+01:00,0,0,9,6,18,30,31,45,40,112,53,101,36,42,40,98,43,211,0,0,0,0,0,0,0,0,0,0,0,0,0,0,0,0,915,0,0,0,0,0,0,0,0
2020-12-27T23:59:59+01:00,0,0,2,2,4,5,7,11,10,24,6,22,6,7,7,25,5,56,0,0,0,0,0,0,0,0,0,0,0,0,0,0,0,0,199,0,0,0,0,0,0,0,0
