Datum,<15_m,<15_w,15-24_1_m,15-24_1_w,25-34_1_m,25-34_1_w,35-44_1_m,35-44_1_w,45-54_1_m,45-54_1_w,55-64_1_m,55-64_1_w,65-74_1_m,65-74_1_w,75-84_1_m,75-84_1_w,>84_1_m,>84_1_w,<24_2_m,<24_2_w,25-34_2_m,25-34_2_w,35-44_2_m,35-44_2_w,45-54_2_m,45-54_2_w,55-64_2_m,55-64_2_w,65-74_2_m,65-74_2_w,75-84_2_m,75-84_2_w,>84_2_m,>84_2_w,bp_1,bp_2,mo_1,mo_2,az_1,az_2,ja,unb_1,unb_2
2021-08-19T23:59:59+02:00,7571,6967,53903,50881,61084,56606,70480,71292,92019,94253,104077,103434,72113,78480,50756,62293,14238,24584,48353,45853,57200,52296,66768,67111,88110,89854,100210,99682,70197,76322,49491,60651,13896,23786,787733,743667,69270,66596,181677,174481,36330,21,43
2021-08-18T23:59:59+02:00,7499,6910,53758,50747,60963,56497,70372,71200,91911,94168,103979,103356,72055,78429,50724,62258,14228,24565,48238,45727,57089,52202,66680,67039,87999,89768,100141,99614,70152,76284,49473,60629,13890,23771,786758,742984,69242,66574,181670,174432,35928,21,43
2021-08-17T23:59:59+02:00,7416,6831,53598,50584,60863,56374,70257,71080,91808,94065,103873,103258,72006,78387,50696,62233,14220,24554,48053,45552,56962,52070,66563,66936,87875,89677,100033,99521,70101,76236,49449,60611,13883,23760,785690,741981,69220,66544,181665,174385,35507,21,43
2021-08-16T23:59:59+02:00,7343,6770,53473,50455,60768,56264,70160,70985,91717,93961,103782,103159,71963,78337,50669,62190,14212,24546,47918,45440,56861,52001,66471,66855,87778,89599,99952,99426,70061,76200,49426,60586,13876,23755,784829,741375,69173,66509,181652,174320,35079,21,43
2021-08-15T23:59:59+02:00,7295,6731,53393,50372,60700,56198,70095,70920,91662,93913,103731,103113,71928,78311,50662,62176,14208,24539,47812,45344,56766,51914,66405,66791,87704,89538,99897,99380,70024,76170,49414,60567,13871,23745,784359,740898,69163,66481,181642,174240,34762,21,43
2021-08-14T23:59:59+02:00,7274,6715,53320,50304,60653,56158,70060,70873,91624,93875,103692,103077,71907,78303,50653,62165,14206,24537,47571,45075,56605,51728,66257,66639,87571,89417,99784,99272,69975,76127,49403,60544,13867,23740,783882,739085,69156,66475,181642,174231,34695,21,43
2021-08-13T23:59:59+02:00,7237,6680,53212,50209,60570,56078,70006,70805,91549,93819,103641,103032,71884,78282,50641,62154,14204,24530,47065,44575,56365,51461,66029,66392,87299,89168,99588,99070,69888,76028,49365,60484,13861,23720,783136,735622,69152,66467,181642,174158,34582,21,43
2021-08-12T23:59:59+02:00,7208,6654,53110,50139,60509,56003,69936,70759,91480,93762,103582,102988,71854,78249,50627,62138,14202,24516,46570,44135,56088,51160,65771,66172,87045,88949,99253,98801,69786,75894,49312,60420,13850,23692,782709,732587,69127,66445,181627,173714,34232,21,43
2021-08-11T23:59:59+02:00,7144,6584,52946,49968,60379,55885,69851,70667,91374,93658,103483,102882,71793,78184,50596,62098,14196,24501,45895,43514,55711,50780,65515,65879,86754,88690,98922,98434,69646,75750,49253,60321,13839,23664,781543,728500,69106,66411,181618,173281,33901,21,43
2021-08-10T23:59:59+02:00,7069,6500,52750,49783,60242,55768,69749,70547,91252,93529,103363,102779,71742,78127,50566,62067,14188,24492,44940,42611,55047,50132,65029,65430,86296,88210,98437,97978,69448,75554,49161,60224,13819,23627,780206,722272,69097,66382,181612,172778,33577,21,43
2021-08-09T23:59:59+02:00,7027,6455,52640,49694,60168,55697,69695,70487,91185,93460,103296,102721,71700,78092,50560,62051,14184,24484,43932,41548,54337,49448,64558,65006,85855,87775,97927,97511,69267,75332,49081,60101,13794,23591,779661,715832,69029,66339,181601,172219,33284,21,43
2021-08-08T23:59:59+02:00,6982,6417,52575,49629,60123,55667,69662,70464,91133,93413,103243,102680,71679,78071,50546,62031,14178,24479,43878,41486,54270,49404,64502,64973,85789,87718,97864,97463,69243,75304,49062,60077,13786,23584,779387,715567,69024,66325,181587,172141,32953,21,43
2021-08-07T23:59:59+02:00,6945,6377,52465,49503,60055,55593,69607,70400,91063,93352,103192,102633,71662,78054,50536,62025,14178,24478,42914,40461,53712,48831,64069,64570,85418,87327,97546,97118,69100,75161,49006,59996,13769,23567,778614,709207,69019,66310,181587,172133,32877,21,41
2021-08-06T23:59:59+02:00,6905,6316,52327,49374,59980,55528,69541,70316,90986,93278,103133,102580,71638,78031,50525,62007,14176,24473,42236,39852,53465,48568,63847,64332,85187,87110,97318,96919,69017,75070,48964,59956,13763,23554,777748,705620,69016,66230,181586,171996,32743,21,41
2021-08-05T23:59:59+02:00,6798,6209,52075,49150,59811,55343,69400,70175,90830,93133,102997,102447,71579,77969,50499,61967,14163,24455,41407,39159,52951,48111,63483,63990,84739,86715,96703,96405,68833,74889,48899,59858,13745,23523,776153,701120,68965,66184,181557,170873,32304,21,41
2021-08-04T23:59:59+02:00,6711,6125,51880,48924,59663,55167,69291,70026,90697,93018,102879,102333,71519,77907,50473,61921,14152,24426,40565,38367,52580,47714,63169,63678,84371,86386,96292,96005,68670,74719,48823,59762,13730,23489,774767,696560,68924,66168,181544,170081,31856,21,41
2021-08-03T23:59:59+02:00,6637,6070,51712,48787,59540,55046,69200,69937,90598,92921,102785,102252,71468,77872,50453,61897,14144,24412,39577,37414,51788,47042,62630,63160,83855,85907,95586,95376,68431,74507,48732,59648,13709,23446,773745,690358,68915,66149,181537,168906,31513,21,41
2021-08-02T23:59:59+02:00,6588,6027,51578,48648,59450,54968,69119,69869,90546,92851,102710,102191,71430,77830,50433,61875,14137,24399,38300,36239,50824,46234,61924,62584,83253,85343,94790,94679,68179,74252,48646,59517,13690,23408,773058,682741,68867,66106,181510,167595,31193,21,41
2021-08-01T23:59:59+02:00,6546,5975,51406,48488,59307,54858,69027,69756,90439,92760,102623,102100,71390,77793,50411,61834,14133,24383,38117,36103,50672,46143,61798,62492,83074,85204,94340,94277,68063,74144,48607,59468,13680,23388,772023,682110,68839,66051,181492,166284,30854,21,41
2021-07-31T23:59:59+02:00,6503,5942,51311,48369,59252,54788,68979,69714,90399,92731,102597,102076,71379,77781,50403,61831,14133,24380,36510,34594,49768,45280,61262,61930,82569,84691,93859,93846,67873,73939,48528,59373,13662,23355,771421,672974,68835,66044,181492,166169,30799,21,41
2021-07-30T23:59:59+02:00,6468,5889,51160,48233,59171,54706,68909,69657,90326,92652,102542,102038,71361,77758,50394,61808,14130,24376,35044,33181,48795,44329,60535,61243,81886,84073,93178,93269,67641,73706,48423,59223,13643,23324,770665,663452,68811,66033,181486,165865,30595,21,41
2021-07-29T23:59:59+02:00,6353,5769,50729,47865,58959,54438,68718,69467,90137,92467,102382,101901,71285,77676,50362,61754,14115,24358,34316,32564,48174,43886,60138,60899,81465,83723,92412,92597,67446,73552,48361,59137,13623,23295,768357,659624,68759,65897,181444,164230,30154,21,41
2021-07-28T23:59:59+02:00,6281,5706,50473,47669,58827,54289,68595,69374,90013,92346,102276,101807,71228,77619,50338,61716,14106,24341,33988,32268,47862,43656,59915,60688,81292,83562,92176,92400,67372,73487,48332,59103,13610,23285,767052,657962,68729,65810,181417,163714,29785,21,41
2021-07-27T23:59:59+02:00,6230,5660,50312,47530,58692,54198,68501,69289,89915,92237,102169,101733,71186,77566,50309,61683,14099,24328,32527,30856,46591,42558,59084,59903,80691,83040,91162,91555,67097,73204,48245,58977,13580,23244,766172,649302,68705,65744,181393,161935,29346,21,41
2021-07-26T23:59:59+02:00,6207,5631,50190,47441,58591,54113,68426,69236,89827,92177,102105,101684,71148,77530,50285,61663,14094,24319,31157,29593,45271,41435,57984,58920,79991,82408,89996,90530,66790,72933,48155,58862,13558,23202,765634,640235,68639,65655,181355,159642,29018,21,41
2021-07-25T23:59:59+02:00,6189,5613,50076,47334,58505,54047,68366,69179,89763,92121,102047,101638,71115,77494,50268,61640,14091,24309,30949,29434,45009,41240,57731,58695,79721,82205,89039,89679,66584,72760,48088,58789,13547,23178,765230,639073,68627,65542,181331,157187,28586,21,41
2021-07-24T23:59:59+02:00,6157,5584,49958,47242,58443,53984,68318,69124,89718,92079,102008,101599,71110,77488,50265,61637,14090,24305,29336,27832,43847,40149,57035,57984,79106,81632,88397,89116,66405,72568,48017,58688,13533,23155,764637,628973,68619,65532,181323,157048,28509,21,41
2021-07-23T23:59:59+02:00,6073,5497,49780,47065,58348,53879,68210,69022,89613,91977,101918,101505,71074,77431,50244,61606,14086,24299,27634,26297,42586,39066,56109,57097,78417,81020,87690,88453,66134,72296,47939,58587,13512,23125,763262,618409,68615,65371,181304,156579,28425,21,41
2021-07-22T23:59:59+02:00,5935,5383,49485,46784,58148,53679,68038,68856,89430,91825,101763,101373,71009,77349,50204,61554,14075,24280,26811,25464,41666,38254,55167,56271,77674,80393,86020,86951,65763,71897,47831,58455,13481,23073,761341,609912,68573,64876,181273,155105,27962,21,41
2021-07-21T23:59:59+02:00,5658,5099,48949,46256,57841,53366,67808,68579,89154,91578,101493,101106,70882,77218,50146,61489,14066,24254,26556,25242,41245,37974,54732,55887,77308,80114,85211,86346,65597,71768,47776,58389,13463,23048,757734,607958,68548,64606,181249,153328,27390,21,41
2021-07-20T23:59:59+02:00,5581,5026,48663,45978,57671,53161,67634,68435,88974,91426,101330,100962,70805,77153,50107,61442,14057,24226,25387,24091,39946,36942,53397,54688,76408,79344,83851,85003,65294,71426,47670,58252,13435,23003,756057,597579,68543,64461,181205,151744,26805,21,41
2021-07-19T23:59:59+02:00,5502,4941,48335,45652,57456,52952,67468,68234,88789,91250,101181,100801,70729,77070,50066,61392,14048,24197,24555,23248,38639,35820,51666,53189,75147,78298,82743,84023,65007,71171,47579,58134,13411,22964,754263,587557,68534,64316,181175,149962,26070,21,41
2021-07-18T23:59:59+02:00,5495,4940,48268,45599,57367,52878,67405,68168,88702,91184,101110,100736,70697,77029,50040,61359,14046,24185,24420,23145,38379,35606,51341,52906,74900,78107,81846,83260,64822,70994,47523,58061,13406,22942,753996,586511,68511,64157,181135,147736,25545,21,41
2021-07-17T23:59:59+02:00,5470,4904,48171,45522,57294,52816,67346,68112,88646,91124,101067,100717,70690,77014,50035,61353,14046,24184,23026,21672,36984,34307,50096,51715,74300,77554,81213,82665,64693,70846,47457,58000,13397,22922,753448,575621,68509,64133,181130,147599,25403,21,41
2021-07-16T23:59:59+02:00,5366,4826,47926,45289,57171,52710,67231,68002,88509,91029,100962,100614,70645,76964,50012,61334,14040,24177,21765,20422,35681,33059,48644,50393,73296,76623,80512,82006,64474,70626,47376,57902,13378,22889,752003,563972,68509,64074,181124,147397,25150,21,41
2021-07-15T23:59:59+02:00,5224,4699,47528,44966,56963,52510,67040,67819,88297,90830,100774,100448,70548,76863,49964,61260,14030,24148,21157,19918,34755,32363,47412,49457,72123,75712,78358,79879,63876,70030,47233,57725,13359,22827,749949,554656,68492,63050,181077,145551,24372,21,41
2021-07-14T23:59:59+02:00,4852,4371,46936,44391,56732,52243,66838,67617,88085,90588,100557,100251,70441,76753,49899,61177,14019,24124,20953,19771,34501,32209,47047,49159,71595,75325,77693,79345,63555,69755,47152,57641,13337,22792,746498,552877,68478,62869,181026,143649,23851,21,39
2021-07-13T23:59:59+02:00,4764,4292,46734,44237,56566,52091,66676,67469,87929,90462,100413,100127,70370,76692,49860,61131,14015,24108,20387,19237,33477,31395,45437,47705,69842,73668,76095,77795,63181,69364,47024,57471,13308,22741,745142,541981,68462,62101,180957,142038,23354,21,39
2021-07-12T23:59:59+02:00,4699,4216,46548,44047,56416,51951,66522,67343,87756,90323,100257,99989,70295,76609,49823,61080,14008,24090,19908,18799,32688,30772,43775,46252,67468,71593,74205,76294,62651,68780,46882,57309,13280,22691,743883,530880,68441,61539,180861,139465,22766,21,39
2021-07-11T23:59:59+02:00,4694,4212,46476,43994,56358,51901,66473,67307,87696,90274,100185,99930,70258,76567,49813,61064,14006,24076,19702,18652,32349,30526,43331,45880,67011,71236,73426,75599,62254,68404,46812,57220,13265,22658,743745,529115,68432,61216,180795,136994,22291,21,39
2021-07-10T23:59:59+02:00,4568,4078,46193,43683,56173,51706,66326,67134,87565,90134,100086,99824,70202,76510,49792,61038,14003,24067,19138,18093,31397,29660,41582,44296,65531,69958,72792,74982,62089,68253,46759,57168,13258,22644,741655,518482,68428,61200,180784,136950,22194,21,39
2021-07-09T23:59:59+02:00,4441,3962,45920,43430,56005,51515,66169,66975,87414,89971,99954,99718,70149,76436,49756,60997,13998,24055,18541,17518,30425,28702,39619,42365,63234,67835,71631,73842,61817,67929,46683,57042,13241,22619,739611,504773,68417,60818,180778,136544,22038,21,39
2021-07-08T23:59:59+02:00,4410,3937,45781,43317,55885,51397,66040,66873,87293,89850,99831,99621,70097,76382,49735,60958,13987,24042,17600,16711,29028,27665,37901,40917,61103,66017,68277,70691,60927,66960,46442,56701,13196,22524,738881,489517,68360,58752,180709,133964,21465,21,39
2021-07-07T23:59:59+02:00,4399,3932,45713,43274,55809,51353,65959,66832,87239,89810,99788,99570,70081,76360,49726,60940,13983,24032,16635,15853,27648,26656,36380,39689,59488,64562,65055,67222,59915,65923,46206,56380,13146,22451,738592,474225,68317,56853,180656,131824,21214,21,39
2021-07-06T23:59:59+02:00,4345,3884,45569,43148,55680,51213,65855,66723,87133,89722,99710,99486,70043,76302,49708,60912,13980,24018,15861,15108,26570,25745,34545,37984,56094,61544,62410,64772,59164,65135,45934,56046,13105,22348,737473,456361,68297,56039,180598,129699,21042,21,39
2021-07-05T23:59:59+02:00,4284,3840,45393,42974,55533,51118,65740,66615,87018,89629,99626,99392,69980,76238,49687,60885,13977,24003,15202,14478,25613,24932,33325,36855,52996,58576,59641,62309,58328,64327,45685,55735,13060,22271,736309,440301,68264,55682,180522,127224,20816,21,39
2021-07-04T23:59:59+02:00,4276,3834,45346,42948,55473,51092,65701,66594,86980,89598,99594,99364,69957,76218,49681,60870,13972,23993,14993,14273,25176,24583,32729,36328,52332,58051,58658,61445,57670,63698,45503,55533,13041,22224,736137,436222,68234,55478,180454,124545,20645,21,37
2021-07-03T23:59:59+02:00,4056,3657,44810,42382,55152,50720,65411,66320,86736,89338,99397,99166,69884,76146,49658,60824,13968,23982,14706,13953,24825,24231,31748,35408,50591,56499,57793,60708,57498,63503,45436,55448,13029,22199,732335,427644,68221,55463,180447,124503,20583,21,37
2021-07-02T23:59:59+02:00,3748,3370,44156,41790,54826,50389,65128,66018,86465,89089,99162,98942,69780,76034,49606,60755,13962,23965,14290,13515,24130,23636,30595,34356,47969,54344,55664,58922,57105,63077,45277,55293,13013,22161,728004,415210,68204,54413,180434,123774,20523,20,17
2021-07-01T23:59:59+02:00,3610,3260,43804,41437,54624,50216,64974,65859,86313,88951,99010,98823,69711,75966,49576,60721,13954,23950,13599,12820,22837,22550,28922,32840,45962,52600,53172,56647,55685,61510,44782,54676,12940,22033,725880,401680,68141,52099,180385,119956,20333,20,17
2021-06-30T23:59:59+02:00,3599,3244,43535,41241,54443,50091,64862,65772,86227,88888,98942,98773,69684,75943,49564,60699,13950,23940,12842,12201,21665,21644,27330,31466,44116,50876,49533,52690,54357,60180,44426,54236,12884,21905,724767,385875,68096,50203,180365,116517,20149,20,17
2021-06-29T23:59:59+02:00,3381,3024,42620,40398,53837,49499,64431,65346,85820,88437,98595,98443,69557,75794,49507,60629,13931,23909,12241,11595,20868,20881,25983,30265,41498,48476,47666,51148,53388,59072,44019,53700,12790,21752,718787,373867,68045,48695,180351,113137,19955,20,17
2021-06-28T23:59:59+02:00,3164,2844,41655,39392,53180,48856,63974,64966,85436,88048,98262,98100,69419,75633,49442,60529,13913,23886,11738,11145,20216,20291,25023,29371,39407,46535,46041,49786,52283,58027,43657,53195,12711,21632,712629,364395,67939,47670,180342,109461,19769,20,17
2021-06-27T23:59:59+02:00,3159,2841,41620,39360,53138,48825,63939,64934,85384,88013,98211,98073,69402,75621,49433,60515,13908,23883,11544,10951,19891,19974,24446,28813,38385,45688,44885,48695,51256,57020,43224,52690,12629,21496,712435,359817,67914,47229,180305,105158,19585,20,17
2021-06-26T23:59:59+02:00,2677,2367,40220,37985,52402,48073,63385,64371,84898,87498,97787,97640,69211,75445,49360,60411,13889,23860,11430,10851,19722,19822,24249,28597,37910,45251,44519,48346,51142,56876,43178,52642,12624,21481,703689,356884,67890,47223,180305,105140,19575,20,17
2021-06-25T23:59:59+02:00,2270,2033,39364,37163,52051,47710,63056,64047,84616,87185,97536,97374,69107,75332,49313,60349,13874,23838,11126,10541,19340,19399,23728,27981,35215,42951,42337,46433,50804,56498,43079,52513,12600,21451,698603,345323,67755,46777,180298,104495,19542,20,17
2021-06-24T23:59:59+02:00,2216,1983,38874,36702,51702,47378,62842,63844,84384,86992,97351,97222,69026,75266,49278,60303,13868,23822,10525,9957,18279,18531,22309,26733,33116,41117,39908,44140,49325,54857,42509,51812,12483,21248,695669,332474,67731,44174,180276,100949,19357,20,17
2021-06-23T23:59:59+02:00,2204,1960,38645,36465,51540,47216,62737,63742,84290,86898,97276,97138,68995,75235,49261,60281,13865,23812,10069,9527,17651,17985,21375,25884,31188,39492,35948,39686,48034,53498,42124,51307,12402,21082,694458,316984,67704,43553,180262,97649,19118,18,17
2021-06-22T23:59:59+02:00,2126,1898,37657,35524,50796,46544,62260,63302,83914,86489,96913,96827,68848,75096,49195,60201,13852,23779,9594,9082,16787,17301,20154,24813,28066,36725,33647,37814,47081,52530,41715,50749,12262,20848,688327,304828,67663,40814,180253,94581,18960,18,17
2021-06-21T23:59:59+02:00,1980,1759,36300,34290,49775,45664,61541,62644,83418,86019,96475,96426,68679,74925,49130,60107,13840,23744,9278,8785,16327,16938,19528,24330,26329,35169,32118,36523,46033,51453,41262,50200,12156,20657,680353,297509,67637,40172,180238,90939,18470,18,17
2021-06-20T23:59:59+02:00,1969,1750,36215,34237,49637,45552,61409,62517,83340,85963,96408,96368,68645,74897,49115,60089,13840,23733,9131,8683,16113,16769,19212,24072,25511,34515,31181,35577,45838,51251,41231,50148,12147,20637,679747,293727,67600,39582,180220,90610,18099,18,17
2021-06-19T23:59:59+02:00,1601,1449,34592,32681,48728,44729,60920,62009,82871,85484,95999,96014,68495,74731,49050,60007,13825,23709,9091,8604,16012,16648,19094,23922,25405,34357,31054,35439,45742,51155,41213,50123,12143,20627,670996,292395,67587,39579,180214,90577,18079,18,16
2021-06-18T23:59:59+02:00,1406,1276,32938,31083,47513,43536,59984,61093,82067,84740,95381,95436,68276,74511,48960,59868,13809,23679,9016,8517,15856,16498,18909,23733,25155,34118,30770,35120,45450,50811,41128,50047,12130,20613,659833,290228,67462,39463,180213,90151,18030,18,16
2021-06-17T23:59:59+02:00,1330,1217,32005,30235,46640,42830,59180,60248,81329,84092,94971,95055,68135,74367,48917,59792,13794,23650,8477,8148,15170,15939,18085,22910,24051,32993,29290,33768,44125,49308,40643,49436,12011,20425,652886,281293,67351,38639,180180,87496,17352,18,16
2021-06-16T23:59:59+02:00,1247,1153,31308,29531,45842,42081,58262,59378,80550,83324,94552,94677,67996,74207,48860,59701,13775,23624,7985,7824,14556,15428,17319,22188,22919,32041,28114,32663,42237,47197,40100,48857,11903,20240,645821,271593,67235,38040,180158,85103,16836,18,16
2021-06-15T23:59:59+02:00,1105,1034,29419,27728,44088,40540,56680,57739,79164,82008,93797,94009,67709,73915,48748,59543,13742,23559,7808,7693,14253,15190,16958,21890,22403,31661,27589,32240,41301,46182,39719,48436,11780,20020,630850,268543,67190,37537,180118,82691,16351,18,16
2021-06-14T23:59:59+02:00,1012,921,27869,26249,42480,39023,55023,56091,78065,80903,93102,93382,67457,73674,48652,59420,13722,23515,7622,7518,13876,14860,16437,21453,21717,31082,26912,31647,40919,45760,39337,47988,11649,19815,617600,265886,67136,37128,180089,79858,15717,18,16
2021-06-13T23:59:59+02:00,988,896,27667,26066,42098,38693,54485,55572,77718,80600,92909,93191,67367,73594,48615,59364,13707,23490,7479,7347,13609,14568,16055,21061,21290,30594,26382,31149,40521,45356,38879,47424,11470,19530,614901,263812,67003,37060,180058,76799,15040,18,16
2021-06-12T23:59:59+02:00,859,781,26131,24461,40926,37608,53811,54838,77185,80105,92358,92666,67212,73416,48546,59287,13694,23469,7433,7296,13488,14459,15922,20951,21106,30447,26266,31052,40504,45340,38871,47414,11470,19529,605306,263036,66999,37058,180051,76472,14979,18,16
2021-06-11T23:59:59+02:00,745,672,24502,22923,39564,36414,52584,53631,76216,79254,91781,92091,66976,73182,48484,59179,13675,23434,7376,7207,13318,14276,15712,20760,20837,30192,25997,30796,40196,44964,38786,47300,11453,19501,593503,261156,66921,36913,180043,75777,14822,18,16
2021-06-10T23:59:59+02:00,645,585,23506,21909,38342,35231,50983,52130,74897,78062,90170,90546,66622,72788,48357,59006,13650,23380,7095,6982,12798,13841,15084,20194,20077,29438,25206,30124,39496,44103,38436,46886,11340,19318,580596,257722,66446,36881,179991,72054,13758,18,16
2021-06-09T23:59:59+02:00,575,536,23056,21518,37685,34709,49873,51094,73658,76866,89579,90041,66496,72643,48307,58921,13635,23350,6820,6670,12199,13239,14304,19385,19163,28417,24224,28968,36930,41192,37871,46241,11192,19078,573440,247424,65990,36806,179950,68517,13144,18,15
2021-06-08T23:59:59+02:00,469,425,21536,20039,36069,33340,47765,49137,71522,74933,88108,88560,66182,72257,48172,58762,13603,23306,6690,6493,11825,12873,13825,18900,18562,27817,23669,28436,36647,40940,37582,45875,11084,18922,556052,245787,65714,36730,179918,65138,12483,18,15
2021-06-07T23:59:59+02:00,354,331,20527,19052,34523,32001,45489,47113,69386,73057,87131,87709,65960,71993,48098,58627,13583,23271,6537,6330,11405,12525,13287,18423,17835,27231,23038,27840,36327,40635,37164,45394,10971,18726,540842,243803,65544,36666,179864,61260,11937,18,15
2021-06-06T23:59:59+02:00,331,310,20344,18907,34130,31718,44884,46548,68771,72576,86920,87542,65904,71934,48087,58600,13576,23259,6404,6161,11084,12113,12861,17853,17198,26421,22341,27036,35861,40162,36684,44841,10815,18458,537739,241369,65221,36618,179821,56762,11542,18,15
2021-06-05T23:59:59+02:00,259,245,19093,17623,32789,30500,43655,45371,68197,72059,86390,87032,65813,71832,48039,58551,13569,23247,6353,6080,10981,11960,12738,17683,17030,26213,22173,26853,35799,40083,36662,44817,10813,18453,527710,240782,65221,36204,179793,56181,11522,18,15
2021-06-04T23:59:59+02:00,178,176,17893,16468,31470,29204,42097,43874,66854,70742,85579,86280,65626,71619,47962,58459,13553,23219,6251,5936,10805,11754,12523,17431,16674,25828,21653,26415,34915,39232,36348,44517,10796,18430,514845,238951,65154,35878,179785,53226,11451,18,14
2021-06-03T23:59:59+02:00,123,123,17254,15891,30485,28379,40642,42588,65085,69211,83325,83996,65202,71167,47834,58297,13535,23181,6080,5729,10499,11403,12206,16971,16229,25170,21109,25835,34249,38444,36174,44315,10763,18380,501065,236635,64461,35493,179744,50396,11030,18,14
2021-06-02T23:59:59+02:00,94,80,16909,15578,30177,28119,39975,41966,63496,67820,82386,83196,65060,71003,47774,58214,13532,23166,5966,5638,10329,11250,11982,16761,15936,24867,20769,25444,31010,34823,35947,44092,10734,18326,493555,227974,64460,35162,179743,49966,10769,18,14
2021-06-01T23:59:59+02:00,38,45,16116,14905,28682,27030,37620,39910,59940,64639,79960,80880,64710,70637,47646,58026,13498,23111,5689,5353,9814,10818,11451,16170,15273,24077,20029,24691,30665,34526,35749,43913,10706,18264,475234,226507,62906,34656,179676,46464,9559,18,13
2021-05-31T23:59:59+02:00,30,37,15545,14427,27748,26333,35656,38243,56500,61613,77928,79175,64377,70281,47502,57851,13465,23059,5527,5138,9406,10455,11021,15693,14739,23395,19404,23985,30378,34274,35566,43719,10670,18207,459456,225833,62190,34270,179610,42975,8496,18,13
2021-05-30T23:59:59+02:00,29,34,15399,14301,27469,26107,35204,37837,55790,60995,77609,78901,64316,70223,47477,57816,13461,23049,5424,4946,9079,10088,10611,15209,14292,22597,18877,23216,29702,33561,35340,43525,10648,18146,456489,225382,61757,34190,179564,37497,8189,18,13
2021-05-29T23:59:59+02:00,27,33,15001,13901,26613,25287,33443,36242,54305,59699,77020,78335,64165,70074,47424,57763,13454,23035,5390,4870,9017,9977,10521,15096,14186,22451,18747,23079,29672,33538,35334,43517,10647,18143,446335,224910,61725,34190,179559,36898,8184,18,13
2021-05-28T23:59:59+02:00,24,32,14590,13495,25795,24538,31591,34476,52132,57693,75964,77340,63960,69824,47372,57686,13444,23012,5305,4753,8844,9831,10368,14927,14028,22215,18539,22777,29603,33490,35317,43501,10646,18139,434350,224248,61255,34184,179471,35974,7874,18,13
2021-05-27T23:59:59+02:00,20,27,13964,13026,24730,23816,30347,33549,50525,56319,72865,74355,63518,69287,47237,57524,13420,22958,5191,4513,8516,9495,9968,14501,13590,21584,18039,22180,29381,33286,35208,43389,10624,18111,422198,223618,59296,34114,178846,32712,7129,18,13
2021-05-26T23:59:59+02:00,19,25,13475,12596,23818,23164,29430,32854,49437,55392,69905,71164,62906,68678,47102,57354,13390,22912,5105,4348,8261,9180,9670,14114,13234,20985,17604,21583,29189,33119,35110,43285,10598,18061,411373,223017,57121,33996,178349,29670,6760,18,13
2021-05-25T23:59:59+02:00,19,21,13131,12296,23240,22759,28379,31999,46841,53160,67640,69038,62555,68311,46989,57205,13372,22861,5022,4224,8053,8923,9416,13743,12921,20465,17226,21036,29032,32966,35026,43182,10572,18006,399530,222475,56056,33915,177727,26934,6485,18,13
2021-05-24T23:59:59+02:00,18,20,12832,12014,22740,22377,27763,31550,44219,50729,65186,66851,62248,68013,46879,57079,13339,22805,4950,4118,7803,8691,9099,13366,12594,19954,16840,20480,28890,32828,34952,43110,10550,17960,387879,221910,55574,33851,177063,24292,6128,18,13
2021-05-23T23:59:59+02:00,18,20,12771,11944,22645,22294,27683,31474,43963,50499,64600,66302,62168,67924,46854,57061,13337,22803,4930,4103,7766,8661,9041,13335,12516,19894,16766,20426,28881,32815,34949,43104,10550,17959,385677,221639,55494,33845,177049,24086,6122,18,13
2021-05-22T23:59:59+02:00,18,20,12547,11705,22323,21989,26679,30586,42128,48916,63745,65564,62007,67733,46788,56970,13327,22780,4914,4048,7739,8599,9000,13272,12486,19812,16736,20361,28871,32805,34945,43098,10549,17958,377185,221552,55483,33845,177043,23696,6096,18,13
2021-05-21T23:59:59+02:00,18,19,12242,11452,21753,21551,25871,29900,39740,47025,61774,63899,61746,67462,46704,56882,13312,22755,4895,4020,7685,8511,8933,13183,12408,19718,16663,20277,28855,32780,34938,43088,10547,17957,366788,221354,54424,33831,176852,23246,6023,18,13
2021-05-20T23:59:59+02:00,17,19,11621,10873,20635,20665,24730,28879,38235,45747,59433,61832,60928,66562,46505,56624,13278,22700,4614,3841,7284,8218,8494,12786,11954,19207,16246,19757,28734,32685,34887,43037,10543,17947,356318,220957,52071,33722,175576,20251,5300,18,13
2021-05-19T23:59:59+02:00,17,19,11181,10559,19848,20120,23883,28285,37333,45063,56199,58196,60236,65859,46396,56490,13256,22653,4461,3674,7029,7974,8217,12457,11626,18780,15877,19334,28636,32572,34845,42963,10533,17932,345871,220482,50455,33608,174439,18006,4810,18,13
2021-05-18T23:59:59+02:00,17,19,10848,10273,19275,19669,23242,27728,35935,43840,54791,57071,59867,65436,46266,56328,13231,22628,4353,3549,6783,7742,7959,12175,11394,18379,15532,18905,28553,32483,34815,42924,10529,17925,340516,220198,48617,33528,172957,15914,4356,18,13
2021-05-17T23:59:59+02:00,16,18,10628,10091,18842,19384,22810,27420,34734,42844,53483,56038,59619,65190,46203,56229,13215,22595,4281,3462,6575,7524,7708,11883,11137,17985,15224,18502,28463,32397,34791,42882,10523,17912,336453,219914,47626,33461,171438,14046,3824,18,13
2021-05-16T23:59:59+02:00,16,17,10438,9959,18547,19182,22475,27181,34097,42385,52245,54869,59425,65026,46167,56175,13204,22575,4213,3386,6357,7358,7416,11629,10871,17632,14931,18139,28399,32335,34775,42864,10516,17908,334024,219672,46748,33398,169815,12278,3378,18,12
2021-05-15T23:59:59+02:00,16,17,10340,9858,18396,19036,22306,27041,33712,42016,51851,54493,59308,64878,46119,56130,13201,22559,4172,3351,6273,7293,7323,11526,10769,17513,14823,18009,28305,32217,34684,42771,10512,17903,331630,218584,46747,33396,169680,12259,3202,18,12
2021-05-14T23:59:59+02:00,15,17,10056,9649,17963,18796,21907,26756,31355,40242,49702,52639,59091,64651,46071,56047,13185,22537,4042,3266,5987,7131,7015,11302,10419,17162,14478,17681,27732,31511,34563,42578,10494,17874,322479,215279,46694,33392,169067,12139,2422,17,12
2021-05-13T23:59:59+02:00,15,17,9593,9272,17169,18232,21035,26078,30236,39257,47460,50468,58244,63679,45862,55764,13146,22465,3538,3068,5650,6876,6703,10995,10012,16773,14102,17248,26837,30314,34139,42062,10463,17812,313986,210691,44829,32840,167047,10944,2114,16,12
2021-05-12T23:59:59+02:00,15,17,9300,9081,16734,17976,20565,25793,29708,38872,44457,46826,57670,63039,45778,55651,13128,22440,3397,2980,5419,6765,6425,10850,9730,16564,13863,16984,26192,29495,33975,41867,10437,17778,304818,207671,44006,32814,166755,10776,1457,14,12
2021-05-11T23:59:59+02:00,15,15,8858,8796,15962,17461,19705,25177,27967,37427,42526,45324,57292,62592,45693,55516,13108,22412,3277,2849,5189,6423,6124,10435,9366,16003,13426,16428,24768,27829,33466,41245,10386,17693,299329,201709,40947,32631,164268,9277,1288,14,11
2021-05-10T23:59:59+02:00,15,14,8596,8643,15449,17210,19075,24861,26976,36745,41069,44179,57032,62321,45614,55413,13087,22383,3167,2721,4958,6192,5869,10109,9038,15527,13063,16010,23721,26499,32979,40659,10351,17635,296063,197063,40040,32605,161592,7855,974,13,9
2021-05-09T23:59:59+02:00,15,14,8437,8559,15141,17027,18698,24611,26308,36320,39288,42520,56736,62043,45561,55355,13079,22365,3046,2667,4778,6055,5700,9936,8842,15322,12895,15836,23447,26167,32835,40484,10341,17620,293111,195871,39668,32564,158585,6835,700,13,9
2021-05-08T23:59:59+02:00,15,14,8363,8483,14964,16882,18488,24413,26082,36082,39057,42331,56609,61894,45524,55318,13076,22355,3039,2649,4746,6019,5658,9890,8765,15258,12809,15766,23079,25741,32550,40173,10333,17604,291560,194685,39213,31860,158464,6833,700,13,9
2021-05-07T23:59:59+02:00,14,13,8189,8385,14641,16700,18106,24180,25659,35794,38604,41953,56334,61539,45475,55271,13071,22345,2735,2515,4396,5833,5389,9628,8453,14946,12416,15370,21984,24369,31905,39342,10305,17554,289033,191241,38783,30361,158138,5231,306,13,9
2021-05-06T23:59:59+02:00,13,13,7536,8023,13747,16102,17054,23334,24321,34682,36457,40292,55206,60220,45233,54966,13036,22279,2608,2402,4222,5637,5179,9318,8110,14504,11984,14915,20679,22688,31052,38338,10254,17443,278406,185630,37505,29401,156321,4032,269,13,9
2021-05-05T23:59:59+02:00,11,13,6995,7716,12963,15551,16028,22570,22941,33658,34634,38807,53370,58183,44916,54620,13003,22213,2519,2342,4048,5479,4990,9106,7765,14165,11617,14559,19292,20907,29864,36926,10214,17342,266972,179518,36583,28232,154534,3294,90,13,9
2021-05-04T23:59:59+02:00,11,12,6806,7621,12606,15379,15545,22299,22300,33313,33673,38113,52513,57223,44795,54494,12985,22172,2463,2271,3895,5309,4815,8848,7425,13757,11189,14099,17641,18984,28770,35598,10120,17222,263220,172714,35716,27295,152877,2361,35,12,9
2021-05-03T23:59:59+02:00,11,12,6659,7474,12231,15163,15040,21990,21592,32909,32524,37223,52214,56907,44699,54387,12970,22140,2404,2200,3802,5129,4675,8612,7209,13408,10868,13691,16440,17491,27891,34500,10056,17115,259937,167155,35257,26944,150914,1366,25,12,9
2021-05-02T23:59:59+02:00,11,12,6579,7384,12021,14991,14746,21757,21117,32589,31373,36277,51931,56616,44637,54297,12954,22109,2391,2193,3781,5097,4646,8576,7143,13336,10786,13602,16129,17098,27595,34194,10044,17103,257513,165596,35186,26834,148666,1261,24,12,7
2021-05-01T23:59:59+02:00,11,12,6561,7359,11959,14946,14669,21698,21017,32516,31246,36185,51925,56600,44633,54296,12952,22107,2388,2184,3758,5080,4604,8551,7106,13299,10726,13547,15931,16875,27479,34057,10041,17093,256955,164630,35186,26807,148515,1259,24,12,7
2021-04-30T23:59:59+02:00,11,12,6524,7321,11869,14857,14564,21581,20822,32330,31008,35994,51653,56240,44588,54242,12947,22095,2359,2163,3696,5018,4508,8442,6955,13114,10449,13283,15121,15849,26609,32984,10000,17004,255183,161428,35143,24916,148297,1188,23,12,7
2021-04-29T23:59:59+02:00,11,12,6319,7198,11549,14670,14211,21345,20304,32042,30254,35504,51005,55415,44497,54128,12923,22020,2322,2117,3604,4929,4383,8306,6761,12897,10173,12998,14150,14617,25306,31441,9939,16912,252023,155737,35049,24170,146301,927,22,12,7
2021-04-28T23:59:59+02:00,11,12,6052,7033,11173,14338,13723,20880,19667,31438,29087,34377,48340,52412,44206,53803,12860,21942,2283,2077,3535,4869,4268,8191,6601,12713,9927,12778,13007,13137,23817,29564,9878,16809,242100,149773,34923,22964,144309,708,10,12,7
2021-04-27T23:59:59+02:00,11,12,5950,6941,11024,14217,13523,20719,19390,31228,28527,33992,48133,52192,44150,53753,12852,21920,2241,2043,3444,4775,4175,8082,6435,12529,9648,12502,11798,11576,22165,27411,9802,16664,240740,142972,34876,21779,142896,531,10,12,6
2021-04-26T23:59:59+02:00,11,12,5902,6896,10907,14152,13362,20598,19162,31018,27698,33423,47796,51826,44098,53688,12843,21891,2218,2015,3391,4732,4113,8013,6334,12397,9459,12327,10883,10419,20885,25664,9744,16578,240024,137706,34849,21039,140388,421,10,12,4
2021-04-25T23:59:59+02:00,11,12,5856,6849,10804,14057,13202,20445,18918,30735,26938,32686,47299,51314,44015,53588,12829,21871,2191,2004,3361,4713,4095,7994,6301,12356,9402,12267,10722,10227,20643,25341,9734,16564,238329,136852,34806,20695,138272,362,10,12,4
2021-04-24T23:59:59+02:00,11,12,5835,6801,10729,13972,13106,20304,18787,30559,26777,32507,47199,51191,43922,53493,12825,21866,2184,1994,3337,4686,4056,7948,6229,12283,9272,12150,10565,10046,20511,25210,9718,16546,236869,136330,34788,20055,138217,344,10,12,4
2021-04-23T23:59:59+02:00,11,12,5771,6709,10599,13773,12907,20051,18478,30183,26385,32146,46255,50058,43768,53248,12802,21834,2166,1973,3296,4651,4008,7893,6134,12193,9107,12022,10298,9748,20187,24790,9670,16466,232484,135208,34731,19055,137753,333,10,12,4
2021-04-22T23:59:59+02:00,11,12,5668,6594,10391,13578,12557,19720,17969,29711,25757,31554,44525,47906,43196,52518,12756,21733,2152,1962,3256,4598,3932,7819,6006,12093,8848,11857,9868,9341,19735,24202,9620,16388,226247,133092,34621,18277,135266,301,10,12,4
2021-04-21T23:59:59+02:00,11,11,5572,6456,10162,13376,12229,19407,17467,29217,25042,30826,40255,43043,42720,51983,12690,21629,2140,1953,3221,4562,3877,7761,5928,12000,8672,11697,9538,8958,19235,23612,9561,16293,214154,131451,34555,17272,133365,278,10,12,4
2021-04-20T23:59:59+02:00,11,11,5492,6366,9969,13160,11954,19144,17046,28809,24490,30265,38500,41033,42068,51208,12620,21491,2115,1940,3182,4536,3811,7716,5796,11904,8500,11569,9255,8638,18765,22947,9464,16152,207943,130090,34465,15969,131208,224,10,11,4
2021-04-19T23:59:59+02:00,11,10,5412,6288,9810,13033,11753,18939,16684,28428,23948,29797,36946,39241,41480,50482,12564,21402,2099,1921,3147,4501,3771,7672,5757,11834,8417,11478,9019,8355,18362,22381,9418,16062,202923,128404,34409,15579,128877,204,10,9,4
2021-04-18T23:59:59+02:00,11,9,5350,6237,9680,12950,11555,18802,16406,28230,23545,29486,35640,37879,41132,50076,12532,21340,2087,1905,3118,4479,3745,7656,5712,11788,8366,11429,8919,8264,18209,22193,9405,16039,201391,127917,34369,15191,125081,199,10,9,4
2021-04-17T23:59:59+02:00,11,9,5344,6221,9645,12919,11510,18762,16329,28164,23481,29428,35331,37541,41025,49979,12526,21329,2077,1897,3091,4467,3687,7611,5641,11737,8280,11378,8809,8155,18105,22076,9384,16026,200166,127116,34360,15101,125009,197,10,9,4
2021-04-16T23:59:59+02:00,11,9,5280,6182,9556,12859,11377,18650,16118,28004,23132,29080,34252,36282,40616,49453,12506,21295,1944,1809,2864,4289,3330,7296,4875,11209,6793,10292,6320,6121,16307,20400,9194,15729,196011,117856,34272,10714,124360,195,10,9,4
2021-04-15T23:59:59+02:00,11,9,5213,6091,9356,12689,11081,18402,15622,27611,22442,28482,32354,33964,39575,48244,12430,21131,1899,1777,2799,4225,3213,7177,4657,11027,6416,9981,5860,5723,15716,19716,9008,15399,190197,114735,34221,9663,120270,188,10,9,4
2021-04-14T23:59:59+02:00,11,8,5153,6045,9188,12560,10862,18225,15221,27298,21796,28002,30431,31714,38359,46828,12356,20946,1817,1722,2716,4159,3104,7085,4453,10860,6110,9729,5379,5310,15132,19027,8806,15049,183833,112114,34085,8205,117066,132,10,9,4
2021-04-13T23:59:59+02:00,11,8,5105,5991,9051,12430,10683,18055,14880,27023,21274,27537,28334,29266,37102,45235,12216,20742,1772,1705,2678,4116,3049,7024,4322,10720,5840,9519,5039,5006,14685,18578,8674,14848,176957,110695,34019,6838,113948,35,10,9,4
2021-04-12T23:59:59+02:00,10,8,5043,5943,8942,12293,10479,17907,14559,26743,20733,27081,26296,26997,35945,43771,12089,20545,1739,1662,2649,4097,3023,6971,4262,10653,5736,9419,4878,4861,14386,18209,8563,14649,171244,109858,33944,5859,110177,33,10,9,4
2021-04-11T23:59:59+02:00,10,8,5004,5900,8851,12214,10321,17806,14296,26565,20310,26757,25098,25711,35239,42987,12001,20397,1730,1656,2628,4077,3001,6946,4229,10607,5649,9352,4787,4807,14271,18087,8525,14598,169463,109660,33873,5255,106120,28,10,9,4
2021-04-10T23:59:59+02:00,10,8,4993,5886,8810,12187,10266,17771,14228,26516,20214,26677,24784,25337,34894,42568,11994,20376,1725,1651,2619,4069,2987,6930,4200,10578,5592,9313,4709,4728,14145,17925,8479,14514,168251,108874,33151,5255,106098,28,10,9,4
2021-04-09T23:59:59+02:00,10,8,4946,5853,8725,12109,10143,17647,14060,26340,19953,26436,23950,24184,33941,41361,11961,20303,1697,1621,2565,4034,2915,6868,4049,10465,5338,9088,4289,4355,13584,17211,8253,14149,164892,105201,31637,5247,105385,28,7,9,4
2021-04-08T23:59:59+02:00,10,8,4869,5788,8578,11998,9929,17470,13664,26027,19348,25968,22248,22205,32258,39395,11815,20069,1667,1605,2511,3987,2834,6781,3901,10327,5045,8823,3837,3931,12598,15968,7782,13391,159147,100234,30732,4726,101752,23,7,9,4
2021-04-07T23:59:59+02:00,10,7,4822,5736,8397,11921,9701,17321,13344,25800,18880,25608,20437,20093,30501,37138,11700,19858,1634,1589,2456,3935,2772,6701,3792,10181,4856,8633,3576,3642,11915,15162,7413,12846,153109,96932,29558,4154,98591,12,7,9,4
2021-04-06T23:59:59+02:00,10,7,4775,5691,8253,11809,9540,17156,13026,25534,18361,25223,18587,18032,28584,34651,11505,19516,1599,1570,2433,3909,2739,6664,3727,10137,4774,8544,3467,3519,11438,14517,7131,12439,146288,94627,28598,3964,95359,11,7,8,4
2021-04-05T23:59:59+02:00,10,7,4744,5649,8157,11720,9401,17056,12815,25323,17960,24876,16860,16098,26958,32507,11361,19294,1579,1559,2403,3890,2710,6616,3684,10078,4689,8429,3356,3412,11100,14149,6975,12160,140879,93238,28163,3535,91741,11,7,6,4
2021-04-04T23:59:59+02:00,10,7,4736,5643,8149,11709,9388,17043,12790,25303,17932,24851,16728,15924,26762,32260,11352,19281,1578,1558,2401,3887,2708,6613,3682,10075,4685,8426,3346,3399,11089,14137,6972,12152,140159,93158,28071,3535,91628,11,6,4,4
2021-04-03T23:59:59+02:00,10,7,4732,5635,8135,11701,9368,17023,12751,25272,17854,24789,16648,15835,26717,32203,11347,19274,1575,1556,2392,3879,2690,6599,3658,10047,4603,8371,3228,3284,11007,14063,6966,12142,139632,92510,28043,3535,91616,11,6,4,4
2021-04-02T23:59:59+02:00,10,7,4706,5615,8078,11647,9305,16955,12612,25166,17619,24589,16197,15358,26242,31630,11315,19221,1573,1547,2379,3873,2683,6583,3637,10015,4534,8278,3159,3216,10770,13764,6814,11940,138430,91219,26634,3531,91198,11,6,4,4
2021-04-01T23:59:59+02:00,9,7,4663,5554,7966,11506,9174,16795,12339,24881,17174,24190,15449,14632,25487,30672,11190,19038,1556,1525,2348,3841,2661,6553,3597,9976,4465,8213,3048,3087,9841,12648,6203,11094,136197,87218,25970,3427,88551,9,4,4,4
2021-03-31T23:59:59+02:00,9,7,4454,5474,7856,11384,9034,16630,12121,24605,16822,23825,14753,13870,24655,29664,11085,18846,1547,1520,2334,3821,2635,6525,3549,9927,4394,8142,2958,2997,9271,11953,5840,10599,134403,84800,24514,3201,86169,9,4,4,4
2021-03-30T23:59:59+02:00,9,7,4423,5421,7784,11257,8948,16471,11959,24415,16545,23516,14161,13228,23899,28687,10948,18605,1533,1510,2314,3796,2609,6496,3510,9862,4326,8071,2834,2851,8689,11300,5490,10113,132929,82494,23304,2803,84042,5,4,4,4
2021-03-29T23:59:59+02:00,9,7,4382,5363,7684,11144,8841,16309,11800,24143,16217,23170,13620,12630,23140,27716,10795,18360,1515,1497,2295,3780,2588,6467,3475,9806,4262,7996,2781,2783,8402,10915,5300,9804,131093,81115,22553,2544,81676,5,4,4,4
2021-03-28T23:59:59+02:00,9,7,4348,5278,7599,11036,8764,16157,11665,23913,15959,22897,13296,12321,22574,27026,10621,18081,1506,1492,2273,3766,2574,6438,3435,9756,4224,7939,2733,2732,8324,10811,5257,9739,130594,80775,22034,2217,78915,5,4,4,4
2021-03-27T23:59:59+01:00,9,7,4334,5267,7573,11006,8698,16086,11565,23818,15817,22781,13090,12108,22373,26815,10586,18052,1505,1490,2270,3764,2573,6437,3422,9732,4213,7917,2723,2725,8268,10746,5223,9699,129713,80483,21391,2217,78873,5,4,4,4
2021-03-26T23:59:59+01:00,9,7,4291,5198,7464,10875,8522,15903,11231,23518,15205,22276,12172,11288,21590,25979,10445,17828,1500,1476,2264,3743,2560,6414,3405,9706,4172,7880,2693,2686,8090,10528,5106,9531,125687,79643,19784,2102,78322,5,4,4,4
2021-03-25T23:59:59+01:00,9,6,4232,5039,7303,10597,8279,15499,10847,22896,14565,21578,11502,10628,20725,24913,10132,17292,1480,1462,2232,3717,2525,6375,3368,9658,4101,7799,2559,2548,7116,9279,4500,8626,122419,75471,19011,1866,74605,5,3,4,4
2021-03-24T23:59:59+01:00,9,6,4156,4898,7165,10312,8065,15085,10585,22349,14097,20972,10899,10069,19795,23827,9809,16731,1459,1432,2206,3680,2480,6339,3326,9595,4023,7700,2460,2449,6473,8519,4119,8047,119832,72852,17826,1450,71166,4,1,4,4
2021-03-23T23:59:59+01:00,9,6,4116,4804,7058,10078,7911,14746,10328,21846,13696,20480,10435,9627,19076,22977,9499,16270,1447,1414,2180,3659,2460,6312,3265,9541,3931,7626,2367,2347,5747,7593,3674,7360,118375,69794,16724,1125,67859,4,0,4,4
2021-03-22T23:59:59+01:00,9,6,4064,4724,6931,9838,7752,14426,10072,21382,13347,19983,10044,9271,18513,22268,9312,15930,1438,1407,2171,3645,2448,6296,3242,9518,3901,7593,2306,2296,5295,6988,3328,6871,117494,67700,16327,1038,64047,4,0,4,4
2021-03-21T23:59:59+01:00,9,6,4017,4619,6799,9573,7584,14071,9849,20843,13006,19459,9724,8993,17984,21665,9122,15623,1435,1404,2170,3634,2445,6289,3236,9509,3891,7579,2292,2277,5178,6856,3270,6770,117299,67192,15933,1038,59710,4,0,4,4
2021-03-20T23:59:59+01:00,9,6,4006,4597,6764,9519,7526,14000,9765,20738,12900,19370,9637,8899,17849,21491,9072,15536,1432,1400,2166,3631,2440,6284,3223,9499,3872,7569,2257,2245,4855,6483,3086,6529,116476,65928,15838,1038,59366,4,0,4,4
2021-03-19T23:59:59+01:00,8,6,3831,4456,6474,9267,7085,13577,8852,20008,11172,18043,6787,6558,15619,19294,8719,14975,1428,1396,2161,3624,2428,6271,3211,9475,3822,7523,2190,2204,4486,6011,2824,6214,107210,64257,11133,1006,56384,4,0,4,4
2021-03-18T23:59:59+01:00,8,5,3726,4323,6297,8958,6820,13137,8461,19351,10533,17306,6079,5905,14406,17827,8212,14160,1424,1390,2137,3597,2410,6235,3182,9432,3781,7488,2143,2170,4067,5483,2543,5805,102112,62385,10130,898,53268,3,0,4,4
2021-03-17T23:59:59+01:00,8,5,3648,4249,6165,8814,6653,12959,8167,19041,10133,16914,5674,5522,13590,16897,7819,13585,1414,1378,2121,3578,2380,6202,3151,9403,3744,7452,2087,2110,3661,5037,2294,5422,98887,60667,8448,763,52504,3,0,4,4
2021-03-16T23:59:59+01:00,7,5,3570,4114,6013,8543,6447,12591,7853,18457,9586,16258,5153,5069,12777,15935,7489,13094,1405,1369,2112,3561,2365,6188,3135,9383,3719,7426,2059,2074,3143,4397,1960,4916,96577,58449,7047,759,49333,3,0,4,4
2021-03-15T23:59:59+01:00,7,5,3523,3966,5827,8266,6229,12182,7579,17885,9150,15634,4838,4788,12124,15192,7226,12637,1405,1359,2096,3546,2345,6163,3117,9335,3695,7387,2023,2024,2780,3938,1676,4524,95086,56665,6077,744,45891,3,0,4,4
2021-03-14T23:59:59+01:00,7,5,3477,3834,5600,7937,5944,11738,7273,17167,8689,14882,4525,4516,11834,14936,7181,12538,1398,1353,2080,3517,2330,6113,3099,9277,3678,7348,2016,2013,2702,3831,1624,4440,94968,56266,5472,550,41639,2,0,4,4
2021-03-13T23:59:59+01:00,7,5,3461,3793,5561,7825,5885,11622,7191,17024,8544,14730,4373,4367,11742,14850,7175,12527,1398,1353,2080,3517,2329,6113,3098,9276,3677,7348,2013,2005,2650,3776,1590,4386,94279,56056,5472,550,40927,2,0,4,4
2021-03-12T23:59:59+01:00,7,5,3443,3721,5505,7689,5823,11475,7107,16800,8409,14497,4266,4271,11473,14527,7021,12312,1398,1353,2076,3511,2328,6105,3094,9270,3676,7342,2011,2003,2564,3666,1510,4300,92863,55654,5464,550,40020,2,0,4,4
2021-03-11T23:59:59+01:00,7,5,3365,3526,5297,7391,5592,11055,6769,16135,7977,13859,3931,3937,10402,13272,6373,11411,1393,1350,2066,3498,2309,6080,3071,9236,3652,7309,1982,1978,2326,3404,1360,4081,88695,54575,5047,517,36558,2,0,4,4
2021-03-10T23:59:59+01:00,7,5,3270,3408,5084,7121,5379,10698,6499,15590,7642,13313,3711,3710,9761,12480,5989,10878,1388,1339,2039,3460,2279,5990,3023,9114,3594,7191,1938,1902,2110,3167,1231,3893,86233,53373,4678,282,33630,2,0,4,4
2021-03-09T23:59:59+01:00,6,5,3196,3278,4929,6932,5185,10419,6270,15158,7345,12810,3528,3505,9133,11778,5617,10361,1381,1329,2003,3400,2248,5888,2962,8970,3527,7110,1909,1876,1836,2851,1063,3648,83970,51963,4424,35,31057,2,0,4,4
2021-03-08T23:59:59+01:00,6,5,3130,3119,4703,6667,4948,10066,6011,14648,6983,12222,3329,3313,8746,11335,5420,10049,1378,1310,1989,3322,2217,5794,2923,8824,3494,7017,1894,1854,1636,2620,945,3458,82503,50641,4063,33,28130,0,0,4,4
2021-03-07T23:59:59+01:00,6,5,3098,3060,4629,6555,4865,9953,5906,14485,6867,12077,3279,3271,8662,11230,5382,9982,1372,1305,1982,3310,2209,5767,2916,8785,3482,6998,1886,1842,1580,2553,893,3391,82153,50237,3898,33,27257,0,0,4,4
2021-03-06T23:59:59+01:00,6,5,3084,3002,4585,6465,4831,9890,5848,14371,6819,11968,3255,3248,8606,11164,5348,9939,1370,1292,1977,3296,2197,5740,2913,8757,3471,6979,1878,1818,1553,2529,888,3382,81837,50006,3898,33,26695,0,0,4,4
2021-03-05T23:59:59+01:00,6,5,3060,2909,4527,6356,4769,9792,5785,14220,6719,11815,3211,3193,8422,10934,5229,9767,1361,1259,1947,3241,2173,5633,2871,8623,3427,6841,1835,1773,1489,2458,866,3356,80939,49119,3890,33,25886,0,0,4,4
2021-03-04T23:59:59+01:00,4,5,3007,2716,4368,6117,4551,9482,5579,13800,6408,11426,3033,3017,7408,9644,4610,8855,1341,1209,1909,3118,2141,5450,2825,8346,3371,6609,1765,1683,1453,2409,862,3338,76797,47796,3620,32,23609,0,0,4,4
2021-03-03T23:59:59+01:00,3,5,2968,2644,4227,5926,4386,9214,5377,13423,6155,11006,2912,2887,6764,8875,4217,8253,1329,1171,1882,3046,2119,5339,2793,8169,3318,6451,1696,1639,1412,2339,842,3285,74089,46798,3391,32,21758,0,0,4,3
2021-03-02T23:59:59+01:00,3,5,2907,2555,4043,5710,4179,8941,5179,13047,5888,10632,2766,2730,5998,7911,3755,7548,1296,1128,1855,2974,2095,5200,2744,7897,3269,6253,1625,1579,1348,2260,822,3242,70933,45555,2945,32,19915,0,0,4,3
2021-03-01T23:59:59+01:00,3,4,2867,2493,3877,5559,3992,8722,4991,12725,5649,10245,2666,2616,5509,7257,3403,7043,1290,1092,1832,2873,2068,5007,2703,7647,3209,6017,1582,1543,1300,2201,796,3203,68786,44331,2646,32,18185,0,0,4,3
2021-02-28T23:59:59+01:00,3,4,2826,2444,3719,5441,3771,8532,4808,12475,5463,9940,2609,2544,5386,7101,3341,6942,1286,1087,1828,2859,2059,4983,2696,7611,3199,6000,1574,1536,1294,2192,794,3193,68309,44160,2428,31,16608,0,0,4,3
2021-02-27T23:59:59+01:00,3,3,2811,2379,3693,5361,3737,8463,4774,12385,5428,9866,2568,2510,5057,6714,3145,6692,1279,1079,1821,2847,2046,4948,2677,7546,3183,5944,1556,1527,1288,2181,791,3192,67003,43875,2428,30,16154,0,0,4,3
2021-02-26T23:59:59+01:00,3,3,2791,2338,3653,5276,3671,8361,4713,12277,5343,9779,2491,2457,4680,6233,2876,6369,1220,1029,1771,2738,1997,4767,2623,7272,3110,5732,1495,1476,1265,2159,777,3183,65213,42586,2302,29,15795,0,0,4,2
2021-02-25T23:59:59+01:00,3,3,2617,2229,3469,5095,3489,8138,4509,11991,5124,9505,2404,2392,4232,5681,2588,5948,1204,972,1740,2630,1944,4493,2552,6878,3015,5446,1451,1433,1245,2144,775,3174,63358,41072,1980,26,14075,0,0,4,1
2021-02-24T23:59:59+01:00,3,3,2462,2091,3279,4903,3341,7932,4312,11737,4905,9257,2267,2273,3779,5171,2331,5555,1189,943,1717,2544,1910,4354,2492,6621,2963,5240,1420,1402,1227,2124,771,3155,61595,40055,1511,18,12491,0,0,4,1
2021-02-23T23:59:59+01:00,3,3,2325,1953,3100,4675,3186,7701,4140,11464,4723,9011,2181,2179,3226,4506,1993,5043,1175,895,1686,2449,1871,4161,2424,6322,2865,4980,1362,1347,1198,2081,758,3130,59395,38691,1164,14,10849,0,0,4,1
2021-02-22T23:59:59+01:00,3,3,2285,1902,3015,4582,3116,7593,4046,11278,4616,8886,2131,2138,2862,4044,1707,4657,1163,836,1654,2323,1828,3915,2348,5928,2739,4682,1300,1292,1175,2048,752,3109,57724,37089,1080,4,10056,0,0,4,1
2021-02-21T23:59:59+01:00,3,3,2249,1870,2964,4513,3034,7479,3965,11131,4550,8769,2117,2115,2778,3930,1652,4569,1159,818,1637,2270,1803,3806,2315,5773,2676,4558,1268,1269,1165,2034,745,3096,57293,36389,1047,4,9347,0,0,4,1
2021-02-20T23:59:59+01:00,3,3,2238,1867,2942,4500,3018,7443,3939,11098,4529,8748,2114,2107,2724,3873,1617,4514,1159,815,1637,2268,1802,3797,2314,5768,2675,4554,1267,1266,1164,2031,744,3095,57078,36353,1046,4,9149,0,0,4,1
2021-02-19T23:59:59+01:00,2,3,2226,1854,2906,4448,2993,7355,3894,11016,4475,8685,2106,2101,2636,3760,1537,4421,1107,806,1598,2260,1792,3788,2304,5747,2666,4542,1261,1255,1153,2026,739,3088,56666,36129,1015,4,8733,0,0,4,1
2021-02-18T23:59:59+01:00,2,3,2094,1758,2749,4263,2869,7157,3757,10728,4335,8480,2074,2067,2396,3494,1385,4199,1028,771,1523,2162,1743,3665,2232,5589,2610,4455,1247,1235,1148,2012,729,3070,55607,35216,948,4,7251,0,0,4,1
2021-02-17T23:59:59+01:00,2,3,2050,1709,2657,4130,2760,6943,3604,10387,4194,8237,2016,1984,2177,3265,1261,4012,874,708,1414,2036,1668,3475,2138,5365,2536,4284,1213,1190,1123,1967,714,3030,54544,33733,803,3,6040,0,0,4,1
2021-02-16T23:59:59+01:00,2,3,1877,1596,2484,3923,2621,6668,3443,10032,4018,7930,1972,1957,1902,2946,1091,3760,847,686,1342,1961,1600,3333,2044,5193,2439,4153,1152,1143,1065,1877,682,2937,53217,32453,767,2,4237,0,0,4,1
2021-02-15T23:59:59+01:00,2,3,1842,1540,2396,3754,2543,6395,3320,9665,3903,7661,1946,1929,1687,2708,970,3574,829,673,1313,1915,1559,3265,1989,5021,2376,4053,1087,1103,1001,1786,663,2844,52123,31477,754,1,2957,0,0,4,1
2021-02-14T23:59:59+01:00,2,3,1752,1509,2351,3693,2501,6305,3250,9562,3857,7583,1935,1919,1629,2649,920,3515,814,663,1296,1890,1532,3242,1955,4980,2351,3998,1077,1094,994,1776,660,2832,51789,31154,725,1,2417,0,0,4,1
2021-02-13T23:59:59+01:00,2,3,1751,1497,2341,3686,2495,6291,3246,9546,3850,7573,1927,1899,1606,2629,917,3505,814,663,1296,1890,1532,3242,1955,4980,2351,3998,1077,1094,994,1776,660,2832,51635,31154,725,1,2400,0,0,4,1
2021-02-12T23:59:59+01:00,2,3,1671,1411,2242,3574,2415,6117,3141,9308,3727,7308,1880,1842,1543,2557,894,3478,808,656,1284,1868,1517,3223,1947,4949,2335,3978,1072,1089,993,1757,660,2802,50695,30939,725,0,1689,0,0,4,1
2021-02-11T23:59:59+01:00,2,3,1468,1273,2060,3359,2286,5825,2989,8875,3568,6962,1808,1740,1501,2496,880,3455,780,605,1189,1688,1392,2949,1808,4590,2171,3692,1022,1028,951,1686,627,2671,49300,28850,684,0,562,0,0,4,1
2021-02-10T23:59:59+01:00,2,3,1372,1224,1972,3232,2217,5651,2907,8597,3457,6732,1737,1692,1456,2429,864,3398,566,521,967,1463,1253,2641,1623,4128,1968,3313,905,901,830,1435,548,2355,48133,25418,644,0,161,0,0,4,1
2021-02-09T23:59:59+01:00,2,3,1337,1174,1935,3140,2190,5470,2840,8257,3387,6473,1664,1630,1395,2369,847,3361,303,384,748,1200,1066,2266,1413,3590,1719,2861,736,737,662,1148,438,1909,46876,21181,515,0,80,0,0,3,1
2021-02-08T23:59:59+01:00,2,3,1330,1139,1904,3021,2152,5248,2788,7977,3328,6237,1623,1596,1350,2314,831,3341,267,343,646,1045,960,2048,1253,3199,1522,2545,633,618,558,969,381,1659,45757,18647,345,0,79,0,0,3,1
2021-02-07T23:59:59+01:00,2,3,1303,1123,1875,2969,2127,5166,2759,7874,3286,6172,1607,1580,1335,2295,820,3326,233,287,598,955,900,1893,1160,2973,1424,2373,593,598,537,936,371,1630,45475,17463,144,0,0,0,0,3,0
2021-02-06T23:59:59+01:00,2,3,1298,1117,1869,2957,2118,5138,2746,7830,3275,6127,1594,1572,1330,2285,817,3325,214,253,576,918,872,1827,1118,2855,1367,2291,577,580,530,936,371,1630,45256,16917,144,0,0,0,0,3,0
2021-02-05T23:59:59+01:00,2,3,1237,1065,1820,2846,2066,4942,2687,7534,3198,5911,1531,1518,1311,2259,809,3318,198,223,541,871,838,1747,1080,2738,1314,2192,543,556,519,912,361,1605,43910,16240,144,0,0,0,0,3,0
2021-02-04T23:59:59+01:00,2,3,1225,1001,1779,2697,1995,4630,2604,7089,3098,5584,1486,1485,1293,2243,806,3310,170,169,468,753,739,1608,969,2500,1201,1978,496,504,476,858,343,1492,42292,14726,36,0,0,0,0,2,0
2021-02-03T23:59:59+01:00,2,3,1207,972,1749,2616,1956,4484,2537,6827,3046,5369,1449,1453,1264,2208,788,3281,139,140,393,641,623,1371,823,2122,1004,1687,378,369,341,644,240,1131,41173,12048,36,0,0,0,0,2,0
2021-02-02T23:59:59+01:00,2,3,1189,916,1717,2516,1913,4261,2464,6495,2939,5096,1395,1407,1241,2178,779,3257,118,116,316,520,520,1136,678,1792,814,1377,280,269,263,472,188,847,39730,9708,36,0,0,0,0,2,0
2021-02-01T23:59:59+01:00,1,3,1176,856,1682,2391,1863,4015,2387,6102,2817,4800,1328,1325,1210,2132,768,3232,85,76,216,349,347,741,430,1155,479,858,174,164,152,279,100,494,38050,6099,36,0,0,0,0,2,0
2021-01-31T23:59:59+01:00,1,3,1171,838,1665,2333,1839,3892,2355,5919,2750,4681,1297,1302,1199,2117,761,3220,74,70,183,279,270,575,341,902,397,691,148,148,144,271,96,480,37308,5069,33,0,0,0,0,2,0
2021-01-30T23:59:59+01:00,1,3,1171,835,1664,2328,1837,3881,2353,5908,2747,4671,1296,1298,1198,2116,761,3219,70,63,151,232,242,507,306,784,354,616,147,141,139,267,96,479,37253,4594,32,0,0,0,0,2,0
2021-01-29T23:59:59+01:00,1,3,1118,826,1625,2321,1826,3874,2345,5894,2739,4659,1292,1295,1194,2116,761,3219,62,45,114,177,198,353,249,635,310,488,136,132,127,256,93,479,37077,3854,30,0,0,0,0,1,0
2021-01-28T23:59:59+01:00,1,3,1043,801,1567,2261,1793,3805,2298,5823,2706,4605,1280,1283,1187,2110,752,3205,40,20,72,105,129,206,154,380,202,291,103,101,102,205,83,432,36495,2625,27,0,0,0,0,1,0
2021-01-27T23:59:59+01:00,1,3,893,750,1476,2185,1726,3690,2226,5693,2648,4480,1252,1239,1163,2071,740,3173,29,12,62,86,104,162,122,323,175,247,95,84,91,186,79,401,35390,2258,18,0,0,0,0,1,0
2021-01-26T23:59:59+01:00,1,3,879,731,1411,2111,1663,3560,2139,5521,2560,4369,1197,1199,1117,2000,716,3124,28,11,59,83,100,156,118,309,174,237,93,79,84,165,68,355,34288,2119,12,0,0,0,0,1,0
2021-01-25T23:59:59+01:00,1,3,866,710,1379,2051,1632,3463,2094,5355,2503,4279,1146,1174,1070,1943,698,3065,26,11,56,83,97,154,117,307,173,237,92,78,83,164,66,352,33428,2096,3,0,0,0,0,1,0
2021-01-24T23:59:59+01:00,1,3,863,709,1373,2040,1627,3446,2086,5329,2492,4247,1142,1167,1065,1936,697,3060,26,11,56,83,96,153,117,307,173,236,92,78,83,164,66,352,33279,2093,3,0,0,0,0,1,0
2021-01-23T23:59:59+01:00,1,3,863,709,1373,2040,1627,3446,2086,5329,2492,4247,1142,1167,1065,1936,697,3060,26,11,56,83,96,153,117,307,172,236,92,78,83,164,66,352,33279,2092,3,0,0,0,0,1,0
2021-01-22T23:59:59+01:00,1,3,863,699,1359,2018,1611,3422,2073,5295,2476,4227,1140,1162,1064,1913,696,3027,26,11,56,83,96,153,117,307,171,236,92,78,83,164,66,352,33045,2091,3,0,0,0,0,1,0
2021-01-21T23:59:59+01:00,1,3,832,662,1281,1863,1512,3232,1977,5023,2368,4031,1102,1106,1035,1844,664,2919,24,10,52,78,88,145,107,278,157,213,79,70,74,144,54,300,31451,1873,3,0,0,0,0,1,0
2021-01-20T23:59:59+01:00,1,3,629,563,1087,1644,1378,2958,1800,4619,2165,3693,977,988,917,1615,599,2649,22,10,51,74,85,144,99,265,146,194,69,64,69,122,45,268,28281,1727,3,0,0,0,0,1,0
2021-01-19T23:59:59+01:00,1,3,342,417,835,1387,1177,2618,1565,4090,1905,3244,810,820,753,1342,501,2244,18,7,36,52,56,78,73,178,102,131,52,49,48,91,34,207,24051,1212,2,0,0,0,0,1,0
2021-01-18T23:59:59+01:00,1,3,300,376,723,1199,1056,2364,1373,3592,1667,2864,682,671,608,1098,427,1860,7,3,11,17,19,27,24,50,25,46,12,11,13,33,7,61,20862,366,1,0,0,0,0,1,0
2021-01-17T23:59:59+01:00,1,3,259,321,657,1105,978,2193,1275,3317,1552,2653,637,642,581,1042,406,1802,0,0,1,0,2,2,2,1,2,2,1,4,1,0,0,1,19423,19,1,0,0,0,0,0,0
2021-01-16T23:59:59+01:00,1,3,242,289,641,1072,954,2130,1234,3207,1501,2580,621,625,573,1042,406,1801,0,0,0,0,1,2,1,1,1,2,0,1,1,0,0,1,18921,11,1,0,0,0,0,0,0
2021-01-15T23:59:59+01:00,1,3,227,256,612,1024,927,2052,1200,3091,1449,2484,590,599,566,1021,399,1789,0,0,0,0,0,0,0,0,0,0,0,0,0,0,0,0,18290,0,0,0,0,0,0,0,0
2021-01-14T23:59:59+01:00,1,2,197,204,552,902,838,1909,1107,2868,1334,2301,546,556,528,977,393,1747,0,0,0,0,0,0,0,0,0,0,0,0,0,0,0,0,16962,0,0,0,0,0,0,0,0
2021-01-13T23:59:59+01:00,1,2,166,185,503,833,766,1783,1009,2635,1180,2076,433,439,401,772,295,1350,0,0,0,0,0,0,0,0,0,0,0,0,0,0,0,0,14829,0,0,0,0,0,0,0,0
2021-01-12T23:59:59+01:00,1,2,144,164,471,764,716,1628,919,2432,1073,1842,344,331,310,552,213,962,0,0,0,0,0,0,0,0,0,0,0,0,0,0,0,0,12868,0,0,0,0,0,0,0,0
2021-01-11T23:59:59+01:00,0,1,115,127,395,634,626,1375,755,1974,847,1456,213,193,171,324,115,565,0,0,0,0,0,0,0,0,0,0,0,0,0,0,0,0,9886,0,0,0,0,0,0,0,0
2021-01-10T23:59:59+01:00,0,1,89,92,305,458,471,995,548,1447,623,1060,176,170,159,311,110,552,0,0,0,0,0,0,0,0,0,0,0,0,0,0,0,0,7567,0,0,0,0,0,0,0,0
2021-01-09T23:59:59+01:00,0,1,78,84,259,395,401,863,481,1230,547,902,169,160,154,306,110,550,0,0,0,0,0,0,0,0,0,0,0,0,0,0,0,0,6690,0,0,0,0,0,0,0,0
2021-01-08T23:59:59+01:00,0,1,65,64,186,287,304,584,366,932,441,683,161,155,138,294,108,550,0,0,0,0,0,0,0,0,0,0,0,0,0,0,0,0,5319,0,0,0,0,0,0,0,0
2021-01-07T23:59:59+01:00,0,0,46,24,78,121,137,230,164,419,223,339,116,121,123,251,98,504,0,0,0,0,0,0,0,0,0,0,0,0,0,0,0,0,2994,0,0,0,0,0,0,0,0
2021-01-06T23:59:59+01:00,0,0,32,17,69,92,116,180,136,342,194,275,97,93,97,205,83,429,0,0,0,0,0,0,0,0,0,0,0,0,0,0,0,0,2457,0,0,0,0,0,0,0,0
2021-01-05T23:59:59+01:00,0,0,29,12,59,87,106,166,121,327,180,253,96,88,95,198,81,411,0,0,0,0,0,0,0,0,0,0,0,0,0,0,0,0,2309,0,0,0,0,0,0,0,0
2021-01-04T23:59:59+01:00,0,0,26,11,56,84,98,157,116,312,178,241,95,85,88,184,71,380,0,0,0,0,0,0,0,0,0,0,0,0,0,0,0,0,2182,0,0,0,0,0,0,0,0
2021-01-03T23:59:59+01:00,0,0,26,11,56,84,98,157,116,312,178,241,95,85,87,183,71,380,0,0,0,0,0,0,0,0,0,0,0,0,0,0,0,0,2180,0,0,0,0,0,0,0,0
2021-01-02T23:59:59+01:00,0,0,26,11,56,84,98,157,116,312,177,241,95,85,87,183,71,380,0,0,0,0,0,0,0,0,0,0,0,0,0,0,0,0,2179,0,0,0,0,0,0,0,0
2021-01-01T23:59:59+01:00,0,0,26,11,56,84,98,157,116,312,175,240,95,85,87,183,71,380,0,0,0,0,0,0,0,0,0,0,0,0,0,0,0,0,2176,0,0,0,0,0,0,0,0
2020-12-31T23:59:59+01:00,0,0,26,11,56,84,98,157,116,312,175,240,95,85,87,183,71,380,0,0,0,0,0,0,0,0,0,0,0,0,0,0,0,0,2176,0,0,0,0,0,0,0,0
2020-12-30T23:59:59+01:00,0,0,25,11,56,83,97,154,116,311,175,240,95,85,87,183,71,380,0,0,0,0,0,0,0,0,0,0,0,0,0,0,0,0,2169,0,0,0,0,0,0,0,0
2020-12-29T23:59:59+01:00,0,0,18,8,41,59,74,91,86,216,128,188,73,73,65,151,56,304,0,0,0,0,0,0,0,0,0,0,0,0,0,0,0,0,1631,0,0,0,0,0,0,0,0
2020-12-28T23:59:59+01:00,0,0,8,5,17,28,31,45,40,111,53,101,30,40,37,91,29,175,0,0,0,0,0,0,0,0,0,0,0,0,0,0,0,0,841,0,0,0,0,0,0,0,0
2020-12-27T23:59:59+01:00,0,0,2,2,4,5,7,11,10,23,6,22,5,7,6,25,3,48,0,0,0,0,0,0,0,0,0,0,0,0,0,0,0,0,186,0,0,0,0,0,0,0,0
