Datum,<15_m,<15_w,15-24_1_m,15-24_1_w,25-34_1_m,25-34_1_w,35-44_1_m,35-44_1_w,45-54_1_m,45-54_1_w,55-64_1_m,55-64_1_w,65-74_1_m,65-74_1_w,75-84_1_m,75-84_1_w,>84_1_m,>84_1_w,<24_2_m,<24_2_w,25-34_2_m,25-34_2_w,35-44_2_m,35-44_2_w,45-54_2_m,45-54_2_w,55-64_2_m,55-64_2_w,65-74_2_m,65-74_2_w,75-84_2_m,75-84_2_w,>84_2_m,>84_2_w,bp_1,bp_2,mo_1,mo_2,az_1,az_2,ja,unb_1,unb_2
2021-08-23T23:59:59+02:00,7708,7109,54250,51189,61392,56863,70740,71553,92271,94494,104305,103620,72226,78606,50816,62388,14259,24631,48755,46200,57523,52571,67039,67345,88373,90110,100456,99871,70309,76434,49556,60735,13916,23812,789990,745920,69439,66684,181774,174691,37196,21,43
2021-08-22T23:59:59+02:00,7681,7085,54167,51114,61339,56800,70702,71497,92229,94452,104263,103592,72207,78592,50807,62375,14258,24627,48640,46095,57435,52481,66968,67285,88312,90053,100414,99830,70283,76414,49541,60717,13913,23807,789571,745267,69429,66676,181754,174644,37012,21,43
2021-08-21T23:59:59+02:00,7675,7082,54142,51099,61321,56788,70686,71483,92217,94435,104253,103582,72202,78590,50807,62374,14258,24626,48619,46077,57415,52473,66952,67266,88294,90038,100405,99821,70283,76411,49541,60716,13913,23807,789503,745176,69386,66661,181751,174638,36959,21,43
2021-08-20T23:59:59+02:00,7644,7048,54055,51024,61250,56727,70622,71422,92156,94373,104200,103547,72177,78561,50795,62349,14250,24616,48526,46002,57347,52410,66892,67216,88240,89979,100346,99785,70261,76390,49534,60701,13905,23803,788975,744678,69316,66652,181748,174616,36756,21,43
2021-08-19T23:59:59+02:00,7579,6969,53921,50906,61110,56617,70509,71312,92044,94285,104109,103457,72130,78506,50766,62309,14241,24596,48393,45901,57233,52324,66804,67139,88149,89900,100251,99722,70229,76362,49514,60677,13901,23794,787966,744046,69279,66620,181733,174572,36367,21,43
2021-08-18T23:59:59+02:00,7505,6912,53776,50772,60988,56508,70397,71218,91935,94200,104010,103378,72072,78455,50733,62273,14231,24575,48276,45775,57121,52230,66714,67064,88036,89814,100178,99652,70184,76324,49495,60654,13895,23778,786984,743351,69251,66597,181726,174523,35956,21,43
2021-08-17T23:59:59+02:00,7422,6833,53616,50609,60888,56385,70282,71098,91832,94097,103904,103280,72023,78413,50705,62248,14223,24564,48089,45598,56993,52097,66597,66961,87911,89722,100070,99559,70133,76275,49471,60636,13888,23766,785916,742340,69229,66566,181721,174474,35535,21,43
2021-08-16T23:59:59+02:00,7349,6772,53490,50479,60793,56275,70185,71003,91741,93993,103813,103181,71980,78363,50677,62205,14215,24556,47953,45485,56891,52028,66504,66879,87814,89642,99988,99463,70092,76239,49447,60610,13881,23761,785053,741723,69182,66531,181708,174409,35106,21,43
2021-08-15T23:59:59+02:00,7301,6733,53410,50396,60725,56209,70120,70939,91686,93945,103762,103135,71945,78336,50670,62190,14211,24547,47847,45389,56796,51941,66436,66815,87741,89581,99933,99417,70055,76207,49435,60590,13876,23749,784584,741244,69172,66503,181698,174329,34785,21,43
2021-08-14T23:59:59+02:00,7280,6717,53337,50327,60678,56169,70085,70892,91648,93907,103723,103099,71924,78328,50661,62179,14209,24545,47605,45117,56634,51755,66288,66663,87608,89459,99820,99309,70006,76164,49424,60567,13872,23744,784107,739424,69165,66497,181698,174320,34717,21,43
2021-08-13T23:59:59+02:00,7243,6682,53229,50232,60595,56088,70031,70824,91573,93852,103672,103054,71901,78307,50649,62168,14207,24538,47098,44615,56394,51487,66059,66416,87336,89209,99624,99107,69919,76065,49386,60507,13866,23724,783361,735954,69161,66489,181698,174247,34604,21,43
2021-08-12T23:59:59+02:00,7214,6656,53127,50162,60534,56014,69961,70778,91504,93795,103613,103010,71871,78274,50635,62152,14205,24524,46603,44174,56116,51186,65801,66196,87082,88990,99289,98838,69817,75931,49332,60443,13855,23696,782934,732916,69136,66466,181683,173802,34255,21,43
2021-08-11T23:59:59+02:00,7150,6586,52963,49991,60404,55896,69876,70686,91398,93691,103514,102904,71810,78209,50604,62112,14199,24509,45926,43552,55739,50806,65545,65903,86790,88729,98958,98471,69677,75787,49273,60344,13844,23668,781768,728821,69115,66432,181674,173369,33924,21,43
2021-08-10T23:59:59+02:00,7075,6502,52766,49806,60266,55778,69774,70566,91274,93562,103394,102801,71759,78152,50574,62081,14191,24500,44971,42646,55075,50157,65057,65453,86332,88249,98473,98015,69478,75591,49181,60247,13824,23631,780426,722585,69106,66403,181668,172865,33600,21,43
2021-08-09T23:59:59+02:00,7033,6457,52655,49717,60192,55707,69720,70506,91207,93493,103327,102743,71717,78117,50568,62065,14187,24492,43960,41584,54365,49470,64586,65027,85890,87814,97963,97548,69297,75369,49101,60124,13799,23595,779881,716138,69038,66359,181657,172306,33306,21,43
2021-08-08T23:59:59+02:00,6988,6419,52590,49652,60147,55677,69687,70483,91155,93446,103274,102702,71696,78096,50554,62045,14181,24487,43906,41522,54298,49426,64530,64994,85824,87757,97900,97499,69273,75341,49082,60100,13791,23588,779607,715873,69033,66345,181643,172227,32975,21,43
2021-08-07T23:59:59+02:00,6951,6379,52480,49526,60079,55603,69632,70419,91085,93385,103223,102655,71679,78079,50544,62039,14181,24486,42940,40495,53739,48849,64097,64591,85453,87366,97582,97154,69130,75198,49026,60019,13774,23570,778834,709503,69028,66330,181643,172219,32899,21,41
2021-08-06T23:59:59+02:00,6911,6318,52342,49397,60004,55538,69566,70335,91008,93311,103164,102602,71655,78056,50533,62021,14179,24481,42258,39886,53492,48585,63875,64353,85221,87148,97354,96954,69047,75107,48984,59979,13768,23557,777968,705907,69025,66250,181642,172082,32765,21,41
2021-08-05T23:59:59+02:00,6804,6211,52089,49173,59835,55352,69425,70194,90852,93166,103027,102469,71596,77994,50507,61981,14166,24463,41427,39193,52977,48125,63509,64011,84771,86751,96737,96440,68863,74924,48919,59881,13750,23526,776373,701399,68974,66203,181612,170955,32324,21,41
2021-08-04T23:59:59+02:00,6717,6127,51894,48947,59687,55176,69315,70045,90718,93051,102909,102354,71536,77932,50481,61935,14155,24434,40584,38401,52605,47728,63194,63699,84402,86422,96326,96040,68700,74754,48843,59785,13735,23492,774987,696837,68933,66187,181598,170163,31874,21,41
2021-08-03T23:59:59+02:00,6643,6072,51727,48810,59563,55055,69224,69956,90620,92954,102815,102273,71485,77897,50461,61911,14147,24420,39594,37447,51812,47056,62655,63180,83886,85943,95620,95411,68460,74541,48752,59671,13714,23449,773966,690625,68924,66168,181591,168988,31531,21,41
2021-08-02T23:59:59+02:00,6594,6029,51593,48671,59473,54977,69142,69888,90568,92884,102740,102212,71447,77855,50441,61889,14140,24407,38316,36272,50848,46248,61948,62604,83284,85379,94824,94714,68208,74286,48666,59540,13694,23411,773279,683007,68876,66125,181564,167676,31210,21,41
2021-08-01T23:59:59+02:00,6552,5977,51421,48511,59329,54867,69049,69775,90461,92793,102653,102121,71407,77818,50419,61848,14136,24391,38133,36136,50695,46157,61821,62512,83105,85240,94374,94312,68092,74178,48627,59491,13684,23391,772244,682376,68848,66070,181546,166365,30869,21,41
2021-07-31T23:59:59+02:00,6509,5944,51326,48392,59274,54797,69001,69733,90421,92764,102627,102097,71396,77806,50411,61845,14136,24388,36525,34621,49790,45294,61285,61948,82600,84727,93893,93880,67902,73973,48548,59396,13666,23358,771642,673229,68844,66063,181546,166250,30814,21,41
2021-07-30T23:59:59+02:00,6474,5891,51175,48256,59193,54715,68931,69676,90348,92684,102572,102059,71379,77783,50402,61822,14133,24384,35059,33209,48817,44343,60558,61262,81917,84110,93212,93303,67669,73740,48443,59246,13647,23327,770886,663709,68820,66052,181540,165946,30610,21,41
2021-07-29T23:59:59+02:00,6359,5771,50744,47888,58981,54447,68740,69486,90159,92498,102412,101922,71304,77701,50370,61767,14118,24366,34330,32592,48196,43900,60161,60917,81495,83760,92446,92631,67473,73586,48381,59160,13627,23298,768577,659877,68768,65916,181498,164310,30169,21,41
2021-07-28T23:59:59+02:00,6287,5708,50488,47692,58849,54298,68617,69393,90035,92377,102306,101828,71247,77644,50346,61729,14109,24349,34002,32296,47884,43670,59938,60706,81321,83598,92210,92434,67399,73521,48352,59126,13614,23288,767272,658215,68738,65828,181471,163793,29800,21,41
2021-07-27T23:59:59+02:00,6236,5662,50327,47553,58714,54207,68523,69308,89937,92268,102199,101754,71205,77591,50317,61696,14102,24336,32541,30884,46613,42571,59107,59921,80719,83075,91195,91587,67124,73238,48265,58999,13584,23247,766392,649551,68714,65762,181447,162011,29361,21,41
2021-07-26T23:59:59+02:00,6213,5633,50205,47464,58613,54122,68448,69255,89849,92208,102135,101705,71167,77555,50293,61676,14097,24327,31170,29620,45292,41448,58007,58937,80019,82443,90029,90562,66817,72967,48175,58883,13561,23205,765854,640480,68648,65673,181409,159716,29033,21,41
2021-07-25T23:59:59+02:00,6195,5615,50091,47357,58527,54056,68388,69198,89785,92152,102077,101659,71134,77519,50276,61653,14094,24317,30962,29461,45030,41253,57753,58712,79749,82240,89072,89711,66611,72794,48108,58810,13550,23181,765450,639318,68636,65559,181385,157261,28601,21,41
2021-07-24T23:59:59+02:00,6161,5586,49973,47264,58464,53993,68340,69143,89740,92109,102037,101620,71129,77513,50273,61650,14093,24313,29349,27858,43867,40161,57057,58000,79133,81667,88430,89148,66432,72602,48037,58709,13536,23158,764851,629214,68628,65548,181377,157122,28524,21,41
2021-07-23T23:59:59+02:00,6077,5499,49795,47087,58369,53888,68232,69041,89635,92007,101947,101526,71093,77456,50252,61619,14089,24307,27647,26322,42606,39078,56130,57113,78444,81055,87723,88485,66162,72330,47959,58608,13515,23128,763476,618649,68624,65387,181358,156653,28440,21,41
2021-07-22T23:59:59+02:00,5939,5385,49499,46805,58168,53688,68060,68874,89452,91855,101791,101394,71028,77374,50212,61567,14078,24288,26824,25488,41686,38265,55188,56285,77701,80428,86052,86983,65791,71931,47851,58476,13484,23076,761550,610147,68582,64891,181327,155179,27977,21,41
2021-07-21T23:59:59+02:00,5662,5101,48963,46277,57861,53375,67829,68597,89176,91608,101520,101127,70901,77243,50153,61502,14069,24262,26569,25266,41265,37985,54752,55901,77335,80149,85243,86378,65625,71802,47796,58410,13466,23051,757942,608194,68557,64621,181303,153402,27403,21,41
2021-07-20T23:59:59+02:00,5585,5027,48677,45999,57690,53170,67654,68452,88996,91456,101357,100983,70824,77177,50114,61455,14060,24234,25399,24113,39965,36953,53415,54702,76435,79379,83883,85035,65322,71460,47689,58273,13438,23006,756261,597808,68552,64476,181259,151818,26817,21,41
2021-07-19T23:59:59+02:00,5505,4942,48349,45673,57475,52960,67487,68250,88811,91280,101208,100821,70749,77095,50073,61405,14051,24205,24567,23270,38657,35831,51684,53203,75174,78333,82774,84055,65032,71203,47598,58155,13414,22967,754465,587780,68542,64331,181229,150035,26082,21,41
2021-07-18T23:59:59+02:00,5498,4941,48283,45620,57385,52886,67424,68184,88724,91214,101137,100756,70717,77054,50047,61372,14049,24193,24432,23167,38396,35617,51359,52920,74926,78142,81876,83291,64847,71026,47542,58082,13409,22945,754199,586732,68519,64173,181189,147807,25556,21,41
2021-07-17T23:59:59+02:00,5472,4905,48184,45541,57312,52824,67364,68128,88665,91153,101094,100737,70710,77039,50042,61366,14049,24192,23037,21693,37001,34317,50112,51728,74326,77589,81242,82696,64718,70878,47476,58021,13400,22925,753641,575835,68517,64149,181184,147670,25414,21,41
2021-07-16T23:59:59+02:00,5368,4827,47940,45308,57188,52718,67249,68018,88529,91058,100989,100635,70665,76989,50019,61348,14043,24185,21775,20443,35697,33069,48660,50406,73321,76657,80541,82036,64499,70658,47395,57921,13381,22892,752200,564182,68517,64090,181178,147468,25160,21,41
2021-07-15T23:59:59+02:00,5226,4700,47542,44983,56979,52518,67058,67835,88317,90858,100801,100469,70568,76888,49971,61274,14033,24156,21166,19939,34769,32372,47427,49469,72146,75745,78386,79909,63901,70061,47252,57744,13362,22829,750142,554858,68501,63064,181131,145621,24381,21,41
2021-07-14T23:59:59+02:00,4854,4372,46950,44408,56748,52251,66855,67633,88105,90616,100584,100272,70462,76778,49906,61191,14022,24132,20961,19792,34515,32218,47061,49171,71618,75358,77721,79375,63579,69786,47171,57660,13340,22794,746692,553076,68487,62883,181080,143719,23859,21,39
2021-07-13T23:59:59+02:00,4765,4293,46747,44254,56581,52099,66693,67485,87949,90489,100438,100146,70390,76716,49867,61145,14018,24116,20395,19257,33491,31404,45450,47716,69865,73700,76123,77823,63206,69395,47043,57490,13311,22743,745331,542176,68470,62114,181007,142107,23362,21,39
2021-07-12T23:59:59+02:00,4700,4217,46561,44064,56431,51958,66538,67359,87776,90350,100282,100008,70315,76633,49830,61093,14011,24098,19915,18819,32702,30781,43788,46263,67491,71625,74233,76322,62676,68811,46901,57328,13283,22694,744072,531075,68449,61552,180908,139534,22774,21,39
2021-07-11T23:59:59+02:00,4695,4213,46489,44011,56373,51908,66489,67323,87716,90301,100210,99949,70278,76590,49820,61078,14009,24084,19709,18672,32364,30535,43345,45891,67034,71268,73454,75627,62279,68434,46831,57238,13268,22661,743934,529310,68440,61229,180842,137063,22299,21,39
2021-07-10T23:59:59+02:00,4569,4079,46206,43699,56188,51713,66342,67149,87585,90161,100111,99843,70222,76533,49799,61052,14006,24075,19145,18113,31412,29669,41596,44307,65554,69989,72820,75010,62114,68283,46778,57186,13261,22647,741842,518676,68436,61213,180831,137019,22202,21,39
2021-07-09T23:59:59+02:00,4442,3963,45933,43445,56020,51522,66185,66990,87434,89999,99979,99737,70169,76460,49763,61011,14001,24063,18548,17537,30440,28711,39633,42376,63255,67863,71659,73870,61842,67958,46702,57060,13244,22622,739799,504960,68425,60831,180825,136613,22046,21,39
2021-07-08T23:59:59+02:00,4410,3938,45794,43332,55900,51404,66057,66888,87313,89878,99856,99640,70117,76406,49742,60972,13990,24050,17606,16730,29042,27674,37915,40929,61124,66045,68305,70719,60951,66989,46461,56719,13199,22527,739068,489702,68369,58765,180756,134033,21473,21,39
2021-07-07T23:59:59+02:00,4399,3933,45726,43289,55824,51360,65976,66846,87259,89838,99813,99589,70101,76384,49733,60954,13986,24040,16641,15870,27662,26665,36394,39701,59509,64590,65082,67249,59938,65951,46225,56398,13149,22454,738778,474407,68326,56866,180703,131890,21222,21,39
2021-07-06T23:59:59+02:00,4345,3885,45582,43162,55695,51220,65872,66737,87153,89750,99735,99505,70063,76324,49715,60926,13983,24026,15867,15124,26585,25754,34559,37996,56115,61571,62436,64798,59186,65162,45953,56064,13108,22351,737659,456540,68306,56052,180642,129763,21050,21,39
2021-07-05T23:59:59+02:00,4284,3841,45406,42988,55548,51124,65756,66629,87038,89656,99651,99411,70000,76260,49694,60899,13980,24011,15208,14494,25626,24940,33337,36866,53016,58602,59665,62336,58350,64353,45703,55753,13063,22274,736494,440472,68273,55695,180565,127286,20823,21,39
2021-07-04T23:59:59+02:00,4276,3835,45359,42962,55488,51098,65717,66608,87000,89625,99619,99383,69977,76240,49688,60884,13975,24001,14999,14289,25189,24591,32742,36338,52351,58076,58683,61473,57691,63723,45521,55551,13044,22227,736322,436391,68243,55491,180497,124607,20652,21,37
2021-07-03T23:59:59+02:00,4056,3658,44823,42396,55167,50726,65427,66334,86756,89365,99421,99185,69904,76168,49665,60838,13971,23990,14712,13968,24838,24239,31762,35418,50609,56524,57817,60736,57518,63528,45454,55466,13032,22202,732519,427810,68230,55476,180490,124565,20590,21,37
2021-07-02T23:59:59+02:00,3748,3371,44169,41804,54841,50395,65144,66032,86485,89113,99186,98961,69800,76055,49613,60769,13965,23973,14292,13518,24138,23631,30605,34357,47984,54361,55688,58949,57124,63102,45295,55310,13016,22164,728184,415316,68213,54425,180477,123836,20530,20,17
2021-07-01T23:59:59+02:00,3610,3261,43817,41451,54639,50222,64990,65873,86333,88975,99033,98841,69729,75987,49583,60735,13957,23958,13600,12823,22843,22545,28931,32841,45978,52617,53195,56674,55704,61534,44800,54693,12943,22036,726056,401783,68150,52110,180428,120017,20340,20,17
2021-06-30T23:59:59+02:00,3599,3245,43548,41255,54458,50097,64878,65786,86247,88912,98965,98791,69702,75964,49571,60713,13953,23947,12847,12216,21675,21652,27342,31476,44134,50901,49556,52714,54376,60204,44444,54254,12887,21908,724943,386032,68105,50214,180407,116577,20156,20,17
2021-06-29T23:59:59+02:00,3381,3025,42633,40412,53852,49505,64447,65360,85841,88461,98618,98461,69575,75815,49514,60643,13934,23916,12246,11609,20878,20889,25994,30274,41515,48500,47689,51171,53406,59096,44037,53718,12793,21755,718964,374018,68054,48705,180393,113197,19962,20,17
2021-06-28T23:59:59+02:00,3164,2845,41669,39406,53195,48862,63990,64978,85456,88072,98285,98118,69437,75654,49449,60543,13916,23893,11742,11159,20226,20299,25034,29380,39424,46560,46063,49808,52301,58051,43675,53213,12714,21635,712804,364545,67948,47680,180384,109520,19776,20,17
2021-06-27T23:59:59+02:00,3159,2842,41634,39374,53153,48831,63955,64946,85404,88037,98234,98091,69420,75642,49440,60529,13911,23890,11548,10965,19901,19982,24457,28822,38402,45713,44906,48717,51274,57044,43242,52708,12632,21499,712610,359966,67923,47239,180347,105217,19592,20,17
2021-06-26T23:59:59+02:00,2677,2369,40235,38001,52418,48078,63401,64383,84918,87522,97810,97660,69229,75466,49367,60425,13892,23867,11433,10863,19731,19829,24260,28606,37925,45276,44540,48366,51160,56900,43196,52660,12627,21484,703870,357023,67899,47233,180347,105199,19582,20,17
2021-06-25T23:59:59+02:00,2270,2036,39379,37181,52067,47715,63073,64059,84636,87209,97558,97394,69125,75353,49320,60363,13877,23845,11129,10551,19349,19406,23738,27990,35230,42976,42359,46452,50822,56521,43097,52531,12603,21454,698786,345460,67765,46786,180340,104552,19549,20,17
2021-06-24T23:59:59+02:00,2216,1986,38889,36720,51718,47383,62859,63855,84404,87016,97373,97243,69044,75286,49285,60317,13871,23829,10528,9966,18287,18537,22320,26743,33131,41142,39930,44159,49341,54878,42526,51829,12486,21251,695851,332607,67741,44182,180318,101004,19364,20,17
2021-06-23T23:59:59+02:00,2204,1962,38660,36483,51555,47221,62754,63753,84310,86922,97297,97158,69013,75255,49268,60296,13868,23818,10071,9536,17659,17991,21386,25893,31203,39516,35967,39705,48050,53518,42141,51323,12405,21085,694637,317111,67714,43561,180303,97702,19125,18,17
2021-06-22T23:59:59+02:00,2126,1900,37671,35541,50811,46549,62277,63313,83931,86513,96934,96846,68865,75113,49202,60215,13855,23785,9597,9091,16795,17306,20165,24822,28082,36749,33664,37831,47096,52549,41732,50765,12265,20850,688496,304952,67673,40822,180293,94631,18967,18,17
2021-06-21T23:59:59+02:00,1980,1761,36312,34307,49790,45669,61558,62655,83434,86043,96496,96444,68696,74942,49136,60121,13843,23750,9280,8792,16334,16943,19539,24339,26339,35182,32133,36536,46048,51472,41278,50216,12159,20658,680519,297606,67647,40180,180277,90988,18476,18,17
2021-06-20T23:59:59+02:00,1969,1752,36227,34254,49652,45557,61426,62528,83356,85986,96429,96386,68662,74914,49121,60103,13843,23739,9133,8690,16120,16774,19223,24081,25522,34530,31196,35589,45853,51270,41247,50164,12150,20638,679912,293826,67610,39590,180259,90659,18105,18,17
2021-06-19T23:59:59+02:00,1601,1451,34604,32694,48742,44734,60936,62019,82887,85507,96020,96032,68512,74748,49055,60020,13828,23715,9093,8611,16019,16653,19105,23931,25416,34372,31069,35451,45757,51174,41229,50139,12146,20628,671152,292494,67597,39587,180253,90626,18085,18,16
2021-06-18T23:59:59+02:00,1406,1278,32950,31096,47527,43541,59999,61103,82082,84762,95402,95454,68293,74528,48965,59881,13812,23685,9018,8522,15862,16503,18920,23741,25166,34133,30785,35132,45465,50830,41144,50063,12133,20614,659986,290323,67472,39471,180252,90200,18036,18,16
2021-06-17T23:59:59+02:00,1330,1219,32017,30248,46654,42834,59195,60258,81344,84114,94992,95073,68151,74384,48922,59805,13798,23656,8477,8153,15175,15943,18096,22918,24062,33008,29305,33779,44139,49327,40659,49452,12013,20426,653037,281385,67361,38647,180220,87541,17358,18,16
2021-06-16T23:59:59+02:00,1247,1155,31320,29544,45856,42085,58276,59388,80565,83346,94573,94696,68012,74224,48865,59714,13779,23630,7985,7828,14561,15432,17330,22196,22930,32056,28129,32673,42249,47214,40116,48872,11905,20241,645971,271678,67245,38048,180199,85148,16842,18,16
2021-06-15T23:59:59+02:00,1105,1036,29431,27739,44103,40544,56693,57749,79179,82030,93818,94027,67725,73932,48753,59556,13746,23565,7808,7697,14256,15194,16969,21898,22414,31676,27603,32250,41313,46199,39734,48451,11782,20021,630997,268625,67200,37545,180159,82735,16357,18,16
2021-06-14T23:59:59+02:00,1012,923,27880,26260,42494,39027,55035,56100,78080,80925,93122,93400,67473,73691,48657,59433,13726,23521,7622,7522,13878,14864,16446,21460,21727,31096,26925,31656,40931,45776,39352,48003,11651,19816,617744,265963,67146,37136,180130,79900,15721,18,16
2021-06-13T23:59:59+02:00,988,898,27677,26077,42112,38697,54497,55581,77733,80621,92930,93209,67383,73611,48620,59376,13711,23496,7479,7351,13611,14572,16064,21068,21299,30608,26394,31158,40533,45372,38894,47439,11472,19531,615044,263889,67012,37068,180099,76839,15044,18,16
2021-06-12T23:59:59+02:00,859,783,26141,24472,40940,37612,53823,54847,77200,80126,92379,92684,67228,73433,48551,59299,13698,23475,7433,7300,13490,14463,15931,20958,21115,30461,26278,31061,40516,45356,38886,47429,11472,19530,605449,263113,67008,37066,180092,76512,14983,18,16
2021-06-11T23:59:59+02:00,745,674,24512,22933,39579,36417,52596,53640,76231,79275,91802,92109,66992,73199,48489,59191,13679,23440,7376,7211,13320,14280,15720,20767,20846,30206,26009,30804,40208,44980,38801,47315,11455,19502,593645,261231,66930,36921,180084,75817,14826,18,16
2021-06-10T23:59:59+02:00,645,587,23515,21919,38357,35234,50995,52138,74912,78083,90191,90564,66638,72805,48362,59018,13654,23385,7095,6985,12800,13844,15091,20200,20084,29451,25217,30132,39508,44119,38451,46899,11342,19319,580736,257794,66455,36889,180031,72087,13762,18,16
2021-06-09T23:59:59+02:00,575,538,23064,21528,37700,34711,49885,51102,73673,76887,89600,90059,66513,72660,48312,58933,13639,23355,6820,6673,12201,13242,14311,19391,19170,28430,24235,28976,36941,41207,37886,46254,11194,19079,573579,247495,65998,36814,179991,68549,13148,18,15
2021-06-08T23:59:59+02:00,469,427,21544,20050,36084,33343,47777,49144,71536,74953,88129,88578,66199,72274,48177,58773,13607,23311,6690,6495,11827,12875,13832,18906,18569,27829,23680,28443,36657,40954,37597,45887,11086,18923,556190,245856,65723,36737,179957,65166,12487,18,15
2021-06-07T23:59:59+02:00,354,333,20535,19063,34538,32004,45501,47120,69400,73077,87152,87727,65976,72009,48103,58638,13587,23276,6537,6332,11407,12526,13294,18429,17842,27242,23049,27848,36339,40650,37178,45406,10973,18727,540978,243872,65553,36673,179903,61289,11941,18,15
2021-06-06T23:59:59+02:00,331,312,20352,18918,34145,31721,44896,46555,68784,72596,86941,87560,65920,71950,48092,58611,13580,23264,6404,6163,11086,12114,12866,17859,17205,26432,22352,27043,35873,40177,36698,44852,10817,18459,537874,241436,65230,36624,179860,56790,11546,18,15
2021-06-05T23:59:59+02:00,259,247,19101,17634,32804,30503,43665,45377,68210,72079,86410,87050,65829,71848,48044,58562,13573,23252,6353,6082,10983,11961,12743,17689,17037,26224,22183,26860,35811,40099,36676,44828,10815,18454,527841,240848,65230,36211,179832,56209,11526,18,15
2021-06-04T23:59:59+02:00,178,177,17901,16477,31485,29207,42107,43880,66867,70762,85599,86298,65642,71635,47967,58470,13557,23224,6251,5940,10807,11754,12528,17436,16681,25839,21663,26422,34927,39247,36362,44528,10798,18432,514973,239020,65163,35885,179824,53252,11455,18,14
2021-06-03T23:59:59+02:00,123,124,17261,15900,30499,28382,40652,42594,65096,69233,83345,84014,65218,71183,47839,58308,13539,23186,6080,5733,10500,11403,12211,16974,16236,25177,21118,25842,34261,38459,36188,44326,10765,18382,501190,236702,64470,35499,179784,50417,11034,18,14
2021-06-02T23:59:59+02:00,94,81,16916,15587,30191,28122,39985,41972,63507,67842,82405,83214,65076,71019,47779,58225,13536,23171,5964,5641,10330,11250,11988,16764,15943,24875,20778,25451,31022,34838,35961,44103,10736,18328,493679,228039,64469,35168,179783,49988,10773,18,14
2021-06-01T23:59:59+02:00,38,46,16122,14914,28695,27033,37630,39915,59950,64662,79978,80897,64726,70654,47651,58036,13502,23116,5688,5356,9815,10818,11458,16175,15282,24086,20038,24698,30677,34541,35763,43923,10708,18266,475357,226577,62913,34663,179714,46486,9563,18,13
2021-05-31T23:59:59+02:00,30,38,15551,14436,27761,26336,35666,38248,56510,61636,77945,79191,64393,70298,47507,57861,13469,23064,5526,5141,9407,10455,11029,15698,14748,23404,19413,23992,30390,34289,35580,43729,10672,18209,459578,225904,62197,34277,179647,42997,8500,18,13
2021-05-30T23:59:59+02:00,29,35,15405,14310,27482,26110,35215,37842,55799,61017,77626,78917,64331,70240,47482,57826,13465,23054,5423,4949,9080,10088,10618,15213,14299,22604,18886,23223,29714,33576,35353,43535,10650,18148,456611,225453,61764,34197,179599,37512,8193,18,13
2021-05-29T23:59:59+02:00,27,34,15007,13910,26626,25290,33454,36247,54314,59720,77037,78351,64180,70091,47429,57773,13458,23040,5389,4873,9018,9977,10528,15100,14193,22458,18756,23086,29684,33553,35347,43527,10649,18145,446456,224981,61732,34197,179594,36913,8188,18,13
2021-05-28T23:59:59+02:00,24,33,14596,13504,25808,24541,31601,34481,52141,57713,75981,77356,63975,69840,47377,57696,13448,23017,5304,4756,8845,9831,10375,14931,14035,22223,18548,22784,29615,33506,35330,43511,10648,18141,434468,224321,61262,34191,179506,35989,7878,18,13
2021-05-27T23:59:59+02:00,20,28,13970,13035,24743,23820,30356,33553,50534,56338,72880,74371,63533,69303,47242,57534,13424,22963,5190,4516,8517,9494,9976,14504,13596,21592,18048,22187,29393,33302,35220,43399,10626,18113,422317,223688,59302,34122,178877,32726,7133,18,13
2021-05-26T23:59:59+02:00,19,26,13481,12605,23831,23168,29439,32858,49446,55411,69919,71180,62921,68694,47107,57363,13394,22917,5104,4351,8262,9179,9678,14117,13239,20993,17614,21590,29201,33135,35122,43295,10600,18063,411491,223087,57127,34004,178379,29684,6764,18,13
2021-05-25T23:59:59+02:00,19,21,13135,12304,23252,22763,28388,32002,46850,53178,67656,69052,62570,68327,46994,57214,13376,22866,5023,4227,8055,8922,9424,13745,12926,20473,17233,21044,29043,32981,35038,43192,10574,18008,399641,222549,56062,33923,177758,26944,6488,18,13
2021-05-24T23:59:59+02:00,18,20,12836,12022,22752,22380,27770,31553,44228,50747,65202,66865,62263,68029,46884,57088,13343,22810,4951,4119,7805,8690,9107,13368,12598,19962,16847,20487,28901,32843,34964,43120,10552,17962,387989,221983,55580,33859,177092,24299,6131,18,13
2021-05-23T23:59:59+02:00,18,20,12775,11952,22657,22297,27690,31477,43972,50517,64616,66316,62183,67940,46859,57070,13341,22808,4931,4104,7768,8660,9049,13337,12520,19902,16773,20433,28892,32830,34960,43114,10552,17961,385787,221712,55500,33852,177078,24093,6125,18,13
2021-05-22T23:59:59+02:00,18,20,12551,11713,22335,21992,26686,30589,42137,48934,63761,65578,62021,67749,46793,56979,13331,22785,4915,4049,7741,8598,9008,13274,12490,19820,16743,20368,28882,32820,34956,43108,10551,17960,377294,221625,55489,33852,177072,23703,6099,18,13
2021-05-21T23:59:59+02:00,18,19,12246,11460,21765,21554,25878,29903,39748,47043,61789,63913,61760,67478,46709,56891,13316,22760,4896,4021,7687,8510,8941,13185,12412,19726,16670,20284,28866,32795,34949,43098,10549,17959,366895,221427,54430,33838,176881,23253,6026,18,13
2021-05-20T23:59:59+02:00,17,19,11625,10881,20646,20668,24737,28883,38243,45765,59447,61846,60942,66578,46510,56633,13282,22705,4615,3842,7286,8217,8502,12789,11958,19215,16253,19764,28745,32700,34898,43047,10545,17949,356424,221030,52076,33729,175605,20258,5304,18,13
2021-05-19T23:59:59+02:00,17,19,11185,10566,19859,20123,23890,28289,37341,45080,56213,58209,60250,65875,46401,56498,13260,22658,4462,3675,7031,7973,8225,12460,11630,18789,15884,19341,28647,32587,34856,42973,10535,17934,345973,220556,50460,33615,174468,18013,4814,18,13
2021-05-18T23:59:59+02:00,17,19,10852,10280,19286,19672,23247,27732,35942,43857,54805,57082,59879,65451,46271,56336,13235,22633,4354,3550,6785,7741,7965,12178,11398,18388,15539,18912,28564,32498,34826,42934,10531,17927,340614,220272,48621,33535,172985,15921,4358,18,13
2021-05-17T23:59:59+02:00,16,18,10632,10098,18853,19387,22817,27424,34741,42861,53496,56049,59631,65205,46208,56237,13219,22600,4282,3463,6577,7523,7716,11885,11141,17994,15230,18509,28474,32412,34802,42892,10525,17914,336550,219988,47630,33468,171466,14051,3828,18,13
2021-05-16T23:59:59+02:00,16,17,10442,9966,18558,19185,22481,27185,34105,42402,52260,54881,59439,65041,46172,56183,13208,22580,4214,3387,6357,7357,7423,11631,10874,17641,14935,18145,28408,32350,34786,42874,10518,17910,334127,219740,46752,33405,169844,12282,3380,18,12
2021-05-15T23:59:59+02:00,16,17,10344,9865,18407,19039,22312,27044,33720,42033,51866,54505,59322,64893,46124,56138,13205,22564,4173,3352,6273,7292,7330,11528,10772,17522,14827,18015,28313,32232,34695,42781,10514,17905,331732,218651,46751,33403,169709,12263,3204,18,12
2021-05-14T23:59:59+02:00,15,17,10059,9656,17973,18799,21913,26759,31362,40257,49717,52650,59104,64666,46076,56054,13189,22542,4043,3267,5988,7130,7022,11304,10423,17171,14481,17688,27739,31526,34574,42589,10496,17876,322575,215350,46698,33399,169096,12143,2422,17,12
2021-05-13T23:59:59+02:00,15,17,9595,9279,17179,18235,21041,26081,30243,39272,47475,50479,58257,63693,45867,55771,13150,22470,3539,3069,5651,6875,6710,10995,10016,16781,14104,17255,26844,30327,34150,42073,10465,17814,314080,210758,44833,32847,167076,10946,2114,16,12
2021-05-12T23:59:59+02:00,15,17,9302,9088,16744,17979,20571,25795,29715,38887,44472,46835,57683,63053,45783,55658,13132,22445,3398,2981,5420,6764,6432,10850,9734,16572,13865,16990,26199,29508,33986,41878,10439,17780,304909,207737,44010,32821,166784,10778,1457,14,12
2021-05-11T23:59:59+02:00,15,15,8860,8802,15972,17464,19711,25179,27974,37442,42540,45332,57305,62607,45698,55523,13112,22417,3278,2850,5190,6422,6130,10435,9369,16011,13428,16434,24775,27841,33477,41256,10388,17695,299419,201772,40952,32638,164295,9279,1288,14,11
2021-05-10T23:59:59+02:00,15,14,8598,8649,15459,17213,19082,24863,26982,36753,41081,44184,57045,62336,45619,55420,13092,22386,3168,2722,4958,6191,5876,10109,9041,15535,13065,16016,23728,26511,32990,40670,10352,17637,296140,197126,40045,32612,161619,7856,974,13,9
2021-05-09T23:59:59+02:00,15,14,8439,8565,15151,17030,18704,24613,26314,36328,39300,42525,56747,62058,45566,55362,13084,22368,3047,2668,4777,6054,5706,9936,8845,15329,12897,15842,23454,26179,32845,40495,10342,17622,293185,195930,39673,32571,158612,6836,700,13,9
2021-05-08T23:59:59+02:00,15,14,8364,8489,14974,16885,18494,24415,26088,36090,39069,42336,56620,61909,45529,55325,13081,22358,3040,2650,4745,6018,5664,9890,8768,15264,12811,15772,23086,25752,32560,40184,10334,17606,291633,194743,39218,31866,158491,6834,700,13,9
2021-05-07T23:59:59+02:00,14,13,8190,8391,14651,16703,18112,24182,25666,35802,38616,41958,56345,61554,45480,55278,13076,22348,2736,2516,4395,5832,5395,9628,8455,14952,12418,15377,21991,24380,31915,39353,10306,17556,289107,191298,38788,30367,158165,5233,306,13,9
2021-05-06T23:59:59+02:00,13,13,7538,8030,13756,16105,17059,23335,24328,34690,36469,40297,55217,60234,45238,54972,13041,22282,2609,2403,4221,5636,5186,9318,8112,14510,11986,14922,20687,22699,31062,38349,10255,17445,278479,185688,37508,29408,156348,4034,269,13,9
2021-05-05T23:59:59+02:00,11,13,6998,7723,12972,15554,16033,22571,22948,33666,34646,38812,53381,58197,44921,54626,13008,22216,2519,2343,4047,5478,4997,9106,7767,14171,11619,14566,19299,20918,29872,36936,10215,17344,267046,179571,36586,28239,154561,3296,90,13,9
2021-05-04T23:59:59+02:00,11,12,6809,7627,12615,15382,15550,22300,22306,33321,33685,38118,52524,57237,44800,54500,12990,22175,2463,2272,3894,5308,4822,8848,7427,13763,11191,14106,17649,18994,28778,35608,10121,17224,263291,172766,35719,27302,152904,2363,36,12,9
2021-05-03T23:59:59+02:00,11,12,6662,7479,12240,15166,15045,21991,21598,32917,32536,37228,52225,56920,44704,54393,12975,22143,2404,2201,3801,5128,4680,8612,7211,13414,10870,13698,16447,17501,27899,34510,10057,17117,260006,167204,35260,26951,150941,1368,26,12,9
2021-05-02T23:59:59+02:00,11,12,6582,7389,12030,14994,14751,21758,21123,32597,31385,36283,51942,56629,44642,54302,12958,22112,2391,2194,3780,5096,4651,8576,7145,13342,10788,13607,16136,17108,27603,34204,10045,17105,257583,165643,35189,26841,148691,1263,25,12,7
2021-05-01T23:59:59+02:00,11,12,6564,7364,11968,14949,14674,21699,21023,32524,31258,36191,51936,56613,44638,54301,12956,22110,2388,2185,3757,5079,4609,8551,7108,13305,10728,13552,15938,16885,27487,34067,10042,17095,257025,164677,35189,26814,148540,1261,25,12,7
2021-04-30T23:59:59+02:00,11,12,6527,7326,11878,14860,14569,21582,20828,32338,31020,36000,51664,56253,44593,54247,12951,22098,2359,2164,3695,5017,4513,8442,6957,13120,10451,13288,15128,15859,26617,32994,10001,17006,255253,161475,35146,24923,148322,1190,24,12,7
2021-04-29T23:59:59+02:00,11,12,6322,7203,11558,14673,14216,21346,20310,32050,30266,35509,51015,55428,44502,54133,12927,22023,2322,2118,3603,4928,4388,8306,6763,12903,10175,13003,14157,14627,25314,31452,9940,16914,252091,155785,35052,24177,146326,929,23,12,7
2021-04-28T23:59:59+02:00,11,12,6055,7038,11182,14339,13728,20881,19673,31445,29099,34381,48350,52425,44211,53808,12864,21945,2283,2078,3534,4868,4273,8191,6603,12719,9928,12784,13014,13147,23825,29576,9879,16811,242165,149821,34925,22972,144334,710,11,12,7
2021-04-27T23:59:59+02:00,11,12,5953,6946,11033,14218,13528,20720,19396,31235,28539,33996,48144,52205,44155,53756,12856,21923,2241,2044,3443,4774,4180,8082,6437,12535,9649,12508,11802,11585,22173,27422,9803,16666,240804,143015,34878,21787,142921,533,11,12,6
2021-04-26T23:59:59+02:00,11,12,5905,6901,10916,14153,13367,20599,19168,31025,27709,33427,47807,51838,44101,53691,12847,21894,2218,2016,3390,4731,4118,8013,6336,12403,9460,12333,10887,10427,20893,25675,9745,16580,240084,137748,34851,21047,140413,423,11,12,4
2021-04-25T23:59:59+02:00,11,12,5859,6854,10813,14058,13207,20446,18924,30742,26949,32690,47310,51326,44018,53591,12833,21874,2191,2005,3360,4712,4100,7994,6303,12362,9403,12273,10726,10235,20651,25352,9735,16566,238389,136894,34808,20703,138297,364,11,12,4
2021-04-24T23:59:59+02:00,11,12,5838,6806,10738,13973,13111,20305,18793,30565,26788,32511,47209,51203,43925,53496,12829,21869,2184,1995,3336,4685,4061,7948,6231,12289,9273,12156,10569,10054,20519,25221,9719,16548,236927,136372,34790,20063,138242,346,11,12,4
2021-04-23T23:59:59+02:00,11,12,5774,6714,10608,13774,12912,20052,18484,30189,26396,32150,46265,50070,43771,53251,12806,21837,2166,1974,3295,4650,4013,7893,6136,12199,9108,12028,10302,9756,20195,24801,9671,16468,232542,135250,34733,19063,137778,335,11,12,4
2021-04-22T23:59:59+02:00,11,12,5671,6599,10400,13579,12562,19721,17975,29717,25768,31558,44535,47917,43199,52521,12760,21736,2152,1963,3255,4597,3936,7819,6008,12099,8849,11863,9872,9349,19743,24213,9621,16390,226304,133133,34623,18285,135291,303,11,12,4
2021-04-21T23:59:59+02:00,11,11,5575,6461,10171,13377,12234,19408,17472,29223,25053,30830,40265,43054,42723,51986,12694,21632,2140,1954,3220,4561,3881,7761,5929,12006,8673,11703,9542,8966,19243,23623,9562,16295,214210,131491,34557,17280,133390,280,11,12,4
2021-04-20T23:59:59+02:00,11,11,5495,6371,9977,13160,11958,19145,17051,28815,24501,30269,38510,41043,42071,51211,12624,21494,2115,1941,3181,4536,3815,7716,5796,11909,8501,11575,9259,8647,18773,22957,9465,16154,207995,130129,34467,15977,131233,226,11,11,4
2021-04-19T23:59:59+02:00,11,10,5415,6293,9818,13033,11757,18940,16689,28434,23959,29801,36956,39251,41483,50485,12568,21405,2099,1922,3146,4501,3774,7672,5757,11839,8417,11484,9023,8364,18370,22391,9419,16063,202975,128441,34411,15587,128902,205,11,9,4
2021-04-18T23:59:59+02:00,11,9,5353,6242,9688,12950,11559,18803,16411,28236,23556,29490,35650,37889,41135,50079,12536,21343,2087,1906,3117,4479,3748,7656,5712,11793,8366,11435,8923,8273,18217,22203,9406,16040,201443,127954,34371,15199,125106,200,11,9,4
2021-04-17T23:59:59+02:00,11,9,5347,6226,9653,12919,11514,18763,16334,28169,23492,29432,35341,37551,41028,49982,12530,21332,2077,1898,3090,4467,3690,7611,5641,11742,8280,11383,8813,8164,18113,22086,9385,16027,200217,127152,34362,15109,125034,198,11,9,4
2021-04-16T23:59:59+02:00,11,9,5282,6187,9564,12859,11381,18651,16122,28009,23143,29084,34262,36292,40619,49456,12510,21298,1944,1810,2863,4289,3332,7296,4874,11212,6792,10295,6321,6125,16314,20408,9195,15730,196060,117881,34274,10715,124385,196,11,9,4
2021-04-15T23:59:59+02:00,11,9,5215,6096,9364,12689,11085,18403,15625,27616,22453,28486,32363,33973,39578,48247,12434,21134,1899,1778,2798,4225,3215,7177,4657,11030,6415,9984,5860,5728,15723,19725,9009,15401,190243,114763,34223,9664,120295,189,11,9,4
2021-04-14T23:59:59+02:00,11,8,5154,6050,9196,12560,10866,18226,15224,27303,21807,28006,30440,31723,38362,46831,12360,20949,1817,1723,2715,4159,3106,7085,4453,10863,6109,9732,5379,5315,15139,19036,8807,15051,183878,112142,34087,8206,117091,133,11,9,4
2021-04-13T23:59:59+02:00,11,8,5106,5996,9059,12430,10687,18056,14883,27028,21285,27541,28342,29275,37105,45238,12220,20745,1772,1706,2677,4116,3051,7024,4322,10723,5839,9522,5039,5011,14692,18588,8675,14850,177001,110724,34021,6839,113973,36,11,9,4
2021-04-12T23:59:59+02:00,10,8,5044,5948,8949,12293,10483,17908,14562,26748,20743,27085,26304,27006,35947,43774,12093,20548,1739,1663,2648,4097,3024,6971,4262,10656,5736,9422,4878,4866,14393,18219,8564,14651,171287,109886,33946,5860,110200,35,11,9,4
2021-04-11T23:59:59+02:00,10,8,5005,5905,8858,12214,10325,17807,14299,26570,20320,26761,25106,25720,35242,42990,12005,20400,1730,1657,2627,4077,3002,6946,4229,10610,5649,9354,4786,4811,14278,18097,8526,14599,169506,109688,33875,5255,106144,27,11,9,4
2021-04-10T23:59:59+02:00,10,8,4994,5891,8817,12187,10270,17772,14231,26521,20224,26681,24792,25346,34897,42571,11998,20379,1725,1652,2618,4069,2988,6930,4200,10581,5592,9315,4708,4732,14152,17935,8479,14515,168294,108901,33153,5255,106122,27,11,9,4
2021-04-09T23:59:59+02:00,10,8,4947,5858,8732,12109,10147,17648,14063,26345,19963,26439,23958,24192,33944,41364,11965,20306,1697,1622,2564,4034,2916,6868,4049,10468,5338,9090,4288,4358,13591,17221,8253,14150,164935,105227,31639,5247,105407,27,8,9,4
2021-04-08T23:59:59+02:00,10,8,4870,5793,8584,11998,9933,17471,13667,26032,19358,25971,22256,22212,32258,39398,11819,20072,1667,1606,2510,3987,2835,6781,3901,10330,5045,8825,3835,3933,12605,15976,7782,13392,159188,100256,30734,4726,101771,22,8,9,4
2021-04-07T23:59:59+02:00,10,7,4823,5741,8402,11921,9705,17322,13347,25805,18890,25611,20445,20100,30501,37140,11704,19861,1634,1590,2454,3935,2773,6701,3792,10184,4856,8635,3574,3644,11922,15171,7413,12847,153150,96954,29560,4154,98609,12,7,9,4
2021-04-06T23:59:59+02:00,10,7,4776,5696,8258,11809,9544,17157,13029,25539,18371,25225,18594,18038,28584,34654,11509,19518,1599,1571,2431,3909,2740,6664,3727,10140,4774,8546,3466,3522,11445,14525,7131,12440,146327,94650,28600,3964,95376,11,7,8,4
2021-04-05T23:59:59+02:00,10,7,4745,5654,8162,11720,9405,17057,12818,25328,17970,24878,16867,16104,26957,32510,11365,19296,1579,1560,2401,3890,2711,6616,3684,10081,4689,8431,3355,3415,11107,14156,6975,12161,140918,93261,28165,3535,91757,10,7,6,4
2021-04-04T23:59:59+02:00,10,7,4737,5648,8154,11709,9392,17044,12793,25308,17942,24853,16735,15930,26761,32263,11356,19283,1578,1559,2399,3887,2709,6613,3682,10078,4685,8428,3345,3402,11096,14144,6972,12153,140198,93181,28073,3535,91644,10,6,4,4
2021-04-03T23:59:59+02:00,10,7,4733,5640,8140,11701,9372,17024,12754,25277,17864,24791,16655,15841,26716,32206,11351,19276,1575,1557,2390,3879,2691,6599,3658,10050,4603,8373,3227,3287,11014,14070,6966,12143,139671,92533,28045,3535,91632,10,6,4,4
2021-04-02T23:59:59+02:00,10,7,4707,5620,8083,11647,9309,16956,12615,25171,17629,24591,16204,15364,26241,31632,11319,19223,1573,1548,2377,3873,2684,6583,3637,10018,4534,8280,3158,3219,10777,13771,6814,11941,138468,91242,26636,3531,91214,10,6,4,4
2021-04-01T23:59:59+02:00,9,7,4664,5559,7971,11505,9178,16796,12342,24886,17184,24192,15456,14638,25486,30674,11193,19040,1556,1526,2346,3841,2662,6553,3597,9979,4465,8215,3047,3090,9847,12655,6203,11095,136235,87239,25972,3427,88565,9,4,4,4
2021-03-31T23:59:59+02:00,9,7,4455,5479,7861,11383,9037,16631,12124,24610,16832,23827,14760,13876,24654,29666,11088,18848,1547,1521,2332,3821,2636,6525,3549,9930,4394,8144,2957,3000,9277,11960,5840,10600,134440,84821,24516,3201,86183,9,4,4,4
2021-03-30T23:59:59+02:00,9,7,4424,5425,7788,11256,8951,16472,11961,24420,16553,23518,14168,13234,23898,28688,10950,18607,1533,1511,2313,3796,2610,6496,3510,9865,4328,8073,2833,2854,8694,11306,5490,10113,132961,82516,23306,2803,84054,4,4,4,4
2021-03-29T23:59:59+02:00,9,7,4383,5367,7688,11143,8844,16310,11802,24148,16225,23172,13627,12635,23139,27717,10797,18362,1515,1498,2294,3780,2589,6467,3475,9808,4264,7998,2780,2786,8407,10921,5300,9804,131125,81136,22555,2544,81687,4,4,4,4
2021-03-28T23:59:59+02:00,9,7,4349,5282,7603,11035,8767,16158,11667,23919,15966,22899,13303,12326,22573,27027,10623,18083,1506,1493,2272,3766,2575,6438,3435,9758,4226,7941,2732,2735,8329,10817,5257,9739,130626,80796,22036,2217,78926,4,4,4,4
2021-03-27T23:59:59+01:00,9,7,4335,5271,7577,11005,8701,16087,11567,23824,15824,22783,13097,12113,22372,26816,10588,18054,1505,1491,2269,3764,2574,6437,3422,9734,4215,7919,2722,2728,8273,10752,5223,9699,129745,80504,21393,2217,78884,4,4,4,4
2021-03-26T23:59:59+01:00,9,7,4292,5202,7468,10874,8525,15904,11233,23524,15212,22278,12179,11292,21589,25980,10447,17830,1500,1477,2263,3743,2561,6414,3405,9708,4174,7882,2692,2689,8095,10534,5106,9531,125718,79664,19786,2102,78333,4,4,4,4
2021-03-25T23:59:59+01:00,9,6,4233,5043,7307,10596,8282,15499,10849,22902,14571,21580,11509,10632,20724,24914,10134,17293,1480,1463,2231,3717,2526,6375,3368,9660,4102,7801,2558,2550,7121,9284,4500,8626,122450,75489,19013,1866,74613,4,3,4,4
2021-03-24T23:59:59+01:00,9,6,4157,4902,7169,10311,8068,15085,10587,22355,14103,20973,10906,10073,19794,23828,9811,16732,1459,1433,2205,3680,2481,6339,3326,9596,4024,7702,2459,2451,6478,8524,4119,8047,119863,72870,17828,1450,71173,2,1,4,4
2021-03-23T23:59:59+01:00,9,6,4117,4807,7062,10076,7914,14746,10330,21852,13701,20481,10441,9631,19075,22978,9501,16271,1447,1415,2179,3659,2461,6312,3265,9542,3932,7628,2366,2349,5751,7596,3673,7360,118406,69808,16726,1125,67862,2,0,4,4
2021-03-22T23:59:59+01:00,9,6,4065,4727,6935,9837,7754,14426,10074,21388,13352,19984,10050,9275,18513,22271,9314,15931,1438,1408,2170,3645,2449,6296,3242,9519,3902,7595,2305,2298,5299,6990,3327,6871,117525,67713,16329,1038,64053,2,0,4,4
2021-03-21T23:59:59+01:00,9,6,4018,4622,6803,9572,7586,14071,9851,20848,13012,19460,9730,8997,17984,21668,9124,15624,1435,1405,2169,3634,2446,6289,3236,9510,3892,7581,2291,2279,5182,6858,3269,6770,117330,67205,15935,1038,59716,2,0,4,4
2021-03-20T23:59:59+01:00,9,6,4007,4600,6768,9518,7528,14000,9767,20743,12906,19371,9643,8903,17849,21494,9073,15537,1432,1400,2165,3631,2441,6284,3223,9500,3873,7571,2256,2247,4859,6485,3085,6529,116506,65940,15840,1038,59372,2,0,4,4
2021-03-19T23:59:59+01:00,8,6,3832,4459,6478,9267,7087,13577,8854,20013,11177,18044,6793,6562,15619,19296,8720,14976,1428,1396,2160,3624,2429,6271,3211,9476,3823,7525,2189,2206,4490,6013,2823,6214,107239,64269,11134,1006,56391,2,0,4,4
2021-03-18T23:59:59+01:00,8,5,3727,4326,6300,8958,6822,13137,8462,19354,10537,17306,6082,5909,14406,17829,8213,14161,1424,1390,2137,3597,2411,6235,3183,9435,3783,7491,2144,2172,4071,5485,2542,5805,102133,62404,10131,898,53274,2,0,4,4
2021-03-17T23:59:59+01:00,8,5,3649,4252,6168,8814,6655,12959,8168,19044,10137,16915,5677,5526,13590,16899,7820,13586,1414,1378,2121,3578,2381,6202,3152,9407,3746,7455,2088,2112,3665,5039,2293,5422,98909,60687,8449,763,52510,2,0,4,4
2021-03-16T23:59:59+01:00,7,5,3571,4117,6016,8543,6449,12591,7854,18459,9590,16259,5155,5073,12778,15936,7490,13095,1405,1369,2112,3561,2366,6188,3136,9387,3721,7429,2060,2076,3146,4400,1959,4916,96598,58469,7048,759,49338,2,0,4,4
2021-03-15T23:59:59+01:00,7,5,3524,3969,5830,8266,6231,12183,7580,17886,9154,15635,4840,4792,12125,15194,7227,12638,1405,1359,2096,3546,2346,6163,3118,9339,3697,7390,2024,2026,2783,3940,1675,4524,95108,56684,6078,744,45896,2,0,4,4
2021-03-14T23:59:59+01:00,7,5,3478,3837,5603,7937,5945,11739,7273,17169,8693,14883,4526,4520,11836,14938,7182,12539,1398,1353,2080,3517,2332,6113,3100,9281,3680,7351,2017,2015,2705,3833,1623,4440,94991,56285,5472,550,41643,2,0,4,4
2021-03-13T23:59:59+01:00,7,5,3462,3796,5564,7825,5886,11623,7191,17026,8548,14731,4374,4371,11744,14852,7176,12528,1398,1353,2080,3517,2331,6113,3099,9280,3679,7351,2014,2007,2652,3778,1589,4386,94302,56074,5472,550,40931,2,0,4,4
2021-03-12T23:59:59+01:00,7,5,3444,3724,5508,7689,5824,11476,7107,16802,8413,14498,4267,4275,11475,14529,7022,12313,1398,1353,2076,3511,2330,6105,3095,9274,3678,7345,2012,2005,2566,3668,1509,4300,92886,55672,5464,550,40024,2,0,4,4
2021-03-11T23:59:59+01:00,7,5,3366,3529,5299,7391,5593,11056,6769,16137,7981,13860,3932,3941,10404,13274,6374,11411,1393,1350,2066,3498,2311,6080,3072,9240,3654,7312,1983,1980,2328,3406,1359,4081,88716,54593,5047,517,36562,2,0,4,4
2021-03-10T23:59:59+01:00,7,5,3271,3411,5086,7121,5380,10699,6499,15592,7646,13314,3712,3714,9763,12482,5990,10878,1388,1339,2038,3460,2281,5990,3024,9118,3596,7194,1939,1904,2112,3169,1230,3893,86254,53390,4678,282,33634,2,0,4,4
2021-03-09T23:59:59+01:00,6,5,3197,3281,4931,6932,5186,10420,6270,15161,7349,12811,3529,3509,9134,11781,5618,10361,1381,1329,2002,3400,2250,5888,2963,8974,3529,7113,1909,1878,1838,2853,1062,3648,83991,51979,4424,35,31062,2,0,4,4
2021-03-08T23:59:59+01:00,6,5,3131,3120,4705,6667,4949,10067,6011,14651,6987,12223,3330,3317,8747,11338,5421,10049,1378,1310,1988,3322,2219,5794,2924,8828,3496,7020,1894,1856,1638,2622,944,3458,82524,50657,4063,33,28133,0,0,4,4
2021-03-07T23:59:59+01:00,6,5,3099,3061,4631,6555,4866,9954,5906,14488,6871,12078,3280,3275,8663,11233,5383,9982,1372,1305,1981,3310,2211,5767,2917,8789,3484,7001,1886,1844,1582,2555,892,3391,82174,50253,3898,33,27260,0,0,4,4
2021-03-06T23:59:59+01:00,6,5,3085,3003,4587,6465,4832,9891,5848,14374,6823,11969,3256,3252,8607,11167,5349,9939,1370,1292,1976,3296,2199,5740,2914,8761,3473,6982,1878,1820,1555,2531,887,3382,81858,50022,3898,33,26698,0,0,4,4
2021-03-05T23:59:59+01:00,6,5,3061,2910,4529,6356,4770,9793,5786,14223,6723,11816,3212,3197,8423,10937,5230,9767,1361,1259,1946,3241,2175,5633,2872,8627,3429,6844,1835,1775,1491,2460,865,3356,80960,49135,3890,33,25890,0,0,4,4
2021-03-04T23:59:59+01:00,4,5,3008,2716,4370,6117,4552,9482,5580,13803,6412,11427,3034,3020,7409,9647,4611,8855,1341,1209,1908,3118,2143,5450,2826,8350,3373,6612,1765,1685,1455,2411,861,3338,76816,47812,3620,32,23612,0,0,4,4
2021-03-03T23:59:59+01:00,3,5,2969,2644,4229,5926,4387,9214,5377,13426,6158,11007,2913,2889,6765,8878,4218,8253,1329,1171,1881,3046,2121,5339,2794,8172,3320,6454,1696,1641,1414,2341,841,3285,74106,46813,3391,32,21760,0,0,4,3
2021-03-02T23:59:59+01:00,3,5,2908,2555,4045,5710,4180,8941,5179,13050,5891,10633,2767,2732,5999,7913,3756,7548,1296,1128,1854,2974,2097,5200,2745,7899,3271,6256,1624,1581,1350,2263,821,3242,70949,45569,2945,32,19917,0,0,4,3
2021-03-01T23:59:59+01:00,3,4,2868,2493,3879,5559,3993,8722,4991,12728,5652,10246,2667,2618,5510,7259,3404,7043,1290,1092,1831,2873,2070,5007,2704,7649,3211,6020,1581,1545,1302,2204,795,3203,68802,44345,2646,32,18187,0,0,4,3
2021-02-28T23:59:59+01:00,3,4,2827,2444,3721,5441,3772,8532,4808,12478,5465,9941,2610,2546,5387,7103,3342,6942,1286,1087,1827,2859,2061,4983,2697,7613,3201,6003,1573,1538,1296,2195,793,3193,68325,44174,2428,31,16609,0,0,4,3
2021-02-27T23:59:59+01:00,3,3,2812,2379,3695,5361,3738,8463,4774,12388,5430,9867,2569,2512,5058,6716,3146,6692,1279,1079,1820,2847,2048,4948,2678,7548,3185,5947,1555,1529,1290,2184,790,3192,67019,43889,2428,30,16155,0,0,4,3
2021-02-26T23:59:59+01:00,3,3,2792,2338,3655,5276,3672,8361,4713,12279,5345,9780,2492,2459,4681,6235,2877,6369,1220,1029,1770,2738,1999,4767,2624,7274,3112,5735,1494,1478,1267,2162,776,3183,65228,42600,2302,29,15796,0,0,4,2
2021-02-25T23:59:59+01:00,3,3,2618,2229,3471,5095,3490,8138,4509,11993,5126,9506,2405,2394,4233,5683,2589,5948,1204,972,1739,2630,1946,4493,2553,6880,3017,5449,1450,1435,1247,2147,774,3174,63373,41086,1980,26,14076,0,0,4,1
2021-02-24T23:59:59+01:00,3,3,2463,2091,3281,4903,3342,7932,4312,11739,4907,9258,2268,2275,3780,5173,2332,5555,1189,943,1716,2544,1912,4354,2493,6623,2965,5243,1419,1404,1229,2127,770,3155,61610,40069,1511,18,12492,0,0,4,1
2021-02-23T23:59:59+01:00,3,3,2326,1953,3102,4675,3187,7701,4140,11466,4725,9012,2182,2181,3226,4508,1994,5043,1175,895,1685,2449,1873,4161,2425,6324,2867,4983,1361,1349,1200,2084,757,3130,59409,38705,1164,14,10850,0,0,4,1
2021-02-22T23:59:59+01:00,3,3,2286,1902,3018,4582,3117,7593,4046,11280,4618,8887,2132,2140,2862,4045,1708,4657,1163,836,1653,2323,1830,3915,2349,5930,2741,4685,1299,1294,1177,2051,751,3109,57737,37103,1080,4,10058,0,0,4,1
2021-02-21T23:59:59+01:00,3,3,2250,1870,2967,4513,3035,7479,3965,11133,4552,8770,2118,2117,2778,3931,1653,4569,1159,818,1636,2270,1805,3806,2316,5775,2678,4561,1267,1271,1167,2037,744,3096,57306,36403,1047,4,9349,0,0,4,1
2021-02-20T23:59:59+01:00,3,3,2239,1867,2945,4500,3019,7443,3939,11100,4531,8749,2115,2109,2724,3874,1618,4514,1159,815,1636,2268,1804,3797,2315,5770,2677,4557,1266,1268,1166,2034,743,3095,57091,36367,1046,4,9151,0,0,4,1
2021-02-19T23:59:59+01:00,2,3,2227,1854,2909,4448,2994,7355,3894,11018,4477,8686,2107,2103,2636,3761,1538,4421,1107,806,1597,2260,1794,3788,2305,5749,2668,4545,1260,1257,1155,2029,738,3088,56679,36143,1015,4,8735,0,0,4,1
2021-02-18T23:59:59+01:00,2,3,2095,1758,2752,4263,2870,7157,3757,10730,4337,8481,2075,2069,2396,3495,1386,4199,1028,771,1522,2162,1744,3665,2233,5591,2612,4458,1246,1237,1150,2015,728,3070,55620,35229,948,4,7253,0,0,4,1
2021-02-17T23:59:59+01:00,2,3,2051,1709,2660,4130,2761,6943,3604,10389,4196,8238,2017,1986,2177,3266,1262,4012,874,708,1413,2036,1669,3475,2139,5367,2538,4287,1212,1192,1125,1970,713,3030,54557,33746,803,3,6042,0,0,4,1
2021-02-16T23:59:59+01:00,2,3,1878,1596,2485,3923,2622,6668,3443,10034,4020,7931,1973,1959,1902,2947,1092,3760,847,686,1341,1961,1601,3333,2045,5195,2441,4156,1152,1145,1067,1880,681,2937,53229,32467,767,2,4238,0,0,4,1
2021-02-15T23:59:59+01:00,2,3,1843,1540,2397,3754,2544,6395,3320,9667,3905,7662,1947,1931,1687,2709,971,3574,829,673,1312,1915,1560,3265,1990,5023,2378,4056,1087,1105,1003,1789,662,2844,52136,31491,754,1,2957,0,0,4,1
2021-02-14T23:59:59+01:00,2,3,1753,1509,2352,3693,2502,6305,3250,9564,3859,7584,1936,1921,1629,2650,921,3515,814,663,1295,1890,1533,3242,1956,4982,2353,4001,1077,1096,996,1779,659,2832,51802,31168,725,1,2417,0,0,4,1
2021-02-13T23:59:59+01:00,2,3,1752,1497,2342,3686,2496,6291,3246,9548,3852,7574,1928,1901,1606,2630,918,3505,814,663,1295,1890,1533,3242,1956,4982,2353,4001,1077,1096,996,1779,659,2832,51648,31168,725,1,2400,0,0,4,1
2021-02-12T23:59:59+01:00,2,3,1672,1411,2243,3574,2416,6117,3141,9310,3729,7309,1881,1844,1543,2558,895,3478,808,656,1283,1868,1518,3223,1948,4951,2337,3981,1072,1091,995,1760,659,2802,50708,30953,725,0,1689,0,0,4,1
2021-02-11T23:59:59+01:00,2,3,1469,1273,2061,3359,2287,5825,2989,8877,3570,6963,1809,1742,1501,2497,881,3455,780,605,1188,1688,1392,2949,1809,4592,2171,3694,1022,1028,952,1688,626,2671,49313,28856,684,0,562,0,0,4,1
2021-02-10T23:59:59+01:00,2,3,1373,1224,1973,3232,2218,5651,2907,8598,3459,6733,1738,1694,1456,2430,865,3398,566,521,966,1463,1253,2641,1624,4130,1968,3315,905,901,830,1435,547,2355,48145,25421,644,0,161,0,0,4,1
2021-02-09T23:59:59+01:00,2,3,1337,1174,1936,3140,2191,5470,2840,8257,3389,6474,1664,1632,1395,2370,848,3361,303,384,747,1200,1066,2266,1414,3591,1719,2862,736,737,662,1148,437,1910,46885,21183,515,0,80,0,0,3,1
2021-02-08T23:59:59+01:00,2,3,1330,1139,1905,3021,2153,5248,2788,7977,3330,6238,1623,1598,1350,2315,832,3341,267,343,645,1045,960,2048,1254,3200,1522,2546,633,618,558,969,380,1660,45766,18649,345,0,79,0,0,3,1
2021-02-07T23:59:59+01:00,2,3,1303,1123,1876,2969,2128,5166,2759,7874,3288,6173,1607,1582,1335,2296,821,3326,233,287,597,955,900,1893,1161,2974,1424,2374,593,598,537,936,370,1631,45484,17465,144,0,0,0,0,3,0
2021-02-06T23:59:59+01:00,2,3,1298,1117,1870,2957,2119,5138,2746,7830,3277,6128,1594,1574,1330,2286,818,3325,214,253,575,918,872,1827,1119,2856,1367,2292,577,580,530,936,370,1631,45265,16919,144,0,0,0,0,3,0
2021-02-05T23:59:59+01:00,2,3,1237,1065,1821,2846,2067,4942,2687,7534,3200,5912,1531,1520,1311,2260,810,3318,198,223,540,871,838,1747,1081,2739,1314,2193,543,556,519,912,360,1606,43919,16242,144,0,0,0,0,3,0
2021-02-04T23:59:59+01:00,2,3,1225,1001,1780,2697,1996,4630,2604,7089,3100,5585,1486,1487,1293,2244,806,3310,170,169,467,753,739,1608,970,2501,1201,1979,496,504,476,858,343,1493,42300,14729,36,0,0,0,0,2,0
2021-02-03T23:59:59+01:00,2,3,1207,972,1750,2616,1957,4484,2537,6827,3048,5370,1449,1455,1264,2209,788,3281,139,140,392,641,623,1371,824,2123,1004,1688,378,369,341,644,240,1132,41181,12051,36,0,0,0,0,2,0
2021-02-02T23:59:59+01:00,2,3,1189,916,1717,2516,1914,4261,2464,6495,2941,5097,1395,1409,1241,2179,779,3257,118,116,316,520,520,1136,679,1793,814,1378,280,269,263,472,188,848,39737,9712,36,0,0,0,0,2,0
2021-02-01T23:59:59+01:00,1,3,1176,856,1682,2391,1864,4015,2387,6102,2819,4801,1328,1327,1210,2133,768,3232,85,76,216,349,347,741,431,1156,479,859,174,164,152,279,100,495,38057,6103,36,0,0,0,0,2,0
2021-01-31T23:59:59+01:00,1,3,1171,838,1665,2333,1840,3892,2355,5919,2752,4682,1297,1304,1199,2118,761,3220,74,70,183,279,270,575,342,903,397,692,148,148,144,271,96,481,37315,5073,33,0,0,0,0,2,0
2021-01-30T23:59:59+01:00,1,3,1171,835,1664,2328,1838,3881,2353,5908,2749,4672,1296,1300,1198,2117,761,3219,70,63,151,232,242,507,307,785,354,617,147,141,139,267,96,480,37260,4598,32,0,0,0,0,2,0
2021-01-29T23:59:59+01:00,1,3,1118,826,1625,2321,1827,3874,2345,5894,2741,4660,1292,1297,1194,2117,761,3219,62,45,114,177,198,353,250,636,310,489,136,132,127,256,93,480,37084,3858,30,0,0,0,0,1,0
2021-01-28T23:59:59+01:00,1,3,1043,801,1567,2261,1794,3805,2298,5823,2708,4606,1280,1285,1187,2111,752,3205,40,20,72,105,129,206,155,380,202,292,103,101,102,205,83,433,36502,2628,27,0,0,0,0,1,0
2021-01-27T23:59:59+01:00,1,3,893,750,1476,2185,1727,3690,2227,5693,2650,4482,1252,1241,1163,2072,740,3173,29,12,62,86,104,162,122,323,175,247,95,84,91,186,79,402,35399,2259,18,0,0,0,0,1,0
2021-01-26T23:59:59+01:00,1,3,879,731,1411,2111,1664,3560,2140,5521,2562,4371,1197,1201,1117,2001,716,3124,28,11,59,83,100,156,118,309,174,237,93,79,84,165,68,356,34297,2120,12,0,0,0,0,1,0
2021-01-25T23:59:59+01:00,1,3,866,710,1379,2051,1633,3463,2095,5355,2505,4281,1146,1176,1070,1944,698,3065,26,11,56,83,97,154,117,307,173,237,92,78,83,164,66,353,33437,2097,3,0,0,0,0,1,0
2021-01-24T23:59:59+01:00,1,3,863,709,1373,2040,1628,3446,2087,5329,2494,4249,1142,1169,1065,1937,697,3060,26,11,56,83,96,153,117,307,173,236,92,78,83,164,66,353,33288,2094,3,0,0,0,0,1,0
2021-01-23T23:59:59+01:00,1,3,863,709,1373,2040,1628,3446,2087,5329,2494,4249,1142,1169,1065,1937,697,3060,26,11,56,83,96,153,117,307,172,236,92,78,83,164,66,353,33288,2093,3,0,0,0,0,1,0
2021-01-22T23:59:59+01:00,1,3,863,699,1359,2018,1612,3422,2074,5295,2478,4229,1140,1164,1064,1914,696,3027,26,11,56,83,96,153,117,307,171,236,92,78,83,164,66,353,33054,2092,3,0,0,0,0,1,0
2021-01-21T23:59:59+01:00,1,3,832,662,1281,1863,1512,3232,1978,5023,2368,4032,1102,1106,1035,1844,664,2919,24,10,52,78,88,145,107,278,157,213,79,70,74,144,54,301,31453,1874,3,0,0,0,0,1,0
2021-01-20T23:59:59+01:00,1,3,629,563,1087,1644,1378,2958,1801,4619,2165,3695,977,988,917,1615,599,2649,22,10,51,74,85,144,99,265,146,194,69,64,69,122,45,269,28284,1728,3,0,0,0,0,1,0
2021-01-19T23:59:59+01:00,1,3,342,417,835,1387,1177,2618,1566,4090,1905,3245,810,820,753,1342,501,2244,18,7,36,52,56,78,73,178,102,131,52,49,48,91,34,208,24053,1213,2,0,0,0,0,1,0
2021-01-18T23:59:59+01:00,1,3,300,376,723,1199,1056,2364,1374,3592,1667,2865,682,671,608,1098,427,1860,7,3,11,17,19,27,24,50,25,46,12,11,13,33,7,61,20864,366,1,0,0,0,0,1,0
2021-01-17T23:59:59+01:00,1,3,259,321,657,1105,978,2193,1276,3317,1552,2654,637,642,581,1042,406,1802,0,0,1,0,2,2,2,1,2,2,1,4,1,0,0,1,19425,19,1,0,0,0,0,0,0
2021-01-16T23:59:59+01:00,1,3,242,289,641,1072,954,2130,1235,3207,1501,2581,621,625,573,1042,406,1801,0,0,0,0,1,2,1,1,1,2,0,1,1,0,0,1,18923,11,1,0,0,0,0,0,0
2021-01-15T23:59:59+01:00,1,3,227,256,612,1024,927,2052,1201,3091,1449,2485,590,599,566,1021,399,1789,0,0,0,0,0,0,0,0,0,0,0,0,0,0,0,0,18292,0,0,0,0,0,0,0,0
2021-01-14T23:59:59+01:00,1,2,197,204,552,902,838,1909,1108,2868,1334,2302,546,556,528,977,393,1747,0,0,0,0,0,0,0,0,0,0,0,0,0,0,0,0,16964,0,0,0,0,0,0,0,0
2021-01-13T23:59:59+01:00,1,2,166,185,503,833,766,1783,1010,2635,1180,2077,433,439,401,772,295,1350,0,0,0,0,0,0,0,0,0,0,0,0,0,0,0,0,14831,0,0,0,0,0,0,0,0
2021-01-12T23:59:59+01:00,1,2,144,164,471,764,716,1628,920,2432,1073,1843,344,331,310,552,213,962,0,0,0,0,0,0,0,0,0,0,0,0,0,0,0,0,12870,0,0,0,0,0,0,0,0
2021-01-11T23:59:59+01:00,0,1,115,127,395,634,626,1375,756,1974,847,1457,213,193,171,324,115,565,0,0,0,0,0,0,0,0,0,0,0,0,0,0,0,0,9888,0,0,0,0,0,0,0,0
2021-01-10T23:59:59+01:00,0,1,89,92,305,458,471,995,549,1447,623,1061,176,170,159,311,110,552,0,0,0,0,0,0,0,0,0,0,0,0,0,0,0,0,7569,0,0,0,0,0,0,0,0
2021-01-09T23:59:59+01:00,0,1,78,84,259,395,401,863,482,1230,547,903,169,160,154,306,110,550,0,0,0,0,0,0,0,0,0,0,0,0,0,0,0,0,6692,0,0,0,0,0,0,0,0
2021-01-08T23:59:59+01:00,0,1,65,64,186,287,304,584,367,932,441,684,161,155,138,294,108,550,0,0,0,0,0,0,0,0,0,0,0,0,0,0,0,0,5321,0,0,0,0,0,0,0,0
2021-01-07T23:59:59+01:00,0,0,46,24,78,121,137,230,165,419,223,340,116,121,123,251,98,504,0,0,0,0,0,0,0,0,0,0,0,0,0,0,0,0,2996,0,0,0,0,0,0,0,0
2021-01-06T23:59:59+01:00,0,0,32,17,69,92,116,180,137,342,194,276,97,93,97,205,83,429,0,0,0,0,0,0,0,0,0,0,0,0,0,0,0,0,2459,0,0,0,0,0,0,0,0
2021-01-05T23:59:59+01:00,0,0,29,12,59,87,106,166,121,327,180,253,96,88,95,198,81,411,0,0,0,0,0,0,0,0,0,0,0,0,0,0,0,0,2309,0,0,0,0,0,0,0,0
2021-01-04T23:59:59+01:00,0,0,26,11,56,84,98,157,116,312,178,241,95,85,88,184,71,380,0,0,0,0,0,0,0,0,0,0,0,0,0,0,0,0,2182,0,0,0,0,0,0,0,0
2021-01-03T23:59:59+01:00,0,0,26,11,56,84,98,157,116,312,178,241,95,85,87,183,71,380,0,0,0,0,0,0,0,0,0,0,0,0,0,0,0,0,2180,0,0,0,0,0,0,0,0
2021-01-02T23:59:59+01:00,0,0,26,11,56,84,98,157,116,312,177,241,95,85,87,183,71,380,0,0,0,0,0,0,0,0,0,0,0,0,0,0,0,0,2179,0,0,0,0,0,0,0,0
2021-01-01T23:59:59+01:00,0,0,26,11,56,84,98,157,116,312,175,240,95,85,87,183,71,380,0,0,0,0,0,0,0,0,0,0,0,0,0,0,0,0,2176,0,0,0,0,0,0,0,0
2020-12-31T23:59:59+01:00,0,0,26,11,56,84,98,157,116,312,175,240,95,85,87,183,71,380,0,0,0,0,0,0,0,0,0,0,0,0,0,0,0,0,2176,0,0,0,0,0,0,0,0
2020-12-30T23:59:59+01:00,0,0,25,11,56,83,97,154,116,311,175,240,95,85,87,183,71,380,0,0,0,0,0,0,0,0,0,0,0,0,0,0,0,0,2169,0,0,0,0,0,0,0,0
2020-12-29T23:59:59+01:00,0,0,18,8,41,59,74,91,86,216,128,188,73,73,65,151,56,304,0,0,0,0,0,0,0,0,0,0,0,0,0,0,0,0,1631,0,0,0,0,0,0,0,0
2020-12-28T23:59:59+01:00,0,0,8,5,17,28,31,45,40,111,53,101,30,40,37,91,29,175,0,0,0,0,0,0,0,0,0,0,0,0,0,0,0,0,841,0,0,0,0,0,0,0,0
2020-12-27T23:59:59+01:00,0,0,2,2,4,5,7,11,10,23,6,22,5,7,6,25,3,48,0,0,0,0,0,0,0,0,0,0,0,0,0,0,0,0,186,0,0,0,0,0,0,0,0
