Datum,<24_1_m,<24_1_w,25-34_1_m,25-34_1_w,35-44_1_m,35-44_1_w,45-54_1_m,45-54_1_w,55-64_1_m,55-64_1_w,65-74_1_m,65-74_1_w,75-84_1_m,75-84_1_w,>84_1_m,>84_1_w,<24_2_m,<24_2_w,25-34_2_m,25-34_2_w,35-44_2_m,35-44_2_w,45-54_2_m,45-54_2_w,55-64_2_m,55-64_2_w,65-74_2_m,65-74_2_w,75-84_2_m,75-84_2_w,>84_2_m,>84_2_w,bp_1,bp_2,mo_1,mo_2,az_1,az_2,ja
2021-05-12T23:59:59+02:00,10355,10638,16713,17758,20253,26373,30750,40068,44857,46633,56587,62360,43915,53832,10774,19302,3717,3512,5235,6645,6228,11013,9879,16861,13789,16205,26972,30564,32347,40108,8487,15137,302402,203272,43648,32435,164090,9964,1028
2021-05-11T23:59:59+02:00,9938,10330,15945,17238,19441,25766,28795,38505,43190,45265,56296,62005,43837,53713,10759,19279,3599,3368,5054,6346,5975,10653,9558,16358,13369,15693,25638,28995,31924,39593,8450,15066,296975,197595,40599,32305,161776,8787,952
2021-05-10T23:59:59+02:00,9670,10166,15486,16994,18905,25452,27798,37774,41838,44188,56124,61812,43767,53613,10741,19257,3527,3241,4894,6129,5802,10361,9298,15892,13005,15281,24688,27778,31522,39127,8420,15019,293755,193301,39699,32287,159250,7515,881
2021-05-09T23:59:59+02:00,9497,10076,15197,16807,18522,25209,27082,37302,39995,42461,55993,61689,43723,53559,10734,19240,3395,3181,4729,6000,5664,10203,9122,15702,12855,15136,24430,27470,31407,38974,8412,15010,290831,192196,39334,32249,156315,6639,606
2021-05-08T23:59:59+02:00,9406,9983,15022,16670,18317,24998,26850,37064,39772,42275,55881,61567,43690,53521,10731,19231,3385,3160,4695,5966,5620,10154,9040,15636,12757,15054,24040,27018,31171,38711,8405,14995,289294,191013,38884,31551,156194,6637,606
2021-05-07T23:59:59+02:00,9217,9882,14711,16500,17984,24775,26468,36783,39359,41900,55621,61249,43650,53474,10726,19224,3056,3009,4373,5795,5379,9879,8718,15333,12344,14613,22937,25630,30628,38003,8384,14962,286899,187642,38458,30059,155870,5046,296
2021-05-06T23:59:59+02:00,8545,9485,13863,15887,16958,23929,25126,35665,37254,40184,54640,60100,43436,53193,10696,19172,2912,2885,4203,5594,5175,9583,8361,14906,11912,14129,21597,23933,29910,37154,8340,14863,276418,182170,37342,29104,154115,3925,258
2021-05-05T23:59:59+02:00,7965,9133,13077,15341,15934,23147,23702,34630,35439,38613,52970,58247,43162,52888,10669,19114,2811,2815,4042,5445,4985,9371,8022,14563,11557,13748,20147,22110,28983,36044,8311,14789,265156,176498,36440,27942,152355,3223,80
2021-05-04T23:59:59+02:00,7770,9023,12728,15161,15433,22881,23072,34282,34452,37862,52234,57394,43050,52765,10658,19081,2742,2733,3893,5275,4804,9114,7680,14136,11103,13248,18456,20148,28049,34930,8238,14694,261526,169894,35577,27015,150715,2306,28
2021-05-03T23:59:59+02:00,7589,8859,12338,14955,14928,22563,22367,33863,33308,36955,52015,57151,42960,52670,10649,19053,2677,2654,3799,5094,4660,8867,7458,13776,10769,12830,17208,18580,27275,33966,8184,14603,258319,164389,35118,26667,148768,1326,18
2021-05-02T23:59:59+02:00,7510,8757,12115,14805,14629,22358,21910,33559,32138,35994,51841,56956,42906,52593,10634,19025,2665,2647,3777,5061,4630,8828,7390,13704,10682,12728,16870,18176,27030,33697,8172,14592,256129,162847,35046,26556,146538,1229,17
2021-05-01T23:59:59+02:00,7484,8728,12057,14754,14549,22306,21814,33485,32021,35906,51836,56947,42903,52592,10632,19023,2658,2637,3754,5043,4589,8801,7347,13669,10621,12662,16663,17943,26932,33582,8169,14582,255589,161881,35046,26528,146386,1227,16
2021-04-30T23:59:59+02:00,7443,8682,11963,14675,14437,22184,21618,33313,31789,35693,51586,56619,42860,52541,10627,19015,2623,2612,3693,4977,4494,8693,7194,13470,10317,12386,15771,16808,26198,32671,8139,14509,253856,158734,35003,24647,146170,1158,16
2021-04-29T23:59:59+02:00,7214,8546,11665,14496,14084,21947,21093,33016,31034,35167,51005,55876,42774,52428,10606,18948,2583,2558,3594,4887,4366,8556,6998,13257,10038,12088,14648,15385,25090,31367,8086,14424,250753,153096,34918,23907,144212,906,16
2021-04-28T23:59:59+02:00,6913,8356,11279,14161,13605,21474,20470,32406,29714,33866,48515,53106,42520,52133,10557,18881,2543,2513,3526,4826,4260,8443,6833,13070,9789,11862,13382,13747,23889,29876,8042,14342,240910,147541,34806,22707,142234,689,6
2021-04-27T23:59:59+02:00,6806,8254,11126,14038,13422,21323,20187,32194,29159,33462,48350,52929,42469,52084,10550,18863,2498,2472,3428,4741,4174,8331,6654,12872,9513,11568,11982,11972,22513,28088,7981,14224,239608,140971,34760,21522,140842,512,6
2021-04-26T23:59:59+02:00,6749,8206,11015,13971,13264,21206,19951,31967,28306,32857,48070,52628,42420,52028,10545,18836,2476,2439,3375,4703,4109,8259,6548,12738,9317,11380,10896,10580,21440,26603,7932,14151,238919,135757,34737,20781,138357,402,6
2021-04-25T23:59:59+02:00,6697,8154,10904,13873,13107,21054,19695,31673,27481,32068,47673,52188,42346,51942,10532,18819,2447,2427,3346,4684,4091,8237,6514,12697,9255,11323,10710,10352,21231,26321,7927,14139,237244,134914,34695,20439,136261,342,6
2021-04-24T23:59:59+02:00,6671,8097,10825,13791,13015,20908,19557,31504,27326,31896,47571,52067,42271,51866,10528,18815,2440,2417,3320,4653,4050,8192,6435,12620,9124,11202,10551,10171,21110,26196,7915,14123,235816,134394,34679,19795,136207,324,6
2021-04-23T23:59:59+02:00,6599,7992,10691,13591,12821,20654,19238,31130,26918,31513,46682,50968,42125,51664,10513,18785,2422,2395,3276,4619,3998,8135,6337,12524,8960,11067,10261,9839,20823,25813,7874,14059,231498,133281,34623,18802,135757,313,6
2021-04-22T23:59:59+02:00,6484,7870,10472,13377,12476,20318,18709,30651,26242,30845,44987,48843,41630,51036,10476,18703,2405,2376,3230,4572,3923,8058,6214,12426,8684,10901,9795,9379,20421,25280,7836,13999,225318,131182,34519,18030,133276,281,6
2021-04-21T23:59:59+02:00,6383,7710,10240,13180,12141,19997,18206,30151,25329,29868,40957,44253,41208,50566,10420,18608,2394,2364,3186,4539,3875,8000,6125,12330,8510,10744,9427,8956,19971,24740,7785,13916,213362,129564,34454,17030,131395,262,6
2021-04-20T23:59:59+02:00,6284,7608,10039,12967,11868,19730,17783,29725,24723,29250,39276,42334,40650,49910,10360,18488,2369,2348,3144,4514,3809,7953,5985,12237,8353,10616,9117,8573,19517,24131,7712,13799,207369,128226,34369,15736,129251,209,6
2021-04-19T23:59:59+02:00,6205,7522,9886,12841,11663,19532,17392,29307,24131,28724,37771,40560,40129,49276,10312,18412,2352,2326,3109,4481,3766,7906,5946,12170,8267,10524,8840,8232,19152,23624,7678,13721,202393,126552,34316,15344,126948,192,6
2021-04-18T23:59:59+02:00,6129,7460,9758,12764,11472,19385,17106,29108,23676,28339,36512,39262,39817,48904,10285,18364,2339,2306,3078,4462,3739,7889,5900,12123,8217,10478,8732,8118,19010,23461,7664,13701,200881,126069,34280,14954,123174,188,6
2021-04-17T23:59:59+02:00,6122,7443,9721,12731,11429,19341,17024,29044,23598,28268,36214,38925,39721,48824,10280,18354,2327,2296,3052,4447,3676,7848,5826,12070,8139,10427,8621,8005,18914,23357,7646,13689,199657,125283,34272,14865,123104,186,6
2021-04-16T23:59:59+02:00,6057,7394,9639,12680,11304,19218,16808,28892,23193,27844,35187,37703,39362,48377,10264,18326,2179,2196,2829,4281,3318,7531,5031,11514,6629,9326,6188,6007,17330,21849,7493,13445,195572,116380,34190,10576,122480,184,6
2021-04-15T23:59:59+02:00,5977,7294,9436,12500,10996,18968,16292,28494,22459,27152,33277,35376,38469,47323,10195,18184,2132,2158,2766,4217,3199,7417,4789,11316,6269,9016,5715,5605,16763,21151,7345,13172,189781,113315,34139,9532,118466,177,6
2021-04-14T23:59:59+02:00,5905,7237,9273,12375,10763,18780,15880,28155,21765,26601,31287,33060,37430,46086,10133,18028,2043,2094,2688,4156,3088,7327,4578,11143,5945,8768,5236,5185,16195,20444,7174,12879,183434,110742,34000,8073,115318,122,6
2021-04-13T23:59:59+02:00,5846,7169,9133,12247,10584,18607,15518,27859,21179,26037,29136,30541,36302,44668,10018,17862,1994,2075,2651,4117,3033,7261,4442,10992,5678,8564,4889,4864,15740,19991,7075,12717,176556,109350,33937,6702,112207,25,6
2021-04-12T23:59:59+02:00,5781,7113,9020,12109,10380,18451,15179,27565,20570,25504,27082,28218,35275,43367,9912,17696,1960,2033,2623,4098,3009,7205,4373,10923,5576,8470,4733,4718,15435,19603,6985,12556,170865,108545,33864,5724,108487,25,6
2021-04-11T23:59:59+02:00,5735,7066,8930,12032,10217,18347,14896,27376,20105,25129,25884,26939,34652,42656,9845,17573,1949,2026,2601,4077,2991,7180,4338,10881,5495,8405,4636,4668,15322,19482,6955,12512,169102,108368,33794,5124,104480,20,6
2021-04-10T23:59:59+02:00,5717,7049,8895,12007,10158,18311,14827,27327,20006,25040,25527,26522,34365,42294,9838,17552,1946,2021,2592,4067,2975,7164,4305,10853,5436,8361,4560,4590,15193,19314,6918,12438,167894,107583,33074,5124,104461,20,6
2021-04-09T23:59:59+02:00,5659,7014,8812,11924,10034,18190,14655,27136,19729,24787,24585,25227,33562,41265,9813,17493,1915,1989,2540,4029,2895,7102,4144,10727,5179,8129,4137,4208,14623,18582,6729,12131,164551,103916,31566,5117,103762,20,6
2021-04-08T23:59:59+02:00,5576,6941,8663,11807,9812,18014,14238,26816,19108,24266,22734,23075,32092,39545,9692,17293,1880,1969,2484,3980,2821,7016,3984,10576,4877,7864,3677,3769,13636,17321,6360,11538,158821,99146,30660,4585,100185,15,6
2021-04-07T23:59:59+02:00,5513,6878,8488,11737,9583,17855,13903,26571,18607,23872,20758,20702,30579,37610,9599,17117,1843,1952,2428,3928,2757,6940,3873,10418,4691,7661,3408,3495,12924,16481,6053,11067,152814,95868,29488,4034,97064,11,6
2021-04-06T23:59:59+02:00,5452,6826,8347,11633,9425,17682,13549,26294,18071,23434,18713,18378,28906,35424,9438,16832,1805,1931,2403,3902,2724,6900,3810,10374,4611,7573,3303,3367,12406,15793,5818,10720,146006,93578,28534,3846,93858,10,6
2021-04-05T23:59:59+02:00,5412,6780,8255,11540,9289,17584,13316,26069,17623,23045,16856,16238,27500,33539,9315,16645,1781,1922,2376,3885,2697,6852,3768,10314,4522,7465,3196,3259,12052,15401,5686,10479,140617,92223,28099,3416,90284,10,6
2021-04-04T23:59:59+02:00,5404,6775,8249,11526,9272,17575,13294,26046,17593,23021,16700,16036,27332,33323,9310,16634,1780,1920,2375,3883,2695,6849,3766,10310,4516,7463,3188,3246,12040,15390,5684,10471,139904,92144,28006,3416,90174,10,6
2021-04-03T23:59:59+02:00,5400,6767,8233,11516,9251,17556,13249,26014,17521,22955,16619,15948,27292,33267,9306,16630,1777,1916,2364,3877,2677,6833,3737,10284,4437,7398,3062,3133,11970,15325,5679,10461,139378,91498,27977,3416,90163,10,6
2021-04-02T23:59:59+02:00,5371,6745,8179,11459,9181,17486,13098,25901,17288,22744,16144,15416,26866,32767,9281,16585,1774,1906,2353,3871,2667,6818,3711,10243,4372,7312,2993,3063,11695,15006,5570,10287,138183,90213,26565,3412,89757,10,6
2021-04-01T23:59:59+02:00,5317,6667,8064,11322,9050,17322,12816,25602,16829,22349,15350,14630,26191,31885,9182,16436,1749,1875,2330,3850,2642,6790,3678,10207,4306,7250,2874,2935,10707,13811,5082,9615,135952,86379,25901,3307,87153,9,6
2021-03-31T23:59:59+02:00,5094,6570,7951,11211,8919,17155,12582,25305,16480,21987,14604,13806,25431,30951,9097,16279,1738,1869,2317,3827,2620,6764,3624,10152,4234,7185,2785,2845,10074,13041,4797,9211,134170,83987,24447,3081,84799,9,6
2021-03-30T23:59:59+02:00,5060,6504,7875,11085,8836,17003,12416,25107,16191,21660,13974,13097,24715,30051,8988,16077,1725,1854,2298,3809,2594,6740,3586,10089,4165,7107,2661,2709,9439,12325,4513,8790,132700,81692,23234,2700,82699,6,6
2021-03-29T23:59:59+02:00,5014,6432,7769,10979,8729,16837,12248,24815,15857,21324,13399,12428,24015,29156,8864,15871,1713,1844,2281,3796,2579,6716,3552,10033,4111,7037,2610,2643,9116,11901,4368,8529,130875,80328,22479,2489,80377,6,6
2021-03-28T23:59:59+02:00,4970,6337,7681,10873,8660,16680,12102,24579,15590,21050,13063,12089,23458,28485,8726,15637,1704,1839,2270,3785,2572,6693,3515,9989,4079,6984,2568,2595,9037,11791,4330,8477,130379,80004,21953,2212,77642,6,6
2021-03-27T23:59:59+01:00,4956,6323,7654,10843,8589,16607,11999,24478,15443,20932,12854,11872,23273,28290,8698,15611,1703,1837,2267,3783,2570,6692,3502,9963,4068,6968,2559,2587,8972,11719,4305,8445,129507,79716,21305,2212,77604,6,6
2021-03-26T23:59:59+01:00,4907,6243,7536,10726,8416,16407,11642,24155,14812,20414,11923,11042,22553,27499,8591,15426,1695,1819,2263,3766,2557,6667,3480,9937,4026,6933,2536,2551,8765,11475,4215,8306,125512,78881,19708,2098,77066,6,6
2021-03-25T23:59:59+01:00,4842,6061,7366,10441,8168,15997,11232,23517,14197,19750,11227,10370,21701,26420,8349,14981,1673,1801,2232,3738,2521,6633,3442,9884,3951,6851,2398,2419,7737,10117,3723,7597,122273,74843,18939,1863,73402,6,5
2021-03-24T23:59:59+01:00,4762,5896,7215,10155,7968,15581,10960,22974,13741,19181,10607,9798,20794,25320,8076,14494,1650,1769,2205,3702,2479,6593,3386,9813,3886,6756,2296,2321,7040,9274,3413,7122,119725,72254,17752,1445,70044,5,1
2021-03-23T23:59:59+01:00,4716,5780,7101,9929,7818,15234,10692,22454,13343,18715,10141,9347,20046,24443,7837,14108,1637,1752,2181,3680,2457,6565,3327,9755,3795,6683,2200,2223,6248,8241,3045,6557,118287,69225,16656,1116,66761,5,0
2021-03-22T23:59:59+01:00,4656,5683,6970,9686,7661,14914,10429,21981,13003,18243,9763,8994,19484,23729,7690,13828,1626,1744,2174,3665,2443,6553,3307,9731,3759,6651,2147,2174,5744,7573,2760,6158,117436,67177,16255,1027,63023,5,0
2021-03-21T23:59:59+01:00,4601,5550,6834,9419,7499,14542,10192,21434,12673,17765,9435,8711,18964,23117,7535,13566,1623,1739,2173,3656,2440,6547,3300,9720,3750,6641,2133,2154,5626,7437,2718,6082,117249,66707,15858,1027,58730,5,0
2021-03-20T23:59:59+01:00,4590,5524,6798,9359,7435,14479,10099,21324,12574,17676,9352,8617,18826,22941,7494,13489,1621,1736,2169,3653,2435,6541,3287,9710,3725,6632,2100,2118,5267,7029,2572,5880,116425,65443,15764,1027,58388,5,0
2021-03-19T23:59:59+01:00,4390,5355,6511,9110,6958,14039,9117,20548,10771,16273,6471,6249,16776,20863,7199,13019,1615,1731,2165,3645,2424,6529,3275,9682,3667,6587,2036,2079,4843,6508,2365,5611,107159,63762,11061,995,55429,5,0
2021-03-18T23:59:59+01:00,4273,5187,6320,8811,6704,13579,8706,19884,10132,15569,5759,5587,15532,19330,6780,12337,1608,1723,2145,3618,2406,6491,3243,9646,3626,6553,1997,2048,4360,5912,2148,5273,102057,61905,10055,887,52378,5,0
2021-03-17T23:59:59+01:00,4182,5099,6194,8672,6526,13404,8404,19544,9720,15193,5353,5202,14693,18355,6445,11838,1596,1708,2130,3599,2375,6459,3208,9617,3588,6516,1944,1991,3914,5410,1943,4947,98822,60185,8373,755,51629,5,0
2021-03-16T23:59:59+01:00,4090,4942,6041,8407,6317,13020,8068,18964,9183,14561,4836,4745,13861,17363,6176,11421,1587,1699,2122,3583,2358,6448,3197,9595,3561,6488,1915,1953,3327,4707,1688,4525,96514,57998,6965,751,48516,4,0
2021-03-15T23:59:59+01:00,4022,4770,5848,8138,6113,12589,7784,18397,8754,13973,4541,4474,13179,16607,5962,11018,1586,1690,2107,3567,2338,6426,3177,9549,3542,6460,1882,1904,2931,4218,1468,4187,95060,56293,5992,736,45117,3,0
2021-03-14T23:59:59+01:00,3965,4601,5600,7825,5851,12120,7456,17658,8320,13282,4229,4219,12915,16366,5925,10933,1578,1680,2091,3538,2324,6375,3163,9494,3527,6433,1874,1893,2856,4115,1428,4121,94947,55944,5384,543,40934,3,0
2021-03-13T23:59:59+01:00,3950,4570,5567,7740,5795,12034,7382,17549,8196,13155,4076,4081,12836,16290,5920,10922,1578,1680,2091,3538,2323,6375,3162,9493,3526,6433,1869,1884,2797,4054,1403,4074,94264,55734,5384,543,40415,3,0
2021-03-12T23:59:59+01:00,3925,4479,5518,7610,5729,11891,7295,17310,8065,12947,3971,3985,12529,15946,5810,10734,1578,1680,2087,3531,2321,6367,3160,9486,3525,6429,1867,1882,2689,3925,1342,4009,92850,55332,5376,543,39518,3,0
2021-03-11T23:59:59+01:00,3824,4237,5305,7353,5503,11452,6941,16623,7652,12371,3639,3640,11374,14578,5274,9978,1572,1676,2077,3518,2302,6344,3138,9447,3500,6398,1840,1858,2422,3637,1219,3822,88689,54255,4948,512,36107,3,0
2021-03-10T23:59:59+01:00,3714,4096,5092,7088,5290,11079,6669,16052,7327,11888,3435,3424,10668,13710,4968,9540,1565,1657,2053,3479,2273,6257,3087,9318,3444,6288,1800,1788,2181,3372,1117,3662,86240,53060,4580,278,33220,3,0
2021-03-09T23:59:59+01:00,3633,3945,4925,6901,5107,10792,6435,15595,7029,11414,3265,3245,9985,12943,4664,9089,1555,1641,2019,3420,2240,6152,3018,9173,3385,6217,1773,1762,1880,3016,977,3460,83969,51654,4324,31,30674,3,0
2021-03-08T23:59:59+01:00,3556,3763,4697,6644,4870,10425,6175,15078,6674,10850,3079,3080,9571,12465,4512,8821,1552,1618,2002,3340,2210,6059,2976,9030,3357,6136,1759,1739,1656,2761,881,3296,82500,50342,3962,30,27798,0,0
2021-03-07T23:59:59+01:00,3522,3692,4621,6534,4786,10312,6077,14917,6561,10721,3033,3036,9488,12356,4480,8767,1544,1612,1997,3328,2201,6029,2969,8992,3345,6122,1753,1726,1588,2684,841,3240,82167,49941,3793,30,26943,0,0
2021-03-06T23:59:59+01:00,3505,3621,4578,6451,4750,10241,6019,14803,6515,10627,3015,3015,9423,12283,4456,8733,1542,1596,1990,3316,2191,6001,2966,8964,3334,6103,1745,1705,1556,2660,839,3232,81854,49710,3793,30,26388,0,0
2021-03-05T23:59:59+01:00,3476,3516,4516,6354,4693,10136,5953,14645,6415,10489,2981,2972,9212,12021,4363,8590,1532,1555,1962,3259,2164,5893,2924,8829,3292,5969,1703,1667,1490,2591,820,3207,80958,48827,3785,30,25589,0,0
2021-03-04T23:59:59+01:00,3407,3302,4349,6120,4491,9830,5733,14205,6117,10138,2806,2805,8103,10575,3842,7841,1510,1498,1928,3136,2138,5700,2879,8562,3242,5757,1639,1586,1457,2544,816,3192,76798,47555,3512,29,23354,0,0
2021-03-03T23:59:59+01:00,3360,3220,4208,5932,4326,9561,5519,13827,5884,9746,2683,2693,7405,9711,3515,7338,1496,1455,1900,3060,2116,5591,2849,8381,3186,5612,1572,1542,1416,2473,798,3145,74081,46563,3298,29,21549,0,0
2021-03-02T23:59:59+01:00,3301,3112,4016,5733,4127,9287,5320,13446,5633,9393,2550,2552,6562,8632,3131,6759,1461,1406,1872,2988,2090,5439,2804,8109,3136,5435,1501,1484,1354,2393,778,3106,70929,45327,2898,29,19727,0,0
2021-03-01T23:59:59+01:00,3259,3038,3842,5587,3955,9074,5136,13127,5408,9024,2462,2458,6010,7900,2837,6340,1453,1364,1851,2880,2059,5255,2761,7836,3085,5235,1460,1454,1308,2332,752,3071,68774,44127,2646,29,18037,0,0
2021-02-28T23:59:59+01:00,3210,2982,3670,5472,3759,8873,4947,12873,5230,8748,2419,2396,5873,7731,2791,6256,1448,1358,1848,2867,2049,5232,2756,7801,3076,5220,1452,1447,1302,2322,749,3064,68303,43962,2428,29,16499,0,0
2021-02-27T23:59:59+01:00,3191,2907,3644,5397,3728,8808,4911,12774,5192,8686,2380,2354,5504,7312,2636,6046,1441,1348,1838,2855,2038,5187,2736,7742,3061,5170,1437,1439,1294,2312,748,3063,66988,43681,2428,28,16054,0,0
2021-02-26T23:59:59+01:00,3166,2852,3600,5316,3669,8708,4851,12667,5100,8608,2307,2305,5070,6780,2422,5769,1372,1282,1793,2753,1990,4996,2677,7456,2990,4988,1380,1398,1272,2289,735,3055,65189,42399,2303,27,15698,0,0
2021-02-25T23:59:59+01:00,2977,2724,3414,5137,3493,8483,4635,12364,4896,8360,2228,2254,4560,6157,2199,5419,1355,1222,1758,2643,1950,4699,2599,7069,2903,4751,1340,1358,1255,2274,733,3046,63330,40931,1980,24,13990,0,0
2021-02-24T23:59:59+01:00,2794,2564,3243,4941,3337,8285,4432,12081,4684,8148,2099,2138,4071,5589,1986,5088,1334,1186,1739,2562,1912,4543,2542,6808,2850,4570,1314,1330,1236,2253,731,3026,61562,39919,1507,17,12411,0,0
2021-02-23T23:59:59+01:00,2640,2403,3066,4711,3190,8059,4248,11803,4512,7920,2017,2051,3444,4849,1726,4659,1319,1131,1708,2462,1871,4338,2471,6509,2754,4335,1263,1278,1213,2212,718,3002,59363,38570,1157,14,10778,0,0
2021-02-22T23:59:59+01:00,2590,2343,2985,4619,3118,7952,4153,11612,4409,7807,1978,2012,3038,4353,1503,4329,1305,1064,1674,2325,1826,4082,2389,6117,2631,4066,1210,1231,1192,2184,714,2980,57738,36986,1071,4,9992,0,0
2021-02-21T23:59:59+01:00,2552,2306,2929,4541,3041,7837,4067,11458,4350,7710,1963,1990,2948,4230,1456,4253,1299,1041,1658,2267,1798,3967,2355,5961,2575,3955,1178,1215,1184,2168,707,2967,57306,36291,1038,4,9287,0,0
2021-02-20T23:59:59+01:00,2540,2302,2907,4526,3025,7803,4037,11423,4334,7691,1958,1981,2887,4167,1430,4205,1299,1038,1658,2265,1796,3957,2355,5957,2574,3952,1177,1212,1183,2164,706,2967,57090,36256,1037,4,9089,0,0
2021-02-19T23:59:59+01:00,2524,2285,2874,4471,2996,7716,3994,11337,4281,7637,1952,1976,2776,4034,1369,4134,1239,1028,1627,2258,1785,3944,2346,5935,2563,3942,1173,1204,1171,2159,702,2960,56675,36032,1006,4,8675,0,0
2021-02-18T23:59:59+01:00,2367,2170,2731,4291,2874,7509,3848,11040,4153,7463,1926,1944,2506,3736,1245,3944,1146,979,1561,2167,1735,3822,2271,5771,2514,3871,1160,1188,1168,2144,691,2944,55611,35128,940,4,7196,0,0
2021-02-17T23:59:59+01:00,2314,2110,2641,4161,2763,7290,3690,10682,4023,7247,1875,1873,2265,3477,1143,3783,978,898,1453,2050,1667,3620,2177,5542,2442,3728,1131,1144,1142,2098,675,2905,54539,33647,795,3,6003,0,0
2021-02-16T23:59:59+01:00,2113,1980,2487,3952,2625,6999,3528,10315,3861,6991,1834,1847,1961,3119,1002,3575,945,872,1384,1970,1594,3472,2081,5362,2352,3619,1071,1093,1085,2006,641,2815,53208,32360,759,2,4222,0,0
2021-02-15T23:59:59+01:00,2074,1912,2400,3788,2547,6715,3400,9937,3756,6761,1810,1820,1717,2851,905,3417,926,858,1353,1922,1555,3399,2023,5196,2287,3521,1009,1052,1018,1915,626,2726,52113,31385,745,1,2952,0,0
2021-02-14T23:59:59+01:00,1981,1874,2356,3727,2501,6620,3335,9830,3710,6695,1801,1812,1648,2784,868,3366,911,848,1335,1894,1528,3378,1993,5152,2263,3470,999,1042,1011,1904,623,2717,51780,31067,716,1,2412,0,0
2021-02-13T23:59:59+01:00,1980,1859,2345,3722,2496,6605,3331,9815,3703,6683,1793,1794,1621,2764,867,3357,911,848,1335,1894,1528,3378,1993,5152,2263,3470,999,1042,1011,1904,623,2717,51624,31067,716,1,2395,0,0
2021-02-12T23:59:59+01:00,1887,1760,2253,3608,2414,6428,3223,9575,3587,6425,1749,1752,1558,2694,846,3331,903,840,1323,1873,1515,3357,1983,5122,2248,3452,995,1037,1010,1882,623,2691,50688,30853,716,1,1686,0,0
2021-02-11T23:59:59+01:00,1659,1603,2083,3394,2291,6117,3073,9148,3437,6109,1686,1659,1515,2639,835,3311,872,772,1220,1701,1395,3077,1842,4742,2092,3213,948,976,968,1801,593,2566,49322,28777,676,1,561,0,0
2021-02-10T23:59:59+01:00,1551,1541,1998,3265,2229,5947,2977,8866,3337,5893,1618,1614,1471,2572,819,3258,625,661,1017,1481,1252,2760,1653,4260,1903,2892,831,854,842,1537,525,2264,48160,25357,637,0,159,0,0
2021-02-09T23:59:59+01:00,1511,1479,1964,3175,2198,5752,2913,8516,3266,5665,1545,1556,1414,2512,805,3228,343,496,806,1215,1061,2382,1439,3707,1659,2485,679,691,665,1220,421,1841,46912,21110,509,0,78,0,0
2021-02-08T23:59:59+01:00,1501,1434,1935,3046,2157,5530,2860,8219,3209,5466,1507,1529,1371,2455,789,3211,299,436,700,1057,961,2159,1269,3306,1472,2207,580,579,564,1031,369,1619,45802,18608,339,0,78,0,0
2021-02-07T23:59:59+01:00,1470,1413,1907,2998,2131,5444,2827,8119,3171,5405,1494,1515,1357,2435,776,3198,263,374,651,965,901,1998,1180,3084,1374,2056,545,560,544,999,361,1591,45522,17446,138,0,0,0,0
2021-02-06T23:59:59+01:00,1465,1405,1899,2986,2123,5412,2814,8076,3160,5364,1483,1507,1350,2426,775,3197,241,337,627,927,873,1931,1141,2964,1320,1979,529,548,538,999,361,1591,45304,16906,138,0,0,0,0
2021-02-05T23:59:59+01:00,1394,1337,1855,2880,2071,5200,2747,7772,3087,5170,1425,1462,1332,2401,768,3191,224,301,590,889,838,1844,1103,2845,1268,1888,496,528,530,974,350,1569,43954,16237,138,0,0,0,0
2021-02-04T23:59:59+01:00,1381,1260,1810,2731,2005,4864,2656,7324,2992,4895,1386,1431,1315,2385,765,3181,191,232,511,773,750,1702,989,2595,1157,1699,454,484,489,915,332,1460,42350,14733,31,0,0,0,0
2021-02-03T23:59:59+01:00,1357,1223,1781,2651,1965,4696,2589,7054,2942,4705,1351,1401,1284,2347,751,3156,156,194,432,655,631,1457,838,2218,974,1435,336,355,351,692,228,1100,41222,12052,31,0,0,0,0
2021-02-02T23:59:59+01:00,1339,1160,1749,2544,1918,4463,2514,6718,2832,4460,1310,1357,1263,2318,742,3132,133,159,348,534,522,1206,684,1876,793,1162,248,256,274,506,176,823,39788,9700,31,0,0,0,0
2021-02-01T23:59:59+01:00,1322,1090,1711,2406,1865,4201,2436,6328,2716,4184,1246,1283,1235,2278,733,3107,97,99,236,365,346,778,425,1212,465,722,155,154,168,308,93,470,38110,6093,31,0,0,0,0
2021-01-31T23:59:59+01:00,1316,1067,1694,2341,1838,4079,2402,6138,2661,4079,1216,1266,1226,2262,727,3094,83,88,197,293,274,607,335,935,386,593,131,141,160,300,89,457,37375,5069,31,0,0,0,0
2021-01-30T23:59:59+01:00,1316,1064,1693,2336,1835,4066,2401,6127,2658,4071,1215,1262,1225,2260,727,3094,78,76,164,243,245,537,300,812,347,531,130,135,155,297,89,456,37320,4595,30,0,0,0,0
2021-01-29T23:59:59+01:00,1255,1055,1662,2329,1823,4057,2394,6115,2649,4059,1212,1260,1221,2260,727,3094,69,56,121,184,202,376,245,660,305,423,122,126,143,288,86,455,37144,3861,28,0,0,0,0
2021-01-28T23:59:59+01:00,1168,1024,1616,2274,1790,3987,2345,6036,2619,4015,1201,1249,1216,2254,717,3080,44,27,77,110,129,217,154,386,203,257,91,100,115,232,78,416,36566,2636,25,0,0,0,0
2021-01-27T23:59:59+01:00,1003,962,1525,2207,1728,3864,2278,5899,2560,3907,1177,1206,1191,2215,704,3051,32,19,66,87,104,174,123,330,177,216,83,84,105,210,75,387,35460,2272,17,0,0,0,0
2021-01-26T23:59:59+01:00,984,936,1463,2129,1662,3724,2186,5722,2479,3820,1119,1163,1147,2145,681,3001,31,18,63,84,100,167,119,315,176,208,80,80,96,186,66,343,34350,2132,11,0,0,0,0
2021-01-25T23:59:59+01:00,969,909,1430,2069,1630,3620,2134,5565,2427,3733,1070,1137,1096,2091,666,2944,29,18,60,84,97,164,118,314,174,207,80,80,95,185,64,340,33488,2109,2,0,0,0,0
2021-01-24T23:59:59+01:00,966,907,1424,2056,1625,3603,2127,5539,2415,3703,1067,1129,1091,2086,665,2939,29,18,60,84,96,163,118,314,174,206,80,80,95,185,64,340,33340,2106,2,0,0,0,0
2021-01-23T23:59:59+01:00,966,907,1424,2056,1625,3603,2127,5539,2415,3703,1067,1129,1090,2086,665,2939,29,18,60,84,96,163,118,314,173,206,80,80,95,185,64,340,33339,2105,2,0,0,0,0
2021-01-22T23:59:59+01:00,965,897,1407,2031,1614,3577,2111,5507,2403,3685,1065,1125,1089,2057,664,2912,29,18,60,84,96,163,118,314,173,206,80,80,95,185,64,340,33107,2105,2,0,0,0,0
2021-01-21T23:59:59+01:00,923,845,1321,1873,1519,3380,2006,5199,2298,3499,1026,1065,1054,1966,630,2792,27,17,54,79,89,154,109,283,159,186,67,72,84,160,51,291,31394,1882,2,0,0,0,0
2021-01-20T23:59:59+01:00,690,723,1139,1661,1381,3093,1830,4781,2101,3205,905,947,933,1725,574,2532,26,17,53,74,86,154,101,266,148,170,57,65,75,135,45,258,28218,1730,2,0,0,0,0
2021-01-19T23:59:59+01:00,383,550,896,1404,1174,2750,1592,4236,1847,2796,752,780,767,1421,481,2150,21,12,35,51,60,85,74,180,104,115,43,50,54,103,35,197,23978,1219,1,0,0,0,0
2021-01-18T23:59:59+01:00,331,488,785,1214,1052,2482,1391,3720,1612,2466,629,639,620,1157,408,1799,8,6,11,17,22,30,23,49,24,39,11,10,14,34,7,62,20793,367,0,0,0,0,0
2021-01-17T23:59:59+01:00,287,421,715,1121,979,2308,1295,3436,1497,2276,591,609,590,1101,387,1740,1,0,0,0,3,3,1,0,2,2,1,4,0,0,0,1,19353,18,0,0,0,0,0
2021-01-16T23:59:59+01:00,267,388,698,1086,954,2245,1256,3324,1449,2208,575,597,584,1101,387,1739,0,0,0,0,2,3,0,0,1,2,0,1,0,0,0,1,18858,10,0,0,0,0,0
2021-01-15T23:59:59+01:00,252,346,667,1050,926,2157,1221,3208,1396,2119,547,575,578,1079,380,1730,0,0,0,0,0,0,0,0,0,0,0,0,0,0,0,0,18231,0,0,0,0,0,0
2021-01-14T23:59:59+01:00,218,279,600,931,847,2009,1124,2983,1281,1956,509,537,544,1032,376,1694,0,0,0,0,0,0,0,0,0,0,0,0,0,0,0,0,16920,0,0,0,0,0,0
2021-01-13T23:59:59+01:00,183,254,549,858,775,1877,1017,2743,1133,1748,386,423,416,817,276,1299,0,0,0,0,0,0,0,0,0,0,0,0,0,0,0,0,14754,0,0,0,0,0,0
2021-01-12T23:59:59+01:00,159,228,518,787,721,1712,927,2527,1031,1549,302,311,323,581,197,921,0,0,0,0,0,0,0,0,0,0,0,0,0,0,0,0,12794,0,0,0,0,0,0
2021-01-11T23:59:59+01:00,128,177,439,648,627,1451,752,2037,802,1211,181,181,182,344,105,527,0,0,0,0,0,0,0,0,0,0,0,0,0,0,0,0,9792,0,0,0,0,0,0
2021-01-10T23:59:59+01:00,96,123,341,473,467,1051,538,1478,593,882,155,163,168,329,100,516,0,0,0,0,0,0,0,0,0,0,0,0,0,0,0,0,7473,0,0,0,0,0,0
2021-01-09T23:59:59+01:00,84,114,292,402,398,905,469,1254,522,751,150,155,163,325,100,514,0,0,0,0,0,0,0,0,0,0,0,0,0,0,0,0,6598,0,0,0,0,0,0
2021-01-08T23:59:59+01:00,71,89,213,286,300,626,356,951,426,575,143,148,148,316,98,514,0,0,0,0,0,0,0,0,0,0,0,0,0,0,0,0,5260,0,0,0,0,0,0
2021-01-07T23:59:59+01:00,50,32,85,125,135,245,163,434,225,299,108,123,135,285,95,489,0,0,0,0,0,0,0,0,0,0,0,0,0,0,0,0,3028,0,0,0,0,0,0
2021-01-06T23:59:59+01:00,35,24,74,95,116,192,137,355,195,241,86,96,111,233,80,419,0,0,0,0,0,0,0,0,0,0,0,0,0,0,0,0,2489,0,0,0,0,0,0
2021-01-05T23:59:59+01:00,32,19,64,89,105,179,122,339,183,223,84,91,109,226,78,401,0,0,0,0,0,0,0,0,0,0,0,0,0,0,0,0,2344,0,0,0,0,0,0
2021-01-04T23:59:59+01:00,29,18,61,85,97,170,117,321,181,214,83,89,100,209,70,372,0,0,0,0,0,0,0,0,0,0,0,0,0,0,0,0,2216,0,0,0,0,0,0
2021-01-03T23:59:59+01:00,29,18,61,85,97,170,117,321,181,214,83,89,99,208,70,372,0,0,0,0,0,0,0,0,0,0,0,0,0,0,0,0,2214,0,0,0,0,0,0
2021-01-02T23:59:59+01:00,29,18,61,85,97,170,117,321,180,214,83,89,99,208,70,372,0,0,0,0,0,0,0,0,0,0,0,0,0,0,0,0,2213,0,0,0,0,0,0
2021-01-01T23:59:59+01:00,29,18,61,85,97,170,117,321,179,213,83,89,99,208,70,372,0,0,0,0,0,0,0,0,0,0,0,0,0,0,0,0,2211,0,0,0,0,0,0
2020-12-31T23:59:59+01:00,29,18,61,85,97,170,117,321,179,213,83,89,99,208,70,372,0,0,0,0,0,0,0,0,0,0,0,0,0,0,0,0,2211,0,0,0,0,0,0
2020-12-30T23:59:59+01:00,28,18,61,83,96,168,117,320,179,213,83,89,99,208,70,372,0,0,0,0,0,0,0,0,0,0,0,0,0,0,0,0,2204,0,0,0,0,0,0
2020-12-29T23:59:59+01:00,23,12,42,59,76,102,86,226,131,165,64,75,75,174,56,297,0,0,0,0,0,0,0,0,0,0,0,0,0,0,0,0,1663,0,0,0,0,0,0
2020-12-28T23:59:59+01:00,9,7,19,28,34,51,40,119,49,84,29,43,43,101,29,172,0,0,0,0,0,0,0,0,0,0,0,0,0,0,0,0,857,0,0,0,0,0,0
2020-12-27T23:59:59+01:00,3,4,3,4,10,14,8,24,5,18,6,6,6,25,4,50,0,0,0,0,0,0,0,0,0,0,0,0,0,0,0,0,190,0,0,0,0,0,0
