Datum,<15_1_m,<15_1_w,15-24_1_m,15-24_1_w,25-34_1_m,25-34_1_w,35-44_1_m,35-44_1_w,45-54_1_m,45-54_1_w,55-64_1_m,55-64_1_w,65-74_1_m,65-74_1_w,75-84_1_m,75-84_1_w,>84_1_m,>84_1_w,<15_2_m,<15_2_w,15-24_2_m,15-24_2_w,25-34_2_m,25-34_2_w,35-44_2_m,35-44_2_w,45-54_2_m,45-54_2_w,55-64_2_m,55-64_2_w,65-74_2_m,65-74_2_w,75-84_2_m,75-84_2_w,>84_2_m,>84_2_w,bp_1,bp_2,mo_1,mo_2,az_1,az_2,ja,unb_1,unb_2
2021-11-28T23:59:59+01:00,18628,17512,68858,63641,75137,70254,82634,82844,102772,104206,112351,110744,75698,82241,52880,65099,15350,26586,11469,10715,60709,56846,67735,62840,75937,76246,96569,97903,107260,105929,73619,79879,51575,63333,14785,25410,917456,839973,74936,70127,182864,176355,52230,63,74
2021-11-27T23:59:59+01:00,18015,16923,68798,63604,75092,70199,82584,82813,102744,104178,112329,110723,75689,82226,52876,65090,15346,26581,11433,10683,60620,56769,67619,62746,75849,76187,96497,97842,107213,105900,73609,79867,51572,63326,14784,25407,915936,839200,74832,70065,182864,176355,52229,63,74
2021-11-26T23:59:59+01:00,17119,16006,68697,63493,75022,70109,82523,82731,102666,104110,112283,110667,75665,82202,52865,65071,15343,26565,11354,10603,60450,56622,67443,62607,75696,76057,96369,97702,107132,105818,73592,79843,51559,63316,14780,25403,913418,837764,74684,69933,182863,176352,52223,63,74
2021-11-25T23:59:59+01:00,16250,15264,68566,63372,74897,69945,82408,82620,102573,103998,112193,110571,75623,82141,52848,65034,15334,26552,11259,10507,60246,56467,67221,62430,75542,75888,96214,97563,107030,105712,73563,79809,51547,63297,14778,25395,910768,836066,74402,69765,182856,176352,52211,63,74
2021-11-24T23:59:59+01:00,15850,14884,68468,63294,74795,69828,82304,82516,102487,103909,112118,110484,75578,82084,52825,64993,15321,26526,11193,10440,60091,56341,67041,62276,75401,75770,96081,97447,106924,105627,73532,79761,51522,63274,14772,25384,909041,834590,74221,69667,182853,176349,52197,63,74
2021-11-23T23:59:59+01:00,15569,14642,68339,63154,74669,69665,82155,82377,102367,103792,112012,110372,75531,82001,52787,64940,15302,26495,11110,10382,59956,56228,66848,62118,75229,75645,95944,97337,106818,105538,73494,79722,51505,63243,14764,25369,907216,833064,73970,69584,182851,176348,52180,63,74
2021-11-22T23:59:59+01:00,15311,14429,68194,63035,74518,69507,82030,82258,102255,103657,111906,110253,75462,81931,52752,64891,15292,26458,11059,10324,59784,56116,66659,61978,75078,75542,95835,97205,106717,105458,73454,79674,51480,63211,14759,25358,905423,831592,73758,69524,182851,176346,52155,63,74
2021-11-21T23:59:59+01:00,15034,14141,68066,62924,74366,69357,81914,82163,102155,103543,111815,110161,75415,81876,52725,64856,15276,26427,11034,10287,59694,56037,66538,61893,74977,75458,95741,97130,106661,105399,73425,79644,51459,63189,14755,25349,903699,830679,73581,69440,182847,176343,52134,63,74
2021-11-20T23:59:59+01:00,14768,13909,67947,62814,74235,69223,81790,82072,102073,103465,111737,110070,75391,81840,52713,64829,15270,26417,11019,10272,59650,55975,66477,61844,74921,75414,95686,97083,106614,105364,73416,79629,51455,63184,14753,25348,902130,830151,73506,69408,182846,176343,52128,63,74
2021-11-19T23:59:59+01:00,14433,13560,67697,62620,74047,69024,81632,81906,101942,103299,111626,109955,75336,81796,52689,64797,15262,26400,10958,10206,59489,55870,66335,61721,74779,75288,95555,96973,106506,105289,73392,79596,51441,63162,14749,25342,899723,828761,73388,69362,182846,176343,52111,63,74
2021-11-18T23:59:59+01:00,14121,13271,67415,62340,73815,68759,81411,81675,101762,103110,111486,109809,75279,81713,52659,64748,15254,26382,10867,10135,59322,55734,66136,61558,74626,75157,95404,96853,106377,105211,73355,79535,51424,63137,14744,25330,896927,827148,73224,69281,182846,176343,52059,63,74
2021-11-17T23:59:59+01:00,13937,13092,67220,62167,73572,68541,81242,81510,101580,102976,111355,109682,75224,81652,52630,64694,15239,26356,10808,10078,59173,55612,65985,61419,74493,75035,95263,96748,106271,105141,73318,79485,51400,63106,14741,25311,894762,825735,73102,69234,182844,176337,52007,63,74
2021-11-16T23:59:59+01:00,13738,12913,66990,61962,73317,68285,81019,81298,101398,102823,111222,109560,75163,81585,52596,64632,15224,26326,10759,10026,59046,55507,65848,61287,74365,74925,95146,96652,106186,105071,73282,79445,51380,63078,14735,25294,892259,824459,73032,69201,182844,176336,51962,63,74
2021-11-15T23:59:59+01:00,13577,12747,66730,61751,73065,68011,80802,81084,101209,102630,111084,109424,75109,81535,52576,64602,15212,26301,10714,9989,58939,55411,65740,61189,74265,74838,95078,96574,106111,104998,73242,79405,51361,63052,14728,25285,889794,823417,72948,69174,182833,176334,51920,63,74
2021-11-14T23:59:59+01:00,13306,12499,66337,61440,72740,67694,80523,80852,100986,102412,110925,109296,75053,81478,52554,64566,15205,26279,10661,9929,58801,55300,65633,61094,74161,74726,94987,96493,106034,104922,73191,79366,51342,63036,14723,25276,886655,822253,72842,69152,182829,176331,51865,63,74
2021-11-13T23:59:59+01:00,13164,12356,66036,61200,72493,67463,80302,80663,100818,102234,110798,109214,75019,81441,52537,64547,15200,26274,10641,9906,58730,55230,65569,61038,74114,74679,94922,96448,106011,104888,73182,79354,51337,63033,14723,25274,884344,821697,72791,69135,182828,176331,51842,63,74
2021-11-12T23:59:59+01:00,13000,12176,65695,60916,72210,67225,80081,80445,100644,102033,110671,109093,74996,81406,52525,64523,15197,26271,10608,9862,58615,55121,65449,60944,74001,74590,94828,96368,105953,104849,73164,79332,51328,63021,14719,25266,881793,820696,72717,69102,182827,176330,51816,63,74
2021-11-11T23:59:59+01:00,12764,11947,65285,60585,71849,66881,79734,80138,100396,101789,110479,108917,74945,81332,52495,64484,15191,26256,10523,9783,58461,54988,65320,60830,73892,74467,94733,96262,105855,104769,73127,79286,51312,62995,14708,25254,878408,819339,72527,69070,182823,176328,51754,63,74
2021-11-10T23:59:59+01:00,12622,11825,65034,60338,71540,66582,79487,79919,100210,101622,110338,108777,74886,81257,52461,64443,15184,26241,10462,9732,58355,54874,65186,60699,73784,74371,94621,96169,105777,104706,73094,79237,51290,62973,14703,25247,875883,818182,72452,69047,182815,176316,51661,63,74
2021-11-09T23:59:59+01:00,12466,11668,64622,60047,71151,66260,79189,79653,99949,101384,110133,108631,74818,81201,52438,64400,15178,26225,10402,9677,58229,54748,65067,60573,73695,74268,94527,96074,105694,104634,73051,79198,51265,62945,14696,25226,872703,816994,72386,69034,182803,176301,51566,63,74
2021-11-08T23:59:59+01:00,12356,11559,64245,59800,70775,65956,78909,79414,99712,101188,109984,108486,74766,81140,52417,64353,15173,26205,10354,9643,58118,54654,64981,60454,73609,74172,94433,95976,105625,104572,73021,79154,51249,62915,14692,25210,869898,815967,72309,69008,182789,176296,51487,63,74
2021-11-07T23:59:59+01:00,12276,11480,63955,59601,70483,65703,78637,79235,99516,101037,109859,108372,74730,81080,52397,64333,15169,26193,10316,9595,58010,54580,64896,60359,73519,74103,94354,95910,105564,104515,73002,79130,51237,62895,14690,25201,867725,815146,72204,68980,182781,176285,51391,63,74
2021-11-06T23:59:59+01:00,12170,11381,63760,59391,70244,65472,78457,79087,99344,100873,109752,108283,74715,81057,52385,64324,15167,26190,10302,9585,57958,54544,64853,60308,73493,74075,94326,95881,105544,104493,72990,79119,51233,62891,14689,25199,865777,814783,72176,68979,182780,176283,51364,63,74
2021-11-05T23:59:59+01:00,12032,11260,63523,59183,69994,65229,78235,78879,99180,100706,109644,108184,74684,81031,52379,64313,15166,26188,10263,9541,57872,54493,64787,60246,73438,74025,94283,95830,105504,104456,72974,79101,51225,62882,14689,25196,863754,814193,72000,68936,182778,176280,51322,63,74
2021-11-04T23:59:59+01:00,11944,11162,63289,58989,69708,64989,78032,78676,98984,100542,109516,108066,74644,81000,52369,64294,15161,26164,10200,9473,57742,54411,64698,60139,73347,73943,94214,95758,105444,104391,72945,79075,51202,62858,14681,25180,861751,813239,71831,68897,182774,176274,51217,63,74
2021-11-03T23:59:59+01:00,11862,11102,63067,58833,69481,64812,77842,78534,98828,100430,109412,107999,74621,80975,52355,64276,15157,26154,10135,9420,57614,54290,64584,60017,73253,73860,94129,95690,105387,104342,72917,79042,51182,62831,14673,25164,860141,812190,71750,68874,182773,176273,51119,63,74
2021-11-02T23:59:59+01:00,11782,11024,62842,58672,69190,64590,77618,78370,98635,100279,109288,107900,74599,80938,52341,64251,15151,26143,10075,9352,57459,54191,64473,59903,73150,73780,94037,95611,105330,104274,72881,79001,51174,62804,14664,25148,858214,811109,71667,68855,182771,176269,51000,63,74
2021-11-01T23:59:59+01:00,11688,10941,62567,58489,68925,64396,77411,78222,98464,100147,109179,107813,74572,80915,52330,64230,15146,26133,10007,9282,57328,54084,64338,59807,73059,73678,93963,95538,105272,104221,72845,78968,51161,62773,14657,25127,856375,810065,71591,68811,182750,176266,50892,62,74
2021-10-31T23:59:59+01:00,11677,10929,62534,58472,68901,64373,77385,78197,98446,100137,109167,107805,74570,80915,52330,64230,15146,26132,9990,9264,57309,54069,64326,59791,73048,73665,93959,95533,105267,104217,72845,78966,51161,62772,14656,25127,856192,809951,71577,68805,182748,176266,50869,62,74
2021-10-30T23:59:59+02:00,11671,10925,62518,58454,68875,64356,77367,78177,98430,100125,109160,107803,74568,80915,52330,64230,15145,26131,9986,9264,57295,54060,64319,59788,73037,73656,93952,95527,105264,104216,72845,78965,51160,62772,14656,25126,856058,809903,71568,68799,182748,176266,50846,62,74
2021-10-29T23:59:59+02:00,11605,10866,62329,58334,68666,64207,77183,78054,98259,99999,109050,107744,74545,80901,52319,64214,15141,26123,9954,9237,57184,53979,64229,59711,72974,73594,93880,95482,105224,104193,72828,78947,51155,62760,14652,25120,854567,809253,71527,68771,182746,176266,50739,62,74
2021-10-28T23:59:59+02:00,11520,10794,62101,58177,68415,64010,76975,77897,98065,99841,108946,107659,74520,80858,52304,64203,15136,26115,9896,9185,57025,53829,64096,59600,72873,73497,93812,95405,105142,104124,72804,78915,51143,62747,14648,25110,852787,808196,71459,68741,182742,176252,50588,62,74
2021-10-27T23:59:59+02:00,11450,10710,61936,58021,68214,63855,76812,77771,97936,99740,108874,107605,74500,80825,52297,64187,15134,26102,9835,9128,56907,53712,63989,59501,72769,73409,93740,95340,105081,104089,72781,78884,51130,62724,14644,25095,851444,807239,71343,68718,182739,176244,50483,62,74
2021-10-26T23:59:59+02:00,11364,10611,61794,57865,68035,63688,76653,77662,97820,99637,108792,107547,74473,80801,52281,64163,15124,26081,9774,9053,56756,53594,63885,59385,72695,73338,93665,95275,105035,104044,72758,78860,51107,62697,14637,25087,850028,806258,71282,68691,182733,176234,50388,62,74
2021-10-25T23:59:59+02:00,11340,10591,61737,57815,67984,63648,76606,77619,97784,99616,108770,107529,74464,80789,52280,64158,15121,26080,9750,9030,56695,53552,63849,59356,72667,73300,93638,95256,105018,104027,72756,78855,51105,62693,14637,25085,849603,805912,71272,68686,182733,176234,50363,62,74
2021-10-24T23:59:59+02:00,11297,10551,61625,57737,67882,63558,76525,77545,97706,99569,108734,107500,74450,80775,52274,64156,15119,26079,9701,8990,56619,53473,63771,59274,72603,73252,93587,95202,104988,103988,72732,78839,51096,62683,14634,25083,848921,805296,71221,68673,182733,176225,50247,62,74
2021-10-23T23:59:59+02:00,11293,10548,61615,57724,67864,63542,76513,77531,97692,99561,108729,107495,74449,80774,52274,64156,15119,26079,9696,8988,56610,53460,63757,59266,72596,73238,93578,95195,104985,103984,72730,78837,51096,62681,14634,25082,848835,805226,71207,68665,182732,176224,50224,62,74
2021-10-22T23:59:59+02:00,11230,10500,61458,57611,67683,63408,76371,77411,97564,99460,108652,107444,74432,80755,52270,64148,15118,26074,9642,8940,56495,53363,63674,59186,72521,73166,93509,95139,104948,103957,72713,78819,51091,62671,14634,25082,847636,804489,71130,68633,182731,176222,50132,62,74
2021-10-21T23:59:59+02:00,11152,10421,61296,57489,67520,63277,76233,77278,97439,99366,108562,107375,74404,80726,52257,64120,15113,26063,9568,8836,56364,53227,63546,59056,72439,73063,93411,95055,104891,103907,72678,78784,51081,62647,14628,25075,846305,803353,71096,68609,182730,176220,50000,62,74
2021-10-20T23:59:59+02:00,11110,10371,61194,57389,67413,63171,76141,77191,97354,99305,108512,107336,74390,80707,52246,64112,15109,26056,9485,8776,56232,53087,63439,58951,72363,72948,93341,94996,104822,103851,72652,78752,51068,62622,14625,25065,845413,802268,71074,68584,182726,176217,49932,62,74
2021-10-19T23:59:59+02:00,11059,10320,61123,57317,67335,63086,76067,77123,97302,99267,108472,107301,74365,80690,52233,64089,15098,26040,9401,8689,56092,52974,63324,58839,72276,72853,93259,94897,104755,103781,72603,78706,51050,62584,14618,25045,844685,801033,71051,68558,182723,176215,49866,62,74
2021-10-18T23:59:59+02:00,11013,10273,61045,57242,67250,63016,76006,77058,97251,99213,108430,107255,74349,80671,52227,64065,15094,26024,9348,8639,55974,52829,63197,58702,72185,72754,93175,94797,104698,103724,72561,78668,51023,62556,14607,25028,843957,799831,71026,68543,182723,176204,49813,62,74
2021-10-17T23:59:59+02:00,10985,10247,60996,57203,67213,62976,75975,77033,97210,99174,108419,107229,74339,80661,52224,64053,15090,26018,9292,8592,55878,52748,63116,58608,72121,72668,93117,94742,104660,103682,72534,78637,51011,62529,14601,25010,843582,799009,71020,68518,182717,176183,49762,62,74
2021-10-16T23:59:59+02:00,10981,10242,60990,57199,67204,62967,75968,77029,97203,99172,108418,107226,74338,80661,52224,64052,15090,26018,9285,8587,55874,52734,63110,58602,72116,72664,93114,94737,104658,103678,72533,78635,51011,62529,14601,25010,843536,798962,71016,68510,182717,176183,49749,62,74
2021-10-15T23:59:59+02:00,10943,10196,60897,57136,67143,62903,75906,76968,97152,99119,108379,107204,74327,80646,52222,64050,15088,26016,9237,8538,55753,52615,63033,58528,72047,72591,93045,94676,104610,103635,72516,78616,51001,62512,14600,25006,842914,798134,70995,68464,182717,176182,49705,62,74
2021-10-14T23:59:59+02:00,10895,10132,60786,57040,67078,62805,75841,76893,97088,99058,108343,107156,74312,80627,52211,64036,15084,26010,9131,8455,55587,52482,62916,58398,71976,72493,92941,94585,104550,103566,72481,78583,50979,62478,14590,24992,842138,796891,70974,68439,182707,176168,49611,62,74
2021-10-13T23:59:59+02:00,10838,10090,60695,56956,67010,62711,75771,76823,97029,99019,108292,107116,74292,80607,52196,64018,15080,26000,9063,8394,55452,52352,62813,58271,71879,72396,92865,94499,104472,103491,72443,78550,50959,62444,14579,24972,841379,795710,70960,68427,182704,176148,49535,62,74
2021-10-12T23:59:59+02:00,10779,10038,60587,56871,66908,62629,75702,76766,96984,98966,108254,107082,74268,80584,52188,64006,15074,25991,8988,8333,55320,52200,62703,58150,71794,72289,92808,94414,104399,103424,72403,78503,50935,62413,14574,24953,840592,794514,70950,68406,182701,176140,49469,62,74
2021-10-11T23:59:59+02:00,10725,9989,60486,56807,66817,62530,75625,76697,96922,98911,108201,107037,74242,80555,52171,63978,15059,25971,8927,8277,55196,52071,62575,58017,71715,72180,92730,94338,104323,103358,72357,78458,50906,62377,14561,24931,839756,793328,70930,68387,182694,176131,49377,62,74
2021-10-10T23:59:59+02:00,10695,9960,60424,56765,66757,62484,75583,76653,96889,98879,108174,107016,74230,80544,52168,63972,15054,25961,8875,8235,55095,51953,62482,57892,71631,72096,92656,94254,104262,103306,72326,78428,50885,62355,14555,24919,839339,792343,70921,68377,182688,176117,49294,62,74
2021-10-09T23:59:59+02:00,10694,9957,60414,56757,66744,62477,75577,76647,96884,98870,108168,107014,74230,80540,52168,63972,15054,25960,8863,8227,55077,51937,62471,57876,71620,72086,92649,94248,104254,103302,72323,78427,50885,62355,14555,24919,839278,792235,70916,68371,182687,176114,49280,62,74
2021-10-08T23:59:59+02:00,10643,9907,60318,56661,66669,62397,75517,76580,96835,98825,108133,106987,74220,80532,52161,63960,15049,25959,8821,8176,54974,51846,62393,57812,71552,72020,92600,94193,104226,103270,72315,78416,50878,62349,14553,24917,838586,791567,70889,68339,182685,176104,49227,62,74
2021-10-07T23:59:59+02:00,10579,9838,60167,56549,66576,62300,75429,76481,96761,98770,108069,106932,74195,80510,52151,63948,15042,25952,8713,8082,54842,51702,62289,57683,71441,71911,92513,94101,104140,103206,72263,78379,50855,62324,14541,24906,837630,790332,70876,68306,182684,176087,49093,62,73
2021-10-06T23:59:59+02:00,10523,9797,60028,56452,66491,62220,75350,76418,96700,98723,108021,106886,74176,80486,52134,63925,15039,25937,8638,8012,54702,51539,62195,57548,71345,71805,92408,94014,104050,103123,72225,78336,50830,62290,14531,24892,836783,789057,70865,68299,182682,176070,48984,62,73
2021-10-05T23:59:59+02:00,10456,9725,59889,56329,66389,62122,75269,76345,96624,98660,107974,106831,74154,80459,52125,63896,15033,25926,8551,7933,54517,51368,62081,57403,71232,71688,92299,93911,103979,103052,72171,78291,50806,62251,14523,24879,835834,787682,70850,68270,182679,176059,48851,62,73
2021-10-04T23:59:59+02:00,10395,9672,59736,56205,66246,62004,75163,76251,96526,98578,107910,106777,74133,80428,52105,63863,15029,25907,8476,7872,54341,51183,61965,57249,71100,71557,92216,93805,103881,102965,72136,78236,50761,62212,14513,24859,834706,786231,70837,68263,182674,176041,48719,62,73
2021-10-03T23:59:59+02:00,10352,9633,59682,56119,66177,61952,75104,76212,96495,98547,107876,106737,74121,80410,52095,63851,15028,25900,8419,7829,54225,51069,61881,57156,71013,71456,92150,93731,103816,102879,72102,78207,50742,62179,14506,24855,834199,785264,70832,68258,182662,176014,48606,62,73
2021-10-02T23:59:59+02:00,10346,9631,59672,56103,66161,61940,75095,76198,96490,98542,107874,106734,74120,80410,52094,63849,15028,25900,8414,7825,54210,51058,61869,57147,71010,71446,92146,93728,103814,102870,72099,78207,50741,62177,14505,24855,834120,785192,70821,68251,182662,176013,48592,62,73
2021-10-01T23:59:59+02:00,10291,9575,59513,56003,66082,61851,75015,76131,96436,98489,107815,106698,74104,80387,52083,63836,15027,25896,8352,7762,54094,50949,61814,57082,70963,71398,92091,93673,103779,102837,72086,78200,50736,62165,14503,24850,833275,784525,70802,68224,182660,176010,48502,62,73
2021-09-30T23:59:59+02:00,10217,9489,59369,55849,65947,61719,74911,76039,96329,98395,107724,106632,74075,80349,52068,63811,15023,25879,8273,7687,53944,50816,61717,56973,70869,71314,92006,93586,103706,102771,72050,78156,50715,62130,14503,24839,832133,783513,70773,68201,182656,175999,48269,62,73
2021-09-29T23:59:59+02:00,10139,9432,59216,55716,65827,61601,74825,75944,96229,98304,107659,106575,74037,80304,52060,63782,15018,25868,8194,7601,53785,50663,61605,56835,70772,71207,91911,93492,103610,102703,72000,78112,50690,62079,14496,24829,831100,782317,70744,68170,182653,175980,48044,62,73
2021-09-28T23:59:59+02:00,10054,9350,59075,55565,65664,61461,74718,75858,96122,98218,107577,106510,73986,80262,52040,63754,15011,25851,8119,7532,53633,50512,61468,56718,70678,71090,91834,93414,103534,102624,71960,78074,50667,62046,14492,24818,829937,781256,70731,68151,182649,175970,47763,62,73
2021-09-27T23:59:59+02:00,9994,9298,58918,55405,65522,61333,74627,75754,96017,98112,107486,106457,73940,80218,52021,63727,15005,25831,8053,7465,53480,50384,61341,56584,70585,70983,91731,93317,103447,102572,71911,78027,50645,62010,14485,24799,828886,780264,70708,68135,182644,175923,47424,62,73
2021-09-26T23:59:59+02:00,9952,9257,58831,55318,65437,61247,74569,75678,95953,98055,107439,106420,73915,80193,52009,63702,14998,25818,8005,7423,53381,50273,61252,56502,70507,70893,91659,93241,103392,102540,71882,77999,50623,61986,14479,24788,828244,779513,70690,68127,182628,175887,47225,62,73
2021-09-25T23:59:59+02:00,9943,9245,58814,55298,65420,61236,74558,75669,95946,98047,107430,106416,73915,80192,52008,63701,14998,25818,8004,7412,53355,50263,61238,56482,70494,70885,91653,93235,103381,102538,71882,77997,50623,61982,14479,24788,828164,779432,70683,68123,182626,175886,47177,62,73
2021-09-24T23:59:59+02:00,9891,9189,58703,55174,65322,61136,74467,75576,95859,97973,107371,106375,73886,80170,52000,63691,14997,25808,7950,7356,53249,50156,61162,56407,70421,70814,91582,93174,103308,102488,71855,77979,50612,61966,14474,24778,827277,778642,70665,68115,182620,175880,47021,62,73
2021-09-23T23:59:59+02:00,9799,9097,58464,54985,65147,60978,74343,75430,95714,97836,107262,106264,73840,80133,51980,63651,14985,25789,7883,7281,53068,50021,61043,56271,70305,70703,91464,93064,103215,102414,71820,77933,50594,61942,14461,24764,825860,777623,70612,68086,182616,175861,46603,62,73
2021-09-22T23:59:59+02:00,9715,9037,58276,54837,64986,60833,74228,75304,95586,97735,107162,106206,73797,80085,51954,63608,14965,25761,7808,7217,52923,49870,60923,56151,70214,70606,91371,92956,103152,102361,71778,77883,50563,61905,14447,24750,824603,776628,70590,68061,182607,175847,46269,62,73
2021-09-21T23:59:59+02:00,9645,8949,58126,54682,64838,60686,74089,75169,95448,97617,107070,106114,73763,80026,51937,63584,14957,25739,7715,7132,52775,49710,60804,56020,70113,70500,91264,92852,103057,102268,71739,77838,50537,61864,14438,24725,823320,775452,70573,68049,182603,175840,45937,62,73
2021-09-20T23:59:59+02:00,9584,8888,57988,54540,64680,60552,73970,75019,95321,97526,106981,106020,73701,79982,51911,63548,14944,25719,7659,7076,52655,49575,60681,55903,70004,70392,91164,92762,102980,102192,71686,77794,50513,61815,14431,24707,822113,774474,70559,68031,182596,175811,45600,62,73
2021-09-19T23:59:59+02:00,9532,8848,57869,54454,64571,60436,73882,74915,95249,97426,106919,105949,73684,79957,51898,63529,14942,25708,7623,7035,52546,49460,60590,55790,69911,70298,91097,92690,102901,102124,71652,77760,50492,61784,14426,24701,821333,773700,70540,68016,182584,175786,45305,62,73
2021-09-18T23:59:59+02:00,9515,8831,57842,54424,64536,60405,73854,74891,95233,97403,106907,105928,73681,79956,51895,63526,14942,25707,7614,7022,52516,49425,60559,55766,69890,70278,91077,92674,102888,102104,71649,77757,50492,61783,14425,24699,821111,773508,70530,68007,182584,175785,45245,62,73
2021-09-17T23:59:59+02:00,9428,8752,57672,54275,64406,60277,73729,74772,95129,97299,106823,105856,73646,79923,51883,63508,14935,25700,7551,6961,52350,49314,60437,55655,69798,70187,90995,92594,102815,102047,71616,77720,50477,61753,14416,24692,819962,772563,70485,67988,182583,175778,44976,62,73
2021-09-16T23:59:59+02:00,9350,8677,57461,54123,64232,60091,73550,74604,94980,97166,106669,105745,73576,79865,51860,63466,14928,25685,7487,6896,52185,49189,60291,55529,69671,70074,90884,92492,102711,101966,71571,77672,50456,61715,14409,24679,818494,771592,70468,67969,182560,175745,44498,62,73
2021-09-15T23:59:59+02:00,9257,8596,57256,53902,64049,59888,73369,74423,94834,97013,106523,105612,73516,79798,51815,63417,14918,25664,7428,6837,52026,49022,60163,55391,69545,69969,90781,92412,102605,101878,71525,77612,50422,61678,14399,24668,816736,770503,70450,67952,182556,175734,44099,62,73
2021-09-14T23:59:59+02:00,9149,8490,57066,53669,63870,59701,73222,74246,94702,96856,106398,105512,73443,79734,51786,63367,14902,25643,7353,6758,51855,48822,60009,55250,69423,69848,90672,92283,102511,101785,71474,77551,50394,61634,14391,24655,814980,769164,70438,67938,182535,175699,43794,61,73
2021-09-13T23:59:59+02:00,9087,8423,56849,53463,63713,59506,73063,74075,94553,96703,106263,105381,73390,79684,51747,63320,14882,25613,7307,6704,51689,48658,59881,55116,69341,69756,90554,92195,102416,101712,71430,77510,50366,61594,14381,24644,813288,768112,70427,67926,182520,175672,43471,61,73
2021-09-12T23:59:59+02:00,9041,8395,56727,53376,63623,59411,72986,73989,94479,96635,106201,105313,73362,79659,51733,63298,14877,25606,7260,6658,51557,48545,59779,55015,69265,69677,90478,92129,102343,101642,71394,77480,50351,61569,14376,24631,812567,767296,70410,67912,182503,175647,43222,61,72
2021-09-11T23:59:59+02:00,9035,8386,56710,53354,63605,59395,72973,73976,94471,96621,106196,105308,73361,79658,51733,63298,14877,25606,7253,6652,51537,48525,59759,55002,69249,69666,90468,92114,102340,101637,71389,77478,50351,61569,14376,24629,812488,767246,70402,67867,182500,175645,43164,61,72
2021-09-10T23:59:59+02:00,8963,8325,56550,53208,63491,59277,72866,73870,94353,96503,106120,105247,73324,79622,51718,63272,14873,25601,7221,6627,51410,48459,59695,54939,69188,69618,90403,92057,102303,101599,71368,77462,50342,61559,14372,24624,811371,766780,70369,67812,182494,175642,42940,61,72
2021-09-09T23:59:59+02:00,8892,8260,56350,53015,63325,59093,72708,73726,94204,96363,105995,105153,73265,79559,51687,63238,14869,25588,7155,6568,51223,48292,59540,54804,69054,69492,90283,91950,102188,101507,71325,77417,50314,61529,14366,24608,810012,765715,70348,67762,182475,175620,42446,60,72
2021-09-08T23:59:59+02:00,8806,8183,56169,52842,63172,58911,72563,73574,94042,96232,105901,105047,73200,79499,51659,63182,14864,25573,7079,6499,51047,48125,59415,54664,68929,69343,90157,91839,102103,101405,71269,77359,50291,61488,14362,24592,808610,764551,70320,67710,182439,175595,42038,60,72
2021-09-07T23:59:59+02:00,8719,8123,56004,52686,63054,58772,72446,73442,93937,96130,105796,104948,73149,79452,51632,63142,14856,25553,7001,6445,50878,47962,59283,54519,68803,69225,90052,91723,102003,101305,71221,77310,50269,61462,14357,24573,807356,763325,70314,67698,182436,175573,41723,60,72
2021-09-06T23:59:59+02:00,8657,8057,55856,52516,62916,58615,72337,73310,93834,96019,105714,104860,73097,79404,51600,63112,14845,25537,6935,6389,50729,47819,59144,54369,68688,69104,89970,91629,101907,101217,71172,77263,50247,61432,14350,24563,806133,762202,70288,67656,182404,175549,41448,60,72
2021-09-05T23:59:59+02:00,8627,8019,55788,52422,62853,58554,72289,73252,93787,95969,105686,104816,73076,79382,51590,63092,14838,25531,6886,6337,50638,47734,59080,54304,68625,69044,89924,91573,101865,101167,71152,77235,50234,61415,14344,24554,805610,761581,70279,67646,182382,175526,41286,60,72
2021-09-04T23:59:59+02:00,8620,8014,55768,52413,62844,58543,72281,73244,93780,95965,105683,104810,73075,79381,51590,63092,14838,25531,6882,6332,50624,47719,59064,54289,68620,69036,89916,91568,101861,101163,71151,77233,50233,61415,14344,24554,805549,761515,70276,67641,182381,175524,41252,60,72
2021-09-03T23:59:59+02:00,8554,7946,55633,52326,62772,58447,72202,73163,93702,95901,105613,104750,73045,79348,51571,63061,14831,25521,6823,6280,50508,47625,58985,54222,68561,68965,89855,91506,101797,101111,71123,77199,50212,61392,14341,24545,804627,760739,70269,67622,182374,175515,41102,60,72
2021-09-02T23:59:59+02:00,8459,7850,55441,52169,62648,58340,72108,73034,93581,95787,105508,104665,72988,79292,51539,63013,14820,25501,6728,6190,50284,47452,58839,54103,68457,68850,89722,91402,101680,101016,71066,77152,50188,61364,14334,24529,803492,759590,70224,67579,182360,175464,40651,60,72
2021-09-01T23:59:59+02:00,8383,7756,55288,52021,62516,58207,72020,72909,93488,95699,105430,104594,72950,79249,51516,62976,14813,25483,6642,6081,50109,47243,58714,53963,68377,68738,89620,91299,101575,100922,71027,77110,50163,61323,14327,24513,802374,758360,70200,67540,182346,175414,40361,60,71
2021-08-31T23:59:59+02:00,8275,7663,55126,51867,62410,58090,71940,72806,93400,95615,105345,104516,72908,79207,51494,62946,14803,25469,6527,5963,49902,47041,58594,53819,68262,68612,89522,91193,101466,100842,70982,77057,50143,61287,14315,24497,801288,756996,70192,67522,182336,175389,40046,60,71
2021-08-30T23:59:59+02:00,8199,7583,54950,51706,62298,57962,71825,72689,93277,95487,105227,104421,72858,79164,51477,62913,14782,25446,6430,5878,49704,46828,58469,53680,68163,68499,89406,91082,101353,100735,70931,77021,50116,61258,14301,24480,800104,755789,70152,67456,182304,175334,39684,60,71
2021-08-29T23:59:59+02:00,8157,7536,54858,51626,62239,57882,71758,72641,93223,95423,105179,104386,72838,79142,51462,62898,14776,25437,6376,5830,49586,46727,58380,53582,68093,68422,89349,91022,101292,100682,70906,77005,50102,61245,14295,24477,799569,755137,70150,67446,182294,175289,39428,60,71
2021-08-28T23:59:59+02:00,8139,7522,54820,51588,62208,57862,71731,72624,93205,95406,105165,104374,72833,79140,51460,62894,14776,25437,6370,5826,49548,46707,58354,53566,68072,68408,89329,90999,101285,100669,70900,77001,50100,61243,14295,24477,799361,754988,70149,67439,182292,175289,39362,60,71
2021-08-27T23:59:59+02:00,8054,7444,54637,51450,62096,57722,71634,72502,93082,95285,105054,104289,72788,79089,51437,62858,14764,25431,6335,5786,49423,46623,58275,53485,67990,68336,89249,90933,101228,100621,70865,76967,50086,61232,14293,24477,798043,754288,70144,67433,182280,175283,39129,60,71
2021-08-26T23:59:59+02:00,7990,7371,54481,51303,61978,57610,71535,72393,92977,95156,104947,104207,72746,79039,51414,62838,14759,25417,6285,5745,49259,46467,58155,53380,67893,68241,89143,90853,101159,100552,70824,76932,50062,61210,14288,24468,796998,753463,70133,67394,182270,175250,38738,60,71
2021-08-25T23:59:59+02:00,7926,7317,54336,51154,61867,57458,71427,72277,92869,95055,104846,104125,72690,78988,51386,62801,14746,25402,6216,5663,49063,46275,58030,53239,67774,68116,89027,90740,101061,100462,70767,76884,50036,61171,14282,24453,795991,752325,70107,67358,182259,175215,38290,60,71
2021-08-24T23:59:59+02:00,7814,7228,54195,50949,61741,57321,71320,72146,92752,94936,104741,104028,72637,78940,51351,62757,14738,25387,6134,5573,48844,46053,57892,53067,67664,67978,88925,90646,100969,100381,70729,76832,50011,61147,14278,24437,794583,750925,70090,67336,182249,175193,38036,60,70
2021-08-23T23:59:59+02:00,7752,7154,54020,50777,61611,57196,71206,72035,92625,94829,104642,103929,72585,78879,51317,62715,14731,25376,6074,5518,48662,45879,57772,52939,67557,67880,88820,90554,100882,100304,70689,76781,49983,61108,14274,24425,793381,749902,70060,67312,182234,175137,37680,60,70
2021-08-22T23:59:59+02:00,7724,7128,53936,50698,61558,57131,71167,71981,92582,94787,104596,103899,72565,78864,51308,62703,14730,25370,6036,5480,48543,45769,57681,52845,67482,67818,88750,90495,100838,100262,70659,76757,49968,61090,14271,24418,792950,749215,70052,67304,182213,175087,37486,60,70
2021-08-21T23:59:59+02:00,7718,7125,53911,50683,61540,57120,71151,71967,92569,94769,104585,103889,72560,78862,51308,62702,14730,25369,6031,5476,48524,45751,57660,52837,67463,67798,88732,90480,100828,100252,70657,76754,49968,61089,14271,24418,792878,749119,70010,67285,182209,175081,37434,60,70
2021-08-20T23:59:59+02:00,7687,7088,53819,50607,61466,57059,71080,71904,92504,94707,104533,103853,72535,78834,51296,62676,14721,25358,6008,5457,48432,45676,57585,52774,67395,67743,88675,90420,100769,100214,70634,76732,49962,61073,14262,24414,792333,748602,69938,67272,182206,175058,37223,60,70
2021-08-19T23:59:59+02:00,7621,7008,53687,50484,61316,56942,70962,71796,92390,94619,104437,103763,72486,78777,51266,62635,14712,25338,5981,5431,48298,45573,57467,52681,67303,67664,88584,90341,100671,100149,70601,76704,49942,61049,14258,24405,791289,747950,69901,67236,182189,175013,36833,60,70
2021-08-18T23:59:59+02:00,7546,6951,53543,50345,61189,56832,70851,71702,92281,94531,104335,103679,72428,78724,51231,62599,14702,25317,5947,5388,48180,45446,57348,52585,67213,67589,88468,90251,100595,100076,70557,76666,49923,61025,14252,24388,790286,747232,69871,67208,182178,174963,36424,60,70
2021-08-17T23:59:59+02:00,7463,6870,53380,50181,61084,56707,70735,71580,92176,94425,104227,103579,72375,78681,51203,62572,14694,25305,5897,5349,47986,45267,57218,52444,67089,67483,88337,90155,100486,99980,70501,76617,49898,61004,14245,24376,789201,746193,69849,67173,182173,174909,35987,60,70
2021-08-16T23:59:59+02:00,7389,6807,53251,50049,60987,56592,70634,71485,92083,94320,104134,103479,72332,78630,51173,62528,14686,25297,5873,5314,47846,45147,57110,52375,66993,67399,88239,90067,100402,99885,70458,76577,49874,60976,14238,24371,788326,745562,69801,67128,182158,174841,35544,60,69
2021-08-15T23:59:59+02:00,7340,6767,53171,49968,60918,56521,70568,71425,92025,94268,104079,103431,72297,78600,51164,62512,14682,25288,5852,5296,47741,45053,57018,52285,66923,67337,88161,90003,100346,99836,70421,76542,49858,60955,14233,24359,787848,745077,69787,67097,182144,174759,35218,60,68
2021-08-14T23:59:59+02:00,7318,6751,53098,49898,60869,56476,70532,71378,91988,94228,104040,103395,72276,78592,51155,62501,14680,25285,5776,5242,47503,44780,56850,52096,66769,67183,88026,89881,100231,99729,70372,76499,49847,60932,14229,24354,787363,743246,69780,67091,182144,174748,35146,60,68
2021-08-13T23:59:59+02:00,7277,6715,52987,49803,60785,56395,70480,71309,91912,94171,103990,103350,72253,78569,51143,62490,14678,25278,5548,5027,46998,44283,56609,51828,66540,66928,87753,89628,100035,99523,70285,76398,49808,60872,14223,24333,786606,739764,69776,67081,182144,174674,35032,60,68
2021-08-12T23:59:59+02:00,7246,6688,52888,49734,60727,56316,70405,71259,91842,94112,103929,103303,72219,78536,51129,62474,14676,25264,5328,4853,46501,43837,56334,51520,66281,66705,87497,89405,99695,99248,70175,76264,49754,60808,14212,24305,786172,736710,69750,67056,182128,174219,34670,60,67
2021-08-11T23:59:59+02:00,7179,6619,52721,49563,60597,56197,70322,71165,91733,94008,103830,103194,72158,78470,51097,62433,14670,25248,5052,4570,45822,43218,55960,51136,66019,66407,87202,89140,99359,98879,70035,76118,49694,60707,14201,24276,784990,732584,69729,67023,182119,173782,34339,60,67
2021-08-10T23:59:59+02:00,7102,6535,52523,49378,60450,56077,70213,71042,91608,93877,103707,103088,72105,78412,51066,62402,14662,25239,4829,4329,44865,42316,55289,50478,65522,65953,86739,88655,98866,98423,69830,75919,49594,60606,14180,24238,783626,726316,69720,66970,182111,173277,34001,60,67
2021-08-09T23:59:59+02:00,7058,6488,52412,49286,60372,56002,70155,70982,91539,93804,103635,103029,72062,78376,51060,62386,14658,25231,4589,4112,43858,41256,54572,49789,65045,65520,86292,88219,98350,97954,69642,75695,49504,60480,14152,24199,783058,719852,69650,66895,182099,172714,33700,60,67
2021-08-08T23:59:59+02:00,7012,6447,52347,49217,60333,55969,70117,70956,91481,93755,103582,102989,72042,78354,51046,62365,14652,25226,4574,4099,43803,41192,54512,49741,64978,65479,86219,88159,98282,97904,69617,75664,49483,60454,14144,24192,782768,719557,69643,66878,182085,172630,33364,60,67
2021-08-07T23:59:59+02:00,6973,6406,52236,49090,60252,55892,70059,70891,91412,93692,103532,102941,72025,78337,51037,62359,14652,25225,4261,3787,42836,40174,53957,49170,64543,65072,85843,87760,97960,97556,69473,75520,49427,60372,14127,24174,781976,713185,69639,66859,182085,172622,33281,60,65
2021-08-06T23:59:59+02:00,6930,6344,52103,48962,60178,55826,69993,70810,91332,93615,103472,102884,72001,78314,51026,62341,14650,25221,3953,3565,42152,39561,53712,48902,64319,64829,85606,87537,97731,97354,69389,75429,49385,60332,14121,24161,781104,709564,69634,66775,182084,172484,33150,60,65
2021-08-05T23:59:59+02:00,6819,6236,51848,48738,60002,55637,69850,70663,91170,93467,103330,102747,71940,78251,50999,62301,14637,25202,3760,3394,41316,38869,53194,48440,63948,64477,85147,87136,97107,96835,69202,75245,49319,60234,14102,24131,779478,705016,69581,66723,182049,171355,32697,60,65
2021-08-04T23:59:59+02:00,6730,6150,51652,48506,59855,55457,69741,70512,91034,93350,103212,102631,71879,78187,50973,62255,14626,25173,3385,3039,40471,38085,52823,48034,63628,64155,84775,86807,96695,96428,69038,75074,49242,60138,14086,24097,778070,700424,69545,66702,182036,170569,32240,60,65
2021-08-03T23:59:59+02:00,6657,6093,51482,48369,59730,55328,69649,70419,90933,93250,103115,102550,71825,78151,50954,62229,14618,25157,3255,2937,39468,37138,52023,47348,63084,63619,84256,86321,95981,95798,68795,74857,49150,60021,14065,24053,777029,694159,69536,66678,182029,169384,31883,60,65
2021-08-02T23:59:59+02:00,6609,6050,51346,48229,59638,55249,69565,70350,90878,93176,103035,102488,71785,78109,50933,62207,14611,25144,3086,2759,38195,35983,51061,46537,62370,63033,83650,85755,95180,95095,68542,74599,49062,59888,14045,24014,776328,686539,69488,66624,182000,168072,31554,60,65
2021-08-01T23:59:59+02:00,6566,5995,51176,48067,59485,55134,69471,70235,90770,93085,102946,102395,71743,78072,50911,62167,14606,25128,3062,2741,38010,35849,50902,46438,62239,62938,83472,85611,94727,94690,68425,74489,49023,59839,14034,23994,775274,685888,69459,66564,181982,166761,31205,60,65
2021-07-31T23:59:59+02:00,6523,5961,51081,47947,59429,55062,69421,70191,90730,93056,102919,102370,71732,78060,50903,62163,14606,25125,2658,2359,36399,34337,49992,45566,61702,62372,82968,85095,94247,94256,68238,74284,48944,59744,14016,23961,774662,676726,69455,66553,181982,166646,31148,60,65
2021-07-30T23:59:59+02:00,6487,5908,50931,47807,59343,54981,69352,70130,90657,92976,102863,102332,71715,78036,50894,62139,14603,25121,2382,2130,34944,32931,49020,44617,60970,61677,82280,84471,93565,93679,68003,74048,48839,59594,13997,23930,773895,667188,69430,66541,181976,166341,30942,60,65
2021-07-29T23:59:59+02:00,6372,5788,50500,47438,59124,54708,69161,69939,90469,92787,102700,102195,71640,77953,50861,62084,14588,25103,2305,2064,34211,32314,48393,44166,60563,61321,81854,84121,92791,93004,67807,73890,48776,59507,13977,23899,771569,663310,69376,66394,181933,164694,30500,60,65
2021-07-28T23:59:59+02:00,6300,5725,50246,47243,58991,54553,69033,69842,90338,92663,102591,102101,71584,77896,50834,62044,14579,25086,2281,2045,33884,32015,48069,43926,60329,61095,81672,83950,92552,92804,67733,73823,48743,59474,13964,23889,770250,661585,69340,66305,181906,164173,30121,60,64
2021-07-27T23:59:59+02:00,6247,5678,50085,47099,58847,54455,68938,69752,90236,92553,102485,102025,71539,77843,50804,62011,14571,25073,2140,1930,32413,30618,46791,42832,59493,60297,81067,83416,91526,91953,67457,73538,48655,59348,13932,23849,769339,652905,69313,66233,181882,162377,29676,59,64
2021-07-26T23:59:59+02:00,6224,5649,49966,47012,58748,54366,68859,69697,90148,92492,102419,101973,71498,77807,50782,61991,14565,25064,2006,1814,31042,29363,45468,41704,58388,59307,80355,82781,90359,90920,67146,73264,48565,59231,13908,23807,768802,643812,69246,66135,181844,160079,29338,58,64
2021-07-25T23:59:59+02:00,6204,5632,49853,46907,58658,54299,68796,69638,90083,92435,102357,101924,71465,77771,50763,61968,14562,25054,1990,1806,30831,29204,45195,41504,58125,59071,80080,82569,89393,90065,66939,73090,48496,59158,13896,23783,768388,642595,69234,66012,181818,157624,28900,57,64
2021-07-24T23:59:59+02:00,6169,5603,49733,46816,58589,54236,68748,69581,90037,92391,102316,101883,71460,77764,50760,61965,14561,25050,1732,1587,29238,27618,44050,40418,57428,58355,79462,81991,88747,89497,66759,72899,48425,59056,13882,23759,767778,632541,69225,65994,181810,157485,28820,57,63
2021-07-23T23:59:59+02:00,6084,5516,49557,46639,58494,54131,68638,69477,89931,92287,102226,101786,71424,77708,50739,61934,14557,25044,1503,1367,27542,26099,42792,39326,56493,57465,78770,81370,88039,88833,66489,72625,48346,58955,13861,23729,766397,621965,69221,65828,181790,157013,28735,57,63
2021-07-22T23:59:59+02:00,5944,5402,49262,46352,58297,53927,68467,69308,89745,92134,102070,101652,71357,77625,50697,61883,14546,25025,1419,1312,26721,25275,41883,38515,55549,56634,78024,80741,86372,87323,66114,72224,48235,58825,13830,23677,764458,613470,69176,65323,181757,155544,28273,57,63
2021-07-21T23:59:59+02:00,5668,5119,48727,45823,57993,53611,68236,69027,89467,91887,101802,101385,71230,77494,50638,61818,14537,24999,1387,1286,26466,25051,41458,38231,55104,56241,77650,80456,85563,86719,65945,72096,48179,58759,13812,23652,760846,611479,69150,65044,181735,153768,27701,57,63
2021-07-20T23:59:59+02:00,5591,5045,48444,45544,57821,53401,68061,68879,89287,91732,101636,101241,71154,77426,50599,61771,14528,24971,1296,1201,25286,23904,40165,37193,53762,55036,76740,79678,84196,85374,65638,71753,48070,58623,13784,23606,759163,601069,69143,64883,181690,152184,27106,57,63
2021-07-19T23:59:59+02:00,5511,4959,48119,45219,57597,53193,67894,68675,89100,91552,101488,101080,71081,77344,50556,61720,14519,24942,1216,1139,24459,23064,38852,36072,52028,53535,75467,78619,83081,84392,65344,71496,47970,58505,13759,23566,757358,591007,69133,64735,181662,150392,26367,57,63
2021-07-18T23:59:59+02:00,5503,4958,48044,45160,57499,53113,67821,68601,89005,91484,101414,101013,71044,77302,50531,61688,14517,24930,1201,1133,24316,22963,38579,35848,51692,53243,75215,78422,82175,83621,65152,71316,47915,58433,13754,23544,757071,589931,69109,64572,181622,148160,25796,57,63
2021-07-17T23:59:59+02:00,5476,4921,47945,45083,57425,53053,67758,68544,88945,91422,101369,100994,71035,77287,50526,61681,14517,24929,1007,945,22931,21502,37194,34547,50447,52047,74608,77865,81540,83024,65022,71168,47848,58371,13745,23524,756505,579048,69104,64545,181613,148020,25659,57,63
2021-07-16T23:59:59+02:00,5374,4842,47703,44851,57298,52946,67639,68431,88807,91325,101261,100891,70989,77236,50503,61662,14511,24923,811,783,21678,20264,35900,33303,48990,50726,73598,76930,80839,82363,64801,70945,47766,58270,13726,23492,755044,567413,69102,64481,181606,147817,25411,57,63
2021-07-15T23:59:59+02:00,5232,4713,47304,44530,57088,52751,67443,68245,88593,91125,101073,100722,70892,77134,50454,61588,14502,24894,752,740,21073,19760,34966,32601,47751,49777,72412,76011,78682,80229,64202,70347,47624,58091,13707,23429,752980,558045,69084,63450,181560,145971,24625,57,63
2021-07-14T23:59:59+02:00,4859,4389,46714,43954,56854,52484,67237,68040,88378,90881,100856,100525,70784,77024,50386,61505,14490,24870,736,724,20867,19615,34701,32440,47378,49474,71877,75619,78015,79692,63878,70069,47541,58008,13684,23395,749527,556228,69066,63261,181508,144068,24095,57,61
2021-07-13T23:59:59+02:00,4768,4309,46515,43800,56689,52325,67074,67893,88220,90754,100709,100398,70711,76962,50349,61458,14486,24854,707,685,20304,19078,33674,31620,45755,48018,70109,73951,76405,78128,63501,69677,47412,57836,13655,23343,748164,545274,69049,62485,181434,142445,23593,57,61
2021-07-12T23:59:59+02:00,4703,4231,46328,43608,56538,52182,66919,67767,88048,90615,100553,100259,70636,76874,50311,61402,14479,24836,683,664,19829,18646,32888,30997,44090,46561,67728,71876,74512,76624,62971,69091,47267,57673,13627,23292,746891,534164,69025,61917,181333,139872,23005,57,61
2021-07-11T23:59:59+02:00,4698,4228,46257,43555,56474,52132,66867,67728,87985,90561,100481,100199,70599,76831,50301,61387,14476,24822,675,659,19619,18501,32535,30752,43640,46183,67266,71515,73731,75926,62569,68712,47196,57584,13611,23259,746738,532360,69014,61592,181267,137395,22525,57,61
2021-07-10T23:59:59+02:00,4572,4092,45971,43247,56289,51934,66718,67552,87851,90421,100379,100093,70544,76774,50280,61361,14473,24813,643,627,19055,17952,31587,29892,41886,44601,65780,70232,73095,75306,62402,68561,47143,57532,13604,23245,744638,521733,69008,61577,181255,137346,22426,57,61
2021-07-09T23:59:59+02:00,4443,3974,45698,42994,56122,51738,66556,67386,87699,90256,100244,99988,70491,76701,50243,61320,14468,24801,596,578,18465,17379,30616,28928,39930,42669,63485,68105,71934,74165,62128,68235,47067,57406,13586,23220,742581,508034,68994,61196,181249,136940,22261,57,61
2021-07-08T23:59:59+02:00,4414,3948,45555,42879,55998,51618,66425,67285,87573,90133,100125,99891,70436,76648,50221,61282,14457,24787,549,534,17526,16576,29217,27892,38213,41214,61353,66280,68567,71010,61228,67261,46821,57063,13541,23124,741847,492763,68934,59118,181179,134355,21672,57,61
2021-07-07T23:59:59+02:00,4402,3942,45488,42835,55913,51562,66339,67240,87518,90093,100081,99840,70419,76625,50211,61264,14453,24777,471,481,16568,15723,27824,26878,36685,39978,59730,64821,65335,67531,60210,66216,46583,56741,13491,23051,741533,477451,68885,57202,181127,132202,21401,57,61
2021-07-06T23:59:59+02:00,4350,3894,45343,42704,55782,51422,66235,67131,87411,90001,99998,99755,70380,76564,50193,61237,14450,24763,404,417,15796,14985,26743,25967,34835,38263,56326,61795,62679,65068,59454,65426,46309,56406,13451,22948,740395,459539,68864,56375,181069,130067,21230,56,61
2021-07-05T23:59:59+02:00,4287,3849,45160,42528,55628,51318,66112,67020,87290,89907,99911,99656,70317,76500,50171,61209,14447,24748,370,365,15134,14364,25792,25152,33600,37128,53225,58818,59902,62603,58614,64614,46056,56094,13406,22870,739196,443449,68821,56026,180989,127574,20997,56,61
2021-07-04T23:59:59+02:00,4279,3843,45112,42494,55560,51283,66066,66992,87251,89875,99879,99629,70293,76479,50165,61194,14441,24737,351,345,14930,14159,25350,24792,32999,36600,52560,58289,58914,61740,57946,63980,45872,55890,13387,22820,738995,439359,68788,55824,180920,124866,20814,56,61
2021-07-03T23:59:59+02:00,4060,3664,44580,41932,55242,50907,65768,66712,87003,89614,99678,99433,70220,76407,50142,61148,14437,24725,333,329,14643,13836,24994,24437,32019,35680,50814,56739,58045,61004,57772,63782,45804,55805,13375,22795,735186,430774,68770,55806,180914,124818,20747,56,61
2021-07-02T23:59:59+02:00,3750,3378,43927,41336,54914,50568,65480,66407,86729,89364,99442,99207,70117,76294,50090,61078,14431,24708,306,292,14225,13390,24296,23824,30857,34613,48180,54568,55906,59214,57378,63351,45644,55646,13359,22757,730842,418244,68751,54754,180901,124087,20672,55,49
2021-07-01T23:59:59+02:00,3612,3268,43572,40987,54712,50392,65320,66243,86573,89222,99288,99086,70048,76226,50059,61044,14423,24693,262,251,13534,12707,22991,22741,29180,33098,46161,52822,53411,56933,55952,61777,45150,55030,13286,22629,728699,404698,68686,52440,180851,120251,20478,55,48
2021-06-30T23:59:59+02:00,3601,3251,43308,40790,54530,50256,65200,66143,86481,89157,99217,99035,70020,76202,50047,61022,14419,24682,200,212,12790,12105,21826,21841,27592,31727,44305,51107,49773,52969,54619,60440,44795,54590,13230,22500,727545,388934,68634,50533,180831,116809,20297,55,48
2021-06-29T23:59:59+02:00,3385,3031,42387,39960,53919,49650,64759,65710,86067,88703,98868,98707,69895,76053,49990,60951,14399,24652,171,160,12188,11505,21025,21072,26225,30518,41682,48692,47897,51420,53648,59330,44386,54053,13136,22347,721548,376882,68580,49008,180815,113429,20089,55,47
2021-06-28T23:59:59+02:00,3167,2851,41431,38967,53251,48995,64292,65318,85684,88311,98534,98363,69755,75892,49925,60851,14381,24628,128,128,11685,11053,20364,20483,25256,29620,39584,46747,46270,50052,52544,58285,44025,53546,13056,22224,715378,367386,68468,47969,180804,109756,19892,55,47
2021-06-27T23:59:59+02:00,3162,2848,41394,38931,53205,48956,64253,65282,85632,88276,98482,98335,69736,75879,49916,60837,14376,24625,110,111,11491,10859,20040,20168,24677,29055,38558,45894,45103,48958,51513,57272,43590,53037,12974,22081,715160,362781,68438,47526,180768,105432,19705,55,47
2021-06-26T23:59:59+02:00,2680,2374,40001,37568,52483,48213,63701,64718,85144,87755,98057,97902,69545,75704,49843,60733,14357,24602,100,100,11376,10757,19871,20012,24477,28838,38079,45456,44735,48606,51399,57127,43543,52989,12969,22066,706455,359825,68409,47521,180768,105413,19694,55,47
2021-06-25T23:59:59+02:00,2275,2038,39154,36759,52131,47854,63376,64393,84864,87444,97807,97636,69441,75587,49796,60671,14343,24580,76,82,11075,10446,19488,19585,23947,28214,35397,43150,42549,46691,51060,56748,43444,52858,12945,22035,701400,348247,68272,47075,180761,104759,19662,55,47
2021-06-24T23:59:59+02:00,2221,1985,38666,36300,51781,47526,63158,64182,84630,87249,97620,97479,69359,75522,49761,60625,14337,24565,63,59,10478,9863,18428,18698,22523,26959,33297,41310,40117,44396,49577,55096,42874,52157,12828,21832,698454,335350,68243,44476,180740,101207,19475,55,47
2021-06-23T23:59:59+02:00,2208,1961,38436,36074,51617,47355,63042,64071,84530,87153,97544,97395,69328,75491,49741,60604,14333,24554,36,33,10023,9431,17801,18139,21589,26099,31361,39672,36152,39927,48282,53732,42488,51649,12746,21666,697218,319801,68209,43850,180724,97894,19234,53,47
2021-06-22T23:59:59+02:00,2129,1900,37451,35145,50864,46681,62560,63623,84154,86742,97179,97083,69179,75348,49674,60523,14320,24521,13,18,9555,9001,16929,17447,20362,25020,28234,36910,33850,38048,47326,52759,42080,51090,12606,21431,691073,307624,68163,41111,180712,94822,19076,53,46
2021-06-21T23:59:59+02:00,1982,1761,36101,33929,49841,45814,61839,62960,83656,86270,96739,96677,69009,75177,49608,60428,14309,24486,9,11,9237,8706,16469,17083,19737,24538,26487,35344,32309,36756,46272,51676,41627,50541,12500,21239,683121,300255,68129,40470,180697,91182,18588,52,46
2021-06-20T23:59:59+02:00,1971,1752,36013,33876,49696,45691,61698,62822,83576,86208,96665,96616,68975,75149,49593,60410,14309,24475,8,10,9089,8603,16251,16914,19420,24279,25670,34692,31368,35803,46076,51473,41596,50489,12491,21219,682467,296470,68087,39876,180679,90848,18211,52,46
2021-06-19T23:59:59+02:00,1603,1452,34398,32329,48795,44868,61210,62317,83105,85732,96259,96264,68827,74983,49528,60329,14294,24451,7,9,9048,8529,16148,16791,19301,24126,25565,34533,31240,35660,45981,51377,41578,50464,12487,21209,673762,295131,68068,39873,180672,90812,18191,52,46
2021-06-18T23:59:59+02:00,1407,1279,32755,30747,47593,43682,60269,61397,82299,84983,95647,95686,68608,74761,49439,60191,14278,24421,7,9,8973,8443,15988,16635,19111,23932,25312,34292,30955,35340,45685,51030,41492,50387,12474,21195,662647,292927,67934,39756,180671,90393,18139,52,45
2021-06-17T23:59:59+02:00,1332,1221,31834,29909,46728,42975,59463,60547,81557,84335,95235,95304,68467,74617,49397,60114,14264,24392,7,9,8432,8077,15297,16079,18280,23104,24208,33165,29475,33979,44358,49526,41006,49777,12354,21006,655725,283981,67818,38927,180640,87729,17457,52,45
2021-06-16T23:59:59+02:00,1249,1157,31145,29211,45925,42225,58539,59667,80777,83564,94811,94924,68332,74457,49339,60022,14244,24366,7,8,7944,7753,14684,15562,17502,22375,23066,32206,28295,32867,42459,47405,40457,49198,12247,20821,648656,274221,67691,38328,180621,85327,16935,52,45
2021-06-15T23:59:59+02:00,1107,1038,29252,27435,44177,40704,56945,58034,79388,82246,94051,94251,68044,74164,49226,59865,14211,24301,7,6,7771,7626,14374,15322,17138,22073,22545,31819,27758,32436,41520,46388,40070,48771,12123,20600,633715,271139,67642,37821,180583,82894,16448,52,45
2021-06-14T23:59:59+02:00,1014,924,27705,25968,42572,39187,55289,56383,78288,81134,93356,93623,67795,73922,49132,59743,14191,24257,6,5,7588,7453,13997,14985,16608,21627,21851,31235,27076,31842,41134,45965,39686,48319,11992,20395,620480,268450,67586,37405,180554,80053,15812,52,44
2021-06-13T23:59:59+02:00,990,899,27503,25789,42188,38849,54742,55861,77942,80825,93163,93433,67705,73842,49095,59685,14176,24232,6,5,7447,7286,13725,14690,16219,21228,21421,30742,26536,31338,40736,45560,39220,47752,11814,20108,617768,266352,67444,37334,180526,76973,15130,52,44
2021-06-12T23:59:59+02:00,861,785,25992,24202,41034,37771,54068,55126,77412,80330,92612,92908,67549,73665,49026,59608,14163,24211,6,5,7401,7235,13599,14580,16087,21115,21237,30595,26416,31236,40718,45543,39210,47741,11814,20107,608250,265565,67438,37332,180520,76639,15065,51,44
2021-06-11T23:59:59+02:00,749,676,24379,22682,39687,36580,52840,53916,76443,79478,92038,92331,67315,73431,48964,59500,14144,24176,6,5,7346,7147,13427,14391,15868,20919,20964,30335,26142,30977,40412,45168,39125,47626,11796,20078,596505,263665,67358,37187,180512,75932,14904,51,44
2021-06-10T23:59:59+02:00,647,586,23382,21676,38468,35401,51232,52411,75125,78281,90431,90786,66960,73035,48838,59326,14119,24122,6,5,7063,6923,12901,13954,15226,20345,20199,29580,25349,30300,39706,44305,38772,47208,11681,19893,583608,260185,66874,37153,180461,72201,13833,51,44
2021-06-09T23:59:59+02:00,577,536,22930,21291,37806,34879,50126,51365,73880,77088,89839,90282,66834,72890,48788,59241,14104,24091,6,5,6793,6614,12310,13354,14441,19531,19281,28556,24364,29135,37139,41384,38205,46563,11533,19654,576443,249860,66412,37080,180424,68666,13218,51,44
2021-06-08T23:59:59+02:00,471,425,21409,19839,36204,33514,48014,49403,71742,75148,88363,88801,66519,72505,48652,59080,14072,24047,6,5,6662,6443,11924,12979,13957,19042,18678,27955,23805,28596,36852,41130,37913,46196,11426,19497,559078,248198,66134,37001,180392,65269,12554,51,44
2021-06-07T23:59:59+02:00,356,331,20403,18868,34659,32181,45738,47380,69605,73267,87384,87953,66295,72239,48578,58945,14052,24010,6,5,6507,6279,11499,12626,13412,18559,17949,27367,23169,27999,36533,40826,37494,45714,11313,19298,543890,246201,65962,36931,180339,61376,12003,51,44
2021-06-06T23:59:59+02:00,333,310,20223,18721,34265,31898,45130,46807,68985,72781,87171,87787,66238,72177,48566,58919,14046,23998,6,5,6375,6106,11173,12210,12980,17987,17310,26554,22472,27189,36065,40352,37012,45163,11157,19031,540767,243748,65635,36878,180294,56869,11609,51,43
2021-06-05T23:59:59+02:00,261,245,18981,17459,32943,30685,43906,45634,68411,72263,86638,87278,66147,72075,48518,58871,14039,23986,6,5,6323,6025,11070,12044,12852,17808,17137,26344,22301,26999,36000,40275,36990,45139,11155,19026,530791,243139,65635,36465,180277,56265,11587,51,43
2021-06-04T23:59:59+02:00,180,175,17789,16310,31636,29395,42354,44137,67069,70947,85831,86525,65960,71863,48442,58779,14023,23957,6,5,6220,5885,10893,11832,12636,17552,16781,25959,21781,26560,35108,39418,36674,44839,11138,19004,517968,241288,65569,36138,180270,53308,11515,51,42
2021-06-03T23:59:59+02:00,125,122,17150,15737,30652,28566,40895,42841,65294,69414,83580,84241,65535,71409,48314,58617,14005,23919,6,5,6050,5674,10583,11473,12318,17084,16328,25296,21229,25979,34442,38626,36498,44635,11105,18954,504178,238943,64871,35750,180233,50468,11084,51,40
2021-06-02T23:59:59+02:00,96,79,16807,15428,30338,28300,40227,42219,63702,68020,82641,83439,65394,71245,48254,58535,14002,23904,6,4,5932,5582,10405,11313,12088,16866,16032,24989,20882,25582,31193,35000,36270,44413,11076,18901,496664,230231,64867,35417,180231,50028,10818,51,40
2021-06-01T23:59:59+02:00,38,44,16016,14760,28842,27194,37858,40154,60131,64836,80209,81117,65043,70881,48126,58346,13968,23850,6,4,5658,5305,9880,10882,11549,16270,15362,24193,20147,24819,30850,34701,36073,44235,11047,18839,478297,228758,63308,34911,180165,46520,9593,50,38
2021-05-31T23:59:59+02:00,30,36,15452,14286,27903,26493,35897,38490,56688,61805,78177,79414,64711,70524,47982,58171,13936,23798,6,3,5495,5101,9473,10517,11117,15787,14824,23505,19521,24113,30564,34446,35888,44042,11012,18782,462526,228068,62585,34524,180100,43034,8532,50,38
2021-05-30T23:59:59+02:00,28,33,15308,14157,27615,26258,35446,38080,55975,61188,77856,79140,64649,70467,47957,58136,13932,23787,6,3,5393,4903,9144,10155,10705,15298,14370,22699,18991,23338,29884,33731,35661,43849,10990,18719,459539,227595,62147,34444,180054,37543,8222,50,35
2021-05-29T23:59:59+02:00,26,32,14911,13766,26765,25446,33685,36492,54491,59890,77267,78575,64499,70317,47904,58083,13925,23773,6,3,5360,4828,9078,10039,10611,15179,14259,22548,18860,23198,29855,33708,35655,43841,10989,18716,449416,227102,62114,34444,180050,36935,8217,50,35
2021-05-28T23:59:59+02:00,23,31,14504,13366,25953,24704,31833,34732,52320,57883,76216,77579,64294,70065,47852,58006,13915,23750,6,3,5274,4713,8899,9895,10453,15006,14097,22309,18647,22897,29785,33661,35638,43824,10988,18711,437465,226424,61646,34438,179960,36004,7905,50,35
2021-05-27T23:59:59+02:00,19,26,13873,12897,24884,23983,30582,33803,50708,56506,73110,74593,63852,69527,47718,57844,13892,23694,6,3,5161,4479,8565,9554,10048,14570,13649,21672,18140,22299,29562,33456,35527,43711,10967,18682,425297,225764,59682,34367,179330,32733,7152,50,35
2021-05-26T23:59:59+02:00,18,24,13386,12474,23971,23335,29659,33099,49620,55579,70150,71399,63237,68916,47583,57674,13861,23648,6,3,5073,4317,8309,9239,9744,14182,13291,21070,17707,21696,29366,33288,35430,43605,10940,18630,414468,225146,57501,34250,178831,29682,6783,50,35
2021-05-25T23:59:59+02:00,18,19,13043,12176,23391,22927,28600,32235,47018,53339,67887,69272,62885,68549,47469,57525,13843,23594,6,3,4994,4195,8096,8976,9489,13804,12979,20548,17320,21144,29206,33131,35346,43499,10913,18575,402598,224582,56431,34168,178207,26935,6504,50,35
2021-05-24T23:59:59+02:00,17,18,12747,11895,22892,22547,27978,31782,44397,50907,65426,67081,62576,68250,47358,57399,13807,23537,6,3,4923,4086,7845,8741,9169,13419,12649,20034,16933,20583,29060,32989,35271,43427,10889,18526,390939,223991,55948,34102,177538,24286,6139,50,35
2021-05-23T23:59:59+02:00,17,18,12685,11827,22796,22462,27898,31702,44140,50679,64837,66532,62496,68162,47333,57381,13805,23535,6,3,4901,4071,7810,8710,9107,13384,12568,19971,16854,20527,29051,32974,35267,43419,10889,18524,388731,223701,55867,34094,177524,24075,6133,50,33
2021-05-22T23:59:59+02:00,17,18,12461,11589,22475,22153,26895,30814,42303,49102,63981,65791,62333,67971,47267,57290,13795,23512,6,3,4885,4016,7782,8645,9065,13318,12536,19885,16824,20458,29040,32964,35263,43413,10888,18523,380238,223606,55856,34094,177519,23677,6104,50,33
2021-05-21T23:59:59+02:00,17,17,12159,11337,21903,21709,26077,30122,39912,47207,62006,64122,62070,67698,47183,57202,13780,23486,6,3,4866,3988,7725,8559,8999,13230,12460,19792,16749,20371,29024,32938,35256,43402,10886,18522,369798,223407,54800,34079,177327,23225,6032,50,33
2021-05-20T23:59:59+02:00,16,17,11549,10765,20776,20807,24925,29092,38403,45928,59659,62049,61247,66798,46982,56942,13746,23430,6,3,4591,3810,7322,8269,8557,12833,12007,19280,16326,19848,28903,32840,35205,43348,10882,18512,359285,222997,52445,33968,176042,20235,5309,50,33
2021-05-19T23:59:59+02:00,16,17,11105,10450,19990,20253,24076,28493,37499,45242,56425,58410,60556,66095,46874,56808,13723,23383,6,3,4438,3652,7068,8027,8280,12503,11673,18847,15955,19427,28803,32728,35162,43272,10871,18497,348805,222508,50822,33850,174914,17998,4824,50,32
2021-05-18T23:59:59+02:00,16,17,10775,10165,19409,19802,23420,27932,36088,44009,55009,57279,60183,65668,46744,56647,13698,23358,6,3,4333,3525,6820,7790,8016,12219,11438,18443,15607,18994,28718,32636,35132,43231,10867,18490,343400,222213,48967,33768,173435,15888,4367,50,32
2021-05-17T23:59:59+02:00,15,16,10555,9984,18970,19511,22984,27619,34887,43016,53695,56238,59933,65421,46680,56548,13683,23324,6,3,4263,3438,6611,7571,7764,11923,11181,18047,15294,18586,28626,32547,35107,43190,10861,18476,339309,221908,47972,33699,171917,14022,3833,48,32
2021-05-16T23:59:59+02:00,15,15,10365,9855,18675,19307,22651,27378,34247,42555,52456,55067,59740,65256,46643,56494,13672,23304,6,3,4195,3365,6394,7405,7476,11667,10912,17694,14998,18222,28560,32485,35091,43172,10854,18472,336868,221653,47092,33638,170300,12260,3388,47,32
2021-05-15T23:59:59+02:00,15,15,10269,9755,18523,19159,22479,27233,33865,42187,52060,54689,59625,65110,46595,56449,13669,23288,6,3,4154,3329,6310,7339,7383,11564,10810,17574,14893,18091,28466,32367,34997,43080,10850,18467,334467,220561,47091,33635,170166,12241,3214,47,32
2021-05-14T23:59:59+02:00,14,15,9986,9552,18096,18919,22076,26944,31517,40407,49910,52834,59403,64881,46547,56364,13652,23267,6,3,4026,3246,6024,7174,7076,11339,10462,17222,14544,17763,27893,31661,34874,42888,10831,18439,325313,217260,47038,33629,169555,12118,2432,46,32
2021-05-13T23:59:59+02:00,14,15,9524,9183,17302,18353,21208,26260,30397,39416,47666,50661,58554,63906,46337,56081,13613,23193,6,3,3526,3052,5685,6921,6763,11028,10049,16830,14167,17326,26992,30461,34448,42369,10800,18378,316807,212649,45177,33071,167530,10928,2124,45,32
2021-05-12T23:59:59+02:00,14,15,9233,8988,16869,18094,20733,25970,29865,39030,44666,47014,57981,63264,46253,55967,13595,23168,6,3,3386,2964,5453,6810,6480,10881,9767,16621,13930,17060,26345,29637,34282,42176,10774,18344,307609,209614,44360,33045,167237,10760,1468,45,32
2021-05-11T23:59:59+02:00,14,13,8799,8712,16097,17576,19867,25349,28128,37587,42729,45508,57605,62816,46169,55832,13574,23140,6,3,3266,2833,5220,6470,6182,10466,9400,16062,13493,16499,24922,27966,33771,41548,10723,18256,302116,203632,41303,32862,164751,9260,1300,45,32
2021-05-10T23:59:59+02:00,14,12,8537,8559,15584,17319,19235,25028,27134,36897,41267,44362,57338,62541,46090,55728,13554,23109,6,2,3156,2707,4989,6236,5927,10142,9075,15584,13130,16076,23873,26634,33282,40963,10686,18198,298806,198973,40396,32833,162075,7843,987,44,30
2021-05-09T23:59:59+02:00,14,12,8381,8474,15278,17136,18852,24771,26466,36468,39487,42695,57042,62262,46034,55670,13546,23088,6,2,3035,2651,4807,6094,5758,9966,8877,15376,12960,15902,23596,26300,33137,40790,10676,18183,295829,197770,40016,32789,159077,6816,711,43,30
2021-05-08T23:59:59+02:00,14,12,8306,8401,15095,16989,18644,24572,26237,36229,39252,42503,56915,62112,45996,55633,13543,23077,6,2,3027,2630,4776,6058,5714,9920,8800,15310,12873,15832,23225,25872,32851,40476,10668,18167,294262,196579,39561,32074,158953,6813,711,43,30
2021-05-07T23:59:59+02:00,13,12,8134,8306,14769,16805,18253,24335,25812,35939,38792,42123,56640,61757,45947,55586,13536,23067,6,2,2728,2495,4428,5871,5443,9660,8484,14998,12477,15434,22125,24493,32202,39641,10640,18117,291718,193107,39130,30574,158621,5220,315,42,28
2021-05-06T23:59:59+02:00,12,12,7487,7949,13868,16202,17194,23478,24467,34825,36645,40457,55512,60435,45703,55280,13501,23000,6,2,2603,2382,4254,5674,5235,9354,8138,14557,12043,14981,20817,22817,31347,38632,10586,18003,281062,187485,37847,29614,156800,4028,278,40,26
2021-05-05T23:59:59+02:00,10,12,6949,7641,13086,15658,16158,22709,23078,33796,34814,38965,53668,58395,45381,54934,13468,22934,6,2,2515,2324,4078,5517,5043,9142,7790,14218,11673,14621,19425,21034,30151,37214,10546,17900,269592,181342,36922,28438,155003,3294,99,40,26
2021-05-04T23:59:59+02:00,10,11,6759,7551,12717,15482,15670,22438,22430,33451,33851,38263,52814,57432,45258,54807,13450,22893,6,2,2460,2254,3923,5347,4866,8888,7446,13809,11247,14162,17773,19104,29048,35882,10450,17780,265810,174514,36053,27497,153340,2365,46,38,25
2021-05-03T23:59:59+02:00,10,10,6613,7401,12339,15261,15162,22127,21718,33043,32697,37371,52511,57112,45162,54699,13435,22861,6,2,2400,2184,3829,5167,4726,8653,7228,13460,10926,13754,16568,17605,28168,34779,10386,17672,262504,168933,35591,27148,151365,1372,35,37,25
2021-05-02T23:59:59+02:00,10,10,6532,7311,12125,15089,14861,21895,21241,32722,31546,36422,52227,56820,45100,54608,13417,22830,6,2,2385,2177,3807,5134,4695,8617,7161,13389,10841,13661,16256,17209,27870,34474,10374,17658,260067,167360,35517,27034,149112,1265,34,36,23
2021-05-01T23:59:59+02:00,10,10,6514,7287,12061,15039,14781,21832,21138,32650,31419,36328,52221,56805,45096,54607,13415,22828,6,2,2382,2169,3783,5117,4654,8592,7124,13352,10780,13606,16058,16986,27755,34337,10371,17648,259493,166394,35516,27008,148962,1263,34,36,23
2021-04-30T23:59:59+02:00,10,10,6476,7249,11968,14944,14675,21712,20942,32463,31179,36137,51950,56445,45051,54554,13409,22816,6,2,2353,2149,3721,5054,4557,8481,6974,13170,10502,13342,15243,15959,26884,33264,10330,17560,257707,163184,35472,25116,148742,1195,33,36,23
2021-04-29T23:59:59+02:00,10,10,6271,7121,11646,14755,14319,21472,20422,32173,30425,35648,51301,55618,44959,54435,13383,22736,6,2,2314,2103,3628,4965,4433,8345,6781,12952,10225,13054,14269,14724,25578,31716,10267,17464,254513,157475,35377,24366,146746,931,32,36,22
2021-04-28T23:59:59+02:00,10,10,6008,6955,11264,14417,13824,21004,19778,31566,29256,34515,48633,52610,44665,54111,13320,22658,6,2,2276,2062,3559,4903,4317,8228,6619,12769,9975,12835,13126,13242,24085,29834,10205,17361,244545,151493,35251,23160,144754,714,18,36,19
2021-04-27T23:59:59+02:00,10,10,5905,6864,11108,14294,13622,20841,19496,31354,28693,34126,48425,52388,44609,54057,13311,22636,6,2,2234,2027,3469,4809,4224,8118,6453,12582,9692,12559,11911,11677,22430,27672,10126,17215,243157,144659,35204,21975,143335,536,18,35,18
2021-04-26T23:59:59+02:00,10,10,5856,6822,10990,14225,13459,20717,19267,31142,27857,33559,48087,52018,44554,53991,13302,22607,6,2,2212,2000,3414,4764,4162,8051,6349,12449,9503,12384,10994,10518,21149,25912,10065,17124,242414,139372,35177,21227,140830,425,18,34,16
2021-04-25T23:59:59+02:00,10,10,5811,6775,10885,14130,13297,20560,19019,30857,27094,32816,47589,51507,44470,53892,13288,22588,6,2,2187,1990,3383,4745,4143,8031,6316,12408,9446,12323,10832,10324,20907,25588,10055,17109,240697,138518,35133,20876,138716,367,18,34,16
2021-04-24T23:59:59+02:00,10,10,5789,6727,10806,14038,13198,20415,18884,30677,26932,32633,47486,51384,44377,53796,13284,22583,6,2,2180,1979,3358,4717,4104,7985,6245,12336,9315,12206,10675,10144,20773,25457,10039,17091,239205,137993,35115,20237,138657,348,18,34,16
2021-04-23T23:59:59+02:00,10,10,5727,6638,10672,13839,12994,20161,18571,30296,26532,32271,46537,50247,44223,53551,13261,22551,6,2,2162,1957,3316,4680,4054,7931,6151,12245,9151,12078,10408,9843,20448,25037,9990,17008,234795,136865,35056,19231,138188,337,18,34,16
2021-04-22T23:59:59+02:00,10,10,5626,6524,10462,13641,12641,19823,18055,29821,25899,31677,44808,48094,43652,52822,13215,22451,5,2,2148,1946,3276,4627,3977,7856,6021,12145,8892,11913,9974,9437,19991,24445,9940,16930,228536,134736,34943,18451,135700,305,18,34,15
2021-04-21T23:59:59+02:00,10,9,5527,6389,10232,13439,12308,19509,17553,29327,25183,30943,40526,43223,43174,52287,13148,22346,5,2,2135,1937,3240,4590,3922,7797,5939,12052,8716,11753,9642,9052,19491,23852,9874,16832,216401,133086,34880,17436,133800,280,18,34,11
2021-04-20T23:59:59+02:00,10,9,5449,6298,10037,13221,12032,19242,17130,28918,24625,30374,38772,41207,42518,51507,13077,22206,5,2,2110,1924,3198,4566,3855,7753,5808,11953,8544,11626,9358,8732,19017,23181,9777,16692,210150,131714,34790,16132,131640,226,18,34,11
2021-04-19T23:59:59+02:00,10,8,5369,6222,9876,13091,11827,19033,16767,28535,24079,29902,37213,39415,41926,50786,13022,22119,5,2,2094,1907,3162,4531,3814,7707,5768,11883,8459,11534,9120,8447,18609,22614,9730,16599,205111,130015,34732,15736,129305,205,18,34,11
2021-04-18T23:59:59+02:00,10,7,5306,6171,9745,13006,11627,18893,16485,28337,23669,29588,35897,38049,41572,50380,12988,22055,5,2,2081,1892,3135,4509,3787,7690,5724,11836,8408,11485,9022,8358,18455,22427,9717,16574,203557,129531,34690,15347,125487,200,18,33,11
2021-04-17T23:59:59+02:00,10,7,5300,6155,9711,12975,11580,18853,16408,28270,23605,29529,35585,37707,41463,50282,12982,22044,5,2,2071,1884,3108,4496,3729,7645,5654,11785,8322,11433,8911,8248,18349,22309,9696,16561,202326,128723,34681,15257,125408,199,18,33,11
2021-04-16T23:59:59+02:00,10,7,5235,6115,9624,12913,11444,18742,16197,28110,23253,29179,34500,36444,41050,49758,12962,22010,5,2,1938,1797,2878,4315,3370,7326,4880,11249,6826,10339,6376,6164,16529,20606,9500,16261,198154,119322,34591,10815,124759,196,17,32,11
2021-04-15T23:59:59+02:00,10,7,5169,6025,9420,12740,11149,18495,15699,27716,22561,28575,32598,34129,40001,48549,12881,21842,5,2,1895,1765,2810,4249,3250,7204,4662,11066,6448,10029,5917,5765,15937,19920,9308,15926,192323,116179,34537,9765,120659,187,17,30,10
2021-04-14T23:59:59+02:00,10,7,5107,5979,9253,12614,10933,18317,15294,27399,21908,28093,30667,31876,38783,47127,12806,21655,5,2,1811,1711,2727,4180,3138,7110,4459,10901,6138,9779,5439,5350,15354,19231,9104,15570,185933,113545,34397,8307,117451,130,17,30,10
2021-04-13T23:59:59+02:00,10,7,5059,5925,9114,12485,10755,18149,14949,27122,21385,27631,28560,29423,37516,45528,12662,21448,5,2,1767,1694,2690,4137,3084,7048,4325,10761,5868,9566,5099,5047,14903,18780,8968,15366,179023,112123,34331,6926,114328,34,17,29,10
2021-04-12T23:59:59+02:00,10,7,4995,5876,9006,12346,10548,18001,14627,26840,20844,27174,26519,27151,36354,44061,12533,21247,5,2,1732,1650,2660,4116,3056,6995,4266,10693,5765,9465,4932,4901,14602,18412,8856,15166,173298,111274,34251,5940,110544,33,17,29,10
2021-04-11T23:59:59+02:00,10,7,4959,5833,8911,12267,10388,17899,14362,26663,20417,26850,25315,25860,35650,43275,12444,21096,5,2,1723,1644,2638,4095,3031,6967,4231,10646,5678,9397,4839,4846,14486,18287,8817,15113,171508,111063,34177,5329,106476,27,16,29,10
2021-04-10T23:59:59+02:00,10,7,4947,5818,8869,12239,10332,17864,14294,26613,20321,26770,25000,25484,35302,42855,12437,21075,5,2,1719,1638,2628,4087,3017,6950,4201,10615,5619,9358,4761,4769,14357,18121,8770,15028,170290,110264,33451,5328,106451,27,16,29,10
2021-04-09T23:59:59+02:00,10,7,4900,5786,8785,12158,10206,17739,14125,26438,20060,26525,24158,24329,34345,41643,12404,21001,4,2,1691,1609,2571,4053,2945,6890,4051,10505,5362,9132,4345,4393,13786,17404,8541,14659,166910,106574,31934,5320,105735,27,12,28,10
2021-04-08T23:59:59+02:00,10,7,4825,5721,8638,12050,9992,17567,13726,26123,19457,26055,22448,22335,32650,39670,12254,20764,4,2,1661,1593,2517,4008,2861,6805,3904,10368,5068,8867,3884,3966,12791,16158,8055,13897,161138,101575,31027,4789,102088,23,12,27,10
2021-04-07T23:59:59+02:00,10,6,4778,5668,8454,11972,9765,17417,13407,25895,18985,25693,20636,20217,30887,37407,12136,20550,4,2,1628,1577,2462,3955,2800,6723,3796,10223,4877,8677,3618,3674,12100,15351,7679,13337,155087,98237,29848,4211,98914,14,11,23,10
2021-04-06T23:59:59+02:00,10,6,4729,5623,8311,11860,9605,17250,13088,25627,18465,25306,18781,18147,28960,34912,11933,20204,4,2,1592,1558,2438,3929,2766,6683,3733,10178,4794,8585,3507,3549,11622,14703,7392,12922,148228,95912,28883,4012,95673,13,11,22,9
2021-04-05T23:59:59+02:00,10,6,4698,5582,8215,11769,9466,17152,12875,25415,18063,24961,17053,16216,27332,32757,11785,19976,4,2,1570,1546,2407,3911,2736,6634,3690,10119,4706,8469,3394,3440,11279,14334,7234,12640,142803,94513,28449,3570,92048,12,11,20,9
2021-04-04T23:59:59+02:00,10,6,4691,5576,8206,11759,9452,17136,12849,25394,18035,24936,16921,16040,27137,32511,11776,19962,4,2,1568,1545,2405,3908,2733,6630,3688,10115,4701,8466,3385,3429,11268,14322,7230,12632,142083,94431,28356,3570,91931,12,9,18,9
2021-04-03T23:59:59+02:00,10,6,4687,5568,8192,11752,9433,17116,12810,25362,17957,24872,16841,15950,27090,32454,11771,19955,4,2,1565,1543,2396,3900,2715,6616,3665,10087,4618,8411,3268,3314,11186,14248,7224,12622,141552,93784,28328,3570,91919,12,9,18,9
2021-04-02T23:59:59+02:00,10,6,4662,5548,8133,11698,9368,17047,12670,25255,17720,24670,16388,15473,26614,31877,11739,19900,4,2,1563,1534,2381,3895,2708,6600,3644,10055,4548,8318,3199,3245,10948,13945,7073,12419,140337,92486,26913,3566,91501,12,9,18,8
2021-04-01T23:59:59+02:00,9,6,4619,5487,8021,11555,9238,16887,12396,24969,17275,24270,15634,14746,25855,30916,11612,19717,4,2,1546,1514,2352,3862,2685,6571,3605,10016,4481,8253,3086,3114,10012,12826,6457,11567,138091,88467,26247,3460,88850,11,7,17,8
2021-03-31T23:59:59+02:00,9,6,4407,5407,7909,11432,9096,16720,12176,24691,16920,23905,14937,13981,25021,29905,11503,19517,4,2,1537,1509,2338,3842,2657,6542,3555,9968,4409,8181,2994,3024,9437,12122,6092,11070,136285,86024,24781,3234,86454,11,6,16,8
2021-03-30T23:59:59+02:00,9,6,4376,5355,7833,11305,9009,16563,12015,24501,16634,23593,14336,13337,24261,28919,11364,19272,4,2,1523,1499,2317,3817,2631,6512,3514,9903,4342,8110,2867,2876,8841,11463,5739,10574,134794,83687,23564,2827,84308,6,6,16,8
2021-03-29T23:59:59+02:00,9,6,4336,5302,7733,11193,8901,16397,11852,24228,16304,23245,13793,12737,23497,27942,11204,19023,4,2,1504,1486,2298,3801,2608,6484,3480,9843,4278,8035,2814,2808,8549,11075,5550,10261,132942,82292,22802,2568,81936,6,6,16,8
2021-03-28T23:59:59+02:00,9,6,4301,5218,7648,11085,8820,16242,11717,23998,16044,22972,13464,12426,22924,27247,11030,18737,4,2,1494,1479,2276,3785,2593,6454,3441,9793,4241,7976,2766,2757,8470,10969,5505,10194,132440,81941,22275,2239,79151,5,6,16,8
2021-03-27T23:59:59+01:00,9,6,4287,5207,7622,11053,8754,16169,11618,23903,15898,22856,13260,12213,22721,27033,10995,18708,4,2,1493,1477,2273,3783,2592,6453,3427,9766,4231,7953,2757,2751,8412,10905,5470,10154,131556,81645,21630,2239,79104,5,6,16,8
2021-03-26T23:59:59+01:00,9,6,4243,5139,7512,10919,8579,15984,11281,23598,15284,22353,12339,11383,21929,26186,10848,18479,2,2,1488,1463,2268,3762,2579,6430,3410,9740,4190,7917,2727,2712,8231,10686,5349,9983,127484,80795,20018,2125,78547,5,6,16,8
2021-03-25T23:59:59+01:00,9,5,4188,4977,7348,10640,8333,15575,10896,22974,14639,21653,11666,10720,21058,25117,10529,17933,2,2,1468,1450,2235,3735,2544,6392,3373,9693,4119,7835,2592,2572,7252,9424,4730,9065,124190,76579,19236,1886,74814,5,5,15,8
2021-03-24T23:59:59+01:00,9,5,4112,4837,7211,10351,8117,15162,10632,22424,14167,21042,11060,10159,20121,24027,10196,17365,2,2,1447,1421,2208,3697,2500,6355,3331,9628,4040,7735,2491,2475,6601,8656,4344,8483,121582,73940,18041,1463,71359,3,2,13,8
2021-03-23T23:59:59+01:00,9,5,4072,4745,7104,10110,7965,14820,10369,21919,13765,20549,10592,9718,19394,23174,9881,16898,2,2,1436,1403,2182,3676,2480,6327,3271,9574,3946,7659,2397,2374,5872,7725,3891,7790,120117,70862,16932,1133,68026,3,1,13,8
2021-03-22T23:59:59+01:00,9,5,4019,4666,6974,9869,7804,14498,10109,21451,13414,20047,10200,9361,18823,22463,9688,16550,2,1,1427,1396,2175,3662,2468,6311,3247,9551,3916,7625,2336,2323,5415,7114,3529,7297,119217,68740,16529,1043,64190,3,1,13,8
2021-03-21T23:59:59+01:00,9,5,3972,4564,6842,9604,7636,14139,9887,20909,13071,19521,9880,9082,18286,21861,9498,16237,2,1,1424,1392,2174,3651,2464,6303,3241,9542,3906,7611,2322,2304,5298,6982,3471,7196,119010,68229,16132,1043,59847,3,1,13,8
2021-03-20T23:59:59+01:00,9,5,3961,4544,6805,9549,7578,14065,9803,20799,12965,19431,9793,8989,18146,21683,9447,16150,2,1,1421,1387,2170,3647,2459,6298,3227,9532,3886,7601,2287,2272,4970,6608,3282,6954,118176,66949,16037,1043,59495,3,1,13,8
2021-03-19T23:59:59+01:00,8,5,3787,4403,6513,9299,7137,13639,8891,20068,11234,18103,6930,6634,15888,19478,9085,15585,2,1,1417,1383,2165,3640,2447,6285,3214,9506,3834,7555,2220,2231,4595,6134,3013,6629,108861,65250,11311,1010,56501,3,1,13,7
2021-03-18T23:59:59+01:00,8,4,3683,4272,6336,8991,6869,13200,8501,19410,10596,17363,6211,5982,14663,18005,8566,14759,2,1,1413,1377,2142,3613,2429,6249,3185,9464,3794,7522,2175,2197,4173,5601,2731,6214,103714,63369,10306,902,53385,3,1,13,7
2021-03-17T23:59:59+01:00,8,4,3604,4198,6206,8844,6697,13023,8202,19100,10191,16972,5802,5596,13843,17077,8166,14170,2,1,1403,1364,2126,3593,2399,6217,3154,9436,3757,7485,2120,2137,3763,5155,2478,5825,100462,61636,8613,768,52614,3,1,13,7
2021-03-16T23:59:59+01:00,8,4,3526,4066,6051,8574,6490,12653,7890,18516,9642,16317,5273,5140,13023,16114,7827,13670,2,1,1394,1355,2117,3576,2383,6202,3138,9417,3732,7459,2093,2100,3242,4514,2138,5312,98128,59400,7201,764,49441,3,1,13,7
2021-03-15T23:59:59+01:00,8,4,3478,3920,5864,8299,6271,12240,7613,17943,9206,15693,4956,4855,12364,15372,7562,13208,2,1,1394,1345,2101,3561,2363,6178,3119,9368,3708,7420,2056,2049,2874,4051,1851,4917,96627,57602,6221,746,45995,3,0,13,7
2021-03-14T23:59:59+01:00,8,4,3432,3787,5635,7970,5981,11794,7304,17223,8745,14942,4632,4580,12076,15116,7513,13108,2,1,1387,1340,2085,3532,2350,6129,3101,9309,3690,7381,2049,2038,2796,3943,1798,4831,96500,57201,5606,551,41731,3,0,13,7
2021-03-13T23:59:59+01:00,8,4,3415,3746,5594,7854,5920,11672,7217,17075,8596,14786,4481,4430,11985,15031,7507,13097,2,1,1387,1340,2085,3532,2349,6129,3100,9307,3689,7381,2046,2030,2743,3887,1764,4777,95806,56989,5606,551,40993,2,0,13,7
2021-03-12T23:59:59+01:00,8,4,3395,3676,5537,7716,5860,11520,7130,16848,8461,14553,4375,4333,11711,14705,7351,12879,2,1,1387,1340,2081,3526,2348,6121,3095,9301,3687,7376,2044,2028,2655,3776,1680,4688,94379,56576,5598,551,40073,2,0,12,7
2021-03-11T23:59:59+01:00,8,4,3317,3483,5328,7420,5629,11102,6791,16178,8022,13914,4031,3997,10631,13445,6692,11966,2,1,1382,1338,2070,3512,2329,6096,3072,9266,3663,7343,2014,2003,2415,3510,1524,4468,90172,55482,5163,518,36611,2,0,12,6
2021-03-10T23:59:59+01:00,8,4,3221,3365,5109,7148,5416,10740,6520,15632,7681,13367,3806,3768,9984,12652,6304,11430,2,1,1377,1327,2043,3474,2300,6006,3024,9143,3606,7223,1970,1926,2199,3273,1392,4273,87695,54267,4787,284,33661,2,0,12,6
2021-03-09T23:59:59+01:00,7,4,3147,3237,4942,6961,5212,10455,6288,15196,7384,12858,3622,3561,9347,11948,5925,10904,2,1,1370,1316,2009,3414,2269,5904,2962,9001,3538,7141,1940,1900,1919,2955,1220,4026,85402,52843,4522,36,31062,2,0,12,6
2021-03-08T23:59:59+01:00,7,4,3083,3081,4711,6697,4970,10101,6027,14682,7022,12272,3420,3368,8953,11505,5727,10586,2,1,1367,1298,1995,3336,2238,5807,2924,8855,3505,7046,1925,1878,1716,2723,1096,3831,83921,51503,4150,34,28134,0,0,11,6
2021-03-07T23:59:59+01:00,7,4,3050,3021,4638,6582,4886,9988,5922,14518,6904,12124,3369,3321,8864,11396,5686,10519,2,1,1361,1293,1989,3324,2230,5782,2917,8816,3493,7027,1917,1866,1661,2655,1045,3762,83558,51101,3972,34,27258,0,0,11,6
2021-03-06T23:59:59+01:00,6,4,3036,2963,4596,6490,4849,9921,5864,14399,6856,12012,3345,3298,8807,11330,5651,10476,2,1,1359,1280,1984,3310,2218,5755,2914,8789,3482,7008,1907,1842,1633,2631,1039,3753,83233,50867,3972,34,26687,0,0,11,6
2021-03-05T23:59:59+01:00,6,4,3012,2870,4537,6378,4785,9823,5801,14246,6753,11859,3300,3243,8621,11102,5528,10300,2,1,1350,1247,1952,3255,2193,5649,2874,8655,3438,6870,1863,1796,1569,2561,1017,3725,82325,49977,3964,34,25868,0,0,11,6
2021-03-04T23:59:59+01:00,4,4,2960,2681,4379,6139,4566,9510,5594,13829,6440,11470,3124,3067,7600,9806,4893,9381,2,1,1331,1198,1915,3132,2161,5467,2828,8378,3381,6637,1791,1706,1532,2509,1012,3707,78150,48649,3690,33,23596,0,0,11,6
2021-03-03T23:59:59+01:00,3,4,2921,2610,4239,5948,4399,9242,5390,13450,6185,11051,2998,2934,6950,9028,4495,8772,2,1,1319,1162,1888,3059,2139,5356,2798,8199,3328,6479,1723,1663,1490,2439,992,3652,75417,47651,3447,33,21744,0,0,11,5
2021-03-02T23:59:59+01:00,3,4,2861,2519,4051,5729,4194,8971,5192,13070,5916,10675,2850,2772,6184,8063,4022,8062,2,1,1286,1120,1861,2987,2115,5214,2748,7926,3279,6281,1649,1603,1424,2359,968,3601,72241,46386,2991,33,19895,0,0,11,5
2021-03-01T23:59:59+01:00,3,3,2822,2456,3887,5576,4008,8752,5003,12751,5677,10282,2748,2657,5689,7406,3656,7551,2,1,1280,1084,1838,2886,2089,5020,2707,7676,3219,6045,1606,1567,1375,2298,938,3558,70069,45151,2682,33,18165,0,0,11,5
2021-02-28T23:59:59+01:00,3,3,2780,2408,3729,5458,3785,8562,4820,12500,5490,9976,2691,2583,5567,7251,3594,7450,2,1,1276,1079,1833,2873,2080,4996,2700,7640,3209,6028,1597,1560,1369,2289,935,3548,69590,44978,2460,32,16589,0,0,11,5
2021-02-27T23:59:59+01:00,3,2,2767,2347,3703,5378,3751,8488,4786,12406,5455,9902,2650,2549,5232,6862,3393,7198,2,1,1269,1071,1826,2861,2067,4961,2681,7575,3193,5972,1579,1550,1363,2278,933,3547,68267,44693,2460,31,16134,0,0,11,5
2021-02-26T23:59:59+01:00,3,2,2747,2306,3663,5290,3685,8384,4723,12295,5368,9814,2573,2496,4848,6379,3114,6864,2,1,1212,1021,1776,2755,2018,4780,2625,7300,3120,5762,1518,1499,1340,2256,919,3538,66444,43407,2333,30,15767,0,0,10,5
2021-02-25T23:59:59+01:00,3,2,2576,2199,3476,5108,3500,8157,4520,12008,5149,9539,2484,2430,4399,5824,2825,6436,2,1,1196,964,1745,2646,1964,4506,2556,6903,3025,5475,1472,1456,1319,2241,916,3529,64577,41884,2006,27,14042,0,0,10,5
2021-02-24T23:59:59+01:00,3,2,2423,2066,3287,4914,3354,7951,4322,11752,4928,9288,2347,2310,3939,5312,2562,6037,1,1,1181,935,1722,2561,1928,4366,2496,6647,2972,5269,1441,1425,1301,2220,912,3506,62796,40860,1527,19,12464,0,0,10,5
2021-02-23T23:59:59+01:00,3,2,2295,1928,3108,4687,3201,7712,4147,11481,4744,9040,2258,2216,3381,4647,2217,5517,1,1,1167,887,1689,2466,1889,4175,2428,6348,2874,5009,1383,1369,1272,2176,896,3479,60575,39488,1174,16,10825,0,0,10,5
2021-02-22T23:59:59+01:00,3,2,2255,1877,3024,4594,3131,7603,4053,11294,4636,8915,2206,2175,3010,4179,1929,5132,1,1,1155,828,1657,2340,1847,3929,2352,5953,2749,4711,1320,1316,1249,2142,888,3454,58892,37881,1087,6,10029,0,0,10,5
2021-02-21T23:59:59+01:00,3,2,2219,1846,2972,4525,3051,7490,3972,11149,4570,8798,2191,2152,2926,4064,1873,5044,1,1,1152,810,1640,2288,1820,3822,2319,5797,2686,4585,1289,1293,1239,2128,881,3439,58459,37179,1054,6,9324,0,0,10,5
2021-02-20T23:59:59+01:00,3,2,2207,1843,2949,4512,3035,7454,3946,11116,4549,8776,2188,2144,2872,4007,1838,4989,1,1,1152,807,1640,2286,1819,3813,2318,5792,2685,4581,1288,1290,1238,2125,880,3438,58243,37143,1053,6,9124,0,0,10,5
2021-02-19T23:59:59+01:00,2,2,2195,1829,2913,4460,3010,7368,3901,11034,4495,8713,2180,2138,2781,3893,1753,4895,1,1,1102,798,1601,2278,1808,3804,2308,5771,2677,4568,1282,1279,1227,2120,875,3431,57821,36921,1021,5,8710,0,0,10,5
2021-02-18T23:59:59+01:00,2,2,2064,1734,2756,4277,2886,7169,3764,10747,4356,8508,2146,2104,2538,3621,1596,4672,1,1,1023,762,1529,2179,1759,3681,2235,5613,2620,4483,1268,1258,1220,2105,861,3413,56747,36002,953,4,7233,0,0,9,5
2021-02-17T23:59:59+01:00,2,2,2020,1686,2665,4146,2776,6957,3612,10406,4214,8265,2087,2020,2320,3392,1469,4479,1,1,871,697,1416,2054,1682,3490,2138,5385,2548,4310,1234,1212,1194,2060,845,3368,55675,34498,807,3,6027,0,0,9,5
2021-02-16T23:59:59+01:00,2,2,1850,1575,2491,3938,2635,6682,3451,10052,4036,7959,2042,1993,2038,3072,1295,4226,1,1,844,675,1346,1976,1613,3349,2043,5211,2453,4176,1172,1166,1134,1970,812,3265,54334,33200,771,2,4225,0,0,9,5
2021-02-15T23:59:59+01:00,2,2,1815,1520,2403,3767,2558,6410,3329,9684,3921,7689,2016,1964,1819,2831,1169,4033,1,1,826,663,1316,1929,1571,3280,1985,5038,2389,4075,1113,1125,1067,1879,793,3161,53224,32207,755,1,2944,0,0,9,4
2021-02-14T23:59:59+01:00,2,2,1725,1490,2355,3706,2516,6316,3258,9580,3874,7611,2005,1954,1761,2771,1119,3973,1,1,811,653,1300,1906,1544,3257,1951,4997,2363,4019,1103,1115,1060,1870,790,3149,52885,31886,726,1,2398,0,0,9,3
2021-02-13T23:59:59+01:00,2,2,1724,1478,2345,3699,2510,6302,3255,9564,3867,7601,1996,1934,1737,2751,1115,3963,1,1,811,653,1300,1906,1544,3257,1951,4997,2363,4019,1103,1115,1060,1870,790,3149,52728,31886,726,1,2382,0,0,9,3
2021-02-12T23:59:59+01:00,2,2,1645,1393,2244,3585,2431,6129,3150,9326,3743,7335,1948,1876,1673,2680,1092,3934,1,1,804,645,1288,1883,1531,3238,1943,4966,2347,3999,1098,1110,1059,1851,790,3118,51784,31669,726,0,1669,0,0,9,3
2021-02-11T23:59:59+01:00,2,2,1450,1258,2063,3373,2303,5837,2999,8892,3586,6987,1875,1774,1631,2616,1072,3911,1,1,775,597,1193,1704,1404,2960,1803,4604,2181,3709,1045,1046,1015,1773,749,2975,50384,29534,685,0,553,0,0,9,1
2021-02-10T23:59:59+01:00,2,2,1357,1211,1979,3246,2234,5665,2917,8613,3475,6755,1805,1727,1583,2549,1053,3848,1,1,565,513,971,1478,1261,2649,1618,4144,1977,3327,925,918,882,1514,657,2633,49206,26033,646,0,161,0,0,8,1
2021-02-09T23:59:59+01:00,2,2,1322,1162,1944,3152,2206,5480,2850,8273,3405,6497,1731,1665,1521,2488,1034,3806,1,1,303,380,756,1212,1075,2271,1412,3604,1727,2871,759,756,708,1207,523,2128,47937,21693,516,0,80,0,0,7,1
2021-02-08T23:59:59+01:00,2,2,1315,1127,1912,3035,2169,5258,2798,7994,3346,6261,1688,1631,1472,2433,1017,3783,1,1,267,341,653,1059,970,2055,1253,3211,1531,2555,657,636,606,1019,451,1842,46811,19107,346,0,79,0,0,7,1
2021-02-07T23:59:59+01:00,2,2,1289,1111,1882,2983,2143,5176,2768,7891,3304,6195,1672,1615,1457,2414,1005,3768,1,1,233,286,604,969,909,1900,1163,2983,1433,2383,616,616,584,984,441,1811,46525,17917,145,0,0,0,0,7,0
2021-02-06T23:59:59+01:00,2,2,1284,1105,1876,2971,2134,5148,2755,7847,3293,6150,1659,1607,1452,2404,1002,3767,1,1,214,255,582,930,881,1835,1120,2864,1376,2300,600,597,577,984,441,1811,46306,17369,145,0,0,0,0,7,0
2021-02-05T23:59:59+01:00,2,2,1225,1053,1827,2863,2082,4952,2694,7551,3216,5934,1596,1552,1435,2380,994,3761,1,1,197,222,546,879,845,1755,1082,2744,1323,2200,566,573,565,960,429,1786,44967,16674,145,0,0,0,0,7,0
2021-02-04T23:59:59+01:00,2,2,1213,990,1786,2715,2010,4640,2612,7103,3116,5605,1551,1519,1418,2363,989,3750,1,1,168,170,472,759,746,1614,969,2505,1209,1986,520,520,517,904,408,1666,43341,15135,37,0,0,0,0,6,0
2021-02-03T23:59:59+01:00,2,2,1195,961,1756,2635,1971,4492,2546,6841,3064,5391,1514,1487,1388,2328,970,3720,1,1,139,141,397,646,630,1376,823,2127,1011,1694,400,384,373,682,288,1259,42220,12372,37,0,0,0,0,6,0
2021-02-02T23:59:59+01:00,2,2,1178,905,1722,2534,1930,4272,2473,6509,2958,5119,1460,1440,1364,2297,960,3695,1,1,116,116,321,524,524,1137,678,1796,822,1385,299,280,292,500,225,947,40777,9964,37,0,0,0,0,6,0
2021-02-01T23:59:59+01:00,1,2,1165,845,1687,2410,1879,4027,2396,6118,2836,4823,1392,1357,1334,2251,947,3666,0,0,83,76,221,353,351,744,430,1159,480,863,186,170,171,298,126,562,39093,6273,37,0,0,0,0,6,0
2021-01-31T23:59:59+01:00,1,2,1161,827,1670,2353,1854,3905,2364,5934,2769,4702,1361,1334,1323,2235,940,3650,0,0,72,70,187,281,273,577,341,905,398,696,160,155,159,289,122,548,38345,5233,34,0,0,0,0,6,0
2021-01-30T23:59:59+01:00,1,2,1161,824,1669,2348,1852,3894,2362,5923,2766,4692,1360,1330,1322,2234,940,3649,0,0,69,63,154,234,245,509,306,787,355,621,159,148,154,285,122,547,38290,4758,33,0,0,0,0,6,0
2021-01-29T23:59:59+01:00,1,2,1110,815,1630,2340,1841,3887,2354,5908,2758,4681,1356,1327,1318,2234,940,3649,0,0,61,45,117,179,201,353,250,639,310,493,148,139,143,275,119,546,38114,4018,31,0,0,0,0,6,0
2021-01-28T23:59:59+01:00,1,2,1035,789,1574,2277,1808,3818,2307,5837,2725,4629,1344,1315,1308,2228,928,3635,0,0,39,20,75,106,132,206,155,383,202,296,115,106,117,221,107,496,37526,2776,28,0,0,0,0,6,0
2021-01-27T23:59:59+01:00,1,2,888,737,1479,2202,1740,3705,2234,5708,2667,4503,1314,1269,1279,2189,912,3599,0,0,30,13,63,88,106,162,122,326,175,250,107,88,104,201,103,459,36404,2397,19,0,0,0,0,5,0
2021-01-26T23:59:59+01:00,1,2,873,717,1416,2127,1679,3575,2146,5536,2579,4391,1255,1229,1229,2115,887,3538,0,0,29,12,60,85,102,156,118,311,174,240,104,82,97,180,92,409,35276,2251,14,0,0,0,0,5,0
2021-01-25T23:59:59+01:00,1,2,861,696,1384,2066,1646,3478,2100,5366,2522,4299,1201,1204,1174,2055,870,3472,0,0,27,12,57,85,99,154,117,309,173,240,103,81,96,179,90,406,34388,2228,5,0,0,0,0,4,0
2021-01-24T23:59:59+01:00,1,2,858,695,1378,2055,1641,3461,2092,5341,2510,4267,1197,1196,1169,2048,869,3466,0,0,27,12,57,85,98,153,117,309,173,239,103,81,96,179,90,405,34238,2224,5,0,0,0,0,3,0
2021-01-23T23:59:59+01:00,1,2,858,695,1378,2055,1640,3461,2092,5341,2510,4267,1197,1196,1169,2048,869,3466,0,0,27,12,57,85,98,153,117,309,172,239,103,81,96,179,90,405,34238,2223,4,0,0,0,0,3,0
2021-01-22T23:59:59+01:00,1,2,857,685,1364,2032,1625,3437,2079,5307,2494,4247,1195,1191,1168,2025,868,3432,0,0,27,12,57,85,98,153,117,309,171,239,103,81,96,179,90,405,34002,2222,4,0,0,0,0,3,0
2021-01-21T23:59:59+01:00,1,2,825,649,1287,1877,1524,3244,1983,5035,2384,4047,1154,1131,1139,1955,830,3311,0,0,25,11,53,80,90,144,107,280,157,216,89,72,85,155,74,345,32374,1983,3,0,0,0,0,1,0
2021-01-20T23:59:59+01:00,1,2,626,551,1093,1660,1386,2971,1806,4629,2179,3706,1025,1012,1009,1714,753,3007,0,0,23,11,52,76,87,143,99,267,146,197,78,65,79,130,62,307,29126,1822,3,0,0,0,0,1,0
2021-01-19T23:59:59+01:00,1,2,341,407,844,1404,1182,2623,1570,4100,1915,3257,850,842,838,1425,631,2565,0,0,19,8,37,53,58,78,73,180,103,134,58,50,51,96,47,238,24794,1283,2,0,0,0,0,1,0
2021-01-18T23:59:59+01:00,1,2,300,371,731,1215,1064,2369,1377,3599,1674,2876,709,690,677,1169,527,2120,0,0,8,4,12,18,20,26,24,52,25,47,13,11,13,33,11,72,21469,389,1,0,0,0,0,1,0
2021-01-17T23:59:59+01:00,1,2,258,319,664,1119,984,2198,1279,3326,1560,2664,663,660,648,1109,499,2052,0,0,0,0,1,0,3,2,2,1,2,2,1,4,1,0,0,1,20004,20,1,0,0,0,0,0,0
2021-01-16T23:59:59+01:00,1,2,241,289,648,1083,960,2136,1237,3215,1509,2590,647,642,640,1109,499,2051,0,0,0,0,0,0,1,2,1,1,1,2,0,1,1,0,0,1,19498,11,1,0,0,0,0,0,0
2021-01-15T23:59:59+01:00,1,2,225,255,618,1031,933,2058,1203,3097,1457,2493,616,616,633,1088,492,2039,0,0,0,0,0,0,0,0,0,0,0,0,0,0,0,0,0,0,18857,0,0,0,0,0,0,0,0
2021-01-14T23:59:59+01:00,1,2,195,206,557,908,844,1913,1108,2875,1342,2308,572,572,593,1042,485,1993,0,0,0,0,0,0,0,0,0,0,0,0,0,0,0,0,0,0,17516,0,0,0,0,0,0,0,0
2021-01-13T23:59:59+01:00,1,2,166,185,508,836,771,1787,1009,2638,1187,2083,456,453,451,824,369,1552,0,0,0,0,0,0,0,0,0,0,0,0,0,0,0,0,0,0,15278,0,0,0,0,0,0,0,0
2021-01-12T23:59:59+01:00,1,2,142,164,477,767,719,1632,920,2435,1079,1851,366,344,351,591,270,1115,0,0,0,0,0,0,0,0,0,0,0,0,0,0,0,0,0,0,13226,0,0,0,0,0,0,0,0
2021-01-11T23:59:59+01:00,0,1,113,127,401,637,629,1378,757,1977,847,1462,228,203,201,357,153,673,0,0,0,0,0,0,0,0,0,0,0,0,0,0,0,0,0,0,10144,0,0,0,0,0,0,0,0
2021-01-10T23:59:59+01:00,0,1,87,92,310,458,473,1000,548,1449,623,1065,190,179,184,344,147,659,0,0,0,0,0,0,0,0,0,0,0,0,0,0,0,0,0,0,7809,0,0,0,0,0,0,0,0
2021-01-09T23:59:59+01:00,0,1,77,84,263,396,402,867,481,1232,547,908,183,169,179,339,147,657,0,0,0,0,0,0,0,0,0,0,0,0,0,0,0,0,0,0,6932,0,0,0,0,0,0,0,0
2021-01-08T23:59:59+01:00,0,1,64,64,190,288,304,585,367,934,440,689,175,164,163,327,145,657,0,0,0,0,0,0,0,0,0,0,0,0,0,0,0,0,0,0,5557,0,0,0,0,0,0,0,0
2021-01-07T23:59:59+01:00,0,0,45,25,81,122,140,231,165,421,222,344,130,128,144,277,131,602,0,0,0,0,0,0,0,0,0,0,0,0,0,0,0,0,0,0,3208,0,0,0,0,0,0,0,0
2021-01-06T23:59:59+01:00,0,0,33,18,70,93,119,180,137,344,193,279,111,99,115,227,112,517,0,0,0,0,0,0,0,0,0,0,0,0,0,0,0,0,0,0,2647,0,0,0,0,0,0,0,0
2021-01-05T23:59:59+01:00,0,0,30,13,60,89,108,166,121,329,179,256,109,94,114,220,109,499,0,0,0,0,0,0,0,0,0,0,0,0,0,0,0,0,0,0,2496,0,0,0,0,0,0,0,0
2021-01-04T23:59:59+01:00,0,0,27,12,57,86,100,158,116,314,177,244,108,90,107,206,99,461,0,0,0,0,0,0,0,0,0,0,0,0,0,0,0,0,0,0,2362,0,0,0,0,0,0,0,0
2021-01-03T23:59:59+01:00,0,0,27,12,57,86,100,158,116,314,177,244,108,90,106,205,99,461,0,0,0,0,0,0,0,0,0,0,0,0,0,0,0,0,0,0,2360,0,0,0,0,0,0,0,0
2021-01-02T23:59:59+01:00,0,0,27,12,57,86,100,158,116,314,176,244,108,90,106,205,99,461,0,0,0,0,0,0,0,0,0,0,0,0,0,0,0,0,0,0,2359,0,0,0,0,0,0,0,0
2021-01-01T23:59:59+01:00,0,0,27,12,57,86,100,158,116,314,174,243,108,90,106,205,99,461,0,0,0,0,0,0,0,0,0,0,0,0,0,0,0,0,0,0,2356,0,0,0,0,0,0,0,0
2020-12-31T23:59:59+01:00,0,0,27,12,57,86,100,158,116,314,174,243,108,90,106,205,99,461,0,0,0,0,0,0,0,0,0,0,0,0,0,0,0,0,0,0,2356,0,0,0,0,0,0,0,0
2020-12-30T23:59:59+01:00,0,0,26,12,57,85,99,155,116,313,174,243,108,90,106,205,99,461,0,0,0,0,0,0,0,0,0,0,0,0,0,0,0,0,0,0,2349,0,0,0,0,0,0,0,0
2020-12-29T23:59:59+01:00,0,0,20,9,42,60,76,91,86,218,128,191,83,77,77,171,80,373,0,0,0,0,0,0,0,0,0,0,0,0,0,0,0,0,0,0,1782,0,0,0,0,0,0,0,0
2020-12-28T23:59:59+01:00,0,0,9,6,18,30,31,45,40,113,53,103,36,42,39,98,43,211,0,0,0,0,0,0,0,0,0,0,0,0,0,0,0,0,0,0,917,0,0,0,0,0,0,0,0
2020-12-27T23:59:59+01:00,0,0,2,2,4,5,7,11,10,24,6,23,6,7,7,25,5,56,0,0,0,0,0,0,0,0,0,0,0,0,0,0,0,0,0,0,200,0,0,0,0,0,0,0,0
