Datum,<15_m,<15_w,15-24_1_m,15-24_1_w,25-34_1_m,25-34_1_w,35-44_1_m,35-44_1_w,45-54_1_m,45-54_1_w,55-64_1_m,55-64_1_w,65-74_1_m,65-74_1_w,75-84_1_m,75-84_1_w,>84_1_m,>84_1_w,<24_2_m,<24_2_w,25-34_2_m,25-34_2_w,35-44_2_m,35-44_2_w,45-54_2_m,45-54_2_w,55-64_2_m,55-64_2_w,65-74_2_m,65-74_2_w,75-84_2_m,75-84_2_w,>84_2_m,>84_2_w,bp_1,bp_2,mo_1,mo_2,az_1,az_2,ja,unb_1,unb_2
2021-10-22T23:59:59+02:00,11190,10451,61414,57656,67563,63195,76129,77220,97392,99279,108516,107344,74386,80709,52260,64152,15127,26080,56481,53421,63599,59018,72350,73002,93357,94962,104821,103842,72646,78735,51035,62616,14626,25052,846488,803415,70996,68511,182630,176096,50010,39,57
2021-10-21T23:59:59+02:00,11118,10379,61277,57549,67422,63084,76016,77113,97280,99202,108433,107283,74363,80685,52247,64125,15122,26071,56376,53305,63484,58900,72275,72911,93274,94897,104767,103799,72616,78704,51026,62596,14620,25047,845341,802438,70965,68487,182629,176094,49895,39,57
2021-10-20T23:59:59+02:00,11075,10329,61176,57447,67321,62981,75929,77029,97196,99141,108384,107244,74347,80665,52236,64115,15117,26064,56250,53169,63380,58800,72204,72801,93208,94839,104697,103745,72590,78672,51013,62570,14617,25037,844452,801383,70946,68462,182627,176092,49831,39,57
2021-10-19T23:59:59+02:00,11024,10280,61113,57376,67244,62901,75859,76965,97146,99102,108344,107210,74322,80647,52221,64090,15106,26047,56110,53058,63263,58688,72116,72710,93127,94741,104630,103675,72540,78626,50995,62533,14610,25017,843738,800151,70926,68438,182626,176090,49767,39,57
2021-10-18T23:59:59+02:00,10981,10236,61037,57306,67164,62836,75805,76908,97102,99051,108302,107165,74308,80627,52211,64064,15102,26031,55994,52914,63136,58555,72026,72612,93043,94643,104573,103618,72498,78589,50968,62505,14599,25000,843057,798960,70897,68424,182626,176079,49715,39,57
2021-10-17T23:59:59+02:00,10953,10210,60993,57269,67129,62800,75779,76885,97061,99015,108290,107142,74298,80615,52206,64051,15096,26024,55900,52837,63055,58463,71962,72529,92986,94587,104535,103576,72470,78558,50956,62478,14593,24982,842691,798144,70890,68400,182626,176058,49667,39,57
2021-10-16T23:59:59+02:00,10949,10206,60987,57265,67121,62792,75773,76881,97055,99013,108289,107139,74297,80615,52206,64050,15096,26024,55895,52823,63049,58457,71958,72525,92983,94582,104533,103572,72469,78556,50956,62478,14593,24982,842649,798097,70887,68392,182626,176058,49654,39,57
2021-10-15T23:59:59+02:00,10911,10160,60898,57202,67062,62729,75715,76821,97007,98962,108251,107116,74286,80600,52204,64049,15094,26022,55776,52704,62975,58384,71892,72452,92918,94524,104486,103530,72452,78538,50946,62462,14592,24978,842035,797277,70866,68347,182626,176057,49620,39,57
2021-10-14T23:59:59+02:00,10864,10100,60788,57107,67005,62634,75651,76748,96945,98905,108216,107068,74272,80582,52192,64035,15090,26016,55608,52572,62857,58255,71821,72356,92814,94434,104425,103461,72417,78505,50923,62428,14582,24965,841274,796036,70851,68321,182623,176043,49527,39,57
2021-10-13T23:59:59+02:00,10810,10059,60697,57026,66938,62542,75581,76682,96886,98867,108166,107027,74250,80560,52177,64016,15083,26006,55473,52443,62752,58129,71725,72260,92736,94351,104346,103386,72379,78472,50903,62394,14571,24945,840523,794857,70836,68310,182621,176023,49450,39,57
2021-10-12T23:59:59+02:00,10753,10010,60591,56943,66838,62460,75514,76627,96841,98814,108128,106993,74225,80536,52167,64004,15078,25997,55341,52293,62644,58014,71639,72154,92679,94268,104274,103319,72340,78424,50880,62364,14566,24927,839745,793676,70827,68289,182619,176015,49385,39,57
2021-10-11T23:59:59+02:00,10701,9961,60495,56884,66749,62366,75438,76558,96779,98761,108075,106949,74198,80505,52149,63977,15064,25975,55216,52165,62518,57881,71562,72046,92601,94194,104198,103252,72294,78380,50852,62330,14553,24905,838928,792500,70807,68270,182612,176006,49293,39,57
2021-10-10T23:59:59+02:00,10674,9936,60435,56843,66693,62325,75397,76515,96746,98731,108049,106929,74186,80494,52144,63969,15058,25963,55115,52047,62428,57758,71479,71961,92528,94109,104135,103200,72263,78350,50831,62308,14547,24893,838522,791515,70798,68260,182609,175992,49213,39,57
2021-10-09T23:59:59+02:00,10673,9933,60426,56835,66681,62318,75392,76509,96741,98722,108044,106927,74186,80490,52144,63969,15058,25962,55094,52031,62415,57742,71468,71952,92520,94103,104128,103196,72260,78349,50831,62308,14547,24893,838464,791401,70793,68254,182608,175989,49200,39,57
2021-10-08T23:59:59+02:00,10622,9884,60332,56740,66608,62241,75338,76442,96696,98680,108012,106900,74176,80482,52137,63957,15053,25961,54992,51942,62338,57678,71400,71886,92471,94049,104099,103163,72252,78338,50824,62302,14545,24891,837792,790733,70767,68222,182606,175979,49151,39,57
2021-10-07T23:59:59+02:00,10557,9818,60182,56631,66517,62143,75256,76346,96624,98626,107949,106845,74152,80460,52126,63943,15046,25955,54861,51799,62235,57550,71293,71777,92385,93958,104014,103098,72201,78301,50800,62277,14533,24880,836845,789499,70755,68189,182605,175962,49026,39,56
2021-10-06T23:59:59+02:00,10503,9777,60049,56539,66434,62064,75180,76287,96564,98584,107900,106800,74131,80436,52109,63920,15042,25939,54718,51636,62141,57416,71198,71673,92281,93871,103924,103015,72163,78258,50775,62243,14523,24866,836023,788226,70744,68182,182603,175946,48916,39,56
2021-10-05T23:59:59+02:00,10437,9708,59912,56416,66336,61966,75100,76215,96488,98522,107853,106746,74110,80409,52100,63891,15036,25928,54533,51465,62028,57270,71084,71556,92172,93769,103853,102944,72109,78214,50751,62204,14515,24853,835090,786852,70729,68153,182600,175935,48782,39,56
2021-10-04T23:59:59+02:00,10377,9655,59770,56300,66211,61856,75012,76128,96401,98448,107791,106698,74088,80378,52079,63855,15031,25908,54358,51280,61913,57117,70957,71426,92091,93663,103754,102857,72074,78159,50706,62165,14505,24833,834040,785400,70716,68146,182597,175917,48661,39,56
2021-10-03T23:59:59+02:00,10333,9616,59718,56215,66150,61807,74954,76090,96372,98417,107758,106660,74076,80360,52065,63835,15027,25899,54243,51166,61832,57027,70869,71325,92025,93589,103688,102771,72040,78130,50687,62132,14498,24829,833532,784435,70711,68141,182584,175889,48553,39,56
2021-10-02T23:59:59+02:00,10328,9614,59710,56200,66134,61795,74946,76077,96367,98412,107756,106657,74075,80360,52064,63833,15027,25899,54229,51155,61819,57020,70866,71315,92021,93586,103686,102762,72037,78130,50686,62130,14497,24829,833459,784364,70700,68135,182584,175888,48539,39,56
2021-10-01T23:59:59+02:00,10273,9557,59555,56102,66058,61710,74866,76010,96315,98359,107697,106622,74059,80337,52053,63820,15026,25895,54115,51047,61764,56956,70819,71267,91967,93530,103651,102729,72024,78123,50682,62118,14495,24824,832628,783702,70681,68108,182582,175886,48450,39,56
2021-09-30T23:59:59+02:00,10203,9475,59420,55953,65930,61587,74765,75919,96211,98269,107610,106562,74034,80300,52037,63796,15022,25880,53969,50914,61672,56851,70727,71185,91887,93448,103578,102665,71988,78080,50663,62084,14495,24813,831548,782717,70651,68086,182578,175876,48222,39,56
2021-09-29T23:59:59+02:00,10126,9418,59272,55822,65812,61472,74682,75826,96116,98181,107545,106505,73995,80255,52030,63768,15017,25869,53814,50761,61558,56716,70632,71078,91793,93356,103482,102598,71938,78036,50638,62033,14488,24803,830539,781528,70622,68056,182575,175857,48000,39,56
2021-09-28T23:59:59+02:00,10042,9336,59131,55672,65650,61331,74577,75741,96011,98095,107464,106439,73946,80213,52010,63740,15010,25853,53660,50610,61420,56601,70541,70962,91716,93276,103407,102520,71897,77998,50615,62000,14484,24792,829386,780469,70610,68037,182571,175848,47718,39,56
2021-09-27T23:59:59+02:00,9983,9284,58979,55512,65510,61203,74488,75637,95907,97990,107374,106386,73900,80169,51991,63713,15002,25833,53509,50482,61297,56467,70448,70855,91614,93180,103322,102468,71848,77951,50593,61964,14477,24773,828336,779480,70591,68021,182566,175802,47385,39,56
2021-09-26T23:59:59+02:00,9940,9243,58894,55426,65430,61120,74432,75561,95844,97934,107327,106350,73874,80144,51977,63686,14993,25818,53410,50370,61211,56387,70372,70766,91544,93104,103268,102436,71819,77922,50571,61940,14471,24761,827699,778735,70573,68013,182550,175766,47188,39,56
2021-09-25T23:59:59+02:00,9932,9231,58876,55407,65414,61110,74422,75552,95838,97926,107317,106346,73874,80143,51976,63685,14993,25818,53384,50362,61197,56369,70360,70758,91538,93098,103258,102434,71819,77920,50571,61937,14471,24761,827621,778659,70566,68009,182548,175765,47142,39,56
2021-09-24T23:59:59+02:00,9880,9175,58764,55283,65315,61010,74333,75460,95752,97853,107258,106305,73846,80121,51968,63675,14992,25808,53279,50255,61121,56295,70287,70687,91467,93037,103185,102384,71793,77902,50560,61921,14466,24751,826737,777872,70548,68001,182542,175759,46987,39,56
2021-09-23T23:59:59+02:00,9789,9083,58525,55092,65138,60852,74208,75314,95606,97717,107149,106195,73800,80085,51948,63635,14980,25790,53100,50120,61002,56159,70171,70576,91348,92927,103092,102311,71759,77857,50541,61896,14453,24737,825322,776859,70495,67973,182538,175741,46565,39,56
2021-09-22T23:59:59+02:00,9705,9023,58337,54943,64976,60707,74088,75190,95478,97617,107048,106137,73756,80036,51921,63592,14960,25763,52957,49970,60883,56039,70080,70479,91255,92821,103029,102258,71718,77808,50512,61859,14439,24723,824058,775875,70476,67949,182528,175727,46229,39,56
2021-09-21T23:59:59+02:00,9635,8935,58189,54788,64829,60562,73951,75056,95340,97498,106955,106044,73722,79977,51902,63566,14952,25741,52811,49809,60765,55908,69978,70373,91148,92717,102933,102164,71679,77763,50485,61818,14430,24698,822780,774702,70459,67936,182524,175720,45893,39,56
2021-09-20T23:59:59+02:00,9574,8874,58050,54650,64669,60428,73833,74905,95212,97407,106867,105951,73660,79933,51875,63530,14939,25721,52688,49674,60640,55788,69870,70265,91048,92627,102856,102089,71626,77719,50460,61769,14423,24680,821577,773719,70445,67919,182517,175691,45553,39,56
2021-09-19T23:59:59+02:00,9522,8834,57929,54562,64558,60312,73741,74800,95139,97307,106805,105879,73643,79908,51861,63510,14937,25710,52578,49557,60546,55676,69775,70171,90979,92555,102776,102020,71592,77686,50439,61738,14416,24674,820790,772942,70426,67904,182505,175665,45250,39,56
2021-09-18T23:59:59+02:00,9505,8817,57903,54533,64523,60281,73714,74776,95123,97285,106793,105858,73640,79907,51858,63507,14937,25709,52548,49522,60515,55653,69754,70151,90959,92539,102763,102000,71588,77683,50439,61737,14415,24672,820572,772750,70416,67895,182505,175664,45190,39,56
2021-09-17T23:59:59+02:00,9418,8739,57732,54385,64389,60153,73589,74657,95018,97182,106709,105786,73605,79875,51846,63489,14930,25702,52381,49411,60389,55543,69662,70061,90877,92459,102690,101941,71555,77646,50424,61707,14406,24665,819425,771804,70371,67876,182503,175657,44918,39,56
2021-09-16T23:59:59+02:00,9341,8664,57517,54233,64211,59966,73409,74489,94868,97047,106554,105674,73534,79817,51824,63447,14923,25687,52214,49285,60237,55419,69536,69947,90767,92356,102585,101860,71510,77597,50402,61669,14399,24652,817949,770829,70354,67857,182480,175625,44435,39,56
2021-09-15T23:59:59+02:00,9248,8583,57312,54012,64027,59763,73230,74310,94721,96894,106407,105540,73474,79749,51779,63395,14913,25666,52054,49119,60109,55284,69411,69843,90665,92276,102477,101770,71463,77540,50368,61631,14389,24641,816191,769746,70335,67840,182476,175613,44034,39,56
2021-09-14T23:59:59+02:00,9140,8477,57122,53780,63846,59576,73084,74132,94589,96736,106282,105440,73400,79684,51749,63345,14895,25645,51882,48920,59957,55143,69289,69723,90555,92147,102385,101677,71411,77479,50340,61587,14382,24628,814432,768416,70323,67827,182456,175578,43724,38,56
2021-09-13T23:59:59+02:00,9078,8410,56899,53575,63689,59382,72926,73962,94439,96583,106145,105309,73346,79634,51711,63298,14875,25614,51711,48757,59831,55011,69208,69631,90437,92058,102288,101604,71365,77437,50311,61545,14371,24617,812732,767354,70312,67814,182441,175551,43403,38,56
2021-09-12T23:59:59+02:00,9033,8382,56778,53488,63601,59287,72849,73876,94366,96517,106082,105241,73318,79609,51696,63275,14870,25607,51579,48646,59731,54912,69133,69553,90362,91993,102215,101535,71329,77407,50296,61520,14366,24604,812012,766546,70295,67800,182424,175526,43157,38,55
2021-09-11T23:59:59+02:00,9027,8373,56760,53465,63583,59274,72837,73863,94360,96503,106077,105236,73317,79608,51696,63275,14870,25607,51559,48625,59710,54900,69118,69542,90353,91978,102213,101530,71324,77405,50296,61520,14366,24602,811934,766497,70288,67754,182421,175524,43101,38,55
2021-09-10T23:59:59+02:00,8955,8312,56598,53319,63469,59154,72729,73757,94241,96385,106000,105175,73280,79572,51682,63249,14866,25602,51431,48560,59647,54837,69055,69494,90288,91921,102177,101492,71303,77389,50287,61510,14362,24596,810812,766032,70256,67699,182415,175521,42875,38,55
2021-09-09T23:59:59+02:00,8884,8247,56398,53126,63303,58970,72571,73613,94093,96245,105875,105081,73221,79508,51651,63215,14862,25589,51248,48394,59492,54705,68922,69367,90169,91815,102061,101400,71259,77345,50258,61480,14356,24580,809452,764974,70235,67649,182396,175499,42382,37,55
2021-09-08T23:59:59+02:00,8800,8170,56219,52956,63152,58789,72428,73461,93934,96116,105781,104973,73155,79448,51622,63160,14857,25574,51071,48228,59367,54567,68797,69218,90043,91708,101976,101300,71204,77287,50234,61439,14352,24564,808062,763819,70209,67597,182360,175475,41974,37,55
2021-09-07T23:59:59+02:00,8712,8110,56055,52800,63034,58649,72312,73330,93828,96016,105676,104874,73104,79402,51596,63120,14850,25554,50902,48065,59237,54422,68673,69101,89937,91593,101876,101200,71156,77239,50211,61413,14348,24544,806811,762598,70204,67583,182357,175453,41660,37,55
2021-09-06T23:59:59+02:00,8649,8044,55907,52631,62897,58492,72209,73199,93727,95905,105596,104786,73052,79353,51564,63090,14839,25538,50752,47923,59098,54273,68559,68980,89856,91498,101780,101113,71107,77191,50189,61383,14341,24534,805597,761475,70177,67541,182325,175429,41388,37,55
2021-09-05T23:59:59+02:00,8620,8006,55839,52538,62833,58431,72160,73142,93681,95855,105570,104743,73031,79331,51554,63070,14832,25532,50661,47838,59032,54207,68497,68921,89810,91442,101740,101064,71088,77163,50176,61366,14335,24525,805077,760855,70168,67531,182305,175408,41226,37,55
2021-09-04T23:59:59+02:00,8613,8001,55819,52529,62824,58422,72152,73134,93674,95851,105567,104737,73030,79330,51554,63070,14832,25532,50647,47823,59016,54193,68493,68913,89803,91437,101736,101060,71087,77161,50175,61366,14335,24525,805018,760791,70165,67526,182304,175407,41192,37,55
2021-09-03T23:59:59+02:00,8547,7932,55688,52442,62751,58325,72073,73054,93596,95788,105497,104676,73000,79297,51535,63039,14825,25522,50531,47728,58938,54127,68434,68842,89742,91376,101672,101007,71059,77127,50154,61343,14332,24516,804099,760015,70157,67508,182297,175398,41042,37,55
2021-09-02T23:59:59+02:00,8452,7837,55496,52286,62626,58220,71979,72926,93476,95674,105392,104591,72942,79241,51503,62992,14814,25502,50306,47557,58793,54009,68331,68728,89608,91271,101556,100911,71001,77079,50130,61316,14324,24500,802964,758864,70114,67465,182283,175348,40594,37,55
2021-09-01T23:59:59+02:00,8376,7744,55346,52138,62496,58088,71891,72801,93383,95584,105314,104520,72904,79197,51481,62957,14807,25484,50131,47348,58667,53869,68251,68616,89506,91169,101451,100817,70960,77037,50104,61275,14317,24484,801854,757632,70090,67426,182269,175296,40304,37,55
2021-08-31T23:59:59+02:00,8268,7650,55185,51983,62390,57974,71813,72700,93298,95501,105230,104442,72863,79155,51459,62928,14797,25470,49924,47147,58548,53730,68137,68493,89408,91064,101342,100737,70914,76984,50084,61240,14305,24468,800776,756273,70082,67410,182260,175271,39993,37,55
2021-08-30T23:59:59+02:00,8192,7570,55003,51820,62279,57845,71698,72583,93174,95372,105111,104347,72813,79112,51442,62894,14775,25447,49727,46933,58425,53591,68038,68382,89291,90951,101227,100628,70864,76949,50057,61211,14291,24451,799582,755069,70042,67345,182228,175214,39628,37,55
2021-08-29T23:59:59+02:00,8151,7524,54913,51741,62221,57768,71630,72536,93122,95308,105063,104312,72793,79090,51427,62879,14769,25438,49609,46830,58337,53492,67967,68305,89236,90891,101166,100575,70839,76933,50043,61198,14285,24448,799059,754415,70040,67335,182218,175170,39371,37,55
2021-08-28T23:59:59+02:00,8133,7510,54874,51703,62190,57748,71603,72519,93104,95292,105049,104301,72788,79088,51425,62875,14769,25438,49571,46811,58311,53476,67946,68291,89216,90868,101159,100562,70833,76929,50041,61196,14285,24448,798853,754268,70039,67328,182216,175170,39304,37,55
2021-08-27T23:59:59+02:00,8049,7432,54692,51565,62076,57609,71506,72396,92982,95171,104938,104215,72743,79037,51402,62839,14757,25432,49446,46726,58232,53394,67864,68220,89138,90801,101101,100514,70797,76894,50027,61185,14283,24448,797533,753565,70034,67322,182204,175162,39073,37,55
2021-08-26T23:59:59+02:00,7985,7359,54533,51418,61953,57498,71408,72288,92877,95042,104832,104134,72701,78986,51379,62819,14752,25418,49283,46570,58111,53288,67765,68126,89032,90722,101032,100445,70756,76859,50003,61163,14278,24439,796479,752737,70024,67283,182195,175129,38685,37,55
2021-08-25T23:59:59+02:00,7921,7306,54389,51268,61842,57346,71302,72172,92770,94942,104730,104048,72644,78935,51351,62784,14739,25404,49087,46379,57986,53148,67646,68002,88919,90609,100931,100355,70699,76811,49976,61124,14271,24424,795476,751601,69998,67250,182184,175091,38236,37,55
2021-08-24T23:59:59+02:00,7811,7217,54250,51064,61716,57209,71196,72043,92653,94822,104625,103951,72591,78888,51316,62739,14731,25388,48868,46156,57848,52976,67537,67866,88817,90516,100839,100274,70661,76758,49951,61098,14267,24407,794076,750201,69981,67228,182174,175069,37980,37,55
2021-08-23T23:59:59+02:00,7749,7143,54067,50892,61584,57085,71083,71932,92526,94715,104526,103851,72539,78827,51282,62697,14724,25377,48684,45982,57731,52850,67431,67769,88713,90425,100752,100195,70620,76707,49923,61059,14263,24395,792865,749183,69951,67202,182159,175014,37624,37,55
2021-08-22T23:59:59+02:00,7721,7117,53984,50814,61531,57024,71044,71879,92483,94673,104482,103822,72519,78812,51273,62684,14723,25371,48565,45873,57641,52757,67357,67709,88642,90367,100709,100153,70590,76683,49908,61041,14260,24388,792442,748503,69943,67194,182139,174964,37430,37,55
2021-08-21T23:59:59+02:00,7715,7114,53957,50799,61512,57013,71028,71865,92470,94655,104472,103812,72514,78810,51273,62683,14723,25370,48545,45856,57620,52749,67339,67690,88624,90352,100699,100143,70588,76680,49908,61040,14260,24388,792371,748411,69900,67175,182135,174958,37377,37,55
2021-08-20T23:59:59+02:00,7684,7077,53866,50724,61438,56952,70957,71802,92405,94592,104419,103776,72489,78782,51261,62657,14715,25359,48452,45781,57549,52686,67270,67635,88566,90292,100639,100105,70565,76658,49902,61024,14251,24384,791828,747896,69828,67162,182132,174934,37165,37,55
2021-08-19T23:59:59+02:00,7618,6997,53734,50601,61288,56836,70840,71694,92290,94503,104323,103685,72440,78725,51232,62617,14706,25339,48319,45677,57433,52593,67180,67557,88475,90213,100541,100039,70532,76630,49882,61000,14247,24375,790788,747250,69792,67128,182115,174889,36771,37,55
2021-08-18T23:59:59+02:00,7543,6940,53586,50463,61161,56725,70729,71602,92181,94414,104221,103601,72381,78672,51197,62581,14696,25318,48200,45550,57314,52495,67090,67483,88358,90124,100464,99963,70486,76590,49861,60974,14239,24358,789784,746527,69762,67093,182104,174838,36359,37,55
2021-08-17T23:59:59+02:00,7460,6859,53423,50299,61053,56600,70613,71480,92076,94309,104113,103501,72330,78629,51169,62555,14688,25307,48007,45372,57181,52356,66968,67376,88228,90028,100354,99867,70430,76541,49836,60953,14232,24346,788705,745494,69740,67059,182099,174783,35918,37,55
2021-08-16T23:59:59+02:00,7388,6796,53293,50168,60956,56486,70513,71385,91982,94204,104020,103401,72286,78577,51139,62511,14680,25299,47867,45254,57073,52286,66873,67292,88128,89941,100267,99773,70383,76501,49811,60923,14224,24341,787830,744866,69692,67000,182084,174716,35476,37,54
2021-08-15T23:59:59+02:00,7339,6756,53215,50087,60887,56416,70447,71325,91924,94153,103965,103353,72251,78548,51131,62495,14676,25290,47761,45159,56981,52198,66803,67230,88050,89877,100212,99726,70345,76466,49796,60902,14219,24329,787356,744381,69678,66971,182071,174634,35151,37,53
2021-08-14T23:59:59+02:00,7317,6741,53142,50017,60837,56372,70411,71278,91887,94114,103926,103317,72230,78540,51122,62484,14674,25287,47522,44886,56814,52010,66650,67076,87915,89755,100096,99619,70295,76423,49785,60879,14215,24324,786872,742549,69671,66965,182071,174623,35080,37,53
2021-08-13T23:59:59+02:00,7276,6705,53031,49921,60753,56292,70358,71209,91811,94057,103875,103272,72207,78517,51110,62473,14672,25280,47018,44387,56574,51742,66420,66821,87642,89502,99899,99414,70208,76321,49746,60819,14209,24303,786116,739069,69667,66955,182071,174549,34963,37,53
2021-08-12T23:59:59+02:00,7245,6678,52930,49851,60694,56213,70283,71159,91740,93998,103814,103226,72173,78485,51096,62457,14670,25266,46519,43941,56298,51438,66159,66599,87384,89279,99553,99139,70096,76185,49690,60755,14198,24274,785679,736014,69641,66915,182055,174095,34601,37,52
2021-08-11T23:59:59+02:00,7179,6609,52764,49681,60563,56094,70199,71065,91632,93894,103714,103119,72113,78420,51064,62415,14663,25250,45839,43321,55927,51056,65897,66302,87089,89014,99216,98771,69956,76039,49629,60652,14186,24245,784504,731895,69620,66878,182046,173660,34266,37,52
2021-08-10T23:59:59+02:00,7102,6525,52565,49494,60418,55974,70091,70942,91507,93764,103590,103014,72061,78363,51033,62384,14655,25241,44882,42413,55256,50401,65402,65848,86628,88529,98724,98314,69751,75840,49529,60551,14165,24206,783142,725624,69611,66826,182040,173158,33927,37,52
2021-08-09T23:59:59+02:00,7059,6478,52454,49401,60340,55900,70033,70882,91439,93692,103518,102955,72018,78327,51027,62368,14651,25233,43875,41351,54541,49710,64927,65416,86183,88095,98208,97845,69562,75616,49439,60425,14137,24167,782575,719161,69541,66751,182029,172597,33627,37,52
2021-08-08T23:59:59+02:00,7013,6437,52389,49333,60300,55868,69995,70856,91382,93645,103465,102915,71997,78305,51013,62347,14645,25228,43819,41288,54478,49664,64863,65378,86111,88037,98141,97795,69536,75585,49418,60399,14129,24160,782289,718873,69534,66735,182015,172514,33290,37,52
2021-08-07T23:59:59+02:00,6974,6396,52279,49205,60222,55792,69937,70791,91312,93583,103415,102867,71980,78288,51004,62341,14645,25227,42853,40265,53923,49092,64426,64973,85736,87639,97821,97448,69393,75442,49362,60317,14112,24142,781503,712504,69530,66718,182015,172506,33205,37,50
2021-08-06T23:59:59+02:00,6931,6334,52145,49076,60149,55726,69871,70710,91232,93507,103355,102810,71956,78265,50993,62322,14643,25223,42171,39652,53680,48825,64203,64731,85501,87417,97592,97245,69309,75351,49320,60276,14106,24129,780629,708885,69526,66636,182014,172369,33074,37,50
2021-08-05T23:59:59+02:00,6821,6227,51891,48852,59973,55537,69731,70565,91069,93360,103213,102673,71895,78202,50965,62282,14630,25204,41336,38956,53160,48365,63831,64383,85043,87017,96969,96726,69122,75167,49254,60178,14087,24098,779008,704337,69473,66585,181980,171240,32623,37,50
2021-08-04T23:59:59+02:00,6732,6141,51696,48619,59826,55359,69618,70414,90934,93245,103094,102556,71834,78138,50939,62236,14619,25175,40492,38168,52790,47962,63509,64063,84671,86689,96557,96319,68959,74996,49177,60081,14071,24064,777599,699745,69437,66566,181966,170454,32167,37,50
2021-08-03T23:59:59+02:00,6659,6084,51526,48482,59701,55229,69527,70323,90835,93146,102997,102475,71780,78103,50919,62210,14611,25159,39492,37222,51995,47279,62965,63530,84153,86204,95843,95689,68715,74780,49085,59964,14050,24019,776562,693493,69428,66543,181959,169271,31811,37,50
2021-08-02T23:59:59+02:00,6611,6041,51390,48343,59609,55150,69443,70254,90781,93073,102918,102413,71741,78061,50898,62187,14604,25146,38218,36059,51030,46467,62248,62942,83546,85638,95043,94987,68461,74523,48997,59830,14030,23980,775866,685856,69381,66492,181931,167959,31479,37,50
2021-08-01T23:59:59+02:00,6569,5986,51219,48181,59454,55035,69350,70140,90673,92982,102830,102320,71699,78024,50876,62147,14599,25130,38034,35925,50870,46367,62117,62849,83368,85495,94590,94584,68344,74413,48958,59781,14019,23960,774816,685210,69352,66433,181913,166649,31127,37,50
2021-07-31T23:59:59+02:00,6526,5952,51125,48060,59399,54963,69301,70096,90633,92952,102803,102295,71688,78012,50868,62143,14599,25127,36424,34413,49958,45498,61580,62284,82864,84982,94109,94150,68155,74208,48879,59686,14001,23927,774204,676049,69348,66424,181913,166534,31071,37,50
2021-07-30T23:59:59+02:00,6490,5899,50975,47919,59316,54882,69232,70036,90559,92872,102747,102256,71671,77988,50859,62119,14596,25123,34962,33008,48985,44547,60848,61592,82178,84361,93426,93574,67921,73971,48775,59536,13982,23896,773438,666511,69323,66413,181907,166229,30865,37,50
2021-07-29T23:59:59+02:00,6375,5779,50545,47551,59100,54612,69040,69846,90370,92684,102585,102119,71596,77906,50826,62064,14581,25105,34227,32390,48360,44097,60444,61237,81753,84010,92654,92898,67725,73813,48712,59449,13962,23865,771122,662639,69269,66266,181864,164583,30423,37,50
2021-07-28T23:59:59+02:00,6303,5716,50290,47357,58968,54457,68912,69749,90242,92560,102478,102025,71540,77849,50799,62024,14572,25088,33901,32096,48040,43858,60211,61013,81574,83838,92415,92698,67651,73746,48679,59416,13949,23855,769804,660929,69236,66177,181837,164061,30046,37,49
2021-07-27T23:59:59+02:00,6250,5669,50128,47217,58825,54361,68818,69660,90140,92451,102372,101948,71495,77796,50769,61990,14564,25074,32432,30691,46766,42763,59378,60218,80969,83307,91392,91849,67374,73461,48591,59289,13917,23814,768897,652255,69210,66106,181813,162265,29601,37,49
2021-07-26T23:59:59+02:00,6227,5640,50009,47129,58727,54274,68741,69607,90053,92390,102307,101896,71455,77759,50746,61970,14558,25065,31063,29430,45443,41637,58276,59231,80259,82672,90226,90818,67066,73188,48500,59172,13893,23772,768363,643168,69144,66011,181775,159968,29266,36,49
2021-07-25T23:59:59+02:00,6207,5623,49895,47024,58637,54208,68677,69548,89988,92333,102247,101848,71421,77723,50727,61947,14555,25055,30856,29273,45169,41439,58020,59000,79987,82462,89264,89963,66858,73014,48431,59099,13881,23748,767951,641978,69132,65892,181749,157510,28827,35,49
2021-07-24T23:59:59+02:00,6172,5594,49775,46936,58568,54146,68629,69492,89942,92289,102206,101807,71415,77716,50724,61944,14554,25051,29258,27681,44013,40352,57322,58285,79367,81888,88619,89396,66678,72823,48360,58997,13867,23724,767345,631902,69122,65875,181741,157370,28748,35,49
2021-07-23T23:59:59+02:00,6087,5507,49601,46758,58474,54042,68520,69389,89837,92185,102116,101711,71379,77659,50703,61913,14550,25045,27560,26160,42752,39261,56389,57396,78674,81270,87910,88732,66408,72549,48281,58896,13846,23694,765968,621328,69118,65709,181722,156896,28664,35,49
2021-07-22T23:59:59+02:00,5947,5394,49304,46471,58275,53836,68348,69221,89652,92032,101961,101577,71312,77576,50661,61862,14539,25026,26738,25330,41841,38447,55446,56567,77930,80643,86244,87224,66032,72149,48170,58765,13815,23642,764027,612832,69073,65207,181690,155424,28200,35,49
2021-07-21T23:59:59+02:00,5671,5111,48770,45942,57972,53523,68116,68943,89373,91784,101691,101310,71185,77445,50601,61797,14530,25000,26482,25106,41419,38165,55004,56176,77560,80361,85435,86618,65864,72021,48114,58699,13797,23617,760415,610856,69048,64928,181668,153647,27629,35,49
2021-07-20T23:59:59+02:00,5594,5037,48484,45663,57802,53314,67940,68798,89193,91629,101526,101166,71109,77378,50562,61750,14521,24972,25305,23951,40124,37131,53661,54970,76654,79587,84071,85272,65557,71679,48006,58562,13769,23571,758730,600443,69041,64770,181624,152064,27039,35,49
2021-07-19T23:59:59+02:00,5514,4951,48158,45337,57581,53106,67774,68595,89005,91450,101378,101005,71036,77296,50519,61699,14512,24943,24474,23112,38812,36008,51930,53472,75386,78531,82956,84290,65262,71423,47906,58444,13744,23531,756929,590392,69031,64624,181596,150270,26299,35,49
2021-07-18T23:59:59+02:00,5506,4950,48086,45279,57484,53027,67703,68521,88912,91383,101305,100940,70999,77255,50494,61667,14510,24931,24336,23011,38541,35786,51597,53181,75134,78335,82051,83520,65069,71245,47850,58372,13739,23509,756651,589326,69008,64461,181556,148039,25733,35,49
2021-07-17T23:59:59+02:00,5479,4913,47987,45201,57410,52966,67641,68464,88852,91321,101260,100921,70991,77240,50489,61660,14510,24930,22948,21547,37152,34481,50353,51986,74528,77778,81416,82923,64940,71097,47783,58310,13730,23489,756087,578434,69003,64435,181547,147899,25594,35,49
2021-07-16T23:59:59+02:00,5376,4834,47745,44969,57286,52861,67523,68350,88714,91224,101153,100817,70945,77188,50466,61641,14504,24924,21690,20307,35854,33234,48897,50665,73517,76843,80715,82263,64720,70874,47701,58209,13711,23457,754631,566787,69001,64372,181540,147696,25344,35,49
2021-07-15T23:59:59+02:00,5234,4705,47347,44644,57077,52667,67330,68165,88502,91025,100965,100648,70847,77087,50417,61567,14495,24895,21084,19806,34926,32535,47657,49717,72332,75923,78563,80127,64120,70276,47557,58030,13692,23394,752571,557427,68984,63342,181493,145853,24557,35,49
2021-07-14T23:59:59+02:00,4860,4381,46755,44069,56843,52401,67122,67962,88288,90784,100747,100451,70740,76977,50349,61484,14483,24871,20877,19660,34663,32375,47284,49414,71800,75531,77897,79591,63796,70000,47474,57946,13669,23360,749120,555616,68968,63154,181441,143951,24026,35,47
2021-07-13T23:59:59+02:00,4769,4301,46554,43916,56678,52243,66960,67815,88130,90657,100601,100324,70667,76915,50312,61437,14479,24855,20314,19126,33637,31554,45663,47959,70039,73867,76292,78030,63420,69608,47346,57774,13640,23308,747755,544677,68951,62383,181367,142331,23528,35,47
2021-07-12T23:59:59+02:00,4704,4223,46366,43725,56526,52100,66805,67688,87957,90518,100445,100184,70591,76827,50274,61381,14472,24837,19837,18690,32850,30931,43999,46502,67656,71794,74400,76527,62889,69021,47201,57612,13612,23257,746481,533567,68928,61814,181266,139758,22936,35,47
2021-07-11T23:59:59+02:00,4699,4220,46295,43672,56463,52050,66754,67649,87894,90465,100373,100124,70553,76784,50264,61366,14469,24823,19628,18547,32499,30683,43551,46125,67194,71434,73620,75828,62489,68641,47130,57522,13596,23224,746331,531769,68917,61488,181200,137282,22456,35,47
2021-07-10T23:59:59+02:00,4573,4084,46011,43364,56277,51853,66604,67473,87760,90325,100271,100018,70497,76727,50243,61340,14466,24814,19064,17996,31554,29819,41799,44544,65710,70152,72984,75206,62324,68492,47077,57470,13589,23210,744231,521145,68911,61472,181188,137236,22357,35,47
2021-07-09T23:59:59+02:00,4444,3966,45736,43112,56109,51659,66442,67307,87608,90160,100137,99914,70444,76654,50207,61299,14461,24802,18472,17422,30580,28856,39845,42613,63412,68025,71822,74064,62050,68167,47001,57345,13571,23185,742176,507440,68897,61091,181182,136830,22193,35,47
2021-07-08T23:59:59+02:00,4415,3940,45593,42998,55983,51541,66310,67207,87483,90038,100018,99817,70390,76602,50186,61261,14450,24788,17529,16615,29176,27821,38124,41157,61281,66202,68462,70907,61150,67191,46756,57002,13526,23090,741445,492159,68837,59010,181111,134247,21606,35,47
2021-07-07T23:59:59+02:00,4403,3934,45527,42955,55899,51487,66227,67163,87430,89998,99975,99767,70374,76580,50177,61243,14446,24778,16568,15761,27783,26808,36596,39923,59660,64744,65231,67429,60132,66149,46519,56681,13476,23018,741141,476848,68790,57096,181059,132098,21338,35,47
2021-07-06T23:59:59+02:00,4351,3886,45381,42827,55773,51345,66121,67054,87321,89906,99894,99683,70336,76521,50159,61216,14443,24764,15797,15020,26704,25899,34748,38209,56259,61719,62578,64968,59377,65360,46246,56347,13436,22915,740007,458936,68770,56278,181000,129969,21170,34,47
2021-07-05T23:59:59+02:00,4288,3841,45203,42652,55620,51242,65997,66945,87204,89813,99809,99585,70273,76457,50137,61189,14440,24749,15137,14392,25754,25082,33515,37075,53156,58741,59801,62502,58538,64548,45993,56035,13391,22837,738820,442841,68731,55921,180920,127481,20939,34,47
2021-07-04T23:59:59+02:00,4279,3835,45156,42620,55554,51209,65954,66919,87166,89781,99777,99558,70249,76436,50131,61174,14434,24738,14932,14188,25315,24726,32917,36547,52491,58212,58816,61639,57876,63916,45809,55830,13372,22788,738625,438762,68699,55718,180851,124780,20761,34,46
2021-07-03T23:59:59+02:00,4059,3657,44622,42056,55237,50832,65657,66642,86919,89520,99576,99362,70176,76364,50108,61128,14430,24726,14646,13866,24961,24371,31939,35625,50745,56663,57947,60903,57702,63718,45741,55745,13360,22763,734811,430179,68684,55700,180845,124732,20697,34,46
2021-07-02T23:59:59+02:00,3750,3371,43969,41462,54911,50496,65375,66338,86646,89267,99340,99136,70073,76251,50056,61058,14424,24709,14228,13417,24265,23764,30779,34556,48111,54493,55810,59113,57307,63287,45581,55586,13344,22725,730476,417656,68667,54649,180832,124001,20624,33,31
2021-07-01T23:59:59+02:00,3612,3261,43613,41111,54709,50321,65215,66174,86492,89126,99186,99016,70002,76183,50025,61024,14416,24694,13538,12733,22963,22682,29101,33042,46099,52749,53315,56831,55883,61712,45087,54970,13271,22597,728330,404119,68603,52336,180782,120167,20432,33,30
2021-06-30T23:59:59+02:00,3601,3244,43349,40914,54525,50187,65096,66077,86400,89059,99116,98964,69975,76159,50013,61002,14412,24683,12793,12131,21793,21783,27512,31672,44245,51031,49678,52869,54554,60378,44731,54532,13215,22469,727185,388354,68551,50432,180761,116733,20247,32,30
2021-06-29T23:59:59+02:00,3384,3024,42433,40079,53918,49585,64657,65649,85987,88607,98769,98637,69850,76010,49956,60931,14393,24652,12192,11524,20994,21015,26145,30464,41621,48618,47805,51321,53584,59267,44324,53994,13121,22316,721205,376309,68498,48907,180746,113349,20040,32,29
2021-06-28T23:59:59+02:00,3166,2845,41476,39081,53252,48932,64193,65258,85604,88218,98436,98293,69710,75850,49891,60831,14375,24629,11690,11072,20335,20424,25175,29566,39526,46678,46179,49955,52475,58220,43962,53487,13041,22195,715038,366816,68387,47872,180737,109671,19846,32,29
2021-06-27T23:59:59+02:00,3161,2842,41439,39048,53206,48897,64155,65224,85552,88182,98384,98267,69690,75837,49882,60817,14370,24626,11496,10878,20009,20107,24597,29004,38500,45825,45013,48861,51442,57208,43528,52980,12959,22052,714829,362207,68358,47428,180701,105355,19659,32,29
2021-06-26T23:59:59+02:00,2679,2369,40045,37678,52482,48152,63603,64660,85065,87663,97959,97834,69499,75662,49809,60713,14351,24603,11381,10775,19839,19952,24398,28786,38020,45386,44645,48508,51328,57063,43482,52932,12954,22037,706114,359247,68331,47423,180701,105337,19648,32,29
2021-06-25T23:59:59+02:00,2272,2036,39195,36867,52131,47794,63280,64336,84784,87353,97707,97567,69395,75546,49762,60651,14337,24581,11081,10465,19456,19526,23871,28163,35332,43081,42460,46593,50990,56684,43384,52801,12930,22006,701057,347671,68195,46977,180694,104686,19616,32,29
2021-06-24T23:59:59+02:00,2218,1984,38706,36406,51780,47466,63063,64127,84550,87160,97519,97410,69313,75480,49727,60605,14331,24565,10483,9881,18391,18647,22448,26907,33232,41242,40027,44297,49508,55034,42814,52100,12813,21803,698110,334781,68166,44374,180673,101134,19429,32,29
2021-06-23T23:59:59+02:00,2205,1960,38475,36175,51618,47297,62949,64016,84452,87065,97442,97326,69282,75449,49709,60584,14327,24554,10028,9449,17764,18091,21518,26049,31300,39609,36058,39835,48214,53670,42428,51593,12733,21637,696877,319251,68134,43752,180657,97824,19187,30,29
2021-06-22T23:59:59+02:00,2126,1899,37490,35248,50867,46625,62467,63568,84077,86655,97078,97014,69133,75306,49642,60503,14314,24521,9556,9016,16894,17402,20293,24969,28172,36844,33752,37958,47256,52698,42019,51035,12593,21403,690740,307066,68089,41012,180644,94754,19030,30,28
2021-06-21T23:59:59+02:00,1979,1760,36138,34025,49846,45757,61746,62906,83580,86183,96638,96609,68964,75135,49576,60408,14303,24486,9237,8718,16432,17038,19668,24490,26426,35278,32213,36664,46205,51618,41565,50486,12488,21211,682780,299706,68061,40369,180629,91113,18540,29,28
2021-06-20T23:59:59+02:00,1968,1751,36051,33972,49702,45636,61609,62771,83500,86124,96569,96550,68930,75107,49561,60390,14303,24475,9088,8615,16214,16870,19352,24232,25609,34624,31270,35713,46010,51415,41534,50434,12479,21191,682143,295917,68022,39777,180611,90781,18164,29,28
2021-06-19T23:59:59+02:00,1600,1451,34435,32429,48796,44816,61121,62266,83029,85650,96163,96198,68781,74941,49496,60309,14288,24451,9048,8541,16110,16747,19232,24079,25503,34465,31141,35571,45914,51319,41516,50409,12475,21181,673438,294576,68005,39774,180604,90744,18144,29,28
2021-06-18T23:59:59+02:00,1404,1278,32788,30843,47589,43627,60182,61346,82223,84903,95549,95621,68562,74719,49407,60171,14272,24421,8973,8456,15951,16592,19043,23886,25250,34225,30858,35251,45620,50972,41432,50332,12462,21167,662308,292381,67871,39659,180603,90323,18094,29,28
2021-06-17T23:59:59+02:00,1329,1220,31865,30000,46724,42918,59376,60496,81481,84257,95138,95237,68420,74575,49365,60095,14258,24392,8431,8090,15261,16036,18213,23059,24147,33099,29377,33890,44294,49469,40947,49720,12342,20978,655377,283435,67757,38832,180572,87662,17411,29,28
2021-06-16T23:59:59+02:00,1246,1156,31174,29298,45921,42172,58450,59618,80704,83486,94715,94857,68284,74415,49308,60003,14238,24366,7943,7764,14646,15521,17435,22331,23006,32143,28197,32780,42397,47350,40400,49141,12234,20793,648308,273685,67632,38232,180553,85262,16889,29,28
2021-06-15T23:59:59+02:00,1104,1037,29282,27508,44173,40650,56861,57981,79317,82166,93957,94186,67997,74122,49194,59846,14205,24301,7768,7637,14336,15281,17073,22029,22485,31758,27663,32351,41459,46334,40015,48715,12110,20572,633354,270608,67584,37725,180515,82833,16405,29,28
2021-06-14T23:59:59+02:00,1011,923,27732,26038,42571,39135,55208,56331,78216,81056,93263,93558,67746,73881,49099,59725,14185,24256,7585,7464,13961,14946,16545,21583,21792,31174,26984,31757,41073,45910,39630,48264,11979,20366,620119,267926,67530,37310,180487,79992,15769,29,27
2021-06-13T23:59:59+02:00,987,898,27533,25858,42187,38803,54663,55810,77870,80749,93071,93368,67656,73801,49062,59667,14170,24231,7443,7296,13688,14651,16157,21183,21364,30683,26447,31253,40675,45505,39167,47699,11800,20081,617420,265830,67389,37241,180459,76918,15087,29,27
2021-06-12T23:59:59+02:00,858,784,26019,24266,41023,37723,53990,55076,77337,80255,92522,92844,67501,73624,48993,59590,14157,24210,7398,7246,13566,14543,16025,21070,21180,30537,26329,31152,40658,45488,39157,47688,11800,20080,607881,265049,67383,37239,180454,76588,15025,29,27
2021-06-11T23:59:59+02:00,745,675,24401,22743,39672,36531,52760,53867,76368,79403,91948,92268,67266,73389,48931,59482,14138,24175,7342,7158,13393,14356,15808,20874,20908,30277,26057,30895,40353,45112,39072,47573,11782,20051,596119,263152,67303,37094,180445,75883,14866,29,27
2021-06-10T23:59:59+02:00,644,585,23404,21735,38452,35349,51155,52363,75051,78207,90342,90720,66911,72994,48805,59308,14113,24120,7061,6933,12867,13920,15169,20302,20146,29521,25266,30218,39648,44250,38721,47155,11668,19867,583220,259686,66821,37060,180393,72155,13795,29,27
2021-06-09T23:59:59+02:00,574,536,22950,21347,37791,34826,50046,51317,73807,77011,89751,90215,66784,72849,48755,59223,14098,24090,6788,6624,12275,13315,14384,19491,19229,28496,24281,29055,37080,41329,38157,46511,11520,19628,576048,249359,66360,36987,180354,68622,13179,29,27
2021-06-08T23:59:59+02:00,468,425,21433,19882,36184,33466,47933,49357,71665,75074,88276,88736,66469,72464,48620,59062,14065,24046,6657,6449,11891,12944,13900,19002,18625,27894,23724,28518,36794,41074,37866,46144,11411,19471,558678,247699,66084,36909,180321,65227,12513,29,27
2021-06-07T23:59:59+02:00,353,331,20427,18907,34639,32135,45658,47335,69530,73196,87298,87888,66245,72198,48546,58927,14045,24010,6503,6287,11466,12593,13357,18518,17897,27305,23090,27920,36474,40770,37448,45663,11298,19272,543494,245706,65913,36839,180268,61336,11964,29,27
2021-06-06T23:59:59+02:00,330,310,20247,18761,34244,31850,45050,46761,68911,72711,87087,87723,66189,72137,48534,58901,14039,23998,6371,6112,11138,12178,12927,17946,17260,26495,22394,27113,36006,40294,36966,45111,11143,19003,540372,243257,65586,36790,180225,56824,11571,29,26
2021-06-05T23:59:59+02:00,258,245,19000,17495,32912,30636,43823,45588,68336,72193,86555,87213,66098,72035,48486,58853,14032,23986,6320,6031,11034,12015,12802,17767,17090,26284,22223,26924,35942,40218,36944,45087,11141,18998,530374,242654,65586,36378,180205,56223,11550,29,26
2021-06-04T23:59:59+02:00,177,175,17806,16344,31602,29345,42270,44091,66994,70878,85748,86461,65911,71822,48410,58761,14016,23957,6217,5889,10860,11805,12588,17511,16735,25898,21703,26486,35055,39363,36629,44787,11124,18976,517545,240812,65519,36051,180198,53272,11477,29,25
2021-06-03T23:59:59+02:00,122,122,17166,15770,30616,28518,40810,42796,65219,69347,83499,84176,65485,71369,48282,58599,13998,23919,6047,5680,10550,11449,12270,17044,16284,25237,21154,25907,34391,38572,36453,44584,11091,18926,503751,238474,64822,35664,180159,50436,11052,29,24
2021-06-02T23:59:59+02:00,93,79,16823,15459,30305,28253,40146,42174,63629,67954,82558,83374,65344,71206,48222,58516,13995,23904,5930,5588,10375,11289,12040,16828,15991,24931,20808,25514,31143,34944,36225,44361,11062,18873,496241,229771,64819,35332,180158,49998,10787,29,24
2021-06-01T23:59:59+02:00,37,44,16031,14787,28807,27147,37783,40113,60060,64769,80125,81052,64994,70842,48094,58326,13961,23850,5656,5308,9857,10855,11502,16234,15324,24135,20071,24756,30801,34648,36030,44183,11033,18811,477873,228309,63262,34827,180091,46487,9568,28,23
2021-05-31T23:59:59+02:00,29,36,15467,14308,27868,26445,35822,38448,56615,61740,78094,79349,64663,70486,47950,58151,13929,23798,5493,5100,9445,10489,11074,15753,14788,23450,19447,24051,30515,34394,35846,43991,10998,18754,462102,227628,62540,34440,180025,43003,8503,28,23
2021-05-30T23:59:59+02:00,27,33,15320,14181,27582,26214,35369,38039,55902,61120,77775,79076,64601,70429,47925,58116,13925,23787,5390,4904,9117,10127,10662,15266,14336,22647,18921,23281,29837,33679,35619,43798,10976,18692,459120,227163,62102,34360,179977,37521,8194,28,23
2021-05-29T23:59:59+02:00,25,32,14923,13789,26733,25398,33610,36447,54419,59824,77186,78509,64451,70280,47872,58063,13918,23773,5357,4829,9054,10014,10568,15148,14227,22498,18790,23142,29808,33656,35613,43790,10975,18689,448993,226680,62069,34360,179973,36915,8189,28,23
2021-05-28T23:59:59+02:00,22,31,14517,13388,25918,24653,31761,34686,52247,57818,76134,77512,64246,70028,47820,57986,13908,23750,5273,4711,8877,9870,10412,14974,14066,22261,18578,22841,29739,33609,35596,43773,10974,18684,437033,226006,61600,34354,179884,35984,7880,28,23
2021-05-27T23:59:59+02:00,18,26,13888,12921,24851,23936,30511,33757,50640,56442,73035,74526,63804,69491,47686,57824,13885,23695,5160,4476,8544,9530,10009,14541,13624,21628,18072,22242,29516,33405,35485,43661,10953,18656,424880,225355,59641,34283,179252,32715,7135,28,23
2021-05-26T23:59:59+02:00,17,24,13401,12498,23937,23292,29590,33054,49555,55516,70076,71334,63189,68880,47551,57653,13854,23649,5073,4313,8288,9213,9708,14152,13266,21027,17639,21641,29320,33238,35387,43556,10926,18604,414055,224741,57466,34165,178755,29665,6766,28,23
2021-05-25T23:59:59+02:00,17,19,13060,12201,23355,22887,28533,32193,46953,53279,67814,69208,62836,68513,47438,57504,13836,23594,4995,4192,8079,8950,9454,13775,12954,20506,17255,21091,29161,33082,35303,43450,10899,18548,402192,224188,56399,34083,178132,26920,6489,28,23
2021-05-24T23:59:59+02:00,16,18,12762,11918,22856,22504,27913,31741,44330,50845,65353,67017,62527,68214,47327,57378,13800,23537,4923,4083,7829,8716,9134,13389,12624,19993,16871,20533,29018,32942,35229,43378,10875,18501,390521,223607,55915,34016,177465,24274,6127,28,23
2021-05-23T23:59:59+02:00,16,18,12700,11849,22761,22419,27833,31662,44073,50618,64765,66468,62447,68126,47302,57360,13798,23535,4902,4068,7794,8684,9075,13355,12545,19932,16792,20478,29009,32929,35225,43371,10875,18499,388316,223324,55834,34009,177451,24065,6121,28,23
2021-05-22T23:59:59+02:00,16,18,12476,11611,22440,22111,26832,30772,42237,49042,63909,65727,62284,67935,47236,57269,13788,23512,4885,4013,7766,8620,9034,13290,12514,19846,16762,20410,28998,32919,35221,43365,10874,18498,379825,223232,55823,34009,177446,23667,6093,28,23
2021-05-21T23:59:59+02:00,16,17,12173,11360,21871,21670,26018,30080,39843,47147,61933,64058,62022,67662,47152,57181,13773,23486,4866,3986,7711,8534,8968,13201,12437,19753,16687,20324,28982,32893,35214,43355,10872,18497,369392,223035,54767,33994,177254,23216,6021,28,23
2021-05-20T23:59:59+02:00,15,17,11560,10787,20742,20776,24866,29050,38336,45868,59586,61985,61202,66761,46951,56921,13739,23430,4589,3808,7310,8243,8527,12805,11980,19241,16267,19802,28860,32797,35163,43302,10868,18487,358883,222629,52412,33882,175972,20227,5297,28,23
2021-05-19T23:59:59+02:00,15,17,11120,10474,19955,20224,24018,28450,37434,45184,56353,58348,60512,66058,46842,56786,13716,23383,4436,3648,7055,8000,8251,12476,11649,18811,15897,19379,28761,32685,35120,43226,10857,18472,348415,222146,50790,33764,174843,17986,4813,28,23
2021-05-18T23:59:59+02:00,15,17,10789,10187,19373,19773,23364,27889,36024,43956,54939,57219,60140,65631,46712,56625,13691,23358,4329,3521,6807,7766,7990,12191,11414,18408,15549,18949,28677,32593,35090,43185,10853,18465,343019,221854,48936,33682,173363,15881,4356,28,23
2021-05-17T23:59:59+02:00,14,16,10568,10006,18935,19484,22928,27578,34821,42963,53628,56182,59891,65384,46648,56526,13675,23325,4258,3435,6599,7548,7738,11896,11157,18011,15237,18542,28585,32505,35065,43144,10847,18452,338936,221554,47941,33614,171843,14013,3824,28,23
2021-05-16T23:59:59+02:00,14,15,10377,9877,18639,19280,22594,27337,34182,42503,52390,55011,59698,65219,46611,56472,13664,23305,4189,3361,6382,7382,7448,11643,10889,17659,14942,18178,28519,32443,35049,43126,10840,18448,336496,221303,47064,33552,170224,12252,3377,27,23
2021-05-15T23:59:59+02:00,14,15,10282,9777,18488,19132,22423,27192,33797,42134,51994,54633,59583,65073,46563,56427,13661,23289,4149,3325,6298,7316,7355,11540,10787,17540,14838,18048,28425,32325,34957,43033,10836,18443,334093,220214,47063,33550,170090,12233,3204,27,23
2021-05-14T23:59:59+02:00,13,15,9999,9573,18058,18889,22022,26905,31445,40355,49842,52776,59362,64844,46515,56342,13644,23267,4020,3242,6012,7152,7050,11316,10441,17189,14491,17721,27853,31619,34834,42841,10817,18414,324929,216921,47010,33544,169478,12110,2423,26,23
2021-05-13T23:59:59+02:00,13,15,9538,9204,17265,18327,21154,26224,30328,39365,47598,50602,58511,63870,46305,56059,13605,23194,3519,3048,5673,6899,6738,11007,10030,16799,14114,17287,26957,30419,34410,42323,10786,18352,316435,212325,45147,32988,167455,10919,2115,25,23
2021-05-12T23:59:59+02:00,13,15,9247,9010,16832,18070,20683,25934,29798,38979,44595,46957,57938,63228,46221,55945,13587,23169,3379,2960,5441,6788,6457,10860,9747,16590,13875,17022,26309,29596,34244,42130,10760,18319,307246,209292,44330,32962,167162,10751,1458,25,23
2021-05-11T23:59:59+02:00,13,13,8811,8731,16059,17553,19819,25314,28059,37536,42659,45454,57561,62782,46137,55810,13566,23141,3260,2829,5208,6447,6159,10447,9379,16034,13436,16461,24886,27926,33733,41502,10709,18231,301756,203311,41272,32779,164675,9253,1290,25,23
2021-05-10T23:59:59+02:00,13,12,8550,8578,15547,17298,19186,24993,27069,36846,41198,44309,57294,62509,46057,55706,13546,23110,3150,2704,4976,6212,5905,10123,9056,15557,13073,16039,23835,26595,33244,40918,10673,18173,298452,198654,40363,32751,162004,7837,978,24,21
2021-05-09T23:59:59+02:00,13,12,8394,8496,15240,17117,18803,24738,26402,36417,39419,42643,56998,62230,46002,55648,13538,23090,3030,2650,4795,6072,5736,9949,8858,15350,12905,15866,23560,26263,33099,40745,10663,18158,295478,197458,39989,32708,159003,6814,706,24,21
2021-05-08T23:59:59+02:00,13,12,8319,8423,15059,16971,18594,24538,26174,36179,39186,42452,56871,62080,45964,55611,13535,23079,3022,2631,4764,6036,5692,9903,8781,15285,12819,15796,23190,25836,32813,40431,10655,18142,293914,196269,39536,31997,158880,6811,706,24,21
2021-05-07T23:59:59+02:00,12,11,8146,8327,14731,16787,18206,24301,25751,35889,38730,42072,56597,61725,45915,55564,13528,23069,2723,2497,4414,5849,5422,9641,8465,14974,12423,15400,22091,24462,32163,39596,10627,18092,291370,192805,39104,30495,158552,5217,311,24,19
2021-05-06T23:59:59+02:00,11,11,7495,7970,13832,16187,17147,23446,24409,34774,36585,40407,55468,60404,45672,55257,13493,23002,2598,2384,4239,5653,5214,9337,8121,14533,11990,14946,20783,22785,31309,38587,10573,17978,280720,187184,37821,29536,156731,4026,274,24,18
2021-05-05T23:59:59+02:00,9,11,6957,7661,13048,15638,16111,22679,23022,33749,34753,38919,53627,58363,45351,54911,13460,22936,2511,2325,4064,5496,5024,9125,7774,14195,11621,14585,19393,21002,30114,37171,10533,17875,269249,181047,36898,28364,154938,3291,96,24,18
2021-05-04T23:59:59+02:00,9,10,6768,7569,12682,15461,15623,22408,22373,33403,33793,38220,52773,57400,45228,54783,13442,22895,2456,2255,3910,5327,4848,8871,7432,13787,11195,14126,17740,19073,29016,35839,10436,17755,265468,174228,36030,27423,153276,2363,43,23,17
2021-05-03T23:59:59+02:00,9,10,6622,7420,12304,15242,15117,22096,21666,32996,32640,37330,52475,57082,45132,54675,13427,22863,2397,2185,3816,5147,4708,8635,7214,13438,10874,13718,16537,17574,28136,34735,10371,17647,262177,168649,35569,27073,151305,1369,32,23,17
2021-05-02T23:59:59+02:00,9,10,6541,7328,12089,15070,14822,21863,21189,32675,31489,36382,52191,56791,45070,54584,13409,22832,2382,2178,3795,5114,4677,8599,7148,13367,10790,13626,16225,17178,27839,34430,10359,17634,259741,167082,35495,26959,149054,1262,31,23,15
2021-05-01T23:59:59+02:00,9,10,6523,7305,12026,15021,14742,21799,21088,32602,31362,36288,52185,56776,45066,54583,13407,22830,2379,2171,3771,5097,4636,8574,7111,13330,10729,13571,16027,16955,27724,34293,10356,17624,259171,166116,35494,26934,148903,1260,31,23,15
2021-04-30T23:59:59+02:00,9,10,6485,7266,11935,14926,14636,21680,20893,32415,31122,36097,51914,56416,45021,54530,13401,22818,2351,2150,3709,5034,4540,8465,6961,13147,10451,13309,15211,15928,26853,33219,10315,17536,257386,162908,35451,25043,148684,1191,30,23,15
2021-04-29T23:59:59+02:00,9,10,6280,7139,11613,14738,14281,21442,20374,32125,30369,35606,51265,55590,44929,54411,13374,22739,2313,2104,3616,4947,4416,8329,6767,12928,10174,13022,14235,14694,25548,31672,10253,17443,254202,157202,35356,24294,146684,929,29,23,15
2021-04-28T23:59:59+02:00,9,10,6016,6975,11236,14401,13787,20974,19734,31517,29204,34473,48596,52583,44635,54086,13311,22661,2275,2063,3549,4886,4300,8212,6607,12744,9925,12803,13094,13212,24056,29791,10191,17340,244247,151227,35229,23090,144693,710,16,23,13
2021-04-27T23:59:59+02:00,9,10,5912,6883,11083,14278,13587,20810,19455,31307,28643,34085,48390,52362,44579,54032,13302,22639,2233,2029,3460,4792,4207,8103,6441,12558,9643,12527,11877,11647,22400,27634,10112,17194,242870,144400,35181,21905,143276,532,16,23,12
2021-04-26T23:59:59+02:00,9,10,5863,6839,10966,14210,13426,20688,19229,31096,27809,33518,48052,51993,44524,53966,13293,22610,2211,2002,3406,4749,4145,8035,6338,12425,9454,12353,10958,10488,21120,25876,10051,17104,242139,139118,35154,21157,140770,422,16,22,10
2021-04-25T23:59:59+02:00,9,10,5817,6792,10861,14115,13266,20532,18982,30812,27048,32779,47554,51481,44440,53867,13279,22590,2185,1992,3376,4730,4127,8016,6305,12384,9397,12292,10796,10295,20877,25552,10041,17090,240427,138265,35111,20808,138658,364,16,22,10
2021-04-24T23:59:59+02:00,9,10,5795,6743,10784,14025,13167,20388,18848,30633,26887,32598,47453,51358,44346,53771,13275,22585,2178,1982,3351,4702,4088,7969,6233,12312,9265,12174,10639,10114,20742,25420,10025,17072,238946,137737,35093,20166,138598,345,16,22,10
2021-04-23T23:59:59+02:00,9,10,5733,6654,10651,13826,12964,20134,18537,30253,26490,32236,46507,50221,44192,53526,13252,22553,2160,1960,3308,4665,4039,7915,6138,12221,9101,12046,10372,9814,20418,24999,9977,16990,234548,136613,35033,19158,138129,334,16,22,10
2021-04-22T23:59:59+02:00,9,10,5631,6540,10441,13627,12611,19797,18025,29781,25860,31643,44778,48066,43620,52797,13206,22452,2146,1949,3269,4612,3962,7842,6009,12121,8842,11881,9938,9407,19961,24408,9927,16913,228293,134487,34920,18379,135643,302,16,22,10
2021-04-21T23:59:59+02:00,9,9,5533,6403,10211,13425,12280,19483,17522,29287,25142,30910,40496,43195,43140,52263,13139,22348,2133,1940,3233,4575,3907,7784,5928,12028,8666,11721,9606,9023,19462,23815,9861,16816,216161,132838,34853,17366,133743,279,16,22,6
2021-04-20T23:59:59+02:00,9,9,5455,6313,10017,13208,12004,19217,17099,28880,24589,30342,38741,41179,42485,51483,13067,22207,2108,1927,3192,4551,3840,7740,5796,11929,8495,11593,9322,8703,18989,23145,9764,16675,209914,131467,34763,16062,131589,225,16,22,6
2021-04-19T23:59:59+02:00,9,8,5376,6235,9856,13078,11799,19007,16736,28498,24043,29870,37182,39385,41893,50761,13013,22120,2092,1910,3157,4516,3800,7696,5756,11859,8410,11501,9084,8419,18580,22577,9717,16582,204874,129769,34705,15668,129254,204,16,20,6
2021-04-18T23:59:59+02:00,9,7,5314,6184,9725,12993,11599,18868,16455,28300,23635,29557,35870,38020,41540,50356,12979,22056,2079,1895,3129,4494,3774,7680,5712,11812,8360,11452,8986,8330,18426,22389,9704,16557,203328,129288,34663,15277,125441,199,16,19,6
2021-04-17T23:59:59+02:00,9,7,5308,6168,9691,12962,11552,18828,16378,28233,23571,29498,35559,37679,41432,50258,12973,22045,2069,1887,3102,4481,3716,7635,5642,11761,8274,11400,8875,8220,18320,22272,9683,16544,202097,128482,34654,15187,125365,197,16,19,6
2021-04-16T23:59:59+02:00,9,7,5243,6129,9602,12901,11417,18716,16166,28073,23218,29150,34476,36420,41020,49732,12953,22011,1936,1801,2873,4301,3356,7318,4872,11229,6784,10309,6349,6149,16504,20577,9488,16246,197928,119121,34564,10762,124717,194,16,18,6
2021-04-15T23:59:59+02:00,9,7,5177,6039,9400,12728,11122,18469,15670,27679,22528,28545,32578,34104,39973,48524,12872,21843,1893,1769,2806,4236,3237,7197,4655,11047,6406,9999,5892,5750,15911,19890,9296,15912,192100,115985,34511,9711,120622,185,16,18,6
2021-04-14T23:59:59+02:00,9,7,5115,5993,9234,12601,10906,18292,15268,27364,21876,28065,30650,31851,38753,47102,12797,21656,1810,1715,2722,4168,3126,7104,4454,10881,6098,9749,5413,5336,15328,19202,9092,15556,185717,113358,34372,8251,117416,130,16,18,6
2021-04-13T23:59:59+02:00,9,7,5068,5939,9097,12473,10729,18124,14925,27088,21354,27602,28545,29398,37490,45502,12653,21449,1766,1698,2685,4125,3070,7043,4320,10742,5828,9538,5070,5032,14876,18753,8956,15352,178819,111934,34306,6871,114294,34,16,17,6
2021-04-12T23:59:59+02:00,9,7,5005,5890,8989,12335,10522,17976,14604,26807,20815,27147,26504,27125,36330,44032,12523,21248,1731,1654,2655,4105,3042,6990,4261,10674,5725,9437,4903,4886,14575,18385,8843,15151,173094,111087,34227,5882,110514,33,16,17,6
2021-04-11T23:59:59+02:00,9,7,4969,5847,8895,12256,10364,17875,14340,26630,20390,26823,25300,25834,35625,43247,12434,21098,1722,1648,2633,4085,3017,6962,4226,10627,5638,9369,4811,4831,14459,18262,8804,15098,171307,110877,34156,5274,106448,27,15,17,6
2021-04-10T23:59:59+02:00,9,7,4958,5834,8853,12228,10309,17840,14272,26581,20294,26743,24984,25459,35278,42827,12427,21077,1717,1642,2624,4077,3003,6945,4196,10596,5579,9330,4733,4754,14330,18096,8757,15013,170093,110078,33431,5273,106424,27,15,17,6
2021-04-09T23:59:59+02:00,9,7,4911,5802,8769,12149,10185,17716,14103,26407,20034,26499,24144,24303,34323,41616,12395,21003,1689,1613,2567,4043,2931,6885,4045,10486,5324,9107,4317,4379,13760,17379,8527,14644,166725,106393,31914,5265,105709,27,11,16,6
2021-04-08T23:59:59+02:00,9,7,4835,5737,8622,12040,9972,17544,13707,26093,19429,26032,22435,22312,32628,39642,12246,20767,1659,1597,2513,3998,2848,6799,3897,10349,5031,8843,3859,3952,12766,16132,8043,13881,160960,101399,31007,4735,102063,22,11,16,6
2021-04-07T23:59:59+02:00,9,6,4788,5684,8438,11962,9745,17394,13389,25866,18958,25670,20627,20197,30866,37377,12128,20553,1626,1581,2459,3946,2787,6718,3790,10204,4844,8655,3595,3660,12076,15328,7666,13320,154913,98071,29829,4161,98893,13,10,12,6
2021-04-06T23:59:59+02:00,9,6,4741,5638,8294,11850,9585,17228,13069,25598,18438,25283,18771,18128,28939,34885,11925,20208,1591,1562,2435,3920,2754,6680,3728,10160,4762,8564,3486,3536,11602,14680,7380,12906,148059,95759,28864,3965,95651,12,10,11,6
2021-04-05T23:59:59+02:00,9,6,4710,5597,8199,11760,9446,17131,12856,25386,18036,24938,17042,16197,27312,32736,11778,19980,1569,1550,2404,3902,2724,6631,3685,10101,4676,8448,3373,3427,11261,14311,7222,12624,142647,94361,28428,3526,92025,11,10,9,6
2021-04-04T23:59:59+02:00,9,6,4703,5591,8191,11750,9432,17116,12830,25365,18008,24913,16910,16021,27116,32490,11769,19966,1568,1549,2402,3899,2721,6627,3683,10097,4673,8445,3364,3416,11250,14299,7219,12616,141928,94283,28335,3526,91908,11,8,7,6
2021-04-03T23:59:59+02:00,9,6,4699,5584,8177,11743,9413,17096,12791,25334,17930,24849,16830,15931,27069,32433,11764,19959,1565,1547,2393,3891,2703,6613,3660,10069,4590,8390,3247,3301,11169,14224,7213,12606,141397,93636,28309,3526,91896,11,8,7,6
2021-04-02T23:59:59+02:00,9,6,4673,5564,8118,11689,9349,17028,12652,25227,17694,24648,16377,15453,26593,31856,11732,19905,1563,1538,2379,3885,2696,6597,3639,10037,4520,8297,3177,3233,10931,13922,7061,12403,140185,92337,26896,3522,91477,11,8,7,6
2021-04-01T23:59:59+02:00,8,6,4630,5503,8006,11547,9219,16868,12379,24941,17249,24247,15625,14727,25834,30893,11605,19723,1546,1518,2350,3852,2673,6568,3600,9998,4452,8231,3064,3102,9995,12805,6447,11552,137943,88320,26232,3417,88822,10,6,7,6
2021-03-31T23:59:59+02:00,8,6,4418,5424,7895,11425,9078,16701,12160,24665,16895,23881,14928,13963,25000,29882,11495,19523,1537,1513,2337,3832,2648,6539,3552,9950,4386,8162,2976,3014,9423,12101,6082,11054,136140,85886,24768,3204,86426,10,6,7,6
2021-03-30T23:59:59+02:00,8,6,4387,5371,7821,11298,8991,16544,11998,24475,16611,23569,14327,13321,24240,28896,11356,19278,1523,1503,2316,3807,2622,6510,3512,9885,4320,8091,2849,2866,8828,11443,5731,10558,134649,83556,23552,2797,84283,5,6,7,6
2021-03-29T23:59:59+02:00,8,6,4347,5316,7721,11186,8884,16381,11839,24201,16282,23222,13782,12719,23475,27920,11196,19029,1505,1490,2297,3791,2600,6481,3478,9826,4256,8016,2796,2798,8539,11055,5542,10246,132801,82167,22792,2538,81908,5,6,7,6
2021-03-28T23:59:59+02:00,8,6,4312,5232,7637,11076,8805,16227,11704,23971,16023,22948,13453,12408,22903,27225,11021,18745,1496,1483,2275,3775,2585,6452,3438,9776,4218,7958,2748,2747,8460,10951,5497,10177,132302,81815,22267,2211,79122,4,6,7,6
2021-03-27T23:59:59+01:00,8,6,4298,5221,7611,11044,8739,16155,11604,23876,15879,22832,13248,12195,22700,27011,10986,18716,1495,1481,2272,3773,2584,6451,3424,9748,4208,7936,2740,2741,8402,10886,5462,10137,131419,81519,21621,2211,79076,4,6,7,6
2021-03-26T23:59:59+01:00,8,6,4255,5154,7501,10910,8564,15970,11269,23572,15265,22329,12326,11366,21908,26168,10839,18489,1490,1467,2267,3752,2571,6428,3407,9722,4167,7899,2710,2702,8221,10667,5341,9967,127358,80669,20008,2097,78520,4,6,7,6
2021-03-25T23:59:59+01:00,8,5,4200,4993,7338,10631,8319,15563,10885,22948,14620,21630,11652,10703,21037,25099,10520,17943,1470,1453,2235,3726,2537,6389,3371,9675,4097,7818,2580,2564,7243,9407,4724,9049,124068,76460,19226,1867,74788,4,5,7,6
2021-03-24T23:59:59+01:00,8,5,4124,4853,7201,10343,8104,15151,10621,22398,14149,21019,11045,10144,20102,24010,10187,17376,1449,1424,2208,3688,2493,6352,3329,9610,4018,7718,2481,2467,6592,8644,4339,8465,121467,73820,18031,1451,71335,2,2,5,6
2021-03-23T23:59:59+01:00,8,5,4084,4761,7094,10105,7949,14810,10358,21892,13746,20528,10577,9702,19375,23158,9873,16908,1438,1406,2182,3667,2474,6324,3270,9556,3928,7641,2388,2367,5864,7711,3887,7774,119999,70740,16925,1132,68003,2,1,5,6
2021-03-22T23:59:59+01:00,8,5,4031,4682,6966,9865,7789,14488,10098,21424,13396,20027,10183,9347,18806,22448,9679,16559,1429,1399,2175,3653,2462,6308,3246,9533,3898,7607,2327,2316,5409,7103,3529,7281,119107,68627,16522,1042,64166,2,1,5,6
2021-03-21T23:59:59+01:00,8,5,3984,4579,6832,9601,7621,14130,9877,20885,13053,19501,9863,9067,18269,21845,9490,16246,1426,1395,2174,3642,2459,6300,3240,9524,3888,7593,2313,2297,5292,6971,3471,7180,118902,68117,16125,1042,59823,2,1,5,6
2021-03-20T23:59:59+01:00,8,5,3973,4559,6797,9547,7563,14057,9793,20776,12947,19411,9776,8974,18129,21668,9439,16159,1423,1390,2170,3638,2454,6295,3226,9514,3868,7583,2278,2265,4964,6597,3282,6938,118070,66837,16030,1042,59475,2,1,5,6
2021-03-19T23:59:59+01:00,7,5,3798,4419,6504,9298,7122,13632,8880,20046,11220,18085,6913,6627,15873,19464,9076,15595,1419,1386,2165,3631,2442,6282,3214,9489,3817,7537,2211,2224,4589,6125,3013,6613,108766,65142,11308,1009,56484,2,1,5,6
2021-03-18T23:59:59+01:00,7,4,3694,4287,6327,8988,6854,13192,8492,19386,10581,17348,6198,5975,14650,17990,8558,14770,1415,1380,2142,3604,2424,6246,3185,9448,3777,7504,2166,2190,4167,5593,2730,6199,103630,63263,10300,901,53365,2,1,5,6
2021-03-17T23:59:59+01:00,7,4,3615,4214,6196,8843,6683,13015,8194,19076,10178,16958,5790,5588,13835,17064,8157,14181,1405,1367,2126,3585,2394,6214,3154,9420,3740,7468,2111,2130,3759,5147,2476,5811,100389,61535,8608,766,52595,2,1,5,6
2021-03-16T23:59:59+01:00,7,4,3536,4080,6042,8573,6476,12646,7881,18495,9631,16302,5262,5134,13019,16104,7819,13681,1396,1359,2117,3568,2378,6199,3138,9401,3715,7442,2084,2094,3240,4504,2136,5298,98065,59301,7197,762,49424,2,1,5,6
2021-03-15T23:59:59+01:00,7,4,3488,3933,5853,8300,6257,12235,7604,17923,9195,15679,4944,4849,12360,15361,7552,13218,1396,1349,2101,3553,2358,6175,3119,9352,3691,7403,2047,2043,2872,4042,1851,4903,96565,57506,6215,744,45977,2,0,5,6
2021-03-14T23:59:59+01:00,7,4,3444,3798,5623,7969,5967,11789,7295,17204,8736,14927,4621,4574,12069,15105,7504,13119,1389,1343,2085,3524,2345,6126,3101,9294,3674,7365,2040,2032,2793,3934,1798,4817,96442,57106,5598,549,41710,2,0,5,6
2021-03-13T23:59:59+01:00,7,4,3429,3757,5582,7853,5908,11666,7210,17056,8587,14772,4470,4424,11979,15020,7498,13108,1389,1343,2085,3524,2344,6126,3100,9293,3673,7365,2037,2024,2740,3879,1764,4763,95750,56895,5598,549,40977,2,0,5,6
2021-03-12T23:59:59+01:00,7,4,3410,3686,5525,7718,5848,11514,7124,16830,8451,14538,4362,4328,11705,14695,7341,12890,1389,1343,2081,3518,2343,6118,3096,9287,3671,7360,2035,2022,2652,3768,1680,4674,94318,56483,5590,549,40063,2,0,5,6
2021-03-11T23:59:59+01:00,7,4,3333,3492,5317,7418,5615,11097,6784,16162,8013,13900,4018,3991,10625,13438,6682,11975,1384,1341,2070,3504,2324,6093,3073,9254,3647,7327,2005,1997,2412,3502,1524,4455,90112,55390,5154,517,36600,2,0,5,6
2021-03-10T23:59:59+01:00,7,4,3237,3374,5099,7147,5403,10735,6514,15616,7676,13354,3795,3763,9979,12646,6293,11436,1379,1330,2043,3466,2295,6003,3025,9132,3590,7208,1961,1920,2196,3265,1390,4261,87635,54176,4778,283,33660,2,0,5,6
2021-03-09T23:59:59+01:00,6,4,3164,3247,4934,6958,5200,10449,6283,15181,7379,12845,3611,3556,9341,11944,5917,10909,1372,1319,2008,3406,2264,5901,2963,8989,3522,7126,1931,1894,1916,2947,1218,4014,85347,52750,4515,35,31061,2,0,5,6
2021-03-08T23:59:59+01:00,6,4,3099,3090,4706,6693,4961,10096,6023,14668,7018,12259,3409,3363,8950,11500,5720,10592,1369,1301,1994,3327,2233,5804,2925,8843,3489,7032,1916,1872,1713,2715,1094,3820,83873,51411,4144,33,28135,0,0,5,6
2021-03-07T23:59:59+01:00,6,4,3067,3031,4633,6578,4877,9983,5918,14504,6901,12113,3358,3317,8863,11392,5679,10523,1363,1296,1988,3315,2225,5779,2919,8804,3477,7013,1908,1860,1658,2647,1043,3751,83513,51010,3968,33,27261,0,0,5,6
2021-03-06T23:59:59+01:00,6,4,3053,2974,4592,6486,4840,9916,5860,14384,6853,12002,3334,3294,8806,11326,5644,10480,1361,1283,1983,3301,2213,5752,2916,8777,3466,6994,1898,1836,1630,2623,1037,3742,83190,50776,3968,33,26691,0,0,5,6
2021-03-05T23:59:59+01:00,6,4,3029,2880,4533,6375,4776,9817,5797,14232,6750,11849,3289,3239,8619,11098,5521,10305,1352,1250,1951,3246,2188,5646,2875,8643,3422,6856,1854,1790,1566,2553,1015,3714,82281,49885,3960,33,25873,0,0,5,6
2021-03-04T23:59:59+01:00,4,4,2976,2689,4376,6139,4558,9504,5590,13816,6437,11461,3113,3063,7598,9802,4886,9387,1333,1201,1913,3123,2157,5463,2829,8367,3366,6624,1782,1700,1529,2501,1010,3696,78109,48559,3686,32,23603,0,0,5,6
2021-03-03T23:59:59+01:00,3,4,2937,2618,4237,5947,4392,9235,5387,13438,6181,11039,2988,2931,6947,9026,4490,8777,1321,1165,1886,3050,2135,5353,2798,8188,3313,6467,1714,1658,1488,2431,990,3642,75379,47565,3443,32,21750,0,0,5,5
2021-03-02T23:59:59+01:00,3,4,2877,2527,4051,5728,4186,8964,5189,13059,5912,10663,2841,2770,6182,8059,4018,8067,1288,1122,1859,2977,2111,5211,2748,7915,3264,6269,1641,1598,1422,2351,966,3591,72206,46299,2987,32,19902,0,0,5,5
2021-03-01T23:59:59+01:00,3,3,2838,2464,3887,5576,3999,8745,4999,12738,5673,10270,2740,2655,5687,7401,3652,7555,1282,1086,1835,2876,2085,5017,2708,7665,3204,6033,1598,1562,1372,2290,936,3548,70032,45063,2678,32,18170,0,0,5,5
2021-02-28T23:59:59+01:00,3,3,2796,2416,3729,5457,3778,8555,4815,12487,5486,9964,2683,2581,5565,7247,3590,7454,1278,1081,1830,2863,2076,4993,2701,7629,3194,6016,1589,1555,1367,2282,933,3538,69554,44892,2456,31,16594,0,0,5,5
2021-02-27T23:59:59+01:00,3,2,2781,2354,3702,5377,3744,8482,4781,12394,5451,9890,2642,2547,5232,6861,3391,7202,1271,1073,1823,2851,2063,4958,2682,7564,3178,5960,1571,1546,1361,2271,931,3537,68238,44608,2456,30,16137,0,0,5,5
2021-02-26T23:59:59+01:00,3,2,2761,2313,3660,5289,3678,8378,4719,12283,5366,9802,2565,2494,4850,6378,3113,6871,1214,1023,1773,2745,2014,4777,2626,7289,3107,5751,1510,1495,1338,2250,918,3528,66423,43327,2329,29,15768,0,0,5,5
2021-02-25T23:59:59+01:00,3,2,2589,2206,3476,5106,3493,8153,4515,11997,5147,9527,2476,2427,4400,5823,2823,6443,1198,965,1742,2636,1960,4502,2556,6893,3012,5465,1464,1452,1317,2235,915,3519,64555,41804,2001,26,14045,0,0,5,4
2021-02-24T23:59:59+01:00,3,2,2436,2073,3286,4912,3347,7949,4318,11743,4927,9277,2339,2307,3940,5312,2561,6044,1183,936,1719,2553,1924,4362,2496,6637,2960,5260,1433,1420,1299,2214,911,3496,62778,40783,1522,18,12471,0,0,5,4
2021-02-23T23:59:59+01:00,3,2,2303,1935,3108,4684,3195,7710,4143,11472,4742,9030,2250,2214,3383,4646,2217,5525,1169,888,1686,2457,1885,4171,2428,6338,2865,5000,1376,1365,1270,2170,895,3469,60560,39415,1169,15,10828,0,0,5,4
2021-02-22T23:59:59+01:00,3,2,2263,1884,3024,4591,3125,7603,4049,11286,4634,8905,2199,2173,3012,4180,1931,5138,1157,829,1654,2333,1843,3925,2352,5944,2740,4703,1313,1311,1247,2138,887,3445,58879,37814,1082,5,10036,0,0,5,4
2021-02-21T23:59:59+01:00,3,2,2227,1853,2972,4522,3045,7489,3968,11141,4568,8788,2184,2150,2928,4065,1875,5050,1154,811,1637,2281,1816,3818,2319,5788,2678,4580,1283,1288,1237,2124,880,3430,58446,37117,1049,5,9330,0,0,5,4
2021-02-20T23:59:59+01:00,3,2,2215,1850,2949,4509,3029,7453,3942,11108,4547,8766,2181,2142,2874,4008,1840,4995,1153,808,1637,2279,1815,3809,2318,5783,2677,4576,1282,1285,1236,2121,879,3429,58230,37081,1048,5,9130,0,0,5,3
2021-02-19T23:59:59+01:00,2,2,2203,1836,2913,4457,3004,7365,3897,11026,4493,8703,2173,2136,2783,3894,1755,4901,1102,799,1598,2271,1804,3800,2308,5762,2669,4563,1276,1274,1225,2116,874,3422,57808,36858,1016,4,8714,0,0,5,3
2021-02-18T23:59:59+01:00,2,2,2072,1741,2757,4274,2880,7167,3760,10740,4354,8498,2139,2103,2541,3623,1598,4677,1024,763,1526,2171,1754,3679,2235,5605,2612,4478,1262,1255,1219,2102,861,3404,56733,35945,951,4,7239,0,0,5,3
2021-02-17T23:59:59+01:00,2,2,2028,1693,2666,4142,2771,6955,3607,10399,4212,8256,2080,2019,2322,3393,1469,4484,872,698,1414,2045,1677,3489,2139,5378,2540,4305,1229,1209,1193,2057,845,3359,55658,34445,805,3,6032,0,0,5,3
2021-02-16T23:59:59+01:00,2,2,1858,1582,2490,3935,2631,6680,3446,10044,4034,7951,2035,1992,2040,3073,1295,4231,845,676,1344,1967,1608,3347,2045,5205,2445,4171,1167,1163,1133,1968,812,3257,54316,33150,769,2,4231,0,0,5,3
2021-02-15T23:59:59+01:00,2,2,1823,1527,2402,3765,2554,6407,3324,9676,3920,7681,2009,1963,1821,2833,1169,4038,827,664,1315,1919,1566,3278,1988,5033,2382,4070,1109,1122,1066,1876,792,3154,53207,32159,753,1,2951,0,0,5,3
2021-02-14T23:59:59+01:00,2,2,1733,1496,2354,3703,2512,6314,3253,9572,3873,7603,1998,1953,1763,2773,1119,3978,812,654,1299,1895,1539,3255,1954,4992,2356,4014,1099,1113,1059,1867,789,3142,52868,31837,724,1,2404,0,0,5,3
2021-02-13T23:59:59+01:00,2,2,1732,1484,2344,3696,2506,6300,3250,9556,3866,7593,1989,1933,1739,2753,1115,3968,812,654,1299,1895,1539,3255,1954,4992,2356,4014,1099,1113,1059,1867,789,3142,52711,31837,724,1,2388,0,0,5,3
2021-02-12T23:59:59+01:00,2,2,1653,1399,2243,3582,2427,6127,3146,9318,3742,7328,1942,1875,1675,2682,1092,3939,805,646,1287,1872,1526,3236,1946,4961,2340,3994,1094,1108,1058,1848,789,3111,51770,31620,724,0,1675,0,0,5,3
2021-02-11T23:59:59+01:00,2,2,1456,1263,2062,3370,2299,5835,2995,8884,3584,6981,1869,1773,1633,2618,1072,3916,776,597,1192,1693,1399,2957,1806,4600,2173,3704,1041,1044,1014,1770,748,2969,50369,29484,684,0,556,0,0,5,1
2021-02-10T23:59:59+01:00,2,2,1362,1216,1978,3241,2231,5663,2913,8605,3473,6750,1799,1726,1586,2551,1053,3854,565,515,969,1469,1259,2646,1621,4139,1969,3322,921,916,881,1512,656,2627,49194,25988,645,0,161,0,0,5,1
2021-02-09T23:59:59+01:00,2,2,1326,1166,1943,3148,2203,5478,2846,8266,3403,6492,1725,1664,1524,2490,1034,3811,303,382,752,1205,1073,2269,1414,3600,1720,2867,755,754,708,1205,522,2123,47924,21653,515,0,80,0,0,4,1
2021-02-08T23:59:59+01:00,2,2,1319,1131,1911,3030,2166,5256,2795,7988,3344,6256,1682,1630,1474,2435,1017,3788,267,342,649,1052,968,2053,1255,3206,1524,2551,654,634,607,1018,450,1838,46798,19069,345,0,79,0,0,4,1
2021-02-07T23:59:59+01:00,2,2,1293,1115,1881,2978,2140,5174,2765,7885,3302,6190,1666,1614,1459,2416,1005,3773,233,287,600,963,909,1897,1164,2980,1427,2378,613,614,585,983,440,1807,46512,17882,144,0,0,0,0,4,0
2021-02-06T23:59:59+01:00,2,2,1288,1109,1875,2966,2131,5146,2752,7841,3291,6145,1653,1606,1454,2406,1002,3772,214,254,579,925,881,1832,1121,2861,1370,2295,597,595,578,983,440,1807,46293,17334,144,0,0,0,0,4,0
2021-02-05T23:59:59+01:00,2,2,1229,1057,1826,2858,2079,4950,2691,7544,3214,5929,1590,1553,1437,2383,994,3766,198,222,543,876,845,1752,1083,2741,1317,2196,564,571,566,959,428,1782,44956,16645,144,0,0,0,0,4,0
2021-02-04T23:59:59+01:00,2,2,1217,993,1785,2710,2007,4637,2608,7098,3114,5601,1545,1520,1420,2366,989,3755,169,169,469,758,746,1611,970,2503,1204,1982,518,518,518,903,407,1663,43330,15110,36,0,0,0,0,3,0
2021-02-03T23:59:59+01:00,2,2,1199,964,1755,2630,1968,4489,2542,6836,3062,5386,1508,1488,1390,2331,970,3725,140,140,396,645,630,1373,824,2126,1010,1691,399,382,374,681,287,1258,42208,12358,36,0,0,0,0,3,0
2021-02-02T23:59:59+01:00,2,2,1182,908,1721,2529,1926,4269,2469,6504,2957,5114,1455,1441,1366,2300,960,3700,117,116,320,523,525,1135,679,1796,821,1382,298,279,293,499,225,947,40766,9957,36,0,0,0,0,3,0
2021-02-01T23:59:59+01:00,1,2,1169,848,1685,2406,1875,4024,2392,6114,2835,4818,1388,1359,1336,2254,947,3671,84,76,221,352,351,742,430,1159,480,860,186,170,172,298,126,562,39085,6269,36,0,0,0,0,3,0
2021-01-31T23:59:59+01:00,1,2,1165,830,1668,2349,1850,3902,2360,5930,2768,4699,1357,1336,1325,2238,940,3655,73,70,187,281,273,575,341,905,398,693,160,155,160,289,122,548,38339,5230,33,0,0,0,0,3,0
2021-01-30T23:59:59+01:00,1,2,1165,827,1667,2344,1848,3891,2358,5919,2765,4689,1356,1332,1324,2237,940,3654,70,63,154,233,245,507,306,787,355,618,159,148,155,285,122,547,38284,4754,32,0,0,0,0,3,0
2021-01-29T23:59:59+01:00,1,2,1113,818,1628,2337,1837,3884,2350,5904,2757,4678,1352,1329,1320,2237,940,3654,62,45,117,178,201,353,250,639,311,490,148,139,144,275,119,546,38108,4017,30,0,0,0,0,3,0
2021-01-28T23:59:59+01:00,1,2,1039,792,1572,2274,1804,3815,2303,5833,2724,4626,1340,1317,1311,2231,928,3640,40,20,75,105,132,206,155,383,203,293,115,106,118,221,107,496,37522,2775,27,0,0,0,0,3,0
2021-01-27T23:59:59+01:00,1,2,891,740,1476,2198,1736,3701,2230,5704,2666,4500,1311,1272,1282,2193,912,3605,31,13,63,87,106,162,122,326,176,248,107,88,105,201,103,459,36399,2397,18,0,0,0,0,3,0
2021-01-26T23:59:59+01:00,1,2,877,720,1413,2122,1675,3571,2143,5532,2578,4388,1252,1232,1232,2120,887,3545,30,12,60,84,102,156,118,311,175,239,104,82,98,180,92,409,35274,2252,13,0,0,0,0,3,0
2021-01-25T23:59:59+01:00,1,2,863,699,1382,2060,1642,3474,2097,5363,2521,4296,1199,1207,1177,2060,869,3479,28,12,57,84,99,154,117,309,174,239,103,81,97,179,90,406,34385,2229,4,0,0,0,0,2,0
2021-01-24T23:59:59+01:00,1,2,860,698,1376,2049,1637,3457,2089,5338,2509,4264,1195,1200,1172,2053,868,3473,28,12,57,84,98,153,117,309,174,238,103,81,97,179,90,405,34235,2225,4,0,0,0,0,2,0
2021-01-23T23:59:59+01:00,1,2,860,698,1376,2049,1636,3457,2089,5338,2509,4264,1195,1200,1172,2053,868,3473,28,12,57,84,98,153,117,309,173,238,103,81,97,179,90,405,34235,2224,3,0,0,0,0,2,0
2021-01-22T23:59:59+01:00,1,2,859,688,1362,2026,1621,3433,2076,5304,2493,4245,1193,1195,1171,2030,867,3439,28,12,57,84,98,153,117,309,172,238,103,81,97,179,90,405,34000,2223,3,0,0,0,0,2,0
2021-01-21T23:59:59+01:00,1,2,828,651,1285,1869,1520,3241,1980,5033,2382,4046,1152,1135,1142,1962,830,3318,26,11,53,79,90,144,107,280,158,215,89,72,86,155,74,345,32373,1984,3,0,0,0,0,1,0
2021-01-20T23:59:59+01:00,1,2,627,554,1091,1653,1384,2966,1804,4627,2178,3705,1023,1016,1012,1721,754,3014,24,11,52,75,87,143,99,267,147,196,78,65,80,130,62,307,29128,1823,3,0,0,0,0,1,0
2021-01-19T23:59:59+01:00,1,2,342,410,840,1395,1180,2619,1568,4098,1914,3254,848,843,838,1425,629,2564,20,8,37,53,58,78,73,180,103,133,58,50,52,96,47,238,24767,1284,2,0,0,0,0,1,0
2021-01-18T23:59:59+01:00,1,2,301,373,727,1208,1062,2366,1376,3597,1673,2872,708,689,678,1169,525,2119,8,4,12,18,20,26,24,52,25,47,13,11,13,33,11,72,21444,389,1,0,0,0,0,1,0
2021-01-17T23:59:59+01:00,1,2,259,319,661,1113,983,2195,1278,3325,1559,2660,662,659,649,1109,497,2051,0,0,1,0,3,2,2,1,2,2,1,4,1,0,0,1,19981,20,1,0,0,0,0,0,0
2021-01-16T23:59:59+01:00,1,2,242,288,645,1078,959,2133,1237,3214,1508,2586,646,641,641,1109,497,2050,0,0,0,0,1,2,1,1,1,2,0,1,1,0,0,1,19476,11,1,0,0,0,0,0,0
2021-01-15T23:59:59+01:00,1,2,227,254,615,1028,932,2055,1203,3096,1456,2490,615,615,634,1088,490,2038,0,0,0,0,0,0,0,0,0,0,0,0,0,0,0,0,18839,0,0,0,0,0,0,0,0
2021-01-14T23:59:59+01:00,1,2,197,204,554,907,843,1911,1108,2875,1341,2305,571,571,594,1042,483,1992,0,0,0,0,0,0,0,0,0,0,0,0,0,0,0,0,17501,0,0,0,0,0,0,0,0
2021-01-13T23:59:59+01:00,1,2,167,185,506,836,771,1786,1009,2638,1187,2081,455,452,452,824,367,1551,0,0,0,0,0,0,0,0,0,0,0,0,0,0,0,0,15270,0,0,0,0,0,0,0,0
2021-01-12T23:59:59+01:00,1,2,143,164,475,767,720,1631,920,2435,1079,1849,365,343,352,592,270,1114,0,0,0,0,0,0,0,0,0,0,0,0,0,0,0,0,13222,0,0,0,0,0,0,0,0
2021-01-11T23:59:59+01:00,0,1,114,127,399,637,630,1377,756,1977,847,1461,227,202,202,358,153,673,0,0,0,0,0,0,0,0,0,0,0,0,0,0,0,0,10141,0,0,0,0,0,0,0,0
2021-01-10T23:59:59+01:00,0,1,88,92,308,458,474,998,547,1449,623,1064,189,178,185,344,147,659,0,0,0,0,0,0,0,0,0,0,0,0,0,0,0,0,7804,0,0,0,0,0,0,0,0
2021-01-09T23:59:59+01:00,0,1,78,84,261,395,403,866,480,1232,547,906,183,168,180,339,147,657,0,0,0,0,0,0,0,0,0,0,0,0,0,0,0,0,6927,0,0,0,0,0,0,0,0
2021-01-08T23:59:59+01:00,0,1,65,64,188,287,305,585,366,934,441,687,175,163,164,327,145,657,0,0,0,0,0,0,0,0,0,0,0,0,0,0,0,0,5554,0,0,0,0,0,0,0,0
2021-01-07T23:59:59+01:00,0,0,46,24,80,120,140,231,164,421,223,342,130,127,145,277,131,602,0,0,0,0,0,0,0,0,0,0,0,0,0,0,0,0,3203,0,0,0,0,0,0,0,0
2021-01-06T23:59:59+01:00,0,0,34,18,70,92,119,180,136,344,194,278,111,98,116,227,112,517,0,0,0,0,0,0,0,0,0,0,0,0,0,0,0,0,2646,0,0,0,0,0,0,0,0
2021-01-05T23:59:59+01:00,0,0,31,13,60,88,108,166,120,329,180,255,109,94,115,220,109,499,0,0,0,0,0,0,0,0,0,0,0,0,0,0,0,0,2496,0,0,0,0,0,0,0,0
2021-01-04T23:59:59+01:00,0,0,28,12,57,85,100,158,115,314,178,243,108,90,108,206,99,461,0,0,0,0,0,0,0,0,0,0,0,0,0,0,0,0,2362,0,0,0,0,0,0,0,0
2021-01-03T23:59:59+01:00,0,0,28,12,57,85,100,158,115,314,178,243,108,90,107,205,99,461,0,0,0,0,0,0,0,0,0,0,0,0,0,0,0,0,2360,0,0,0,0,0,0,0,0
2021-01-02T23:59:59+01:00,0,0,28,12,57,85,100,158,115,314,177,243,108,90,107,205,99,461,0,0,0,0,0,0,0,0,0,0,0,0,0,0,0,0,2359,0,0,0,0,0,0,0,0
2021-01-01T23:59:59+01:00,0,0,28,12,57,85,100,158,115,314,175,242,108,90,107,205,99,461,0,0,0,0,0,0,0,0,0,0,0,0,0,0,0,0,2356,0,0,0,0,0,0,0,0
2020-12-31T23:59:59+01:00,0,0,28,12,57,85,100,158,115,314,175,242,108,90,107,205,99,461,0,0,0,0,0,0,0,0,0,0,0,0,0,0,0,0,2356,0,0,0,0,0,0,0,0
2020-12-30T23:59:59+01:00,0,0,27,12,57,84,99,155,115,313,175,242,108,90,107,205,99,461,0,0,0,0,0,0,0,0,0,0,0,0,0,0,0,0,2349,0,0,0,0,0,0,0,0
2020-12-29T23:59:59+01:00,0,0,20,9,42,60,76,91,86,218,128,190,83,77,78,171,80,373,0,0,0,0,0,0,0,0,0,0,0,0,0,0,0,0,1782,0,0,0,0,0,0,0,0
2020-12-28T23:59:59+01:00,0,0,9,6,18,30,31,45,40,113,53,103,36,42,40,98,43,211,0,0,0,0,0,0,0,0,0,0,0,0,0,0,0,0,918,0,0,0,0,0,0,0,0
2020-12-27T23:59:59+01:00,0,0,2,2,4,5,7,11,10,24,6,23,6,7,7,25,5,56,0,0,0,0,0,0,0,0,0,0,0,0,0,0,0,0,200,0,0,0,0,0,0,0,0
