Datum,<15_1_m,<15_1_w,15-24_1_m,15-24_1_w,25-34_1_m,25-34_1_w,35-44_1_m,35-44_1_w,45-54_1_m,45-54_1_w,55-64_1_m,55-64_1_w,65-74_1_m,65-74_1_w,75-84_1_m,75-84_1_w,>84_1_m,>84_1_w,<15_2_m,<15_2_w,15-24_2_m,15-24_2_w,25-34_2_m,25-34_2_w,35-44_2_m,35-44_2_w,45-54_2_m,45-54_2_w,55-64_2_m,55-64_2_w,65-74_2_m,65-74_2_w,75-84_2_m,75-84_2_w,>84_2_m,>84_2_w,bp_1,bp_2,mo_1,mo_2,az_1,az_2,ja,unb_1,unb_2
2021-11-30T23:59:59+01:00,19826,18551,69006,63771,75339,70473,82777,83009,102928,104361,112506,110891,75772,82333,52914,65190,15369,26644,11616,10868,61055,57102,68121,63173,76292,76531,96875,98153,107469,106140,73710,79977,51627,63393,14799,25445,921259,843338,75297,70276,182895,176396,52259,65,77
2021-11-29T23:59:59+01:00,19321,18085,68956,63718,75267,70397,82720,82946,102873,104293,112441,110827,75743,82290,52900,65150,15362,26613,11548,10789,60891,56990,67946,63013,76138,76404,96736,98038,107373,106033,73664,79927,51600,63362,14794,25429,919661,841766,75148,70200,182893,176382,52250,65,77
2021-11-28T23:59:59+01:00,18717,17586,68885,63663,75173,70296,82658,82878,102808,104235,112376,110760,75712,82252,52885,65107,15355,26591,11477,10732,60735,56873,67776,62875,75970,76281,96600,97939,107286,105951,73634,79890,51582,63341,14787,25415,917896,840348,74964,70099,182884,176378,52242,65,77
2021-11-27T23:59:59+01:00,18062,16965,68817,63621,75118,70232,82601,82841,102770,104200,112349,110736,75696,82234,52878,65092,15349,26585,11436,10688,60627,56779,67638,62768,75868,76208,96513,97869,107229,105916,73621,79876,51577,63334,14786,25412,916213,839415,74857,70034,182884,176378,52241,65,77
2021-11-26T23:59:59+01:00,17149,16027,68713,63511,75048,70141,82538,82758,102691,104131,112303,110680,75671,82210,52867,65073,15345,26567,11356,10608,60457,56630,67461,62627,75712,76074,96381,97728,107148,105831,73604,79852,51564,63323,14782,25408,913646,837959,74708,69900,182883,176375,52235,65,77
2021-11-25T23:59:59+01:00,16258,15274,68580,63388,74922,69975,82422,82644,102595,104018,112211,110582,75629,82150,52850,65036,15336,26554,11260,10509,60253,56475,67238,62448,75558,75904,96225,97585,107044,105724,73575,79817,51552,63304,14779,25400,910946,836243,74425,69732,182876,176375,52223,65,77
2021-11-24T23:59:59+01:00,15858,14893,68481,63310,74819,69858,82318,82540,102509,103928,112136,110495,75584,82093,52827,64995,15323,26528,11194,10442,60098,56349,67058,62294,75416,75786,96092,97469,106938,105638,73545,79771,51528,63281,14773,25387,909216,834768,74243,69633,182873,176372,52209,65,77
2021-11-23T23:59:59+01:00,15577,14648,68352,63170,74692,69692,82169,82400,102389,103810,112028,110382,75538,82011,52789,64942,15303,26497,11111,10385,59961,56236,66865,62135,75244,75661,95955,97358,106832,105549,73507,79732,51511,63250,14765,25372,907381,833239,73991,69550,182871,176371,52192,65,77
2021-11-22T23:59:59+01:00,15318,14435,68207,63051,74541,69533,82044,82281,102277,103675,111921,110261,75469,81941,52754,64893,15293,26460,11060,10326,59788,56124,66676,61994,75092,75558,95846,97226,106731,105469,73466,79682,51486,63219,14760,25361,905583,831761,73779,69490,182871,176369,52167,65,77
2021-11-21T23:59:59+01:00,15041,14147,68079,62940,74388,69381,81929,82186,102177,103562,111830,110169,75422,81886,52727,64858,15277,26429,11035,10289,59698,56045,66555,61909,74990,75474,95751,97150,106675,105410,73438,79652,51465,63197,14756,25352,903860,830846,73602,69406,182865,176366,52146,65,77
2021-11-20T23:59:59+01:00,14775,13915,67960,62830,74257,69247,81805,82095,102094,103484,111752,110077,75398,81850,52715,64831,15271,26419,11020,10274,59654,55983,66494,61860,74934,75430,95696,97103,106628,105375,73429,79637,51461,63192,14754,25351,902289,830318,73527,69374,182864,176366,52140,65,77
2021-11-19T23:59:59+01:00,14441,13566,67710,62636,74069,69048,81647,81929,101963,103318,111641,109962,75343,81806,52691,64799,15263,26402,10958,10207,59493,55878,66351,61737,74792,75304,95565,96993,106519,105300,73405,79604,51447,63170,14750,25345,899883,828924,73409,69328,182864,176366,52123,65,77
2021-11-18T23:59:59+01:00,14129,13277,67428,62356,73837,68783,81426,81698,101783,103130,111501,109816,75286,81723,52661,64749,15255,26383,10867,10136,59326,55741,66153,61574,74639,75173,95413,96873,106390,105222,73368,79543,51430,63145,14745,25333,897086,827310,73245,69247,182864,176366,52071,65,77
2021-11-17T23:59:59+01:00,13945,13098,67233,62183,73594,68564,81257,81535,101600,102996,111370,109690,75231,81662,52633,64695,15240,26357,10808,10079,59177,55619,66002,61435,74506,75051,95272,96767,106283,105151,73332,79493,51405,63114,14742,25314,894923,825895,73123,69199,182862,176360,52019,65,77
2021-11-16T23:59:59+01:00,13745,12918,67003,61977,73339,68308,81034,81323,101417,102843,111237,109568,75170,81594,52599,64633,15225,26327,10759,10027,59050,55513,65865,61302,74378,74941,95155,96671,106198,105081,73296,79453,51385,63086,14736,25297,892415,824617,73053,69166,182862,176359,51974,65,77
2021-11-15T23:59:59+01:00,13584,12752,66743,61766,73087,68034,80818,81109,101228,102650,111099,109432,75116,81544,52579,64603,15213,26302,10714,9990,58943,55417,65757,61204,74278,74854,95087,96593,106123,105008,73256,79413,51366,63060,14729,25288,889951,823575,72969,69139,182851,176357,51932,65,77
2021-11-14T23:59:59+01:00,13312,12504,66349,61455,72761,67717,80539,80877,101005,102432,110939,109304,75060,81488,52557,64567,15206,26280,10661,9930,58805,55306,65650,61109,74174,74742,94996,96512,106046,104932,73205,79374,51347,63044,14724,25279,886809,822411,72863,69117,182847,176354,51877,65,77
2021-11-13T23:59:59+01:00,13170,12361,66048,61215,72514,67486,80318,80688,100837,102254,110812,109222,75026,81451,52540,64548,15201,26275,10641,9907,58734,55236,65586,61053,74127,74695,94931,96467,106023,104898,73196,79362,51342,63041,14724,25277,884498,821855,72812,69100,182846,176354,51854,65,77
2021-11-12T23:59:59+01:00,13006,12181,65707,60931,72232,67248,80097,80470,100663,102053,110685,109101,75003,81416,52528,64524,15198,26272,10608,9863,58619,55126,65464,60959,74014,74606,94837,96386,105965,104859,73177,79340,51333,63030,14720,25269,881948,820850,72738,69067,182845,176353,51828,65,77
2021-11-11T23:59:59+01:00,12770,11952,65297,60600,71871,66904,79750,80163,100415,101809,110493,108925,74951,81342,52498,64485,15192,26257,10523,9783,58465,54993,65335,60845,73905,74483,94742,96279,105867,104779,73140,79294,51317,63004,14709,25257,878562,819491,72548,69035,182841,176351,51766,65,77
2021-11-10T23:59:59+01:00,12628,11830,65046,60353,71561,66605,79503,79945,100229,101642,110351,108785,74892,81267,52464,64444,15185,26242,10462,9732,58359,54879,65201,60713,73797,74387,94630,96186,105789,104716,73107,79245,51295,62982,14704,25250,876037,818333,72472,69012,182833,176339,51673,65,77
2021-11-09T23:59:59+01:00,12472,11673,64634,60062,71172,66283,79205,79680,99968,101404,110146,108639,74824,81211,52441,64401,15179,26226,10402,9677,58233,54753,65082,60587,73708,74284,94536,96091,105706,104644,73064,79206,51270,62954,14697,25229,872858,817145,72406,68999,182821,176324,51578,65,77
2021-11-08T23:59:59+01:00,12361,11561,64256,59815,70795,65978,78924,79441,99730,101206,109997,108494,74771,81149,52420,64354,15174,26206,10354,9643,58122,54659,64995,60468,73622,74187,94442,95993,105637,104582,73034,79162,51254,62924,14693,25213,870040,816116,72329,68973,182807,176319,51499,65,77
2021-11-07T23:59:59+01:00,12279,11481,63964,59615,70503,65722,78651,79260,99532,101055,109873,108379,74735,81088,52400,64334,15170,26194,10316,9595,58013,54585,64910,60373,73532,74118,94363,95927,105577,104525,73015,79138,51242,62904,14691,25204,867852,815294,72225,68944,182796,176308,51405,65,77
2021-11-06T23:59:59+01:00,12173,11382,63769,59405,70265,65492,78471,79112,99360,100891,109767,108290,74720,81065,52388,64325,15168,26191,10302,9585,57961,54549,64867,60322,73506,74090,94335,95898,105557,104503,73003,79127,51238,62900,14690,25202,865907,814931,72197,68943,182795,176306,51378,65,77
2021-11-05T23:59:59+01:00,12034,11261,63531,59196,70013,65245,78249,78902,99197,100723,109657,108189,74689,81039,52381,64314,15167,26189,10263,9541,57875,54498,64801,60260,73449,74040,94292,95847,105516,104466,72987,79109,51230,62891,14690,25199,863868,814339,72023,68901,182793,176303,51334,65,77
2021-11-04T23:59:59+01:00,11946,11162,63294,59001,69722,65003,78042,78697,98996,100558,109528,108071,74649,81008,52371,64295,15162,26165,10200,9473,57745,54416,64712,60153,73358,73957,94223,95775,105456,104401,72958,79083,51207,62867,14682,25183,861852,813384,71842,68862,182789,176297,51229,65,77
2021-11-03T23:59:59+01:00,11863,11102,63072,58845,69495,64826,77852,78555,98840,100446,109424,108004,74626,80983,52357,64277,15158,26155,10135,9420,57617,54295,64598,60031,73264,73874,94138,95707,105399,104352,72930,79050,51187,62841,14674,25167,860241,812336,71761,68839,182788,176296,51131,65,77
2021-11-02T23:59:59+01:00,11783,11024,62846,58683,69204,64604,77628,78391,98647,100294,109300,107904,74604,80946,52343,64252,15152,26144,10075,9352,57462,54196,64487,59916,73161,73794,94046,95628,105342,104284,72894,79009,51179,62814,14665,25151,858310,811254,71678,68820,182786,176292,51012,65,77
2021-11-01T23:59:59+01:00,11689,10942,62571,58500,68938,64410,77421,78243,98476,100162,109189,107817,74577,80923,52332,64231,15147,26134,10007,9282,57331,54089,64352,59820,73070,73692,93972,95555,105284,104231,72858,78976,51166,62783,14658,25130,856470,810210,71601,68776,182765,176289,50904,64,77
2021-10-31T23:59:59+01:00,11678,10930,62538,58483,68914,64386,77395,78218,98458,100152,109177,107809,74575,80923,52332,64231,15147,26133,9990,9264,57312,54074,64340,59804,73059,73679,93968,95550,105279,104227,72858,78974,51166,62782,14657,25130,856286,810096,71587,68770,182763,176289,50881,64,77
2021-10-30T23:59:59+02:00,11672,10926,62522,58465,68888,64369,77377,78198,98442,100140,109170,107807,74573,80923,52332,64231,15146,26132,9986,9264,57298,54065,64333,59801,73048,73670,93961,95544,105276,104226,72858,78973,51165,62782,14657,25129,856152,810048,71578,68764,182763,176289,50858,64,77
2021-10-29T23:59:59+02:00,11606,10866,62332,58345,68679,64220,77193,78075,98272,100014,109060,107748,74550,80909,52321,64215,15142,26124,9954,9237,57187,53984,64243,59724,72985,73608,93888,95499,105236,104203,72841,78955,51160,62770,14653,25123,854661,809397,71536,68736,182761,176289,50751,64,77
2021-10-28T23:59:59+02:00,11520,10794,62105,58187,68426,64023,76984,77918,98075,99855,108956,107663,74525,80866,52306,64204,15137,26116,9896,9185,57028,53834,64110,59612,72884,73511,93819,95420,105154,104134,72817,78923,51148,62757,14649,25113,852876,808339,71468,68706,182757,176275,50597,64,77
2021-10-27T23:59:59+02:00,11450,10710,61940,58031,68225,63868,76821,77792,97946,99754,108883,107609,74505,80833,52299,64188,15135,26103,9835,9128,56910,53717,64003,59513,72780,73422,93747,95355,105093,104099,72794,78892,51135,62734,14645,25098,851532,807381,71352,68683,182754,176267,50492,64,77
2021-10-26T23:59:59+02:00,11364,10611,61798,57874,68046,63701,76662,77683,97830,99651,108801,107551,74478,80809,52283,64164,15125,26082,9774,9053,56759,53599,63899,59397,72706,73351,93672,95290,105047,104054,72771,78868,51112,62707,14638,25090,850115,806400,71291,68656,182748,176257,50397,64,77
2021-10-25T23:59:59+02:00,11340,10591,61741,57824,67995,63661,76615,77640,97794,99630,108779,107533,74469,80797,52282,64159,15122,26081,9750,9030,56698,53557,63863,59368,72678,73313,93645,95271,105030,104037,72769,78863,51110,62703,14638,25088,849690,806054,71281,68651,182748,176257,50372,64,77
2021-10-24T23:59:59+02:00,11297,10551,61629,57746,67893,63571,76534,77566,97716,99583,108743,107504,74455,80783,52276,64157,15120,26080,9701,8990,56622,53478,63785,59286,72614,73265,93594,95217,105000,103998,72745,78847,51101,62693,14635,25086,849008,805438,71230,68638,182748,176248,50256,64,77
2021-10-23T23:59:59+02:00,11293,10548,61619,57733,67875,63555,76522,77552,97702,99575,108738,107499,74454,80782,52276,64157,15120,26080,9696,8988,56613,53465,63771,59278,72607,73251,93585,95210,104997,103994,72743,78845,51101,62691,14635,25085,848922,805368,71216,68630,182747,176247,50233,64,77
2021-10-22T23:59:59+02:00,11230,10500,61462,57619,67693,63421,76380,77432,97574,99474,108661,107448,74437,80763,52272,64149,15119,26075,9642,8940,56498,53368,63688,59198,72532,73179,93516,95154,104960,103967,72726,78827,51096,62681,14635,25085,847721,804631,71139,68598,182746,176245,50141,64,77
2021-10-21T23:59:59+02:00,11152,10421,61300,57497,67530,63290,76242,77299,97449,99380,108571,107379,74409,80734,52260,64121,15114,26064,9568,8836,56367,53232,63560,59068,72450,73076,93418,95070,104903,103917,72691,78792,51086,62657,14629,25078,846391,803495,71105,68574,182745,176243,50009,64,77
2021-10-20T23:59:59+02:00,11110,10371,61198,57397,67423,63183,76150,77212,97364,99319,108521,107340,74395,80715,52249,64113,15110,26057,9485,8776,56235,53092,63453,58963,72374,72961,93348,95011,104834,103861,72665,78760,51073,62632,14626,25068,845498,802410,71083,68549,182741,176240,49941,64,77
2021-10-19T23:59:59+02:00,11059,10319,61127,57324,67345,63098,76075,77144,97312,99281,108481,107305,74370,80698,52236,64090,15099,26041,9401,8689,56095,52979,63338,58851,72287,72866,93266,94912,104767,103791,72616,78714,51055,62594,14619,25048,844768,801175,71059,68523,182738,176238,49875,64,77
2021-10-18T23:59:59+02:00,11013,10272,61049,57249,67260,63028,76014,77079,97261,99227,108439,107259,74354,80679,52230,64066,15095,26025,9348,8639,55977,52834,63211,58714,72196,72767,93182,94812,104710,103734,72574,78676,51028,62566,14608,25031,844040,799973,71034,68508,182738,176227,49822,64,77
2021-10-17T23:59:59+02:00,10985,10246,61000,57210,67223,62988,75983,77054,97220,99189,108428,107233,74344,80669,52227,64054,15091,26019,9292,8592,55881,52753,63130,58620,72131,72681,93124,94758,104672,103692,72547,78645,51016,62539,14602,25013,843665,799150,71028,68483,182732,176206,49772,64,77
2021-10-16T23:59:59+02:00,10981,10241,60994,57206,67214,62979,75976,77050,97213,99187,108427,107230,74343,80669,52227,64053,15091,26019,9285,8587,55877,52739,63124,58614,72126,72677,93121,94753,104670,103688,72546,78643,51016,62539,14602,25013,843619,799103,71024,68475,182732,176206,49759,64,77
2021-10-15T23:59:59+02:00,10943,10195,60901,57143,67153,62915,75914,76989,97162,99134,108388,107208,74332,80654,52225,64051,15089,26017,9237,8538,55756,52620,63047,58540,72057,72604,93052,94692,104622,103645,72529,78624,51006,62522,14601,25009,842997,798275,71003,68429,182732,176205,49715,64,77
2021-10-14T23:59:59+02:00,10895,10131,60790,57047,67088,62817,75849,76914,97098,99073,108352,107160,74317,80635,52214,64037,15085,26011,9131,8455,55590,52487,62930,58410,71986,72506,92947,94601,104562,103576,72494,78591,50984,62489,14591,24995,842221,797032,70982,68404,182722,176191,49621,64,77
2021-10-13T23:59:59+02:00,10838,10089,60699,56963,67020,62723,75779,76844,97038,99034,108301,107120,74297,80615,52199,64020,15081,26001,9063,8394,55455,52357,62827,58283,71889,72409,92871,94514,104484,103501,72456,78558,50964,62455,14580,24975,841462,795850,70968,68392,182719,176171,49545,64,77
2021-10-12T23:59:59+02:00,10779,10037,60591,56878,66918,62641,75710,76787,96993,98981,108263,107087,74273,80592,52191,64008,15075,25992,8988,8333,55323,52205,62717,58162,71804,72300,92814,94429,104411,103434,72416,78511,50940,62424,14575,24956,840676,794652,70958,68371,182716,176163,49479,64,77
2021-10-11T23:59:59+02:00,10725,9988,60490,56814,66827,62542,75633,76718,96931,98926,108210,107042,74247,80563,52174,63981,15060,25973,8927,8277,55199,52076,62589,58029,71725,72190,92736,94353,104335,103368,72370,78466,50911,62388,14562,24934,839842,793465,70938,68352,182709,176154,49387,64,77
2021-10-10T23:59:59+02:00,10695,9959,60428,56772,66767,62496,75590,76674,96898,98894,108183,107021,74235,80552,52171,63975,15055,25963,8875,8235,55098,51958,62496,57903,71640,72106,92662,94269,104274,103316,72339,78436,50890,62366,14556,24922,839425,792479,70929,68342,182703,176140,49303,64,77
2021-10-09T23:59:59+02:00,10694,9956,60418,56764,66754,62489,75584,76668,96892,98885,108177,107019,74235,80548,52171,63975,15055,25962,8863,8227,55080,51942,62485,57887,71629,72096,92655,94263,104266,103312,72336,78435,50890,62366,14556,24922,839364,792371,70923,68336,182702,176137,49289,64,77
2021-10-08T23:59:59+02:00,10643,9906,60322,56668,66679,62409,75524,76601,96843,98840,108142,106992,74225,80540,52164,63963,15050,25961,8821,8176,54977,51851,62407,57823,71561,72030,92606,94208,104238,103280,72328,78424,50883,62360,14554,24920,838672,791703,70896,68304,182700,176127,49236,64,77
2021-10-07T23:59:59+02:00,10579,9837,60171,56556,66586,62312,75436,76502,96769,98785,108078,106937,74200,80518,52154,63951,15043,25954,8713,8082,54845,51707,62303,57694,71450,71921,92519,94116,104152,103216,72276,78387,50860,62335,14542,24909,837716,790468,70883,68271,182699,176110,49102,64,76
2021-10-06T23:59:59+02:00,10523,9796,60032,56459,66501,62232,75357,76438,96707,98738,108030,106892,74181,80495,52137,63929,15040,25939,8638,8012,54705,51544,62209,57559,71354,71815,92414,94029,104062,103133,72238,78344,50835,62301,14532,24895,836870,789193,70872,68264,182697,176093,48993,64,76
2021-10-05T23:59:59+02:00,10456,9724,59893,56336,66399,62134,75276,76365,96631,98675,107983,106837,74159,80468,52128,63900,15034,25928,8551,7933,54520,51373,62095,57414,71241,71698,92305,93925,103991,103062,72184,78299,50811,62262,14524,24882,835921,787817,70857,68235,182694,176082,48860,64,76
2021-10-04T23:59:59+02:00,10395,9671,59740,56212,66256,62016,75170,76271,96533,98593,107919,106783,74138,80437,52108,63867,15030,25909,8476,7872,54344,51188,61979,57260,71109,71567,92222,93819,103893,102975,72149,78244,50766,62223,14514,24862,834793,786366,70844,68228,182689,176064,48728,64,76
2021-10-03T23:59:59+02:00,10352,9632,59686,56126,66187,61964,75111,76232,96501,98562,107885,106742,74126,80419,52099,63855,15029,25902,8419,7829,54228,51074,61895,57167,71022,71466,92156,93745,103828,102888,72115,78215,50747,62190,14507,24858,834286,785399,70839,68223,182677,176037,48614,64,76
2021-10-02T23:59:59+02:00,10346,9630,59676,56110,66171,61952,75102,76217,96496,98557,107883,106739,74125,80419,52098,63853,15029,25902,8414,7825,54213,51063,61883,57158,71019,71456,92152,93742,103826,102879,72112,78215,50746,62188,14506,24858,834206,785327,70828,68216,182677,176036,48600,64,76
2021-10-01T23:59:59+02:00,10291,9574,59517,56010,66092,61863,75022,76150,96442,98504,107824,106703,74109,80396,52087,63840,15028,25898,8352,7762,54097,50954,61828,57092,70972,71408,92097,93687,103791,102846,72099,78208,50741,62176,14504,24853,833361,784659,70809,68189,182675,176033,48510,64,76
2021-09-30T23:59:59+02:00,10217,9488,59373,55856,65957,61731,74918,76058,96335,98410,107733,106637,74080,80358,52072,63815,15024,25881,8273,7687,53947,50821,61731,56983,70878,71324,92012,93600,103718,102780,72063,78164,50720,62141,14504,24842,832219,783647,70780,68166,182671,176022,48277,64,76
2021-09-29T23:59:59+02:00,10139,9431,59220,55723,65837,61613,74832,75963,96235,98319,107668,106580,74042,80313,52064,63786,15019,25870,8194,7601,53788,50668,61619,56845,70781,71217,91917,93505,103622,102712,72013,78120,50695,62090,14497,24832,831186,782450,70751,68135,182668,176003,48052,64,76
2021-09-28T23:59:59+02:00,10054,9349,59079,55572,65674,61473,74725,75877,96128,98233,107586,106515,73991,80271,52044,63758,15012,25853,8119,7532,53636,50517,61482,56728,70687,71100,91840,93427,103546,102633,71973,78082,50672,62058,14493,24821,830023,781390,70738,68116,182664,175993,47771,64,76
2021-09-27T23:59:59+02:00,9994,9297,58922,55412,65532,61345,74633,75773,96023,98127,107495,106462,73945,80227,52025,63731,15006,25833,8053,7465,53483,50389,61355,56594,70594,70993,91737,93330,103459,102581,71924,78035,50650,62022,14486,24802,828971,780398,70715,68100,182659,175946,47432,64,76
2021-09-26T23:59:59+02:00,9952,9256,58835,55325,65447,61259,74575,75697,95959,98070,107448,106425,73920,80202,52013,63706,14999,25820,8005,7423,53384,50278,61266,56512,70516,70903,91666,93254,103404,102549,71895,78007,50628,61998,14480,24791,828329,779647,70697,68093,182643,175910,47233,64,76
2021-09-25T23:59:59+02:00,9943,9244,58818,55305,65430,61248,74564,75688,95952,98062,107439,106421,73920,80201,52012,63705,14999,25820,8004,7412,53358,50268,61252,56492,70503,70895,91660,93248,103393,102547,71895,78005,50628,61994,14480,24791,828249,779566,70690,68089,182641,175909,47185,64,76
2021-09-24T23:59:59+02:00,9891,9188,58707,55181,65332,61148,74473,75595,95865,97988,107380,106380,73891,80179,52004,63695,14998,25810,7950,7356,53252,50161,61176,56416,70430,70824,91589,93187,103320,102497,71868,77987,50617,61978,14475,24781,827362,778775,70672,68081,182635,175903,47029,64,76
2021-09-23T23:59:59+02:00,9799,9096,58468,54992,65157,60990,74349,75449,95720,97851,107271,106269,73845,80142,51984,63655,14986,25791,7883,7281,53070,50026,61057,56280,70313,70711,91470,93077,103227,102423,71833,77941,50599,61954,14462,24767,825945,777751,70619,68052,182631,175884,46611,64,76
2021-09-22T23:59:59+02:00,9715,9036,58280,54844,64996,60845,74234,75323,95592,97750,107171,106211,73802,80094,51958,63614,14966,25763,7808,7217,52925,49875,60937,56160,70222,70614,91378,92969,103164,102370,71791,77891,50568,61916,14448,24753,824689,776755,70597,68027,182622,175870,46278,64,76
2021-09-21T23:59:59+02:00,9645,8948,58130,54689,64848,60698,74095,75188,95454,97632,107079,106119,73768,80035,51941,63590,14958,25741,7715,7132,52777,49715,60818,56029,70121,70508,91271,92865,103069,102277,71752,77846,50542,61875,14439,24728,823406,775579,70580,68015,182618,175863,45946,64,76
2021-09-20T23:59:59+02:00,9584,8887,57992,54547,64690,60564,73976,75037,95327,97541,106990,106025,73706,79991,51915,63554,14945,25721,7659,7076,52657,49580,60695,55912,70012,70400,91171,92775,102992,102201,71699,77802,50518,61826,14432,24710,822198,774601,70566,67997,182611,175834,45609,64,76
2021-09-19T23:59:59+02:00,9532,8847,57873,54461,64581,60447,73888,74933,95255,97441,106928,105954,73689,79966,51902,63535,14943,25710,7623,7035,52548,49465,60604,55799,69919,70306,91104,92703,102913,102133,71666,77769,50497,61795,14427,24704,821417,773829,70547,67982,182599,175809,45314,64,76
2021-09-18T23:59:59+02:00,9515,8830,57846,54431,64546,60416,73860,74909,95239,97418,106916,105933,73686,79965,51899,63532,14943,25709,7614,7022,52518,49430,60573,55775,69898,70286,91084,92687,102900,102113,71663,77766,50497,61794,14426,24702,821195,773637,70537,67973,182599,175808,45254,64,76
2021-09-17T23:59:59+02:00,9428,8751,57676,54282,64416,60288,73735,74790,95135,97314,106832,105861,73651,79932,51887,63514,14936,25702,7551,6961,52352,49319,60451,55664,69806,70195,91002,92607,102827,102055,71630,77729,50482,61764,14417,24695,820046,772691,70492,67954,182598,175801,44985,64,76
2021-09-16T23:59:59+02:00,9350,8676,57465,54130,64242,60102,73556,74621,94986,97181,106678,105750,73581,79874,51864,63472,14929,25687,7487,6896,52187,49194,60305,55538,69679,70081,90891,92505,102723,101974,71585,77681,50461,61726,14410,24682,818578,771720,70475,67935,182575,175768,44506,64,76
2021-09-15T23:59:59+02:00,9257,8595,57260,53909,64059,59899,73375,74440,94840,97027,106532,105617,73521,79807,51819,63423,14919,25666,7428,6837,52028,49027,60177,55400,69553,69976,90788,92425,102617,101886,71539,77621,50427,61689,14400,24671,816819,770631,70457,67918,182571,175757,44107,64,76
2021-09-14T23:59:59+02:00,9149,8489,57070,53676,63880,59712,73228,74263,94708,96870,106407,105517,73448,79743,51790,63373,14903,25646,7353,6758,51857,48827,60023,55259,69431,69855,90679,92296,102523,101793,71488,77560,50399,61645,14392,24658,815064,769292,70445,67904,182550,175722,43802,63,76
2021-09-13T23:59:59+02:00,9087,8422,56853,53470,63723,59517,73069,74091,94559,96717,106272,105386,73395,79693,51751,63326,14883,25616,7307,6704,51691,48663,59895,55125,69349,69763,90561,92208,102428,101720,71444,77519,50371,61605,14382,24647,813371,768240,70434,67892,182535,175695,43479,63,76
2021-09-12T23:59:59+02:00,9041,8394,56731,53383,63633,59422,72992,74005,94485,96649,106210,105318,73367,79668,51737,63304,14878,25609,7260,6658,51559,48550,59793,55024,69273,69684,90485,92142,102355,101650,71408,77489,50356,61580,14377,24634,812650,767424,70417,67878,182518,175670,43230,63,75
2021-09-11T23:59:59+02:00,9035,8385,56714,53361,63615,59406,72979,73992,94477,96635,106205,105313,73366,79667,51737,63304,14878,25609,7253,6652,51539,48530,59773,55011,69257,69673,90475,92127,102352,101645,71403,77487,50356,61580,14377,24632,812571,767374,70409,67833,182515,175668,43172,63,75
2021-09-10T23:59:59+02:00,8963,8324,56554,53215,63500,59287,72872,73886,94359,96517,106129,105252,73329,79631,51722,63278,14874,25604,7221,6627,51412,48464,59709,54948,69196,69625,90410,92070,102315,101606,71382,77471,50347,61570,14373,24627,811452,766907,70376,67778,182509,175665,42948,63,75
2021-09-09T23:59:59+02:00,8892,8259,56354,53022,63334,59103,72714,73742,94210,96377,106004,105158,73270,79568,51691,63244,14870,25591,7155,6568,51225,48297,59554,54813,69062,69499,90290,91963,102200,101514,71339,77426,50319,61540,14367,24611,810093,765842,70355,67728,182490,175643,42454,62,75
2021-09-08T23:59:59+02:00,8806,8182,56173,52849,63181,58921,72569,73590,94048,96246,105910,105052,73205,79508,51663,63188,14865,25576,7079,6499,51049,48130,59429,54673,68937,69350,90164,91852,102115,101412,71283,77368,50296,61499,14363,24595,808691,764678,70327,67676,182454,175618,42046,62,75
2021-09-07T23:59:59+02:00,8719,8122,56008,52693,63063,58782,72452,73458,93943,96144,105805,104953,73153,79460,51636,63148,14857,25556,7001,6445,50880,47967,59297,54528,68811,69232,90059,91736,102015,101312,71235,77319,50274,61473,14358,24576,807435,763452,70321,67664,182451,175596,41731,62,75
2021-09-06T23:59:59+02:00,8657,8056,55860,52523,62925,58625,72343,73326,93840,96033,105723,104865,73101,79412,51604,63118,14846,25540,6935,6389,50731,47824,59158,54378,68696,69111,89977,91642,101919,101224,71186,77272,50252,61444,14351,24566,806212,762330,70295,67622,182419,175572,41456,62,75
2021-09-05T23:59:59+02:00,8627,8018,55792,52429,62862,58564,72295,73268,93793,95983,105695,104821,73080,79390,51594,63098,14839,25534,6886,6337,50640,47739,59094,54313,68633,69051,89931,91586,101877,101174,71166,77244,50239,61427,14345,24557,805689,761709,70286,67612,182397,175549,41294,62,75
2021-09-04T23:59:59+02:00,8620,8013,55772,52420,62853,58553,72287,73260,93786,95979,105692,104815,73079,79389,51594,63098,14839,25534,6882,6332,50626,47724,59078,54298,68628,69043,89923,91581,101873,101170,71165,77242,50238,61427,14345,24557,805628,761643,70283,67607,182396,175547,41260,62,75
2021-09-03T23:59:59+02:00,8554,7945,55637,52333,62781,58457,72208,73179,93708,95914,105622,104755,73049,79356,51575,63067,14832,25524,6823,6280,50510,47630,58999,54231,68569,68972,89861,91519,101809,101118,71137,77208,50217,61404,14342,24548,804705,760866,70276,67588,182389,175538,41110,62,75
2021-09-02T23:59:59+02:00,8459,7849,55445,52176,62657,58350,72114,73049,93587,95800,105517,104670,72992,79300,51543,63019,14821,25504,6728,6190,50286,47457,58853,54112,68465,68857,89728,91415,101692,101023,71080,77161,50193,61376,14335,24532,803569,759717,70231,67545,182375,175487,40659,62,75
2021-09-01T23:59:59+02:00,8383,7755,55292,52028,62525,58217,72026,72924,93494,95712,105439,104599,72954,79257,51520,62982,14814,25486,6642,6081,50111,47248,58728,53972,68385,68745,89626,91312,101586,100929,71041,77119,50168,61335,14328,24516,802451,758487,70207,67505,182361,175437,40369,62,74
2021-08-31T23:59:59+02:00,8275,7662,55130,51874,62419,58100,71946,72821,93406,95628,105354,104521,72912,79215,51498,62952,14804,25472,6527,5963,49904,47046,58608,53828,68270,68619,89528,91206,101477,100849,70996,77066,50148,61299,14316,24500,801365,757123,70199,67487,182351,175412,40054,62,74
2021-08-30T23:59:59+02:00,8199,7582,54954,51713,62307,57972,71831,72704,93283,95500,105236,104426,72862,79172,51481,62919,14783,25449,6430,5878,49706,46833,58483,53688,68171,68506,89412,91095,101364,100742,70946,77030,50121,61270,14302,24483,800181,755917,70159,67420,182319,175357,39692,62,74
2021-08-29T23:59:59+02:00,8157,7535,54862,51633,62248,57892,71764,72656,93229,95436,105188,104391,72842,79150,51466,62904,14777,25440,6376,5830,49588,46732,58394,53590,68101,68429,89355,91035,101303,100689,70921,77014,50107,61257,14296,24480,799646,755265,70157,67410,182309,175312,39436,62,74
2021-08-28T23:59:59+02:00,8139,7521,54824,51595,62217,57872,71737,72639,93211,95419,105174,104379,72837,79148,51464,62900,14777,25440,6370,5826,49550,46712,58368,53574,68080,68415,89335,91012,101296,100676,70915,77010,50105,61255,14296,24480,799438,755116,70156,67403,182307,175312,39370,62,74
2021-08-27T23:59:59+02:00,8054,7443,54641,51457,62105,57732,71640,72517,93088,95298,105063,104294,72792,79097,51441,62864,14765,25434,6335,5786,49425,46628,58289,53493,67998,68343,89255,90946,101239,100628,70880,76976,50091,61244,14294,24480,798120,754416,70151,67397,182295,175306,39137,62,74
2021-08-26T23:59:59+02:00,7990,7370,54485,51310,61987,57620,71541,72408,92983,95169,104956,104212,72750,79047,51418,62844,14760,25420,6285,5745,49261,46472,58169,53387,67901,68248,89149,90866,101170,100559,70839,76941,50067,61222,14289,24471,797075,753590,70140,67358,182285,175273,38746,62,74
2021-08-25T23:59:59+02:00,7926,7316,54340,51161,61876,57468,71433,72292,92875,95067,104855,104130,72694,78996,51390,62807,14747,25405,6216,5663,49064,46280,58044,53246,67782,68123,89033,90753,101072,100469,70782,76893,50041,61183,14283,24456,796067,752451,70114,67322,182274,175238,38298,62,74
2021-08-24T23:59:59+02:00,7814,7227,54199,50956,61750,57331,71326,72161,92758,94948,104750,104033,72641,78948,51355,62763,14739,25390,6134,5573,48845,46058,57906,53074,67672,67984,88931,90659,100980,100388,70744,76841,50016,61159,14279,24440,794659,751050,70097,67300,182264,175216,38044,62,73
2021-08-23T23:59:59+02:00,7752,7153,54024,50784,61620,57206,71212,72050,92631,94841,104651,103934,72589,78887,51321,62721,14732,25379,6074,5518,48663,45884,57785,52945,67565,67886,88826,90567,100893,100311,70704,76790,49988,61120,14275,24428,793457,750025,70067,67276,182249,175160,37688,62,73
2021-08-22T23:59:59+02:00,7724,7127,53940,50705,61567,57141,71173,71996,92588,94799,104605,103904,72569,78872,51312,62709,14731,25373,6036,5480,48544,45774,57694,52851,67490,67824,88756,90508,100849,100269,70674,76766,49973,61102,14272,24421,793026,749338,70059,67268,182228,175110,37494,62,73
2021-08-21T23:59:59+02:00,7718,7124,53915,50690,61549,57130,71157,71982,92575,94781,104594,103894,72564,78870,51312,62708,14731,25372,6031,5476,48525,45756,57673,52843,67471,67804,88738,90493,100839,100259,70672,76763,49973,61101,14272,24421,792954,749242,70017,67249,182224,175104,37442,62,73
2021-08-20T23:59:59+02:00,7687,7087,53823,50614,61475,57069,71086,71919,92510,94719,104542,103858,72539,78842,51300,62682,14722,25361,6008,5457,48433,45681,57598,52780,67403,67749,88681,90433,100780,100221,70649,76741,49967,61085,14263,24417,792409,748725,69945,67236,182221,175081,37231,62,73
2021-08-19T23:59:59+02:00,7621,7007,53691,50491,61325,56952,70968,71811,92396,94631,104446,103768,72490,78785,51270,62641,14713,25341,5981,5431,48299,45578,57480,52687,67311,67670,88590,90354,100681,100156,70616,76712,49947,61061,14259,24408,791365,748072,69908,67200,182204,175035,36841,62,73
2021-08-18T23:59:59+02:00,7546,6950,53547,50352,61198,56842,70856,71717,92287,94543,104344,103684,72432,78732,51235,62605,14703,25320,5947,5388,48181,45451,57361,52591,67221,67595,88474,90264,100605,100083,70572,76674,49928,61037,14253,24391,790361,747354,69878,67172,182193,174985,36432,62,73
2021-08-17T23:59:59+02:00,7463,6869,53383,50188,61094,56717,70740,71594,92181,94437,104236,103584,72379,78689,51207,62578,14695,25308,5897,5349,47987,45272,57231,52450,67097,67489,88343,90168,100496,99987,70516,76625,49902,61015,14246,24379,789274,746313,69856,67137,182188,174931,35995,62,73
2021-08-16T23:59:59+02:00,7389,6806,53254,50056,60998,56602,70639,71499,92088,94332,104143,103484,72336,78638,51177,62535,14687,25300,5873,5314,47847,45152,57121,52381,67000,67405,88245,90080,100412,99892,70473,76585,49878,60988,14239,24374,788400,745679,69808,67092,182173,174863,35553,62,72
2021-08-15T23:59:59+02:00,7340,6766,53174,49975,60929,56531,70573,71439,92030,94280,104088,103435,72301,78608,51168,62519,14683,25291,5852,5296,47742,45058,57029,52291,66930,67343,88167,90016,100356,99843,70436,76550,49862,60967,14234,24362,787921,745194,69794,67061,182159,174781,35227,62,71
2021-08-14T23:59:59+02:00,7318,6750,53101,49905,60880,56486,70537,71392,91993,94240,104049,103399,72280,78600,51159,62508,14681,25288,5776,5242,47504,44785,56861,52102,66776,67189,88032,89894,100241,99736,70387,76507,49851,60944,14230,24357,787436,743363,69787,67055,182159,174770,35155,62,71
2021-08-13T23:59:59+02:00,7277,6714,52990,49810,60796,56405,70485,71323,91917,94183,103999,103354,72257,78577,51147,62497,14679,25281,5548,5027,46999,44288,56620,51834,66547,66934,87759,89640,100045,99530,70300,76406,49812,60884,14224,24336,786679,739880,69783,67045,182159,174696,35041,62,71
2021-08-12T23:59:59+02:00,7246,6687,52891,49741,60738,56326,70410,71273,91847,94124,103938,103307,72223,78544,51133,62481,14677,25267,5328,4853,46502,43842,56345,51526,66288,66711,87503,89417,99704,99255,70190,76272,49758,60820,14213,24308,786245,736825,69757,67020,182143,174241,34679,62,70
2021-08-11T23:59:59+02:00,7179,6618,52724,49569,60608,56207,70327,71179,91738,94020,103839,103198,72162,78478,51101,62440,14671,25251,5052,4570,45823,43223,55971,51142,66026,66413,87208,89152,99368,98886,70050,76126,49698,60719,14202,24279,785062,732699,69736,66987,182134,173804,34348,62,70
2021-08-10T23:59:59+02:00,7102,6534,52526,49384,60461,56086,70218,71056,91613,93889,103716,103092,72109,78420,51070,62409,14663,25242,4829,4329,44866,42321,55300,50484,65529,65959,86745,88667,98878,98430,69850,75927,49605,60621,14182,24242,783697,726431,69727,66954,182126,173299,34010,62,70
2021-08-09T23:59:59+02:00,7058,6487,52415,49292,60383,56011,70160,70996,91544,93816,103644,103033,72066,78384,51064,62393,14659,25234,4589,4112,43859,41261,54583,49795,65052,65526,86298,88231,98363,97962,69670,75704,49524,60498,14157,24204,783129,719968,69657,66905,182114,172736,33709,62,70
2021-08-08T23:59:59+02:00,7012,6446,52350,49223,60344,55978,70123,70970,91486,93767,103591,102993,72046,78362,51050,62372,14653,25229,4574,4099,43804,41197,54523,49747,64986,65485,86225,88171,98294,97912,69645,75673,49503,60472,14149,24197,782839,719672,69650,66888,182100,172652,33374,62,70
2021-08-07T23:59:59+02:00,6973,6405,52239,49096,60264,55901,70065,70905,91417,93704,103541,102945,72029,78345,51041,62366,14653,25228,4261,3787,42837,40179,53967,49176,64551,65078,85849,87772,97972,97564,69501,75529,49447,60390,14132,24179,782048,713299,69646,66869,182100,172644,33291,62,68
2021-08-06T23:59:59+02:00,6930,6343,52106,48968,60190,55835,69999,70824,91337,93627,103481,102888,72005,78322,51030,62348,14651,25224,3953,3565,42153,39565,53722,48908,64327,64835,85612,87549,97743,97362,69417,75438,49405,60350,14126,24166,781176,709677,69641,66785,182099,172506,33160,62,68
2021-08-05T23:59:59+02:00,6819,6235,51851,48744,60014,55646,69856,70677,91175,93479,103339,102751,71944,78259,51003,62308,14638,25205,3760,3394,41317,38873,53204,48446,63956,64483,85153,87148,97119,96843,69230,75254,49339,60252,14107,24136,779550,705129,69588,66733,182064,171377,32707,62,68
2021-08-04T23:59:59+02:00,6730,6149,51655,48512,59867,55466,69747,70526,91039,93362,103221,102635,71883,78195,50977,62262,14627,25176,3385,3039,40472,38089,52833,48040,63636,64161,84781,86819,96707,96436,69066,75083,49262,60156,14091,24102,778142,700537,69552,66712,182051,170591,32250,62,68
2021-08-03T23:59:59+02:00,6657,6092,51485,48375,59742,55337,69655,70433,90937,93262,103124,102554,71829,78159,50957,62236,14619,25160,3255,2937,39469,37142,52033,47354,63092,63625,84262,86333,95993,95806,68823,74866,49170,60039,14070,24058,777099,694272,69543,66688,182044,169406,31893,62,68
2021-08-02T23:59:59+02:00,6609,6049,51349,48235,59650,55258,69571,70364,90882,93188,103044,102492,71789,78117,50936,62214,14612,25147,3086,2759,38196,35987,51070,46543,62378,63039,83656,85767,95192,95103,68570,74608,49082,59906,14050,24019,776398,686651,69495,66634,182015,168094,31564,62,68
2021-08-01T23:59:59+02:00,6566,5994,51179,48073,59497,55142,69477,70249,90774,93097,102955,102399,71747,78080,50914,62174,14607,25131,3062,2741,38011,35853,50911,46443,62246,62944,83478,85623,94739,94698,68453,74498,49043,59857,14039,23999,775343,685998,69466,66574,181997,166783,31215,62,68
2021-07-31T23:59:59+02:00,6523,5960,51084,47953,59441,55070,69427,70205,90734,93068,102928,102374,71736,78068,50906,62169,14607,25128,2658,2359,36400,34340,50001,45571,61709,62378,82974,85107,94259,94264,68266,74293,48964,59762,14021,23966,774730,676835,69462,66563,181997,166668,31158,62,68
2021-07-30T23:59:59+02:00,6487,5907,50934,47813,59355,54989,69358,70144,90661,92988,102872,102336,71719,78044,50897,62145,14604,25124,2382,2130,34945,32934,49028,44622,60977,61683,82286,84483,93577,93687,68031,74057,48859,59612,14002,23935,773963,667296,69437,66551,181991,166363,30952,62,68
2021-07-29T23:59:59+02:00,6372,5787,50503,47444,59136,54716,69167,69953,90473,92799,102709,102199,71644,77961,50864,62090,14589,25106,2305,2064,34212,32317,48401,44171,60570,61327,81860,84133,92803,93012,67835,73899,48796,59525,13982,23904,771637,663418,69383,66404,181948,164716,30510,62,68
2021-07-28T23:59:59+02:00,6300,5724,50249,47249,59003,54561,69039,69856,90342,92675,102600,102105,71588,77904,50837,62050,14580,25089,2281,2045,33885,32019,48077,43931,60336,61101,81678,83961,92564,92812,67761,73832,48763,59492,13969,23894,770318,661692,69347,66315,181921,164196,30131,62,67
2021-07-27T23:59:59+02:00,6247,5677,50088,47105,58859,54463,68944,69765,90240,92565,102494,102029,71543,77851,50807,62017,14572,25076,2140,1930,32414,30622,46799,42837,59500,60302,81073,83427,91538,91961,67484,73547,48675,59366,13937,23854,769407,653012,69320,66243,181897,162399,29685,61,67
2021-07-26T23:59:59+02:00,6224,5648,49969,47018,58760,54373,68865,69710,90152,92504,102428,101977,71502,77815,50785,61997,14566,25067,2006,1814,31043,29367,45476,41709,58395,59312,80361,82792,90370,90929,67173,73273,48585,59249,13913,23812,768870,643918,69252,66146,181859,160101,29347,60,67
2021-07-25T23:59:59+02:00,6204,5631,49856,46913,58670,54306,68802,69651,90087,92447,102366,101928,71469,77779,50766,61974,14563,25057,1990,1806,30832,29208,45203,41509,58132,59076,80086,82580,89404,90074,66966,73099,48516,59176,13901,23788,768456,642701,69240,66023,181833,157646,28909,59,67
2021-07-24T23:59:59+02:00,6169,5602,49736,46822,58601,54243,68754,69594,90041,92403,102325,101887,71464,77772,50763,61971,14562,25053,1732,1587,29239,27622,44057,40423,57435,58360,79468,82002,88758,89505,66786,72908,48445,59074,13887,23764,767846,632645,69231,66005,181825,157507,28829,59,66
2021-07-23T23:59:59+02:00,6084,5515,49560,46645,58506,54138,68644,69490,89935,92299,102235,101790,71428,77716,50742,61940,14558,25047,1503,1367,27543,26103,42799,39331,56500,57470,78776,81381,88050,88841,66516,72634,48366,58973,13866,23734,766465,622069,69227,65839,181805,157035,28744,59,66
2021-07-22T23:59:59+02:00,5944,5401,49264,46358,58309,53934,68473,69321,89749,92146,102078,101656,71361,77633,50700,61889,14547,25028,1419,1312,26722,25279,41890,38520,55556,56639,78030,80752,86383,87331,66141,72233,48255,58843,13835,23682,764524,613574,69182,65334,181772,155566,28282,59,66
2021-07-21T23:59:59+02:00,5668,5118,48729,45829,58004,53618,68242,69039,89471,91899,101810,101389,71234,77502,50641,61824,14538,25002,1387,1286,26467,25055,41465,38237,55111,56246,77656,80467,85574,86727,65972,72105,48199,58777,13817,23657,760910,611583,69156,65055,181750,153791,27710,59,66
2021-07-20T23:59:59+02:00,5591,5044,48446,45550,57832,53408,68067,68891,89291,91744,101644,101245,71158,77434,50602,61777,14529,24974,1296,1201,25287,23908,40172,37199,53769,55040,76746,79689,84207,85382,65666,71762,48090,58641,13789,23611,759227,601172,69149,64895,181705,152207,27115,59,66
2021-07-19T23:59:59+02:00,5511,4958,48121,45225,57608,53200,67900,68687,89104,91564,101496,101084,71085,77352,50559,61726,14520,24945,1216,1139,24460,23068,38859,36078,52035,53539,75473,78630,83092,84400,65373,71505,47990,58523,13764,23571,757422,591111,69139,64747,181677,150415,26376,59,66
2021-07-18T23:59:59+02:00,5503,4957,48046,45166,57510,53120,67827,68613,89009,91496,101422,101017,71048,77310,50534,61694,14518,24933,1201,1133,24317,22967,38586,35854,51699,53247,75221,78433,82186,83629,65181,71325,47935,58451,13759,23549,757135,590035,69115,64584,181637,148183,25805,59,66
2021-07-17T23:59:59+02:00,5476,4920,47947,45089,57436,53060,67764,68556,88949,91434,101377,100998,71039,77295,50529,61687,14518,24932,1007,945,22932,21506,37201,34552,50454,52051,74614,77876,81550,83032,65051,71177,47868,58389,13750,23529,756569,579150,69110,64557,181628,148043,25668,59,66
2021-07-16T23:59:59+02:00,5374,4841,47705,44857,57308,52953,67645,68443,88811,91337,101269,100895,70993,77244,50506,61668,14512,24926,811,783,21679,20267,35906,33308,48997,50730,73604,76940,80850,82371,64830,70954,47786,58288,13731,23497,755107,567513,69108,64493,181621,147840,25420,59,66
2021-07-15T23:59:59+02:00,5232,4712,47305,44536,57098,52758,67450,68257,88597,91136,101081,100726,70896,77142,50457,61594,14503,24897,752,740,21074,19763,34972,32606,47758,49781,72418,76021,78692,80237,64231,70356,47644,58109,13712,23434,753041,558144,69090,63462,181575,145993,24635,59,66
2021-07-14T23:59:59+02:00,4859,4388,46715,43960,56864,52491,67244,68052,88382,90892,100864,100529,70788,77032,50389,61511,14491,24873,736,724,20868,19618,34707,32445,47385,49478,71882,75629,78025,79700,63907,70078,47561,58026,13689,23400,749588,556327,69072,63272,181523,144090,24105,59,64
2021-07-13T23:59:59+02:00,4768,4308,46516,43806,56699,52332,67080,67905,88224,90765,100717,100402,70715,76969,50351,61464,14487,24857,707,685,20305,19081,33680,31625,45761,48021,70115,73961,76415,78136,63530,69686,47431,57854,13660,23348,748223,545372,69055,62496,181449,142467,23602,59,64
2021-07-12T23:59:59+02:00,4703,4230,46329,43614,56548,52189,66925,67779,88052,90625,100561,100263,70640,76881,50313,61408,14480,24839,683,664,19830,18649,32894,31002,44096,46564,67734,71886,74522,76632,62999,69100,47287,57691,13632,23297,746949,534259,69031,61930,181348,139895,23014,59,64
2021-07-11T23:59:59+02:00,4698,4227,46258,43561,56484,52139,66873,67740,87989,90571,100489,100203,70603,76838,50303,61393,14477,24825,675,659,19620,18504,32541,30757,43646,46186,67272,71525,73740,75934,62597,68721,47216,57602,13616,23264,746796,532455,69020,61605,181282,137417,22534,59,64
2021-07-10T23:59:59+02:00,4572,4091,45972,43253,56299,51941,66724,67564,87855,90431,100387,100097,70548,76781,50282,61367,14474,24816,643,627,19056,17955,31593,29897,41892,44604,65786,70242,73104,75314,62430,68570,47163,57550,13609,23250,744696,521828,69014,61590,181270,137368,22435,59,64
2021-07-09T23:59:59+02:00,4443,3973,45699,43000,56132,51745,66562,67398,87703,90266,100252,99992,70495,76708,50245,61326,14469,24804,596,578,18466,17382,30622,28933,39936,42672,63491,68115,71943,74173,62156,68244,47087,57424,13591,23225,742639,508129,69000,61209,181264,136962,22270,59,64
2021-07-08T23:59:59+02:00,4414,3947,45556,42885,56007,51625,66431,67297,87577,90143,100133,99894,70440,76655,50223,61288,14458,24790,549,534,17527,16579,29222,27897,38219,41217,61359,66290,68575,71017,61256,67270,46841,57080,13546,23129,741905,492856,68940,59131,181194,134377,21679,59,64
2021-07-07T23:59:59+02:00,4402,3941,45489,42841,55922,51569,66345,67252,87522,90103,100089,99843,70423,76632,50213,61270,14454,24780,471,481,16569,15726,27829,26883,36691,39982,59736,64831,65343,67539,60238,66225,46603,56758,13496,23056,741591,477545,68891,57215,181142,132224,21409,59,64
2021-07-06T23:59:59+02:00,4350,3893,45344,42710,55791,51429,66241,67143,87415,90011,100006,99758,70384,76571,50195,61243,14451,24766,404,417,15797,14988,26748,25972,34841,38267,56332,61805,62687,65076,59482,65435,46329,56423,13456,22953,740453,459633,68870,56388,181084,130089,21238,58,64
2021-07-05T23:59:59+02:00,4287,3848,45161,42534,55637,51325,66118,67032,87294,89917,99919,99660,70321,76507,50173,61215,14448,24751,370,365,15135,14367,25797,25157,33606,37131,53231,58828,59910,62610,58641,64622,46075,56111,13411,22875,739254,443542,68827,56038,181004,127594,21005,58,63
2021-07-04T23:59:59+02:00,4279,3842,45113,42500,55569,51290,66072,67004,87255,89885,99887,99633,70297,76486,50167,61200,14442,24740,351,345,14931,14162,25355,24797,33004,36603,52566,58299,58922,61747,57973,63988,45891,55907,13392,22825,739053,439452,68794,55836,180935,124885,20822,58,63
2021-07-03T23:59:59+02:00,4060,3663,44581,41938,55251,50914,65774,66724,87007,89624,99686,99436,70224,76414,50144,61154,14438,24728,333,329,14644,13839,24999,24442,32024,35683,50821,56749,58053,61011,57799,63790,45823,55822,13380,22800,735243,430868,68776,55818,180929,124837,20755,58,63
2021-07-02T23:59:59+02:00,3750,3377,43928,41342,54923,50575,65486,66419,86733,89374,99450,99210,70121,76301,50092,61084,14432,24711,306,292,14226,13393,24301,23829,30862,34616,48187,54578,55914,59221,57405,63359,45663,55663,13364,22762,730899,418338,68757,54766,180916,124106,20680,57,51
2021-07-01T23:59:59+02:00,3612,3267,43572,40992,54720,50399,65326,66255,86577,89232,99296,99089,70052,76233,50061,61050,14424,24696,262,251,13534,12709,22996,22746,29185,33101,46168,52831,53419,56940,55979,61785,45169,55047,13291,22634,728755,404792,68692,52451,180866,120270,20484,57,50
2021-06-30T23:59:59+02:00,3601,3250,43308,40795,54538,50263,65206,66155,86485,89167,99225,99038,70024,76209,50049,61028,14420,24685,200,212,12790,12107,21831,21846,27596,31730,44312,51116,49781,52976,54647,60447,44814,54606,13235,22505,727601,389026,68640,50544,180846,116828,20303,57,50
2021-06-29T23:59:59+02:00,3385,3030,42387,39965,53927,49657,64765,65722,86071,88713,98876,98710,69899,76060,49992,60957,14400,24655,171,160,12188,11507,21030,21077,26228,30521,41689,48700,47904,51427,53676,59337,44405,54069,13141,22352,721604,376971,68586,49019,180830,113448,20095,57,49
2021-06-28T23:59:59+02:00,3167,2850,41431,38972,53259,49002,64298,65330,85688,88321,98542,98366,69759,75899,49927,60857,14382,24631,128,128,11685,11055,20369,20488,25259,29623,39591,46755,46277,50059,52572,58293,44044,53562,13061,22229,715434,367475,68474,47980,180819,109776,19898,57,49
2021-06-27T23:59:59+02:00,3162,2847,41394,38936,53213,48963,64259,65294,85636,88286,98490,98338,69740,75886,49918,60843,14377,24628,110,111,11491,10861,20045,20173,24680,29058,38565,45902,45110,48965,51541,57280,43609,53053,12979,22086,715216,362870,68444,47537,180783,105452,19711,57,49
2021-06-26T23:59:59+02:00,2680,2373,40001,37573,52490,48220,63707,64730,85148,87765,98065,97905,69550,75711,49845,60739,14358,24605,100,100,11376,10759,19876,20017,24480,28841,38086,45464,44741,48613,51427,57135,43562,53005,12974,22072,706511,359915,68415,47532,180783,105432,19700,57,49
2021-06-25T23:59:59+02:00,2275,2037,39154,36764,52138,47861,63382,64405,84868,87454,97815,97639,69446,75594,49798,60677,14344,24583,76,82,11075,10448,19493,19590,23950,28217,35403,43157,42554,46698,51088,56756,43463,52874,12950,22041,701456,348336,68278,47086,180776,104776,19668,57,49
2021-06-24T23:59:59+02:00,2221,1984,38666,36305,51788,47533,63164,64194,84634,87259,97628,97482,69364,75529,49763,60631,14338,24568,63,59,10478,9865,18433,18703,22526,26962,33303,41317,40122,44403,49604,55103,42893,52173,12833,21838,698510,335439,68249,44487,180755,101222,19481,57,49
2021-06-23T23:59:59+02:00,2208,1960,38436,36079,51624,47362,63048,64082,84534,87163,97552,97398,69333,75498,49743,60610,14334,24557,36,33,10024,9433,17807,18144,21592,26102,31366,39679,36157,39934,48309,53739,42507,51665,12751,21672,697273,319892,68215,43860,180739,97909,19240,55,49
2021-06-22T23:59:59+02:00,2129,1899,37451,35150,50871,46688,62566,63634,84158,86752,97186,97086,69184,75355,49676,60529,14321,24524,13,18,9555,9003,16934,17452,20365,25023,28238,36915,33855,38055,47353,52765,42098,51106,12611,21437,691127,307710,68169,41120,180727,94836,19082,55,48
2021-06-21T23:59:59+02:00,1982,1760,36101,33934,49847,45821,61845,62971,83660,86280,96746,96680,69014,75184,49610,60434,14310,24489,9,11,9237,8708,16473,17088,19740,24541,26492,35349,32314,36763,46298,51682,41645,50557,12505,21245,683175,300342,68135,40478,180712,91196,18593,54,48
2021-06-20T23:59:59+02:00,1971,1751,36013,33881,49702,45698,61704,62833,83580,86219,96672,96619,68980,75156,49595,60416,14310,24478,8,10,9088,8605,16255,16918,19423,24282,25675,34696,31373,35810,46102,51479,41614,50505,12496,21225,682522,296554,68093,39884,180694,90862,18216,54,48
2021-06-19T23:59:59+02:00,1603,1451,34398,32333,48801,44875,61216,62328,83109,85743,96266,96267,68832,74990,49530,60335,14295,24454,7,9,9047,8531,16152,16795,19304,24129,25570,34537,31245,35667,46006,51383,41596,50480,12492,21215,673816,295214,68074,39881,180687,90826,18196,54,48
2021-06-18T23:59:59+02:00,1407,1278,32755,30751,47598,43689,60275,61408,82303,84994,95654,95689,68613,74768,49441,60197,14279,24424,7,9,8972,8445,15992,16639,19114,23935,25317,34296,30960,35346,45709,51036,41510,50403,12479,21201,662700,293010,67940,39764,180686,90405,18144,54,47
2021-06-17T23:59:59+02:00,1332,1220,31834,29913,46732,42982,59468,60558,81561,84346,95242,95307,68472,74624,49399,60119,14265,24395,7,9,8432,8080,15300,16083,18283,23106,24213,33169,29480,33985,44382,49532,41024,49793,12359,21012,655775,284064,67824,38935,180655,87741,17462,54,47
2021-06-16T23:59:59+02:00,1249,1156,31145,29215,45929,42232,58544,59678,80780,83575,94818,94927,68337,74464,49341,60027,14245,24369,7,8,7944,7756,14687,15566,17504,22377,23070,32210,28300,32874,42483,47411,40474,49214,12252,20827,648706,274302,67696,38336,180636,85339,16940,54,47
2021-06-15T23:59:59+02:00,1107,1037,29252,27439,44180,40709,56950,58045,79391,82257,94058,94254,68049,74171,49228,59870,14212,24304,7,6,7771,7629,14376,15325,17140,22075,22549,31823,27763,32443,41544,46393,40087,48786,12128,20606,633764,271220,67647,37829,180598,82904,16451,54,47
2021-06-14T23:59:59+02:00,1014,923,27705,25972,42575,39192,55294,56394,78291,81145,93362,93625,67800,73929,49134,59748,14192,24260,6,5,7588,7456,13999,14988,16610,21629,21855,31239,27081,31849,41157,45970,39703,48333,11997,20401,620527,268529,67591,37413,180569,80063,15815,54,46
2021-06-13T23:59:59+02:00,990,898,27503,25792,42191,38854,54747,55872,77945,80835,93169,93435,67710,73849,49097,59690,14177,24235,6,5,7447,7288,13727,14693,16221,21230,21424,30746,26541,31345,40759,45565,39237,47766,11819,20114,617814,266431,67449,37342,180541,76982,15132,54,46
2021-06-12T23:59:59+02:00,861,784,25992,24205,41037,37776,54073,55137,77415,80340,92618,92910,67554,73672,49028,59613,14164,24214,6,5,7401,7237,13601,14583,16089,21117,21240,30599,26421,31243,40741,45548,39227,47755,11819,20113,608296,265644,67443,37340,180535,76648,15067,53,46
2021-06-11T23:59:59+02:00,749,675,24379,22684,39690,36585,52845,53927,76446,79488,92044,92333,67320,73438,48966,59505,14145,24179,6,5,7346,7148,13429,14394,15870,20921,20967,30339,26147,30984,40435,45173,39142,47640,11801,20084,596550,263744,67363,37194,180527,75941,14906,53,46
2021-06-10T23:59:59+02:00,647,585,23382,21678,38471,35406,51237,52422,75128,78291,90437,90788,66965,73042,48840,59331,14120,24125,6,5,7063,6924,12903,13957,15228,20347,20202,29584,25354,30307,39729,44310,38789,47222,11686,19899,583653,260264,66879,37160,180476,72210,13835,53,46
2021-06-09T23:59:59+02:00,577,535,22930,21293,37809,34884,50131,51376,73883,77098,89845,90284,66839,72897,48790,59246,14105,24094,6,5,6793,6615,12312,13357,14443,19533,19284,28560,24369,29142,37162,41389,38222,46578,11537,19660,576488,249940,66417,37087,180439,68674,13220,53,46
2021-06-08T23:59:59+02:00,471,424,21409,19841,36207,33519,48019,49414,71745,75158,88369,88803,66524,72512,48654,59085,14073,24050,6,5,6662,6444,11926,12982,13959,19044,18681,27958,23810,28603,36875,41135,37930,46211,11430,19503,559123,248278,66139,37008,180407,65277,12556,53,45
2021-06-07T23:59:59+02:00,356,330,20403,18870,34662,32186,45743,47389,69608,73277,87390,87955,66300,72246,48580,58950,14053,24013,6,5,6507,6280,11501,12629,13414,18561,17952,27370,23174,28006,36556,40831,37511,45729,11317,19304,543934,246281,65966,36938,180354,61384,12005,53,45
2021-06-06T23:59:59+02:00,333,309,20223,18723,34268,31903,45135,46816,68988,72791,87177,87789,66243,72184,48568,58924,14047,24001,6,5,6375,6107,11175,12213,12982,17989,17313,26558,22477,27196,36088,40356,37028,45178,11161,19035,540811,243829,65639,36885,180309,56873,11611,53,44
2021-06-05T23:59:59+02:00,261,244,18981,17461,32946,30689,43910,45643,68414,72273,86644,87280,66152,72082,48520,58876,14040,23989,6,5,6323,6026,11072,12047,12854,17810,17140,26348,22306,27006,36023,40279,37006,45154,11159,19030,530833,243221,65639,36472,180292,56268,11589,53,44
2021-06-04T23:59:59+02:00,180,174,17789,16311,31638,29399,42358,44146,67072,70956,85837,86527,65965,71870,48444,58784,14024,23960,6,5,6220,5886,10895,11835,12638,17554,16784,25963,21786,26567,35131,39422,36690,44854,11142,19008,518007,241370,65573,36145,180285,53311,11517,53,43
2021-06-03T23:59:59+02:00,125,121,17150,15738,30654,28570,40899,42850,65297,69423,83586,84243,65540,71416,48316,58622,14006,23922,6,5,6050,5675,10585,11476,12320,17086,16331,25300,21234,25986,34465,38630,36514,44650,11109,18958,504217,239025,64875,35757,180248,50471,11086,53,41
2021-06-02T23:59:59+02:00,96,78,16807,15429,30340,28304,40231,42228,63705,68029,82647,83441,65399,71252,48256,58540,14003,23907,6,4,5932,5583,10407,11316,12090,16868,16035,24993,20887,25589,31216,35005,36286,44428,11080,18905,496703,230314,64871,35424,180246,50031,10820,53,41
2021-06-01T23:59:59+02:00,38,43,16015,14761,28844,27198,37862,40162,60134,64845,80215,81119,65048,70888,48128,58351,13969,23853,6,4,5658,5306,9882,10885,11551,16272,15365,24197,20152,24826,30873,34706,36089,44250,11051,18843,478334,228841,63312,34918,180180,46523,9595,52,39
2021-05-31T23:59:59+02:00,30,35,15451,14287,27905,26497,35901,38498,56691,61814,78183,79416,64716,70531,47984,58176,13937,23801,6,3,5495,5102,9475,10520,11119,15789,14827,23509,19526,24120,30586,34451,35904,44057,11016,18786,462563,228151,62589,34531,180115,43036,8534,52,39
2021-05-30T23:59:59+02:00,28,32,15307,14158,27617,26262,35450,38088,55978,61196,77862,79142,64654,70474,47959,58141,13933,23790,6,3,5393,4904,9146,10158,10707,15300,14373,22703,18996,23345,29906,33736,35677,43864,10994,18723,459575,227678,62151,34451,180069,37545,8224,52,36
2021-05-29T23:59:59+02:00,26,31,14910,13767,26767,25450,33689,36500,54494,59898,77272,78577,64504,70324,47906,58088,13926,23776,6,3,5360,4829,9080,10042,10613,15181,14262,22552,18864,23205,29877,33713,35671,43856,10993,18720,449452,227185,62118,34451,180065,36937,8218,52,36
2021-05-28T23:59:59+02:00,23,30,14503,13367,25955,24708,31837,34739,52323,57891,76221,77581,64299,70072,47854,58011,13916,23753,6,3,5274,4714,8901,9897,10455,15008,14100,22313,18651,22904,29807,33665,35654,43839,10992,18715,437500,226506,61650,34445,179975,36006,7906,52,35
2021-05-27T23:59:59+02:00,19,25,13872,12898,24886,23987,30587,33810,50711,56514,73115,74595,63857,69534,47720,57849,13893,23697,6,3,5161,4480,8567,9556,10050,14572,13652,21676,18144,22306,29583,33460,35543,43726,10971,18686,425333,225845,59686,34374,179345,32735,7153,52,35
2021-05-26T23:59:59+02:00,18,23,13385,12475,23973,23339,29664,33106,49623,55587,70155,71401,63242,68923,47585,57679,13862,23651,6,3,5073,4318,8311,9241,9746,14184,13294,21073,17711,21703,29387,33292,35446,43620,10944,18634,414504,225226,57505,34257,178846,29684,6784,52,35
2021-05-25T23:59:59+02:00,18,18,13043,12177,23393,22931,28605,32242,47021,53347,67892,69274,62890,68556,47471,57530,13844,23597,6,3,4994,4196,8098,8978,9491,13806,12982,20551,17324,21151,29227,33135,35362,43514,10917,18579,402635,224662,56435,34175,178222,26937,6505,52,35
2021-05-24T23:59:59+02:00,17,17,12747,11896,22894,22551,27983,31789,44400,50915,65431,67083,62580,68257,47360,57404,13808,23540,6,3,4923,4087,7847,8743,9171,13421,12652,20037,16937,20590,29081,32993,35287,43442,10893,18530,390976,224071,55951,34109,177553,24288,6140,52,35
2021-05-23T23:59:59+02:00,17,17,12685,11828,22798,22466,27903,31709,44143,50687,64842,66534,62500,68169,47335,57386,13806,23538,6,3,4901,4072,7812,8712,9109,13386,12571,19974,16858,20534,29072,32978,35283,43434,10893,18528,388768,223781,55870,34101,177539,24077,6134,52,33
2021-05-22T23:59:59+02:00,17,17,12461,11590,22477,22157,26900,30821,42306,49110,63986,65793,62337,67978,47269,57295,13796,23515,6,3,4885,4017,7784,8647,9067,13320,12539,19888,16828,20465,29061,32968,35279,43428,10892,18527,380275,223686,55859,34101,177534,23679,6105,52,33
2021-05-21T23:59:59+02:00,17,16,12159,11338,21905,21713,26082,30129,39915,47215,62011,64124,62074,67705,47185,57207,13781,23489,6,3,4866,3989,7727,8561,9001,13232,12463,19795,16753,20378,29045,32942,35272,43417,10890,18526,369835,223487,54803,34086,177342,23227,6033,52,33
2021-05-20T23:59:59+02:00,16,16,11549,10766,20778,20811,24930,29099,38406,45936,59663,62050,61251,66805,46984,56947,13747,23433,6,3,4591,3811,7324,8271,8559,12835,12009,19283,16330,19855,28924,32844,35221,43363,10886,18516,359321,223077,52448,33975,176056,20236,5310,52,33
2021-05-19T23:59:59+02:00,16,16,11105,10451,19992,20257,24081,28500,37502,45250,56429,58411,60560,66101,46876,56813,13724,23386,6,3,4438,3653,7069,8028,8282,12505,11675,18850,15959,19434,28824,32732,35178,43287,10875,18501,348840,222586,50825,33857,174928,17999,4825,52,32
2021-05-18T23:59:59+02:00,16,16,10775,10166,19411,19806,23425,27939,36091,44017,55012,57280,60187,65674,46746,56652,13699,23361,6,3,4333,3526,6821,7791,8018,12221,11440,18446,15611,19000,28739,32640,35148,43246,10871,18494,343434,222291,48970,33775,173449,15888,4368,52,32
2021-05-17T23:59:59+02:00,15,15,10555,9985,18972,19515,22989,27626,34890,43024,53698,56239,59937,65426,46682,56553,13684,23327,6,3,4263,3439,6612,7572,7766,11925,11183,18050,15298,18592,28647,32551,35123,43205,10865,18480,339343,221986,47975,33706,171931,14022,3834,49,32
2021-05-16T23:59:59+02:00,15,14,10365,9856,18677,19310,22655,27385,34250,42563,52459,55068,59744,65261,46645,56499,13673,23307,6,3,4195,3366,6395,7406,7477,11669,10914,17697,15002,18228,28581,32489,35107,43187,10858,18476,336901,221731,47095,33645,170314,12260,3388,48,32
2021-05-15T23:59:59+02:00,15,14,10269,9756,18525,19162,22483,27240,33868,42195,52063,54690,59629,65115,46597,56454,13670,23291,6,3,4154,3330,6311,7340,7384,11566,10812,17577,14897,18097,28487,32371,35013,43095,10854,18471,334500,220639,47094,33642,170180,12241,3214,48,32
2021-05-14T23:59:59+02:00,14,14,9986,9553,18098,18921,22080,26951,31520,40415,49913,52835,59407,64886,46549,56369,13653,23270,6,3,4026,3247,6025,7175,7077,11341,10464,17225,14548,17769,27914,31665,34890,42903,10835,18443,325345,217338,47041,33636,169569,12118,2432,47,32
2021-05-13T23:59:59+02:00,14,14,9524,9183,17304,18355,21212,26267,30400,39424,47669,50662,58558,63911,46339,56086,13614,23196,6,3,3526,3053,5686,6922,6764,11030,10051,16833,14171,17332,27013,30465,34464,42384,10804,18382,316839,212727,45179,33078,167544,10928,2124,46,32
2021-05-12T23:59:59+02:00,14,14,9233,8988,16871,18096,20737,25977,29868,39038,44669,47016,57985,63269,46255,55972,13596,23171,6,3,3386,2965,5454,6811,6481,10882,9769,16624,13934,17065,26366,29641,34298,42191,10778,18348,307642,209690,44362,33052,167251,10760,1468,46,32
2021-05-11T23:59:59+02:00,14,13,8799,8712,16099,17578,19871,25356,28131,37595,42732,45510,57609,62821,46171,55837,13575,23143,6,3,3266,2834,5221,6471,6183,10467,9402,16065,13497,16504,24943,27970,33787,41563,10727,18260,302149,203708,41306,32869,164765,9260,1300,46,32
2021-05-10T23:59:59+02:00,14,12,8537,8559,15586,17321,19239,25035,27137,36904,41270,44364,57342,62546,46092,55733,13555,23112,6,2,3156,2708,4990,6237,5928,10143,9077,15587,13134,16081,23894,26638,33298,40979,10691,18202,298838,199051,40399,32840,162089,7843,987,45,30
2021-05-09T23:59:59+02:00,14,12,8381,8474,15280,17138,18856,24778,26469,36475,39490,42698,57046,62267,46036,55675,13547,23091,6,2,3035,2652,4808,6095,5759,9967,8879,15379,12964,15907,23617,26304,33153,40806,10681,18187,295861,197848,40019,32796,159092,6816,711,44,30
2021-05-08T23:59:59+02:00,14,12,8306,8401,15097,16991,18648,24579,26240,36236,39255,42506,56919,62117,45998,55638,13544,23080,6,2,3027,2631,4777,6059,5715,9921,8802,15313,12877,15837,23246,25876,32867,40492,10673,18171,294294,196657,39564,32081,158968,6813,711,44,30
2021-05-07T23:59:59+02:00,13,12,8134,8306,14771,16807,18257,24342,25814,35946,38795,42126,56644,61762,45949,55591,13537,23070,6,2,2728,2496,4429,5872,5444,9661,8486,15001,12481,15439,22146,24497,32218,39657,10645,18121,291749,193185,39133,30581,158636,5220,315,43,28
2021-05-06T23:59:59+02:00,12,12,7487,7949,13870,16204,17198,23485,24469,34832,36648,40460,55515,60440,45705,55285,13502,23003,6,2,2603,2383,4255,5675,5236,9355,8140,14560,12047,14985,20837,22820,31363,38648,10591,18007,281092,187561,37850,29620,156815,4028,278,41,26
2021-05-05T23:59:59+02:00,10,12,6949,7641,13088,15660,16161,22716,23080,33803,34817,38969,53671,58400,45383,54939,13469,22937,6,2,2515,2325,4079,5518,5044,9143,7792,14221,11677,14625,19446,21037,30167,37230,10551,17904,269622,181419,36925,28444,155018,3294,99,41,26
2021-05-04T23:59:59+02:00,10,11,6759,7551,12719,15484,15673,22445,22432,33458,33854,38267,52817,57437,45260,54812,13451,22896,6,2,2460,2255,3924,5348,4867,8889,7448,13812,11251,14165,17794,19107,29064,35898,10455,17784,265840,174590,36056,27503,153355,2365,46,39,25
2021-05-03T23:59:59+02:00,10,10,6613,7401,12341,15263,15165,22134,21719,33050,32700,37375,52514,57117,45164,54704,13436,22864,6,2,2400,2185,3830,5168,4727,8654,7230,13463,10930,13757,16589,17608,28184,34794,10391,17676,262534,169008,35593,27154,151380,1372,35,38,25
2021-05-02T23:59:59+02:00,10,10,6532,7311,12127,15091,14864,21902,21242,32729,31549,36426,52230,56825,45102,54613,13418,22833,6,2,2385,2178,3808,5135,4696,8618,7163,13392,10844,13664,16277,17212,27886,34489,10379,17662,260097,167434,35519,27040,149127,1265,34,37,23
2021-05-01T23:59:59+02:00,10,10,6514,7287,12063,15041,14784,21839,21139,32657,31422,36332,52224,56810,45098,54612,13416,22831,6,2,2382,2170,3784,5118,4655,8593,7126,13355,10783,13609,16079,16989,27771,34352,10376,17652,259523,166468,35518,27014,148977,1263,34,37,23
2021-04-30T23:59:59+02:00,10,10,6476,7249,11970,14946,14678,21719,20943,32470,31182,36141,51953,56450,45053,54559,13410,22819,6,2,2353,2150,3722,5055,4558,8482,6976,13173,10505,13345,15264,15962,26900,33279,10335,17564,257737,163258,35474,25122,148757,1195,33,37,23
2021-04-29T23:59:59+02:00,10,10,6271,7121,11648,14757,14322,21479,20423,32180,30428,35652,51304,55623,44961,54440,13384,22739,6,2,2314,2104,3629,4966,4434,8346,6784,12955,10228,13057,14290,14727,25594,31730,10272,17468,254543,157549,35379,24372,146761,931,32,37,22
2021-04-28T23:59:59+02:00,10,10,6008,6955,11266,14419,13827,21011,19779,31573,29259,34518,48636,52615,44667,54116,13321,22661,6,2,2276,2063,3560,4904,4318,8229,6622,12772,9978,12838,13147,13245,24101,29848,10210,17365,244574,151567,35253,23166,144769,714,18,37,19
2021-04-27T23:59:59+02:00,10,10,5905,6864,11110,14296,13625,20848,19497,31361,28696,34129,48428,52393,44611,54062,13312,22639,6,2,2234,2028,3470,4810,4225,8119,6456,12585,9695,12562,11932,11680,22446,27687,10131,17219,243186,144734,35206,21981,143350,536,18,36,18
2021-04-26T23:59:59+02:00,10,10,5856,6822,10992,14227,13462,20724,19268,31149,27860,33562,48090,52023,44556,53996,13303,22610,6,2,2212,2001,3415,4765,4163,8052,6352,12452,9506,12387,11014,10521,21165,25925,10070,17128,242443,139444,35179,21233,140845,425,18,35,16
2021-04-25T23:59:59+02:00,10,10,5811,6775,10887,14132,13299,20567,19020,30863,27097,32819,47592,51512,44472,53897,13289,22590,6,2,2187,1991,3384,4746,4144,8032,6319,12411,9449,12326,10852,10327,20923,25600,10060,17114,240726,138590,35134,20882,138730,367,18,34,16
2021-04-24T23:59:59+02:00,10,10,5789,6727,10808,14040,13200,20422,18885,30683,26935,32636,47489,51389,44379,53801,13285,22585,6,2,2180,1980,3359,4718,4105,7986,6248,12339,9318,12209,10695,10147,20789,25469,10044,17096,239234,138065,35116,20243,138671,348,18,34,16
2021-04-23T23:59:59+02:00,10,10,5727,6638,10674,13841,12996,20168,18572,30302,26535,32274,46540,50252,44225,53556,13262,22553,6,2,2162,1958,3317,4681,4055,7932,6154,12248,9154,12081,10428,9846,20464,25049,9995,17013,234824,136937,35057,19237,138202,337,18,34,16
2021-04-22T23:59:59+02:00,10,10,5626,6524,10464,13643,12643,19830,18056,29827,25902,31680,44811,48099,43654,52827,13216,22453,5,2,2148,1947,3277,4628,3978,7857,6024,12148,8895,11916,9994,9440,20006,24457,9945,16935,228565,134807,34944,18457,135714,305,18,34,15
2021-04-21T23:59:59+02:00,10,9,5527,6389,10234,13441,12310,19515,17554,29332,25185,30945,40529,43227,43176,52292,13149,22348,5,2,2135,1938,3241,4591,3923,7798,5941,12054,8719,11756,9662,9055,19506,23864,9879,16837,216426,133155,34881,17442,133813,280,18,34,11
2021-04-20T23:59:59+02:00,10,9,5449,6298,10039,13223,12034,19248,17131,28923,24627,30376,38775,41211,42520,51512,13078,22208,5,2,2110,1925,3199,4567,3856,7754,5810,11955,8547,11629,9378,8735,19032,23193,9782,16697,210175,131783,34791,16138,131653,226,18,34,11
2021-04-19T23:59:59+02:00,10,8,5369,6222,9878,13093,11829,19039,16768,28540,24081,29904,37216,39419,41928,50792,13023,22121,5,2,2094,1908,3163,4532,3815,7708,5770,11885,8462,11537,9140,8450,18624,22626,9735,16604,205137,130084,34733,15742,129318,205,18,34,11
2021-04-18T23:59:59+02:00,10,7,5306,6171,9746,13007,11629,18899,16486,28342,23671,29590,35900,38053,41574,50386,12989,22057,5,2,2081,1893,3136,4510,3788,7691,5726,11838,8411,11488,9042,8361,18471,22439,9722,16579,203581,129600,34691,15354,125500,200,18,33,11
2021-04-17T23:59:59+02:00,10,7,5300,6155,9712,12976,11582,18859,16409,28275,23607,29531,35588,37711,41465,50288,12983,22046,5,2,2071,1885,3109,4497,3730,7646,5656,11787,8325,11436,8931,8251,18365,22321,9701,16566,202350,128792,34682,15264,125421,199,18,33,11
2021-04-16T23:59:59+02:00,10,7,5235,6115,9625,12914,11446,18747,16197,28114,23255,29181,34503,36447,41052,49764,12963,22012,5,2,1938,1798,2879,4316,3371,7327,4881,11250,6829,10342,6394,6167,16545,20615,9505,16266,198177,119387,34592,10819,124769,196,17,32,11
2021-04-15T23:59:59+02:00,10,7,5169,6025,9421,12741,11151,18500,15699,27720,22563,28577,32601,34132,40003,48555,12882,21844,5,2,1895,1766,2811,4250,3251,7205,4663,11067,6451,10032,5935,5768,15953,19929,9313,15931,192346,116244,34538,9769,120669,187,17,30,10
2021-04-14T23:59:59+02:00,10,7,5107,5979,9254,12615,10935,18322,15294,27403,21910,28095,30670,31879,38785,47133,12807,21657,5,2,1811,1712,2728,4181,3139,7111,4460,10902,6141,9782,5456,5353,15370,19240,9109,15575,185956,113610,34398,8310,117461,130,17,30,10
2021-04-13T23:59:59+02:00,10,7,5059,5925,9115,12486,10757,18154,14949,27126,21387,27633,28563,29426,37518,45534,12664,21450,5,2,1767,1694,2691,4138,3085,7049,4326,10762,5871,9569,5116,5050,14919,18789,8973,15371,179046,112187,34332,6929,114339,34,17,29,10
2021-04-12T23:59:59+02:00,10,7,4995,5876,9007,12347,10550,18006,14627,26844,20846,27176,26522,27154,36356,44067,12535,21249,5,2,1732,1650,2661,4117,3057,6996,4267,10694,5768,9468,4949,4904,14618,18421,8861,15171,173321,111338,34252,5943,110555,33,17,29,10
2021-04-11T23:59:59+02:00,10,7,4959,5833,8912,12268,10390,17904,14363,26667,20418,26852,25318,25862,35652,43281,12446,21098,5,2,1723,1644,2639,4096,3032,6968,4232,10647,5681,9400,4856,4849,14502,18296,8822,15118,171531,111127,34178,5332,106486,27,16,29,10
2021-04-10T23:59:59+02:00,10,7,4947,5818,8870,12240,10334,17869,14295,26617,20321,26772,25003,25486,35304,42861,12439,21077,5,2,1719,1638,2629,4088,3018,6951,4202,10616,5622,9361,4778,4772,14373,18130,8775,15033,170313,110328,33452,5331,106460,27,16,29,10
2021-04-09T23:59:59+02:00,10,7,4900,5786,8786,12159,10208,17744,14126,26442,20060,26527,24161,24331,34347,41649,12406,21003,4,2,1691,1609,2572,4054,2946,6890,4052,10506,5365,9135,4362,4396,13802,17413,8546,14664,166933,106637,31935,5323,105744,27,12,28,10
2021-04-08T23:59:59+02:00,10,7,4825,5721,8639,12051,9994,17572,13727,26127,19457,26057,22451,22337,32652,39676,12256,20766,4,2,1661,1593,2518,4009,2862,6805,3905,10369,5071,8870,3901,3968,12806,16167,8060,13902,161161,101636,31028,4792,102097,23,12,27,10
2021-04-07T23:59:59+02:00,10,6,4778,5668,8455,11973,9767,17422,13408,25899,18985,25695,20639,20218,30889,37413,12138,20552,4,2,1628,1577,2463,3956,2801,6723,3797,10224,4880,8680,3635,3676,12115,15360,7684,13342,155110,98298,29848,4214,98923,14,11,23,10
2021-04-06T23:59:59+02:00,10,6,4729,5623,8312,11861,9607,17255,13089,25631,18465,25308,18783,18149,28962,34918,11935,20206,4,2,1592,1558,2439,3930,2767,6683,3734,10179,4797,8587,3523,3551,11637,14712,7397,12927,148252,95971,28883,4015,95681,13,11,22,9
2021-04-05T23:59:59+02:00,10,6,4698,5582,8216,11770,9468,17157,12876,25419,18063,24963,17055,16218,27334,32762,11787,19978,4,2,1570,1546,2408,3912,2737,6634,3691,10120,4709,8471,3410,3442,11294,14342,7239,12644,142826,94570,28449,3573,92056,12,11,20,9
2021-04-04T23:59:59+02:00,10,6,4691,5576,8207,11760,9454,17141,12850,25398,18035,24938,16923,16042,27139,32516,11778,19964,4,2,1568,1545,2406,3909,2734,6630,3689,10116,4704,8468,3401,3431,11283,14330,7235,12636,142106,94488,28356,3573,91939,12,9,18,9
2021-04-03T23:59:59+02:00,10,6,4687,5568,8193,11753,9435,17121,12811,25366,17957,24874,16843,15952,27092,32459,11773,19957,4,2,1565,1543,2397,3901,2716,6616,3666,10088,4621,8413,3284,3316,11201,14256,7229,12626,141575,93841,28328,3573,91927,12,9,18,9
2021-04-02T23:59:59+02:00,10,6,4662,5548,8134,11699,9370,17052,12671,25259,17720,24672,16390,15475,26616,31882,11741,19902,4,2,1563,1534,2382,3896,2709,6600,3645,10056,4551,8320,3214,3247,10963,13953,7078,12423,140360,92542,26913,3569,91509,12,9,18,8
2021-04-01T23:59:59+02:00,9,6,4619,5487,8022,11556,9240,16892,12396,24972,17275,24272,15636,14748,25856,30921,11614,19719,4,2,1546,1514,2353,3863,2686,6571,3606,10017,4484,8255,3101,3116,10027,12834,6462,11571,138111,88523,26247,3463,88858,11,7,17,8
2021-03-31T23:59:59+02:00,9,6,4407,5407,7910,11433,9098,16725,12176,24694,16920,23907,14939,13983,25022,29910,11505,19519,4,2,1537,1509,2339,3843,2658,6542,3556,9969,4410,8183,3009,3026,9451,12129,6097,11074,136305,86079,24781,3234,86462,11,6,16,8
2021-03-30T23:59:59+02:00,9,6,4376,5355,7834,11306,9011,16568,12015,24504,16634,23595,14338,13338,24262,28924,11366,19274,4,2,1523,1499,2318,3818,2632,6512,3515,9904,4343,8112,2882,2878,8856,11469,5744,10578,134813,83741,23564,2828,84316,6,6,16,8
2021-03-29T23:59:59+02:00,9,6,4336,5302,7734,11194,8903,16402,11852,24231,16304,23247,13795,12738,23498,27947,11206,19025,4,2,1504,1486,2299,3802,2609,6484,3481,9844,4279,8037,2829,2810,8564,11081,5555,10265,132961,82346,22802,2569,81944,6,6,16,8
2021-03-28T23:59:59+02:00,9,6,4301,5218,7649,11086,8822,16247,11717,24001,16044,22974,13466,12427,22925,27251,11032,18740,4,2,1494,1479,2277,3786,2594,6454,3442,9794,4242,7978,2781,2759,8485,10975,5510,10198,132459,81995,22275,2240,79159,5,6,16,8
2021-03-27T23:59:59+01:00,9,6,4287,5207,7623,11054,8756,16174,11618,23906,15898,22858,13262,12214,22722,27037,10997,18711,4,2,1493,1477,2274,3784,2593,6453,3428,9767,4232,7955,2771,2752,8427,10911,5475,10158,131575,81697,21630,2240,79112,5,6,16,8
2021-03-26T23:59:59+01:00,9,6,4243,5139,7513,10920,8581,15989,11280,23601,15284,22355,12340,11384,21930,26190,10850,18482,2,2,1488,1463,2269,3763,2579,6430,3411,9741,4191,7919,2741,2713,8246,10692,5354,9987,127502,80847,20018,2125,78554,5,6,16,8
2021-03-25T23:59:59+01:00,9,5,4188,4977,7349,10641,8335,15580,10895,22977,14639,21655,11667,10721,21059,25121,10531,17936,2,2,1468,1450,2236,3736,2544,6392,3374,9694,4120,7837,2606,2573,7267,9429,4735,9069,124208,76631,19236,1885,74821,5,5,15,8
2021-03-24T23:59:59+01:00,9,5,4112,4837,7212,10352,8119,15167,10631,22427,14167,21044,11061,10160,20122,24031,10198,17369,2,2,1447,1421,2209,3698,2500,6355,3331,9629,4041,7737,2505,2476,6615,8661,4349,8487,121600,73990,18041,1462,71367,3,2,13,8
2021-03-23T23:59:59+01:00,9,5,4072,4744,7105,10111,7967,14825,10368,21922,13765,20551,10593,9719,19395,23178,9883,16902,2,2,1436,1403,2183,3677,2480,6327,3271,9575,3947,7661,2411,2375,5886,7730,3896,7794,120134,70912,16932,1132,68034,3,1,13,8
2021-03-22T23:59:59+01:00,9,5,4019,4665,6975,9870,7806,14503,10108,21454,13414,20050,10201,9362,18824,22467,9689,16554,2,1,1427,1396,2176,3663,2468,6311,3247,9552,3917,7627,2350,2324,5429,7119,3534,7301,119235,68790,16529,1042,64197,3,1,13,8
2021-03-21T23:59:59+01:00,9,5,3972,4563,6843,9605,7638,14143,9886,20912,13071,19524,9881,9083,18287,21865,9499,16239,2,1,1424,1392,2175,3652,2464,6303,3241,9543,3907,7613,2336,2305,5312,6987,3476,7200,119028,68279,16132,1042,59851,3,1,13,8
2021-03-20T23:59:59+01:00,9,5,3961,4543,6806,9550,7580,14069,9802,20802,12965,19434,9794,8990,18147,21687,9448,16152,2,1,1421,1387,2171,3648,2459,6298,3227,9533,3887,7603,2301,2273,4984,6613,3287,6958,118194,66999,16037,1042,59499,3,1,13,8
2021-03-19T23:59:59+01:00,8,5,3787,4402,6514,9300,7139,13643,8890,20071,11234,18106,6931,6635,15889,19482,9086,15587,2,1,1417,1383,2166,3641,2447,6285,3214,9507,3835,7557,2234,2232,4609,6139,3018,6633,108879,65300,11311,1009,56505,3,1,13,7
2021-03-18T23:59:59+01:00,8,4,3683,4271,6337,8992,6869,13204,8500,19413,10596,17366,6212,5982,14664,18009,8567,14761,2,1,1413,1377,2143,3614,2429,6249,3185,9465,3796,7524,2189,2198,4187,5606,2736,6218,103731,63420,10305,901,53388,3,1,13,7
2021-03-17T23:59:59+01:00,8,4,3604,4197,6207,8845,6697,13027,8201,19103,10191,16975,5803,5596,13844,17081,8167,14172,2,1,1403,1364,2127,3594,2399,6217,3154,9437,3759,7487,2134,2138,3777,5160,2483,5829,100479,61687,8612,767,52617,3,1,13,7
2021-03-16T23:59:59+01:00,8,4,3526,4065,6052,8575,6490,12657,7889,18519,9642,16319,5274,5140,13024,16118,7828,13672,2,1,1394,1355,2118,3577,2383,6202,3138,9418,3734,7461,2107,2101,3256,4519,2143,5316,98144,59451,7200,763,49444,3,1,13,7
2021-03-15T23:59:59+01:00,8,4,3478,3919,5865,8300,6271,12244,7612,17946,9206,15694,4957,4855,12365,15375,7563,13210,2,1,1394,1345,2102,3562,2363,6178,3119,9369,3710,7422,2070,2050,2888,4056,1856,4921,96642,57653,6220,745,45997,3,0,13,7
2021-03-14T23:59:59+01:00,8,4,3432,3786,5636,7971,5981,11797,7303,17226,8745,14943,4633,4580,12077,15119,7514,13110,2,1,1387,1340,2086,3533,2350,6129,3101,9310,3692,7383,2063,2039,2810,3948,1803,4835,96515,57252,5605,550,41732,3,0,13,7
2021-03-13T23:59:59+01:00,8,4,3415,3745,5595,7855,5920,11675,7216,17078,8596,14787,4482,4430,11986,15034,7508,13099,2,1,1387,1340,2086,3533,2349,6129,3100,9308,3691,7383,2060,2031,2757,3892,1769,4780,95821,57039,5605,550,40994,2,0,13,7
2021-03-12T23:59:59+01:00,8,4,3395,3675,5538,7717,5860,11523,7129,16851,8461,14554,4376,4333,11712,14708,7352,12881,2,1,1387,1340,2082,3527,2348,6121,3095,9302,3689,7378,2058,2029,2669,3781,1685,4691,94394,56626,5597,550,40074,2,0,12,7
2021-03-11T23:59:59+01:00,8,4,3317,3482,5329,7421,5629,11105,6790,16181,8022,13915,4031,3997,10632,13447,6693,11968,2,1,1382,1338,2071,3513,2329,6096,3072,9267,3665,7345,2027,2004,2429,3515,1528,4471,90185,55529,5162,518,36612,2,0,12,6
2021-03-10T23:59:59+01:00,8,4,3221,3364,5110,7149,5416,10742,6519,15634,7681,13368,3806,3768,9984,12654,6305,11432,2,1,1377,1327,2044,3475,2300,6006,3024,9144,3608,7225,1983,1927,2213,3278,1396,4275,87707,54313,4786,284,33660,2,0,12,6
2021-03-09T23:59:59+01:00,7,4,3147,3236,4943,6962,5212,10457,6287,15198,7384,12859,3622,3561,9347,11950,5926,10906,2,1,1370,1316,2010,3415,2269,5904,2962,9002,3540,7143,1953,1901,1933,2960,1224,4028,85414,52889,4521,36,31061,2,0,12,6
2021-03-08T23:59:59+01:00,7,4,3083,3080,4712,6698,4970,10103,6026,14684,7022,12273,3420,3368,8953,11507,5728,10588,2,1,1367,1298,1996,3337,2238,5807,2924,8856,3507,7048,1938,1879,1730,2728,1100,3833,83933,51549,4149,34,28133,0,0,11,6
2021-03-07T23:59:59+01:00,7,4,3050,3020,4639,6583,4886,9990,5922,14520,6904,12125,3369,3321,8864,11398,5687,10521,2,1,1361,1293,1990,3325,2230,5782,2917,8817,3495,7029,1930,1867,1675,2660,1049,3764,83570,51147,3971,34,27258,0,0,11,6
2021-03-06T23:59:59+01:00,6,4,3036,2962,4597,6491,4849,9923,5864,14401,6856,12013,3345,3298,8807,11332,5652,10478,2,1,1359,1280,1985,3311,2218,5755,2914,8790,3484,7010,1920,1843,1647,2636,1043,3755,83245,50913,3971,34,26687,0,0,11,6
2021-03-05T23:59:59+01:00,6,4,3012,2870,4538,6379,4785,9825,5801,14248,6753,11860,3300,3243,8621,11104,5529,10302,2,1,1350,1247,1953,3256,2193,5649,2874,8656,3440,6872,1876,1797,1583,2566,1021,3727,82337,50023,3963,34,25869,0,0,11,6
2021-03-04T23:59:59+01:00,4,4,2960,2681,4380,6140,4566,9512,5594,13831,6440,11471,3124,3067,7600,9808,4894,9382,2,1,1331,1198,1916,3133,2161,5467,2828,8379,3383,6639,1804,1707,1546,2514,1016,3709,78161,48695,3689,33,23597,0,0,11,6
2021-03-03T23:59:59+01:00,3,4,2921,2610,4240,5949,4399,9244,5390,13452,6185,11052,2998,2934,6950,9029,4496,8772,2,1,1319,1162,1889,3060,2139,5356,2798,8200,3330,6481,1736,1664,1504,2444,996,3654,75426,47697,3446,33,21745,0,0,11,5
2021-03-02T23:59:59+01:00,3,4,2861,2519,4052,5730,4194,8973,5192,13071,5916,10676,2850,2772,6183,8064,4023,8062,2,1,1286,1120,1862,2988,2115,5214,2748,7927,3281,6283,1662,1604,1438,2364,972,3603,72249,46432,2990,33,19895,0,0,11,5
2021-03-01T23:59:59+01:00,3,3,2822,2456,3888,5577,4008,8754,5003,12752,5677,10283,2748,2657,5688,7407,3657,7551,2,1,1280,1084,1839,2887,2089,5020,2707,7677,3221,6047,1619,1568,1389,2303,942,3560,70077,45197,2681,33,18165,0,0,11,5
2021-02-28T23:59:59+01:00,3,3,2780,2408,3730,5459,3785,8564,4820,12501,5490,9977,2691,2583,5566,7251,3595,7450,2,1,1276,1079,1834,2874,2080,4996,2700,7641,3211,6030,1610,1561,1383,2294,939,3550,69597,45024,2459,32,16589,0,0,11,5
2021-02-27T23:59:59+01:00,3,2,2767,2347,3704,5379,3751,8490,4786,12407,5455,9903,2650,2549,5231,6862,3394,7198,2,1,1269,1071,1827,2862,2067,4961,2681,7576,3195,5974,1592,1551,1377,2283,937,3549,68274,44739,2459,31,16134,0,0,11,5
2021-02-26T23:59:59+01:00,3,2,2747,2306,3664,5291,3685,8386,4723,12296,5368,9815,2573,2496,4847,6379,3115,6864,2,1,1212,1021,1777,2756,2018,4780,2625,7301,3122,5764,1531,1500,1354,2261,923,3540,66451,43453,2332,30,15767,0,0,10,5
2021-02-25T23:59:59+01:00,3,2,2576,2199,3477,5109,3500,8159,4520,12009,5149,9540,2484,2430,4398,5824,2826,6436,2,1,1196,964,1746,2647,1964,4506,2556,6904,3027,5477,1485,1457,1333,2246,920,3531,64584,41930,2005,27,14042,0,0,10,5
2021-02-24T23:59:59+01:00,3,2,2423,2066,3288,4915,3354,7953,4322,11753,4928,9289,2347,2310,3939,5312,2563,6037,1,1,1181,935,1723,2562,1928,4366,2496,6648,2974,5271,1454,1426,1315,2225,916,3508,62803,40906,1527,19,12464,0,0,10,5
2021-02-23T23:59:59+01:00,3,2,2295,1928,3109,4688,3201,7714,4147,11482,4744,9041,2258,2216,3381,4647,2218,5517,1,1,1167,887,1689,2467,1889,4175,2428,6348,2876,5011,1396,1370,1286,2181,900,3481,60582,39532,1174,16,10825,0,0,10,5
2021-02-22T23:59:59+01:00,3,2,2255,1877,3025,4595,3131,7605,4053,11295,4636,8916,2206,2175,3010,4179,1930,5132,1,1,1155,828,1657,2341,1847,3929,2352,5953,2751,4713,1333,1317,1263,2147,892,3456,58899,37925,1087,6,10029,0,0,10,5
2021-02-21T23:59:59+01:00,3,2,2219,1846,2973,4526,3051,7492,3972,11150,4570,8799,2191,2152,2926,4064,1874,5044,1,1,1152,810,1640,2289,1820,3822,2319,5797,2688,4587,1302,1294,1253,2133,885,3441,58466,37223,1054,6,9324,0,0,10,5
2021-02-20T23:59:59+01:00,3,2,2207,1843,2950,4513,3035,7456,3946,11117,4549,8777,2188,2144,2872,4007,1839,4989,1,1,1152,807,1640,2287,1819,3813,2318,5792,2687,4583,1301,1291,1252,2130,884,3440,58250,37187,1053,6,9124,0,0,10,5
2021-02-19T23:59:59+01:00,2,2,2195,1829,2914,4461,3010,7370,3901,11035,4495,8714,2180,2138,2781,3893,1754,4895,1,1,1102,798,1601,2279,1808,3804,2308,5771,2679,4570,1295,1280,1241,2125,879,3433,57828,36965,1021,5,8710,0,0,10,5
2021-02-18T23:59:59+01:00,2,2,2064,1734,2757,4278,2886,7171,3764,10748,4356,8509,2146,2104,2538,3621,1596,4672,1,1,1023,762,1529,2180,1759,3681,2235,5613,2622,4485,1281,1259,1234,2110,865,3415,56753,36046,953,4,7233,0,0,9,5
2021-02-17T23:59:59+01:00,2,2,2020,1686,2666,4147,2776,6959,3612,10407,4214,8266,2087,2020,2320,3392,1469,4479,1,1,871,697,1416,2055,1682,3490,2138,5385,2549,4312,1246,1213,1206,2065,849,3370,55681,34538,807,3,6027,0,0,9,5
2021-02-16T23:59:59+01:00,2,2,1850,1575,2492,3939,2635,6684,3451,10053,4036,7960,2042,1993,2038,3072,1295,4226,1,1,844,675,1346,1977,1613,3349,2043,5211,2453,4178,1182,1166,1140,1972,814,3266,54340,33224,771,2,4225,0,0,9,5
2021-02-15T23:59:59+01:00,2,2,1815,1520,2404,3768,2558,6412,3329,9685,3921,7690,2016,1964,1819,2831,1169,4033,1,1,826,663,1316,1930,1571,3280,1985,5038,2389,4076,1114,1125,1068,1879,793,3161,53230,32211,755,1,2944,0,0,9,4
2021-02-14T23:59:59+01:00,2,2,1725,1490,2356,3707,2516,6318,3258,9581,3874,7612,2005,1954,1761,2771,1119,3973,1,1,811,653,1300,1907,1544,3257,1951,4997,2363,4020,1104,1115,1061,1870,790,3149,52891,31890,726,1,2398,0,0,9,3
2021-02-13T23:59:59+01:00,2,2,1724,1478,2346,3700,2510,6304,3255,9565,3867,7602,1996,1934,1737,2751,1115,3963,1,1,811,653,1300,1907,1544,3257,1951,4997,2363,4020,1104,1115,1061,1870,790,3149,52734,31890,726,1,2382,0,0,9,3
2021-02-12T23:59:59+01:00,2,2,1645,1393,2245,3586,2431,6131,3150,9327,3743,7336,1948,1876,1673,2680,1092,3934,1,1,804,645,1288,1884,1531,3238,1943,4966,2347,4000,1099,1110,1060,1851,790,3118,51790,31673,726,0,1669,0,0,9,3
2021-02-11T23:59:59+01:00,2,2,1450,1258,2064,3374,2303,5839,2999,8893,3586,6988,1875,1774,1631,2616,1072,3911,1,1,775,597,1193,1705,1404,2960,1803,4604,2181,3710,1046,1046,1016,1773,749,2975,50390,29538,685,0,553,0,0,9,1
2021-02-10T23:59:59+01:00,2,2,1357,1211,1980,3247,2234,5667,2917,8614,3475,6756,1805,1727,1583,2549,1053,3848,1,1,565,513,971,1479,1261,2649,1618,4144,1977,3328,926,918,883,1514,657,2633,49212,26037,646,0,161,0,0,8,1
2021-02-09T23:59:59+01:00,2,2,1322,1162,1945,3153,2206,5482,2850,8274,3405,6498,1731,1665,1521,2488,1034,3806,1,1,303,380,756,1213,1075,2271,1412,3604,1727,2871,759,756,709,1207,523,2128,47943,21695,516,0,80,0,0,7,1
2021-02-08T23:59:59+01:00,2,2,1315,1127,1913,3036,2169,5260,2798,7995,3346,6262,1688,1631,1472,2433,1017,3783,1,1,267,341,653,1060,970,2055,1253,3211,1531,2555,657,636,607,1019,451,1842,46817,19109,346,0,79,0,0,7,1
2021-02-07T23:59:59+01:00,2,2,1289,1111,1883,2984,2143,5178,2768,7892,3304,6196,1672,1615,1457,2414,1005,3768,1,1,233,286,604,970,909,1900,1163,2983,1433,2383,616,616,585,984,441,1811,46531,17919,145,0,0,0,0,7,0
2021-02-06T23:59:59+01:00,2,2,1284,1105,1877,2972,2134,5150,2755,7848,3293,6151,1659,1607,1452,2404,1002,3767,1,1,214,255,582,931,881,1835,1120,2864,1376,2300,600,597,578,984,441,1811,46312,17371,145,0,0,0,0,7,0
2021-02-05T23:59:59+01:00,2,2,1225,1053,1828,2864,2082,4954,2694,7552,3216,5935,1596,1552,1435,2380,994,3761,1,1,197,222,546,880,845,1755,1082,2744,1323,2200,566,573,566,960,429,1786,44973,16676,145,0,0,0,0,7,0
2021-02-04T23:59:59+01:00,2,2,1213,990,1787,2716,2010,4642,2612,7104,3116,5606,1551,1519,1418,2363,989,3750,1,1,168,170,472,760,746,1614,969,2505,1209,1986,520,520,518,904,408,1666,43347,15137,37,0,0,0,0,6,0
2021-02-03T23:59:59+01:00,2,2,1195,961,1757,2636,1971,4494,2546,6842,3064,5392,1514,1487,1388,2328,970,3720,1,1,139,141,397,646,630,1376,823,2127,1011,1694,400,384,374,682,288,1259,42226,12373,37,0,0,0,0,6,0
2021-02-02T23:59:59+01:00,2,2,1178,905,1722,2535,1930,4274,2473,6510,2958,5120,1460,1440,1364,2297,960,3695,1,1,116,116,321,524,524,1137,678,1796,822,1385,299,280,293,500,225,947,40782,9965,37,0,0,0,0,6,0
2021-02-01T23:59:59+01:00,1,2,1165,845,1687,2411,1879,4029,2396,6119,2836,4824,1392,1357,1334,2251,947,3666,0,0,83,76,221,353,351,744,430,1159,480,863,186,170,171,298,126,562,39098,6273,37,0,0,0,0,6,0
2021-01-31T23:59:59+01:00,1,2,1161,827,1670,2354,1854,3907,2364,5935,2769,4703,1361,1334,1323,2235,940,3650,0,0,72,70,187,281,273,577,341,905,398,696,160,155,159,289,122,548,38350,5233,34,0,0,0,0,6,0
2021-01-30T23:59:59+01:00,1,2,1161,824,1669,2349,1852,3896,2362,5924,2766,4693,1360,1330,1322,2234,940,3649,0,0,69,63,154,234,245,509,306,787,355,621,159,148,154,285,122,547,38295,4758,33,0,0,0,0,6,0
2021-01-29T23:59:59+01:00,1,2,1110,815,1630,2341,1841,3889,2354,5909,2758,4682,1356,1327,1318,2234,940,3649,0,0,61,45,117,179,201,353,250,639,310,493,148,139,143,275,119,546,38119,4018,31,0,0,0,0,6,0
2021-01-28T23:59:59+01:00,1,2,1035,789,1574,2278,1808,3820,2307,5837,2725,4630,1344,1315,1308,2228,928,3635,0,0,39,20,75,106,132,206,155,383,202,296,115,106,117,221,107,496,37530,2776,28,0,0,0,0,6,0
2021-01-27T23:59:59+01:00,1,2,888,737,1479,2203,1740,3706,2234,5708,2667,4504,1314,1269,1279,2189,912,3599,0,0,30,13,63,88,106,162,122,326,175,250,107,88,104,201,103,459,36407,2397,19,0,0,0,0,5,0
2021-01-26T23:59:59+01:00,1,2,873,717,1416,2128,1679,3576,2146,5536,2579,4392,1255,1229,1229,2115,887,3538,0,0,29,12,60,85,102,156,118,311,174,240,104,82,97,180,92,409,35279,2251,14,0,0,0,0,5,0
2021-01-25T23:59:59+01:00,1,2,861,696,1384,2067,1646,3479,2100,5366,2522,4300,1201,1204,1174,2055,870,3472,0,0,27,12,57,85,99,154,117,309,173,240,103,81,96,179,90,406,34391,2228,5,0,0,0,0,4,0
2021-01-24T23:59:59+01:00,1,2,858,695,1378,2056,1641,3462,2092,5341,2510,4268,1197,1196,1169,2048,869,3466,0,0,27,12,57,85,98,153,117,309,173,239,103,81,96,179,90,405,34241,2224,5,0,0,0,0,3,0
2021-01-23T23:59:59+01:00,1,2,858,695,1378,2056,1640,3462,2092,5341,2510,4268,1197,1196,1169,2048,869,3466,0,0,27,12,57,85,98,153,117,309,172,239,103,81,96,179,90,405,34241,2223,4,0,0,0,0,3,0
2021-01-22T23:59:59+01:00,1,2,857,685,1364,2033,1625,3438,2079,5307,2494,4248,1195,1191,1168,2025,868,3432,0,0,27,12,57,85,98,153,117,309,171,239,103,81,96,179,90,405,34005,2222,4,0,0,0,0,3,0
2021-01-21T23:59:59+01:00,1,2,825,649,1287,1878,1524,3245,1983,5035,2384,4048,1154,1131,1139,1955,830,3311,0,0,25,11,53,80,90,144,107,280,157,216,89,72,85,155,74,345,32377,1983,3,0,0,0,0,1,0
2021-01-20T23:59:59+01:00,1,2,626,551,1093,1661,1386,2971,1806,4629,2179,3707,1025,1012,1009,1714,753,3007,0,0,23,11,52,76,87,143,99,267,146,197,78,65,79,130,62,307,29128,1822,3,0,0,0,0,1,0
2021-01-19T23:59:59+01:00,1,2,341,407,844,1405,1182,2623,1570,4100,1915,3257,850,842,838,1425,631,2565,0,0,19,8,37,53,58,78,73,180,103,134,58,50,51,96,47,238,24795,1283,2,0,0,0,0,1,0
2021-01-18T23:59:59+01:00,1,2,300,371,731,1216,1064,2369,1377,3599,1674,2876,709,690,677,1169,527,2120,0,0,8,4,12,18,20,26,24,52,25,47,13,11,13,33,11,72,21470,389,1,0,0,0,0,1,0
2021-01-17T23:59:59+01:00,1,2,258,319,664,1120,984,2198,1279,3326,1560,2664,663,660,648,1109,499,2052,0,0,0,0,1,0,3,2,2,1,2,2,1,4,1,0,0,1,20005,20,1,0,0,0,0,0,0
2021-01-16T23:59:59+01:00,1,2,241,289,648,1084,960,2136,1237,3215,1509,2590,647,642,640,1109,499,2051,0,0,0,0,0,0,1,2,1,1,1,2,0,1,1,0,0,1,19499,11,1,0,0,0,0,0,0
2021-01-15T23:59:59+01:00,1,2,225,255,618,1032,933,2058,1203,3097,1457,2493,616,616,633,1088,492,2039,0,0,0,0,0,0,0,0,0,0,0,0,0,0,0,0,0,0,18858,0,0,0,0,0,0,0,0
2021-01-14T23:59:59+01:00,1,2,195,206,557,909,844,1913,1108,2875,1342,2308,572,572,593,1042,485,1993,0,0,0,0,0,0,0,0,0,0,0,0,0,0,0,0,0,0,17517,0,0,0,0,0,0,0,0
2021-01-13T23:59:59+01:00,1,2,166,185,508,836,771,1787,1009,2638,1187,2083,456,453,451,824,369,1552,0,0,0,0,0,0,0,0,0,0,0,0,0,0,0,0,0,0,15278,0,0,0,0,0,0,0,0
2021-01-12T23:59:59+01:00,1,2,142,164,477,767,719,1632,920,2435,1079,1851,366,344,351,591,270,1115,0,0,0,0,0,0,0,0,0,0,0,0,0,0,0,0,0,0,13226,0,0,0,0,0,0,0,0
2021-01-11T23:59:59+01:00,0,1,113,127,401,637,629,1378,757,1977,847,1462,228,203,201,357,153,673,0,0,0,0,0,0,0,0,0,0,0,0,0,0,0,0,0,0,10144,0,0,0,0,0,0,0,0
2021-01-10T23:59:59+01:00,0,1,87,92,310,458,473,1000,548,1449,623,1065,190,179,184,344,147,659,0,0,0,0,0,0,0,0,0,0,0,0,0,0,0,0,0,0,7809,0,0,0,0,0,0,0,0
2021-01-09T23:59:59+01:00,0,1,77,84,263,396,402,867,481,1232,547,908,183,169,179,339,147,657,0,0,0,0,0,0,0,0,0,0,0,0,0,0,0,0,0,0,6932,0,0,0,0,0,0,0,0
2021-01-08T23:59:59+01:00,0,1,64,64,190,288,304,585,367,934,440,689,175,164,163,327,145,657,0,0,0,0,0,0,0,0,0,0,0,0,0,0,0,0,0,0,5557,0,0,0,0,0,0,0,0
2021-01-07T23:59:59+01:00,0,0,45,25,81,122,140,231,165,421,222,344,130,128,144,277,131,602,0,0,0,0,0,0,0,0,0,0,0,0,0,0,0,0,0,0,3208,0,0,0,0,0,0,0,0
2021-01-06T23:59:59+01:00,0,0,33,18,70,93,119,180,137,344,193,279,111,99,115,227,112,517,0,0,0,0,0,0,0,0,0,0,0,0,0,0,0,0,0,0,2647,0,0,0,0,0,0,0,0
2021-01-05T23:59:59+01:00,0,0,30,13,60,89,108,166,121,329,179,256,109,94,114,220,109,499,0,0,0,0,0,0,0,0,0,0,0,0,0,0,0,0,0,0,2496,0,0,0,0,0,0,0,0
2021-01-04T23:59:59+01:00,0,0,27,12,57,86,100,158,116,314,177,244,108,90,107,206,99,461,0,0,0,0,0,0,0,0,0,0,0,0,0,0,0,0,0,0,2362,0,0,0,0,0,0,0,0
2021-01-03T23:59:59+01:00,0,0,27,12,57,86,100,158,116,314,177,244,108,90,106,205,99,461,0,0,0,0,0,0,0,0,0,0,0,0,0,0,0,0,0,0,2360,0,0,0,0,0,0,0,0
2021-01-02T23:59:59+01:00,0,0,27,12,57,86,100,158,116,314,176,244,108,90,106,205,99,461,0,0,0,0,0,0,0,0,0,0,0,0,0,0,0,0,0,0,2359,0,0,0,0,0,0,0,0
2021-01-01T23:59:59+01:00,0,0,27,12,57,86,100,158,116,314,174,243,108,90,106,205,99,461,0,0,0,0,0,0,0,0,0,0,0,0,0,0,0,0,0,0,2356,0,0,0,0,0,0,0,0
2020-12-31T23:59:59+01:00,0,0,27,12,57,86,100,158,116,314,174,243,108,90,106,205,99,461,0,0,0,0,0,0,0,0,0,0,0,0,0,0,0,0,0,0,2356,0,0,0,0,0,0,0,0
2020-12-30T23:59:59+01:00,0,0,26,12,57,85,99,155,116,313,174,243,108,90,106,205,99,461,0,0,0,0,0,0,0,0,0,0,0,0,0,0,0,0,0,0,2349,0,0,0,0,0,0,0,0
2020-12-29T23:59:59+01:00,0,0,20,9,42,60,76,91,86,218,128,191,83,77,77,171,80,373,0,0,0,0,0,0,0,0,0,0,0,0,0,0,0,0,0,0,1782,0,0,0,0,0,0,0,0
2020-12-28T23:59:59+01:00,0,0,9,6,18,30,31,45,40,113,53,103,36,42,39,98,43,211,0,0,0,0,0,0,0,0,0,0,0,0,0,0,0,0,0,0,917,0,0,0,0,0,0,0,0
2020-12-27T23:59:59+01:00,0,0,2,2,4,5,7,11,10,24,6,23,6,7,7,25,5,56,0,0,0,0,0,0,0,0,0,0,0,0,0,0,0,0,0,0,200,0,0,0,0,0,0,0,0
