Datum,<15_1_m,<15_1_w,15-24_1_m,15-24_1_w,25-34_1_m,25-34_1_w,35-44_1_m,35-44_1_w,45-54_1_m,45-54_1_w,55-64_1_m,55-64_1_w,65-74_1_m,65-74_1_w,75-84_1_m,75-84_1_w,>84_1_m,>84_1_w,<15_2_m,<15_2_w,15-24_2_m,15-24_2_w,25-34_2_m,25-34_2_w,35-44_2_m,35-44_2_w,45-54_2_m,45-54_2_w,55-64_2_m,55-64_2_w,65-74_2_m,65-74_2_w,75-84_2_m,75-84_2_w,>84_2_m,>84_2_w,bp_1,bp_2,mo_1,mo_2,az_1,az_2,ja,unb_1,unb_2
2021-11-21T23:59:59+01:00,14968,14087,67994,62866,74288,69263,81833,82105,102085,103488,111759,110105,75395,81848,52713,64833,15273,26427,11024,10282,59654,55999,66499,61840,74933,75422,95697,97083,106616,105356,73409,79623,51449,63168,14751,25335,902915,830249,73543,69410,182827,176316,52094,59,71
2021-11-20T23:59:59+01:00,14733,13877,67894,62781,74180,69163,81732,82036,102019,103428,111692,110036,75377,81825,52704,64812,15269,26419,11011,10270,59619,55954,66446,61798,74883,75382,95653,97043,106575,105332,73402,79611,51447,63165,14749,25334,901639,829817,73473,69382,182826,176316,52088,59,71
2021-11-19T23:59:59+01:00,14399,13530,67646,62587,73996,68966,81575,81871,101887,103262,111582,109922,75322,81781,52680,64780,15261,26402,10950,10204,59459,55849,66304,61674,74742,75255,95522,96935,106467,105258,73378,79578,51433,63143,14745,25328,899247,828428,73355,69338,182825,176316,52071,59,71
2021-11-18T23:59:59+01:00,14091,13246,67367,62310,73768,68706,81358,81641,101709,103077,111444,109776,75266,81701,52653,64735,15253,26384,10864,10134,59296,55715,66108,61514,74591,75129,95374,96818,106339,105183,73342,79517,51416,63117,14740,25316,896495,826848,73196,69260,182825,176316,52018,59,71
2021-11-17T23:59:59+01:00,13918,13073,67177,62141,73528,68493,81193,81479,101531,102946,111311,109652,75212,81641,52624,64682,15239,26359,10805,10077,59153,55597,65961,61382,74461,75008,95235,96715,106235,105113,73306,79468,51392,63086,14737,25298,894381,825466,73075,69214,182823,176310,51968,59,71
2021-11-16T23:59:59+01:00,13722,12899,66947,61937,73275,68239,80970,81268,101350,102793,111176,109532,75151,81574,52590,64620,15224,26329,10756,10025,59025,55494,65826,61254,74334,74899,95120,96622,106152,105044,73269,79428,51372,63060,14731,25281,891892,824205,73004,69182,182823,176309,51925,59,71
2021-11-15T23:59:59+01:00,13561,12733,66689,61727,73022,67967,80754,81055,101162,102602,111038,109396,75099,81524,52570,64590,15212,26304,10711,9988,58920,55398,65718,61156,74235,74813,95052,96545,106076,104971,73229,79388,51353,63034,14724,25272,889438,823167,72920,69155,182812,176307,51883,59,71
2021-11-14T23:59:59+01:00,13290,12484,66299,61417,72698,67651,80475,80823,100939,102386,110880,109269,75043,81466,52548,64554,15205,26282,10658,9928,58782,55289,65612,61062,74131,74700,94961,96464,105999,104896,73178,79349,51334,63018,14719,25264,886302,822008,72819,69133,182808,176304,51828,59,71
2021-11-13T23:59:59+01:00,13150,12343,66003,61177,72452,67424,80256,80635,100772,102210,110755,109187,75009,81429,52531,64536,15199,26277,10638,9905,58711,55220,65548,61009,74085,74654,94899,96420,105975,104862,73170,79337,51329,63015,14719,25262,884012,821457,72768,69120,182807,176304,51806,59,71
2021-11-12T23:59:59+01:00,12986,12163,65664,60894,72168,67189,80036,80417,100599,102009,110629,109066,74986,81394,52519,64512,15196,26274,10605,9861,58596,55111,65429,60916,73974,74565,94805,96340,105917,104824,73152,79315,51320,63003,14715,25254,881465,820461,72698,69087,182806,176303,51780,59,71
2021-11-11T23:59:59+01:00,12754,11938,65258,60566,71807,66848,79692,80114,100351,101764,110439,108893,74935,81320,52490,64473,15190,26259,10520,9783,58445,54977,65299,60802,73865,74441,94710,96234,105820,104746,73115,79269,51304,62977,14705,25242,878108,819107,72510,69057,182802,176301,51718,59,71
2021-11-10T23:59:59+01:00,12612,11816,65007,60319,71498,66549,79444,79895,100165,101597,110298,108753,74875,81245,52456,64432,15183,26244,10459,9732,58339,54864,65165,60672,73758,74346,94599,96141,105742,104682,73082,79220,51282,62955,14700,25235,875581,817954,72435,69034,182794,176289,51625,59,71
2021-11-09T23:59:59+01:00,12456,11661,64596,60028,71109,66228,79146,79629,99905,101358,110093,108607,74807,81189,52433,64388,15177,26228,10399,9677,58213,54738,65046,60547,73670,74243,94505,96046,105659,104610,73039,79181,51257,62927,14693,25214,872405,816769,72369,69021,182782,176274,51529,59,71
2021-11-08T23:59:59+01:00,12346,11552,64220,59781,70735,65924,78867,79391,99668,101161,109943,108461,74755,81128,52412,64341,15172,26208,10351,9643,58101,54644,64960,60428,73584,74148,94411,95948,105590,104548,73009,79137,51241,62897,14689,25198,869604,815742,72290,68995,182768,176269,51450,59,71
2021-11-07T23:59:59+01:00,12265,11474,63931,59583,70444,65671,78594,79212,99474,101010,109818,108346,74719,81068,52393,64321,15168,26196,10313,9595,57993,54570,64875,60334,73494,74078,94333,95881,105530,104491,72990,79113,51229,62877,14687,25189,867436,814923,72185,68967,182760,176258,51353,59,71
2021-11-06T23:59:59+01:00,12161,11376,63736,59373,70204,65440,78414,79064,99302,100846,109711,108257,74703,81045,52380,64312,15166,26193,10299,9585,57941,54534,64831,60283,73468,74050,94305,95852,105510,104469,72978,79102,51225,62873,14686,25187,865488,814559,72157,68966,182759,176256,51326,59,71
2021-11-05T23:59:59+01:00,12025,11255,63502,59167,69955,65197,78192,78857,99139,100680,109603,108160,74673,81019,52374,64301,15165,26191,10260,9541,57855,54484,64767,60222,73413,74000,94263,95802,105471,104432,72962,79084,51217,62864,14686,25184,863479,813975,71981,68924,182757,176253,51284,59,71
2021-11-04T23:59:59+01:00,11937,11159,63269,58974,69673,64958,77989,78655,98947,100518,109475,108043,74633,80988,52364,64283,15160,26167,10198,9473,57726,54402,64680,60116,73325,73918,94194,95730,105411,104367,72933,79058,51194,62840,14678,25168,861494,813026,71812,68888,182753,176247,51179,59,71
2021-11-03T23:59:59+01:00,11855,11099,63047,58818,69446,64781,77799,78513,98792,100407,109372,107977,74610,80962,52350,64265,15156,26157,10133,9420,57598,54282,64567,59994,73231,73835,94109,95664,105354,104318,72905,79024,51174,62813,14671,25152,859887,811982,71732,68865,182752,176246,51080,59,71
2021-11-02T23:59:59+01:00,11777,11021,62823,58657,69156,64559,77577,78349,98602,100256,109249,107878,74588,80925,52336,64240,15150,26146,10073,9352,57443,54183,64456,59880,73128,73755,94016,95584,105297,104251,72870,78983,51166,62786,14663,25136,857970,810902,71649,68846,182750,176242,50961,59,71
2021-11-01T23:59:59+01:00,11684,10939,62549,58475,68896,64367,77373,78204,98431,100124,109140,107792,74561,80901,52326,64219,15145,26135,10005,9282,57312,54076,64323,59784,73038,73653,93942,95512,105238,104198,72834,78950,51153,62755,14655,25115,856146,809861,71574,68800,182729,176239,50854,58,71
2021-10-31T23:59:59+01:00,11673,10927,62516,58459,68872,64346,77348,78180,98413,100114,109128,107785,74559,80901,52326,64219,15145,26134,9988,9264,57293,54061,64311,59768,73027,73640,93938,95507,105233,104194,72834,78948,51153,62754,14654,25115,855969,809747,71560,68794,182727,176239,50831,58,71
2021-10-30T23:59:59+02:00,11667,10923,62500,58441,68846,64329,77330,78160,98398,100102,109121,107783,74557,80901,52326,64219,15144,26133,9984,9264,57279,54052,64304,59765,73016,73631,93932,95501,105230,104193,72834,78947,51152,62754,14654,25114,855835,809699,71551,68788,182727,176239,50809,58,71
2021-10-29T23:59:59+02:00,11601,10864,62312,58321,68636,64180,77147,78037,98227,99976,109011,107724,74534,80887,52315,64203,15140,26125,9952,9237,57169,53971,64214,59688,72952,73569,93860,95456,105190,104170,72817,78929,51147,62742,14650,25108,854345,809050,71511,68760,182725,176239,50701,58,71
2021-10-28T23:59:59+02:00,11517,10792,62084,58164,68385,63984,76941,77881,98034,99819,108907,107639,74509,80844,52300,64192,15135,26117,9894,9185,57012,53821,64081,59577,72852,73472,93792,95379,105108,104101,72793,78897,51134,62729,14646,25098,852572,807994,71442,68730,182721,176225,50551,58,71
2021-10-27T23:59:59+02:00,11448,10708,61919,58010,68185,63830,76778,77756,97905,99718,108835,107585,74489,80811,52292,64174,15133,26104,9833,9128,56894,53704,63975,59478,72748,73385,93721,95314,105047,104066,72770,78866,51121,62706,14642,25083,851231,807039,71326,68707,182718,176217,50447,58,71
2021-10-26T23:59:59+02:00,11363,10609,61777,57853,68007,63663,76619,77647,97789,99615,108755,107526,74460,80783,52271,64142,15120,26080,9772,9053,56744,53587,63871,59363,72674,73314,93647,95249,105001,104021,72747,78842,51098,62679,14635,25075,849792,806062,71265,68680,182712,176207,50352,58,71
2021-10-25T23:59:59+02:00,11339,10590,61720,57803,67960,63625,76572,77604,97753,99594,108733,107508,74451,80771,52270,64137,15117,26079,9748,9030,56683,53545,63835,59334,72646,73276,93620,95230,104984,104004,72745,78837,51096,62675,14635,25073,849374,805716,71255,68675,182712,176207,50327,58,71
2021-10-24T23:59:59+02:00,11296,10550,61608,57725,67858,63535,76491,77530,97676,99547,108697,107479,74437,80757,52264,64135,15115,26078,9699,8990,56607,53466,63757,59252,72582,73228,93570,95176,104954,103965,72721,78821,51087,62665,14632,25071,848693,805101,71204,68662,182712,176198,50211,58,71
2021-10-23T23:59:59+02:00,11292,10547,61598,57712,67840,63519,76479,77516,97662,99539,108692,107474,74436,80756,52264,64135,15115,26078,9694,8988,56598,53453,63743,59244,72575,73214,93561,95169,104951,103961,72719,78819,51087,62663,14632,25070,848607,805031,71190,68654,182711,176197,50188,58,71
2021-10-22T23:59:59+02:00,11229,10499,61441,57599,67659,63385,76337,77396,97534,99438,108615,107424,74419,80737,52260,64127,15114,26073,9640,8940,56483,53356,63660,59164,72500,73142,93492,95113,104914,103934,72702,78801,51082,62653,14632,25070,847409,804294,71113,68622,182710,176195,50096,58,71
2021-10-21T23:59:59+02:00,11151,10420,61283,57476,67498,63256,76201,77265,97410,99344,108526,107356,74392,80708,52247,64100,15109,26062,9566,8836,56352,53220,63532,59034,72418,73039,93394,95029,104857,103884,72667,78766,51072,62629,14626,25063,846092,803158,71081,68598,182709,176193,49964,58,71
2021-10-20T23:59:59+02:00,11109,10370,61181,57376,67391,63150,76111,77178,97326,99283,108476,107316,74377,80689,52236,64092,15105,26055,9483,8776,56220,53080,63425,58929,72342,72925,93325,94970,104788,103828,72641,78734,51059,62604,14623,25053,845201,802075,71059,68573,182705,176190,49896,58,71
2021-10-19T23:59:59+02:00,11058,10319,61110,57304,67313,63067,76038,77111,97274,99245,108436,107281,74352,80671,52222,64068,15094,26038,9399,8689,56080,52967,63310,58817,72255,72831,93243,94871,104721,103758,72592,78688,51041,62566,14616,25033,844473,800841,71036,68547,182702,176188,49830,58,71
2021-10-18T23:59:59+02:00,11012,10272,61032,57230,67229,62998,75977,77046,97224,99190,108394,107235,74336,80652,52216,64044,15090,26022,9346,8639,55962,52822,63183,58681,72164,72732,93159,94771,104664,103701,72549,78650,51014,62538,14605,25016,843748,799640,71011,68531,182702,176177,49777,58,71
2021-10-17T23:59:59+02:00,10984,10246,60983,57191,67193,62958,75946,77021,97183,99151,108383,107209,74326,80642,52213,64032,15086,26016,9290,8592,55866,52742,63102,58587,72100,72646,93101,94716,104626,103659,72522,78619,51002,62511,14599,24998,843374,798819,71005,68506,182696,176156,49726,58,71
2021-10-16T23:59:59+02:00,10980,10241,60977,57187,67184,62949,75939,77017,97177,99149,108382,107206,74325,80642,52213,64031,15086,26016,9283,8587,55862,52728,63096,58581,72095,72642,93098,94711,104624,103655,72521,78617,51002,62511,14599,24998,843328,798772,71002,68498,182696,176156,49713,58,71
2021-10-15T23:59:59+02:00,10942,10195,60884,57124,67123,62885,75877,76956,97126,99096,108343,107183,74314,80627,52211,64029,15084,26014,9235,8538,55742,52609,63019,58507,72027,72569,93030,94651,104576,103612,72504,78598,50992,62494,14598,24994,842705,797948,70981,68452,182696,176155,49669,58,71
2021-10-14T23:59:59+02:00,10894,10131,60773,57028,67058,62787,75813,76882,97062,99035,108307,107135,74299,80608,52199,64015,15080,26008,9129,8455,55576,52476,62902,58377,71956,72471,92926,94560,104516,103543,72469,78565,50970,62460,14588,24980,841929,796705,70960,68427,182687,176141,49575,58,71
2021-10-13T23:59:59+02:00,10837,10089,60682,56944,66990,62693,75742,76812,97003,98996,108256,107094,74279,80587,52184,63997,15076,25998,9061,8394,55441,52346,62799,58250,71859,72374,92849,94474,104437,103468,72431,78532,50950,62426,14577,24960,841167,795522,70946,68415,182684,176121,49499,58,71
2021-10-12T23:59:59+02:00,10778,10037,60574,56860,66888,62611,75673,76755,96957,98943,108218,107060,74255,80563,52175,63984,15071,25989,8986,8332,55309,52194,62689,58129,71774,72267,92792,94390,104364,103401,72391,78484,50926,62395,14572,24941,840378,794325,70936,68394,182681,176113,49433,58,71
2021-10-11T23:59:59+02:00,10724,9988,60472,56796,66798,62512,75596,76686,96895,98888,108165,107015,74229,80533,52157,63956,15056,25969,8925,8276,55185,52065,62561,57996,71696,72158,92714,94314,104288,103335,72345,78439,50898,62359,14559,24919,839540,793141,70916,68375,182674,176104,49341,58,71
2021-10-10T23:59:59+02:00,10694,9959,60410,56754,66738,62466,75554,76642,96862,98856,108138,106994,74217,80522,52154,63950,15051,25959,8873,8234,55084,51947,62468,57871,71612,72073,92640,94230,104227,103283,72314,78409,50877,62337,14553,24907,839123,792155,70907,68365,182668,176090,49258,58,71
2021-10-09T23:59:59+02:00,10693,9956,60400,56746,66725,62459,75549,76636,96857,98847,108133,106992,74217,80518,52154,63950,15051,25958,8861,8226,55067,51931,62457,57855,71601,72063,92633,94224,104220,103279,72311,78408,50877,62337,14553,24907,839063,792048,70902,68359,182667,176087,49245,58,71
2021-10-08T23:59:59+02:00,10642,9906,60305,56650,66650,62379,75491,76569,96809,98802,108098,106965,74207,80510,52147,63938,15046,25957,8819,8175,54964,51840,62379,57791,71533,71997,92584,94170,104192,103247,72303,78397,50870,62331,14551,24905,838374,791381,70876,68327,182665,176077,49192,58,71
2021-10-07T23:59:59+02:00,10578,9838,60154,56538,66558,62282,75403,76470,96736,98747,108034,106911,74182,80488,52137,63926,15039,25950,8711,8081,54833,51696,62275,57662,71422,71888,92497,94078,104106,103183,72251,78360,50847,62306,14539,24894,837420,790147,70865,68294,182664,176060,49058,58,70
2021-10-06T23:59:59+02:00,10522,9797,60015,56444,66473,62202,75324,76407,96675,98701,107986,106865,74162,80464,52120,63903,15036,25934,8636,8011,54693,51533,62181,57527,71326,71782,92392,93991,104016,103100,72213,78317,50822,62272,14529,24880,836575,788872,70854,68287,182662,176043,48949,58,70
2021-10-05T23:59:59+02:00,10455,9725,59876,56320,66372,62104,75243,76334,96599,98638,107939,106810,74140,80437,52111,63874,15030,25923,8549,7932,54509,51363,62067,57382,71213,71665,92283,93888,103945,103029,72159,78272,50798,62233,14521,24867,835626,787499,70839,68258,182659,176032,48816,58,70
2021-10-04T23:59:59+02:00,10394,9672,59723,56196,66229,61986,75137,76240,96501,98556,107875,106756,74119,80406,52091,63841,15026,25904,8474,7871,54333,51178,61951,57229,71080,71534,92200,93782,103847,102942,72124,78217,50753,62194,14511,24847,834498,786048,70826,68251,182654,176014,48684,58,70
2021-10-03T23:59:59+02:00,10351,9633,59669,56111,66161,61934,75078,76201,96471,98525,107841,106716,74107,80388,52081,63829,15025,25897,8417,7828,54217,51065,61868,57136,70993,71433,92134,93708,103782,102856,72090,78188,50734,62161,14504,24843,833992,785081,70821,68246,182642,175987,48573,58,70
2021-10-02T23:59:59+02:00,10345,9631,59659,56095,66146,61923,75070,76187,96466,98520,107839,106713,74106,80388,52080,63827,15025,25897,8412,7824,54202,51054,61856,57127,70990,71423,92130,93705,103780,102847,72087,78188,50733,62159,14503,24843,833916,785009,70810,68239,182642,175986,48559,58,70
2021-10-01T23:59:59+02:00,10290,9575,59501,55995,66067,61834,74990,76120,96412,98467,107780,106678,74090,80365,52069,63814,15024,25893,8350,7761,54086,50945,61801,57062,70943,71375,92075,93650,103745,102814,72074,78181,50728,62147,14501,24838,833073,784342,70791,68212,182640,175983,48469,58,70
2021-09-30T23:59:59+02:00,10216,9489,59358,55843,65932,61702,74886,76028,96305,98374,107688,106612,74061,80327,52054,63789,15020,25876,8271,7686,53936,50813,61704,56953,70849,71291,91990,93564,103672,102748,72038,78137,50707,62112,14501,24827,831932,783330,70762,68189,182636,175972,48238,58,70
2021-09-29T23:59:59+02:00,10138,9432,59205,55710,65812,61584,74800,75933,96205,98283,107623,106555,74023,80282,52046,63761,15015,25865,8192,7600,53777,50660,61592,56814,70752,71184,91895,93470,103576,102680,71988,78093,50682,62061,14494,24817,830900,782133,70733,68158,182633,175953,48013,58,70
2021-09-28T23:59:59+02:00,10053,9350,59064,55559,65649,61444,74693,75846,96098,98197,107541,106490,73972,80240,52026,63733,15008,25848,8117,7531,53625,50509,61455,56697,70658,71068,91818,93392,103500,102601,71948,78055,50659,62028,14490,24806,829736,781073,70720,68139,182629,175943,47732,58,70
2021-09-27T23:59:59+02:00,9993,9298,58907,55399,65507,61316,74602,75742,95994,98092,107450,106437,73926,80196,52007,63706,15002,25828,8051,7464,53472,50381,61328,56563,70565,70961,91716,93296,103413,102549,71899,78008,50637,61992,14483,24787,828685,780081,70697,68123,182624,175896,47395,58,70
2021-09-26T23:59:59+02:00,9951,9257,58820,55312,65422,61230,74544,75666,95930,98035,107403,106400,73901,80171,51995,63681,14995,25815,8003,7422,53373,50270,61240,56482,70487,70871,91644,93220,103358,102517,71870,77980,50615,61968,14477,24776,828043,779332,70679,68115,182608,175860,47196,58,70
2021-09-25T23:59:59+02:00,9942,9245,58803,55292,65405,61219,74533,75657,95924,98027,107394,106396,73901,80170,51994,63680,14995,25815,8002,7411,53347,50260,61226,56462,70474,70863,91638,93214,103348,102515,71870,77978,50615,61965,14477,24776,827964,779253,70672,68111,182606,175859,47148,58,70
2021-09-24T23:59:59+02:00,9890,9189,58693,55168,65307,61119,74442,75564,95838,97954,107335,106355,73872,80148,51986,63670,14994,25805,7948,7355,53242,50153,61150,56387,70401,70792,91567,93153,103275,102465,71843,77960,50604,61949,14472,24766,827080,778464,70654,68103,182600,175853,46992,58,70
2021-09-23T23:59:59+02:00,9799,9097,58454,54979,65132,60961,74318,75418,95693,97817,107226,106244,73826,80111,51966,63630,14982,25786,7881,7280,53061,50018,61031,56251,70286,70681,91449,93043,103182,102391,71808,77914,50586,61924,14459,24752,825664,777444,70601,68075,182596,175834,46574,58,70
2021-09-22T23:59:59+02:00,9715,9037,58266,54831,64971,60816,74203,75293,95566,97716,107125,106186,73783,80063,51940,63586,14962,25758,7806,7216,52917,49867,60911,56131,70195,70584,91356,92935,103119,102338,71767,77865,50555,61887,14445,24738,824408,776452,70579,68050,182586,175820,46240,58,70
2021-09-21T23:59:59+02:00,9645,8949,58116,54676,64823,60669,74064,75158,95428,97598,107033,106094,73749,80004,51923,63562,14954,25736,7713,7131,52769,49707,60792,56000,70094,70478,91249,92831,103024,102245,71728,77820,50529,61846,14436,24713,823125,775276,70562,68038,182582,175813,45908,58,70
2021-09-20T23:59:59+02:00,9584,8888,57978,54534,64665,60535,73945,75008,95301,97507,106944,106000,73687,79960,51897,63526,14941,25716,7657,7075,52650,49572,60669,55883,69985,70370,91149,92741,102947,102169,71675,77776,50505,61797,14429,24695,821918,774299,70548,68020,182575,175784,45571,58,70
2021-09-19T23:59:59+02:00,9532,8848,57859,54448,64556,60419,73857,74904,95229,97407,106882,105928,73670,79935,51884,63507,14939,25705,7621,7034,52541,49457,60578,55770,69892,70276,91082,92669,102868,102100,71641,77742,50484,61766,14423,24689,821138,773524,70529,68005,182563,175759,45275,58,70
2021-09-18T23:59:59+02:00,9515,8831,57833,54418,64521,60388,73829,74880,95213,97384,106870,105907,73667,79934,51881,63504,14939,25704,7612,7021,52511,49422,60547,55746,69871,70256,91062,92653,102855,102080,71638,77739,50484,61765,14422,24687,820917,773332,70519,67996,182563,175758,45215,58,70
2021-09-17T23:59:59+02:00,9428,8752,57664,54269,64391,60260,73704,74761,95109,97280,106786,105835,73632,79901,51869,63486,14932,25697,7549,6960,52345,49311,60425,55635,69779,70165,90980,92573,102782,102023,71605,77702,50469,61735,14413,24680,819769,772387,70474,67977,182562,175751,44946,58,70
2021-09-16T23:59:59+02:00,9350,8677,57453,54117,64217,60074,73525,74593,94960,97147,106632,105724,73562,79843,51846,63444,14925,25682,7485,6895,52180,49186,60279,55509,69652,70052,90869,92471,102678,101942,71560,77654,50448,61698,14406,24667,818301,771416,70457,67958,182539,175719,44468,58,70
2021-09-15T23:59:59+02:00,9257,8596,57248,53896,64034,59871,73344,74412,94814,96993,106486,105591,73502,79776,51801,63395,14915,25661,7426,6836,52021,49019,60151,55372,69526,69947,90766,92391,102572,101854,71514,77594,50414,61661,14396,24656,816543,770328,70438,67941,182535,175708,44069,58,70
2021-09-14T23:59:59+02:00,9149,8490,57058,53663,63855,59684,73198,74235,94682,96836,106361,105491,73429,79711,51772,63345,14899,25640,7351,6757,51850,48819,59997,55231,69404,69826,90657,92262,102478,101761,71463,77533,50386,61617,14388,24643,814787,768989,70426,67927,182514,175673,43764,57,70
2021-09-13T23:59:59+02:00,9087,8423,56841,53457,63698,59490,73039,74064,94533,96683,106226,105360,73376,79661,51734,63298,14879,25610,7305,6703,51684,48655,59869,55097,69322,69734,90539,92174,102383,101688,71419,77492,50358,61577,14378,24632,813097,767937,70415,67915,182499,175646,43441,57,70
2021-09-12T23:59:59+02:00,9041,8395,56719,53370,63608,59395,72962,73978,94459,96615,106164,105292,73348,79636,51720,63276,14874,25603,7258,6657,51552,48542,59767,54996,69246,69655,90463,92108,102311,101618,71383,77462,50343,61552,14373,24619,812376,767122,70398,67901,182482,175621,43192,57,69
2021-09-11T23:59:59+02:00,9035,8386,56702,53348,63590,59379,72949,73965,94451,96601,106159,105287,73347,79635,51720,63276,14874,25603,7251,6651,51532,48522,59747,54983,69230,69644,90453,92093,102308,101613,71378,77460,50343,61552,14373,24617,812297,767072,70390,67856,182479,175619,43134,57,69
2021-09-10T23:59:59+02:00,8963,8325,56542,53203,63476,59261,72842,73859,94333,96483,106083,105226,73310,79599,51705,63250,14870,25598,7219,6626,51405,48456,59683,54920,69169,69596,90388,92036,102271,101575,71357,77444,50334,61542,14369,24612,811181,766606,70357,67801,182473,175616,42910,57,69
2021-09-09T23:59:59+02:00,8892,8260,56343,53011,63310,59077,72684,73715,94184,96343,105959,105132,73251,79536,51674,63216,14866,25585,7153,6567,51219,48289,59528,54785,69035,69470,90269,91929,102157,101483,71314,77399,50306,61512,14363,24596,809823,765542,70336,67751,182454,175594,42418,56,69
2021-09-08T23:59:59+02:00,8806,8183,56162,52838,63157,58895,72539,73563,94022,96212,105865,105026,73186,79476,51645,63160,14861,25570,7077,6498,51042,48122,59403,54645,68910,69321,90143,91819,102072,101381,71258,77341,50282,61471,14359,24580,808421,764378,70308,67699,182418,175569,42009,56,69
2021-09-07T23:59:59+02:00,8719,8123,55998,52682,63039,58756,72422,73431,93918,96110,105760,104927,73135,79429,51618,63120,14853,25550,6999,6444,50873,47959,59271,54500,68784,69203,90038,91703,101972,101281,71210,77292,50260,61445,14354,24561,807169,763152,70302,67687,182415,175547,41694,56,69
2021-09-06T23:59:59+02:00,8657,8057,55851,52513,62901,58599,72314,73300,93815,95999,105678,104839,73083,79381,51586,63090,14842,25534,6933,6388,50724,47817,59132,54351,68669,69082,89956,91608,101875,101193,71161,77245,50238,61415,14347,24551,805949,762028,70276,67645,182383,175523,41420,56,69
2021-09-05T23:59:59+02:00,8627,8019,55783,52420,62839,58538,72266,73242,93768,95949,105650,104795,73062,79359,51576,63070,14835,25528,6884,6336,50633,47732,59068,54286,68606,69022,89910,91552,101834,101143,71141,77217,50225,61398,14341,24542,805428,761407,70267,67635,182361,175501,41258,56,69
2021-09-04T23:59:59+02:00,8620,8014,55763,52411,62830,58527,72258,73234,93761,95945,105647,104789,73061,79358,51576,63070,14835,25528,6880,6331,50619,47717,59052,54271,68601,69014,89902,91547,101830,101139,71140,77215,50224,61398,14341,24542,805367,761341,70264,67630,182360,175499,41224,56,69
2021-09-03T23:59:59+02:00,8554,7946,55629,52324,62758,58431,72179,73153,93683,95881,105577,104729,73031,79325,51557,63039,14828,25518,6821,6279,50503,47623,58973,54204,68542,68943,89841,91485,101766,101087,71112,77181,50203,61375,14338,24533,804446,760565,70257,67611,182353,175490,41074,56,69
2021-09-02T23:59:59+02:00,8459,7850,55437,52167,62634,58324,72085,73024,93562,95767,105472,104644,72974,79269,51525,62991,14817,25498,6726,6189,50279,47450,58827,54085,68439,68828,89708,91381,101649,100992,71055,77133,50179,61347,14330,24517,803311,759415,70212,67568,182339,175439,40623,56,69
2021-09-01T23:59:59+02:00,8383,7756,55284,52019,62503,58192,71996,72899,93469,95679,105394,104573,72936,79226,51502,62955,14810,25480,6640,6080,50104,47241,58702,53945,68359,68716,89606,91278,101544,100898,71016,77091,50154,61306,14323,24501,802195,758185,70188,67529,182325,175389,40333,56,68
2021-08-31T23:59:59+02:00,8275,7663,55122,51865,62397,58075,71916,72796,93381,95595,105309,104495,72895,79185,51480,62925,14800,25466,6525,5962,49897,47039,58582,53801,68245,68590,89508,91172,101435,100818,70970,77039,50134,61270,14311,24485,801111,756823,70180,67511,182315,175363,40018,56,68
2021-08-30T23:59:59+02:00,8199,7583,54946,51704,62285,57947,71801,72679,93258,95467,105191,104400,72845,79142,51463,62892,14779,25443,6428,5877,49699,46826,58457,53662,68146,68477,89392,91061,101322,100711,70920,77003,50107,61241,14297,24468,799927,755617,70140,67445,182283,175308,39656,56,68
2021-08-29T23:59:59+02:00,8157,7536,54854,51624,62226,57867,71734,72631,93204,95403,105143,104365,72825,79120,51448,62877,14773,25434,6374,5829,49581,46725,58368,53565,68076,68400,89335,91001,101261,100658,70895,76987,50093,61228,14291,24465,799392,754965,70138,67435,182273,175264,39400,56,68
2021-08-28T23:59:59+02:00,8139,7522,54816,51586,62195,57847,71707,72614,93186,95386,105129,104353,72820,79118,51446,62873,14773,25434,6368,5825,49543,46706,58342,53549,68055,68386,89315,90978,101254,100645,70889,76983,50091,61226,14291,24465,799184,754817,70137,67428,182271,175264,39334,56,68
2021-08-27T23:59:59+02:00,8054,7444,54634,51448,62083,57707,71610,72492,93063,95265,105018,104268,72775,79067,51423,62837,14761,25428,6333,5785,49418,46622,58263,53468,67973,68314,89235,90912,101197,100597,70854,76948,50077,61215,14289,24465,797867,754116,70132,67422,182259,175258,39101,56,68
2021-08-26T23:59:59+02:00,7990,7371,54479,51301,61965,57595,71512,72384,92958,95136,104911,104186,72733,79017,51400,62817,14756,25414,6283,5744,49255,46466,58143,53363,67876,68220,89129,90832,101128,100528,70813,76913,50053,61193,14284,24456,796822,753291,70122,67383,182249,175225,38712,56,68
2021-08-25T23:59:59+02:00,7926,7317,54334,51152,61854,57443,71404,72268,92850,95035,104810,104104,72677,78966,51372,62780,14743,25399,6214,5662,49059,46274,58018,53222,67757,68095,89013,90719,101030,100438,70756,76865,50027,61154,14278,24441,795815,752153,70096,67347,182238,175190,38264,56,68
2021-08-24T23:59:59+02:00,7814,7228,54193,50947,61728,57306,71297,72137,92733,94916,104705,104007,72624,78918,51337,62736,14735,25384,6132,5572,48840,46052,57880,53050,67647,67957,88911,90625,100938,100357,70718,76813,50002,61130,14274,24425,794407,750753,70079,67325,182228,175168,38010,56,67
2021-08-23T23:59:59+02:00,7752,7154,54018,50775,61598,57181,71183,72026,92606,94809,104606,103908,72572,78857,51303,62694,14728,25373,6072,5517,48658,45878,57760,52922,67540,67859,88806,90533,100851,100280,70678,76762,49974,61091,14270,24413,793205,749730,70049,67301,182213,175112,37654,56,67
2021-08-22T23:59:59+02:00,7724,7128,53934,50696,61545,57116,71144,71972,92563,94767,104561,103878,72552,78842,51294,62682,14727,25367,6034,5479,48539,45768,57669,52828,67465,67797,88735,90474,100807,100238,70648,76738,49959,61073,14267,24406,792775,749042,70041,67293,182192,175062,37460,56,67
2021-08-21T23:59:59+02:00,7718,7125,53909,50681,61527,57105,71128,71958,92550,94749,104550,103868,72547,78840,51294,62681,14727,25366,6029,5475,48520,45750,57649,52820,67446,67777,88717,90459,100797,100228,70646,76735,49959,61072,14267,24406,792703,748947,69999,67274,182188,175056,37408,56,67
2021-08-20T23:59:59+02:00,7687,7088,53817,50605,61453,57044,71057,71895,92485,94687,104498,103832,72522,78812,51282,62655,14718,25355,6006,5456,48428,45675,57574,52757,67378,67722,88660,90399,100738,100190,70623,76713,49953,61056,14258,24402,792158,748430,69927,67261,182185,175033,37197,56,67
2021-08-19T23:59:59+02:00,7621,7008,53685,50482,61303,56927,70939,71787,92371,94599,104402,103742,72473,78755,51252,62614,14709,25335,5979,5430,48294,45572,57455,52664,67286,67643,88569,90320,100640,100125,70590,76685,49933,61032,14254,24393,791115,747778,69890,67225,182168,174988,36806,56,67
2021-08-18T23:59:59+02:00,7546,6951,53541,50343,61176,56817,70828,71693,92262,94511,104300,103658,72415,78702,51217,62578,14699,25314,5945,5387,48176,45445,57336,52569,67196,67568,88453,90230,100564,100052,70546,76647,49913,61008,14248,24376,790112,747061,69860,67197,182157,174937,36397,56,67
2021-08-17T23:59:59+02:00,7463,6870,53378,50179,61071,56692,70712,71571,92157,94405,104192,103558,72362,78659,51189,62552,14691,25302,5895,5348,47982,45266,57206,52429,67072,67462,88322,90134,100455,99956,70490,76598,49888,60987,14241,24364,789028,746023,69838,67162,182152,174883,35960,56,67
2021-08-16T23:59:59+02:00,7389,6807,53249,50047,60974,56577,70611,71476,92064,94300,104099,103458,72319,78608,51159,62508,14683,25294,5871,5313,47842,45146,57098,52360,66976,67378,88224,90046,100371,99861,70447,76558,49864,60959,14234,24359,788153,745392,69790,67117,182137,174815,35517,56,66
2021-08-15T23:59:59+02:00,7340,6767,53170,49966,60905,56507,70545,71416,92005,94248,104044,103410,72284,78578,51150,62492,14679,25285,5850,5295,47737,45052,57006,52270,66906,67316,88145,89982,100315,99812,70410,76523,49848,60938,14229,24347,787677,744907,69776,67086,182123,174733,35190,56,65
2021-08-14T23:59:59+02:00,7318,6751,53097,49896,60856,56463,70509,71369,91968,94209,104005,103374,72263,78570,51141,62481,14677,25282,5774,5241,47500,44779,56838,52082,66752,67162,88010,89860,100200,99705,70361,76480,49837,60915,14225,24342,787193,743077,69769,67080,182123,174722,35119,56,65
2021-08-13T23:59:59+02:00,7277,6715,52986,49801,60772,56382,70457,71300,91892,94152,103955,103329,72240,78547,51129,62470,14675,25275,5546,5026,46995,44282,56597,51814,66523,66907,87737,89607,100004,99499,70274,76379,49798,60855,14219,24321,786436,739595,69765,67070,182123,174648,35005,56,65
2021-08-12T23:59:59+02:00,7246,6688,52887,49732,60714,56303,70382,71250,91822,94093,103894,103283,72206,78514,51115,62454,14673,25261,5326,4852,46498,43836,56322,51506,66264,66684,87481,89384,99664,99225,70164,76245,49744,60791,14208,24293,786002,736541,69739,67045,182107,174193,34644,56,64
2021-08-11T23:59:59+02:00,7179,6619,52720,49561,60584,56184,70299,71156,91713,93989,103793,103174,72145,78449,51083,62413,14667,25245,5050,4569,45820,43216,55948,51122,66002,66386,87186,89119,99328,98856,70024,76099,49684,60690,14197,24264,784821,732416,69718,67012,182098,173757,34311,56,64
2021-08-10T23:59:59+02:00,7102,6535,52522,49376,60437,56065,70190,71033,91588,93858,103670,103068,72092,78391,51052,62382,14659,25236,4827,4328,44864,42313,55277,50465,65505,65932,86723,88634,98836,98400,69819,75900,49584,60589,14176,24226,783457,726149,69709,66959,182090,173252,33974,56,64
2021-08-09T23:59:59+02:00,7058,6488,52411,49284,60359,55990,70132,70973,91519,93785,103598,103009,72049,78355,51046,62366,14655,25228,4587,4111,43857,41253,54560,49777,65029,65500,86276,88199,98320,97931,69631,75676,49494,60463,14148,24187,782889,719689,69639,66884,182078,172689,33673,56,64
2021-08-08T23:59:59+02:00,7012,6447,52346,49215,60320,55957,70094,70947,91462,93737,103545,102969,72029,78333,51032,62345,14649,25223,4572,4098,43802,41189,54500,49729,64963,65459,86204,88139,98253,97881,69606,75645,49473,60437,14140,24180,782601,719396,69632,66867,182064,172606,33337,56,64
2021-08-07T23:59:59+02:00,6973,6406,52235,49088,60239,55880,70036,70882,91393,93674,103495,102921,72012,78316,51023,62339,14649,25222,4259,3786,42835,40171,53946,49159,64528,65052,85828,87740,97933,97534,69462,75501,49417,60355,14123,24162,781809,713029,69628,66848,182064,172598,33254,56,62
2021-08-06T23:59:59+02:00,6930,6344,52102,48960,60165,55814,69970,70801,91313,93597,103435,102864,71988,78293,51012,62320,14647,25218,3951,3564,42151,39558,53701,48891,64304,64809,85591,87517,97704,97332,69378,75410,49375,60314,14117,24149,780937,709408,69623,66764,182063,172460,33122,56,62
2021-08-05T23:59:59+02:00,6819,6236,51846,48736,59989,55626,69827,70654,91151,93449,103293,102727,71927,78230,50985,62280,14634,25199,3758,3393,41315,38866,53183,48430,63933,64457,85132,87116,97081,96813,69191,75226,49309,60216,14098,24119,779311,704861,69570,66712,182028,171331,32670,56,62
2021-08-04T23:59:59+02:00,6730,6150,51650,48504,59842,55446,69718,70503,91015,93332,103175,102611,71866,78166,50959,62234,14623,25170,3384,3038,40470,38082,52812,48024,63613,64135,84760,86787,96669,96406,69027,75055,49232,60120,14082,24085,777903,700270,69534,66691,182015,170545,32213,56,62
2021-08-03T23:59:59+02:00,6657,6093,51480,48367,59717,55317,69626,70410,90914,93232,103078,102530,71812,78130,50940,62208,14615,25154,3254,2936,39467,37135,52013,47339,63069,63599,84241,86301,95955,95776,68784,74839,49140,60003,14061,24041,776862,694008,69525,66667,182008,169360,31856,56,62
2021-08-02T23:59:59+02:00,6609,6050,51344,48227,59625,55238,69542,70341,90859,93158,102998,102468,71772,78088,50919,62186,14608,25141,3085,2758,38193,35980,51051,46529,62355,63013,83635,85735,95154,95074,68531,74581,49052,59870,14041,24002,776161,686389,69477,66613,181979,168048,31527,56,62
2021-08-01T23:59:59+02:00,6566,5995,51174,48065,59472,55123,69449,70226,90751,93067,102910,102375,71730,78051,50897,62146,14603,25125,3061,2740,38008,35846,50892,46430,62224,62918,83457,85591,94701,94669,68414,74471,49013,59821,14030,23982,775109,685738,69448,66553,181961,166737,31178,56,62
2021-07-31T23:59:59+02:00,6523,5961,51079,47945,59416,55051,69399,70182,90711,93037,102883,102350,71719,78039,50889,62142,14603,25122,2657,2358,36397,34334,49982,45558,61687,62352,82953,85076,94221,94235,68227,74266,48934,59726,14012,23949,774496,676577,69444,66542,181961,166622,31121,56,62
2021-07-30T23:59:59+02:00,6487,5908,50929,47805,59330,54970,69330,70121,90638,92957,102827,102312,71702,78015,50880,62118,14600,25118,2381,2129,34942,32928,49010,44609,60955,61657,82265,84452,93539,93658,67992,74030,48829,59576,13993,23918,773729,667039,69419,66530,181955,166317,30915,56,62
2021-07-29T23:59:59+02:00,6372,5788,50498,47436,59111,54697,69139,69930,90450,92768,102664,102175,71627,77932,50847,62063,14585,25100,2304,2063,34209,32311,48384,44158,60548,61301,81839,84102,92765,92983,67796,73872,48766,59489,13973,23887,771403,663162,69365,66383,181912,164670,30473,56,62
2021-07-28T23:59:59+02:00,6300,5725,50244,47241,58978,54542,69011,69833,90319,92644,102555,102081,71571,77875,50820,62023,14576,25083,2280,2044,33882,32012,48060,43918,60315,61075,81657,83931,92526,92783,67722,73805,48732,59456,13960,23877,770084,661437,69329,66294,181885,164149,30094,56,61
2021-07-27T23:59:59+02:00,6247,5678,50083,47097,58836,54444,68916,69743,90217,92534,102450,102004,71526,77822,50790,61990,14568,25070,2138,1929,32413,30613,46783,42824,59480,60278,81052,83397,91502,91933,67446,73520,48644,59330,13928,23837,769173,652759,69302,66222,181861,162354,29651,55,61
2021-07-26T23:59:59+02:00,6224,5649,49964,47010,58737,54355,68837,69688,90129,92473,102384,101952,71485,77786,50768,61970,14562,25061,2004,1814,31042,29358,45460,41697,58375,59288,80340,82762,90335,90900,67135,73246,48554,59213,13904,23795,768636,643668,69235,66124,181823,160056,29313,54,61
2021-07-25T23:59:59+02:00,6204,5632,49851,46905,58648,54288,68773,69629,90064,92417,102322,101903,71452,77750,50749,61947,14559,25051,1988,1806,30831,29199,45188,41497,58111,59052,80065,82551,89369,90044,66928,73072,48485,59140,13892,23771,768222,642451,69223,66001,181797,157600,28876,53,61
2021-07-24T23:59:59+02:00,6169,5603,49731,46815,58579,54225,68725,69572,90018,92372,102281,101862,71447,77743,50746,61944,14558,25047,1730,1587,29239,27613,44043,40411,57414,58336,79448,81973,88723,89476,66748,72881,48414,59038,13878,23747,767613,632398,69213,65983,181789,157461,28796,53,61
2021-07-23T23:59:59+02:00,6084,5516,49555,46638,58484,54120,68615,69468,89912,92268,102191,101765,71411,77687,50725,61913,14554,25041,1501,1367,27542,26094,42785,39319,56479,57446,78756,81352,88015,88812,66478,72607,48335,58937,13857,23717,766232,621821,69209,65817,181769,156989,28711,53,61
2021-07-22T23:59:59+02:00,5944,5402,49260,46351,58287,53916,68444,69299,89726,92116,102035,101631,71344,77604,50683,61862,14543,25022,1417,1312,26721,25270,41876,38508,55536,56615,78010,80724,86348,87302,66103,72206,48224,58807,13826,23665,764293,613327,69164,65312,181736,155520,28250,53,61
2021-07-21T23:59:59+02:00,5668,5119,48726,45821,57983,53600,68213,69018,89448,91869,101767,101364,71217,77473,50624,61797,14534,24996,1385,1286,26466,25046,41451,38224,55090,56222,77636,80439,85539,86698,65934,72078,48168,58741,13808,23640,760681,611336,69138,65032,181714,153744,27678,53,61
2021-07-20T23:59:59+02:00,5591,5045,48443,45542,57811,53390,68038,68870,89268,91714,101601,101220,71141,77405,50585,61750,14525,24968,1294,1201,25286,23899,40158,37186,53748,55017,76728,79661,84172,85353,65627,71736,48060,58604,13780,23594,758998,600926,69131,64871,181669,152163,27083,53,61
2021-07-19T23:59:59+02:00,5511,4959,48118,45217,57587,53182,67871,68667,89081,91534,101453,101059,71068,77323,50542,61699,14516,24939,1214,1139,24459,23059,38845,36064,52015,53516,75455,78602,83057,84371,65333,71480,47960,58486,13755,23554,757194,590865,69121,64723,181641,150371,26344,53,61
2021-07-18T23:59:59+02:00,5503,4958,48043,45158,57489,53102,67799,68593,88987,91466,101380,100994,71031,77282,50517,61667,14514,24927,1199,1133,24316,22958,38572,35840,51679,53224,75203,78405,82152,83602,65141,71301,47905,58414,13750,23532,756909,589789,69097,64560,181601,148139,25777,53,61
2021-07-17T23:59:59+02:00,5476,4921,47944,45081,57415,53042,67736,68536,88927,91404,101335,100975,71022,77267,50512,61660,14514,24926,1005,945,22931,21498,37188,34540,50434,52029,74596,77848,81517,83005,65011,71153,47838,58352,13741,23512,756343,578910,69092,64533,181592,147999,25640,53,61
2021-07-16T23:59:59+02:00,5374,4842,47702,44849,57288,52935,67617,68423,88789,91307,101227,100871,70976,77216,50489,61641,14508,24920,809,783,21678,20260,35894,33296,48977,50708,73586,76913,80816,82344,64791,70930,47756,58251,13722,23480,754881,567276,69090,64469,181585,147796,25392,53,61
2021-07-15T23:59:59+02:00,5232,4713,47303,44527,57078,52740,67421,68237,88575,91107,101039,100702,70879,77114,50440,61567,14499,24891,750,740,21072,19758,34960,32594,47738,49759,72401,75994,78659,80209,64192,70332,47614,58072,13703,23417,752816,557909,69072,63438,181539,145950,24606,53,61
2021-07-14T23:59:59+02:00,4859,4389,46712,43951,56844,52473,67216,68032,88360,90863,100822,100505,70772,77004,50372,61484,14487,24867,734,724,20865,19613,34695,32433,47365,49456,71866,75602,77993,79672,63868,70054,47531,57989,13680,23383,749365,556093,69054,63249,181487,144047,24075,53,59
2021-07-13T23:59:59+02:00,4768,4309,46513,43797,56679,52314,67053,67885,88202,90736,100676,100378,70699,76942,50335,61437,14483,24851,705,685,20302,19076,33668,31613,45742,48000,70098,73934,76383,78108,63492,69662,47402,57817,13651,23331,748002,545139,69037,62473,181413,142424,23574,53,59
2021-07-12T23:59:59+02:00,4703,4231,46326,43605,56528,52172,66898,67759,88030,90597,100519,100238,70624,76854,50297,61381,14476,24833,681,664,19827,18644,32882,30990,44077,46543,67717,71860,74489,76603,62961,69076,47257,57655,13623,23280,746730,534030,69013,61904,181312,139852,22984,53,59
2021-07-11T23:59:59+02:00,4698,4228,46255,43552,56464,52122,66846,67720,87967,90544,100447,100178,70586,76811,50287,61366,14473,24819,673,659,19617,18499,32529,30745,43627,46165,67255,71500,73709,75905,62559,68697,47186,57565,13607,23247,746578,532225,69002,61579,181246,137377,22504,53,59
2021-07-10T23:59:59+02:00,4572,4092,45969,43244,56279,51924,66697,67544,87833,90404,100345,100072,70531,76754,50266,61340,14470,24810,641,627,19053,17950,31581,29885,41873,44584,65769,70217,73073,75285,62392,68546,47133,57513,13600,23233,744478,521599,68996,61563,181234,137329,22405,53,59
2021-07-09T23:59:59+02:00,4443,3974,45697,42991,56112,51728,66535,67378,87681,90239,100211,99967,70478,76681,50229,61299,14465,24798,594,578,18463,17377,30610,28921,39917,42654,63474,68090,71912,74144,62118,68220,47057,57387,13582,23208,742422,507901,68982,61182,181228,136923,22241,53,59
2021-07-08T23:59:59+02:00,4414,3948,45554,42876,55988,51608,66404,67277,87555,90116,100092,99870,70423,76628,50207,61261,14454,24784,547,534,17524,16574,29210,27885,38199,41199,61342,66265,68547,70989,61218,67246,46810,57043,13537,23112,741688,492629,68922,59102,181158,134339,21652,53,59
2021-07-07T23:59:59+02:00,4402,3942,45487,42832,55903,51552,66318,67232,87500,90076,100049,99819,70406,76605,50198,61243,14450,24774,469,481,16565,15721,27817,26871,36671,39963,59719,64806,65316,67510,60200,66202,46573,56721,13487,23039,741375,477319,68873,57185,181106,132186,21382,53,59
2021-07-06T23:59:59+02:00,4350,3894,45341,42701,55773,51412,66214,67123,87393,89984,99968,99734,70367,76545,50180,61216,14447,24760,402,417,15794,14983,26737,25960,34820,38248,56315,61780,62660,65047,59444,65412,46299,56387,13447,22936,740239,459408,68852,56358,181048,130051,21212,52,59
2021-07-05T23:59:59+02:00,4287,3849,45158,42525,55619,51308,66091,67012,87272,89890,99883,99636,70304,76481,50158,61188,14444,24745,368,365,15132,14362,25787,25145,33585,37113,53214,58803,59883,62582,58604,64600,46045,56075,13402,22858,739042,443317,68809,56009,180968,127558,20980,52,59
2021-07-04T23:59:59+02:00,4278,3843,45110,42491,55551,51273,66046,66984,87233,89858,99851,99609,70280,76460,50152,61173,14438,24734,349,345,14928,14157,25345,24785,32985,36585,52549,58274,58895,61719,57936,63966,45861,55871,13383,22808,738840,439227,68776,55807,180899,124850,20798,52,59
2021-07-03T23:59:59+02:00,4059,3664,44579,41929,55233,50897,65748,66704,86986,89597,99650,99413,70207,76388,50129,61127,14434,24722,331,329,14641,13834,24989,24430,32005,35665,50803,56725,58026,60983,57762,63768,45793,55786,13371,22783,735033,430643,68758,55789,180893,124802,20731,52,59
2021-07-02T23:59:59+02:00,3749,3378,43926,41334,54905,50558,65461,66399,86712,89346,99414,99187,70104,76275,50077,61057,14428,24705,304,292,14223,13388,24291,23818,30843,34598,48169,54555,55887,59193,57368,63337,45633,55627,13355,22745,730690,418116,68739,54737,180880,124071,20656,51,46
2021-07-01T23:59:59+02:00,3611,3268,43571,40985,54703,50382,65301,66235,86556,89204,99260,99066,70035,76207,50046,61023,14420,24690,261,251,13532,12705,22986,22735,29166,33083,46150,52809,53392,56912,55942,61763,45138,55012,13282,22617,728547,404570,68674,52423,180830,120236,20462,51,45
2021-06-30T23:59:59+02:00,3600,3251,43307,40788,54521,50246,65181,66135,86464,89139,99189,99015,70007,76183,50034,61001,14416,24679,199,212,12789,12103,21821,21835,27577,31713,44294,51094,49753,52948,54610,60427,44783,54572,13226,22489,727393,388808,68622,50516,180810,116795,20281,51,45
2021-06-29T23:59:59+02:00,3384,3031,42387,39957,53910,49640,64740,65702,86050,88686,98840,98687,69882,76034,49977,60930,14396,24649,170,160,12187,11503,21019,21064,26208,30504,41670,48678,47878,51399,53639,59316,44374,54035,13132,22336,721397,376756,68568,48991,180794,113408,20073,51,44
2021-06-28T23:59:59+02:00,3166,2851,41431,38964,53242,48986,64274,65310,85667,88294,98506,98343,69742,75874,49912,60830,14378,24625,127,128,11684,11051,20358,20475,25239,29606,39572,46733,46251,50031,52535,58270,44013,53529,13052,22214,715230,367260,68456,47952,180783,109736,19876,51,44
2021-06-27T23:59:59+02:00,3161,2848,41394,38928,53196,48947,64235,65274,85615,88259,98454,98315,69723,75861,49903,60816,14373,24622,109,111,11490,10857,20034,20160,24660,29041,38547,45880,45084,48937,51503,57257,43578,53020,12970,22071,715012,362655,68426,47509,180747,105412,19689,51,44
2021-06-26T23:59:59+02:00,2679,2374,40001,37565,52475,48204,63683,64710,85127,87738,98029,97882,69532,75686,49830,60712,14354,24599,99,100,11375,10755,19864,20004,24460,28824,38068,45442,44716,48585,51389,57112,43532,52972,12965,22056,706308,359698,68397,47504,180747,105394,19678,51,44
2021-06-25T23:59:59+02:00,2274,2038,39154,36756,52123,47846,63359,64386,84847,87427,97779,97616,69428,75569,49783,60650,14340,24577,75,82,11074,10444,19481,19577,23930,28200,35384,43136,42530,46670,51050,56733,43433,52841,12941,22025,701256,348118,68260,47058,180740,104740,19646,51,44
2021-06-24T23:59:59+02:00,2220,1985,38666,36297,51773,47518,63140,64175,84613,87232,97592,97459,69346,75504,49748,60604,14334,24562,62,59,10477,9861,18421,18690,22506,26945,33284,41296,40098,44376,49567,55081,42863,52140,12824,21822,698309,335221,68231,44459,180719,101189,19459,51,44
2021-06-23T23:59:59+02:00,2207,1961,38436,36071,51609,47347,63024,64064,84513,87136,97516,97375,69315,75473,49728,60583,14330,24551,35,33,10022,9429,17794,18131,21572,26085,31349,39659,36133,39907,48271,53717,42477,51633,12743,21656,697073,319675,68197,43833,180703,97876,19218,49,44
2021-06-22T23:59:59+02:00,2128,1900,37451,35142,50856,46674,62542,63616,84138,86725,97151,97063,69166,75330,49661,60502,14317,24518,13,18,9554,9000,16922,17441,20345,25006,28221,36897,33832,38028,47314,52744,42069,51074,12603,21421,690930,307502,68151,41093,180691,94804,19060,49,43
2021-06-21T23:59:59+02:00,1981,1761,36101,33926,49833,45807,61821,62953,83639,86253,96711,96656,68996,75159,49595,60407,14306,24483,9,11,9236,8704,16461,17077,19720,24524,26475,35331,32292,36735,46260,51661,41616,50525,12497,21229,682977,300133,68117,40452,180676,91164,18571,48,43
2021-06-20T23:59:59+02:00,1970,1752,36013,33873,49688,45684,61680,62815,83559,86191,96638,96595,68962,75131,49580,60389,14306,24472,8,10,9088,8601,16242,16907,19404,24266,25659,34679,31350,35782,46065,51458,41585,50473,12488,21209,682324,296345,68075,39860,180658,90832,18194,48,43
2021-06-19T23:59:59+02:00,1602,1452,34398,32326,48787,44861,61192,62310,83088,85714,96232,96243,68814,74965,49515,60308,14291,24448,7,9,9047,8527,16139,16784,19285,24113,25554,34520,31222,35639,45969,51362,41567,50448,12484,21199,673618,295005,68056,39857,180651,90796,18174,48,43
2021-06-18T23:59:59+02:00,1406,1279,32755,30743,47585,43675,60251,61390,82282,84965,95620,95665,68595,74743,49426,60170,14275,24418,7,9,8972,8441,15979,16628,19095,23919,25301,34279,30937,35320,45673,51015,41482,50371,12471,21185,662502,292804,67922,39740,180650,90376,18122,48,42
2021-06-17T23:59:59+02:00,1331,1221,31834,29906,46720,42968,59445,60540,81539,84317,95208,95283,68453,74599,49384,60093,14261,24389,7,9,8431,8075,15289,16072,18265,23091,24197,33153,29457,33960,44347,49511,40997,49761,12351,20996,655580,283862,67805,38912,180619,87713,17440,48,42
2021-06-16T23:59:59+02:00,1248,1157,31145,29208,45917,42218,58521,59660,80759,83546,94784,94903,68318,74439,49326,60001,14241,24363,7,8,7943,7751,14676,15554,17487,22363,23055,32195,28277,32848,42447,47390,40448,49182,12244,20811,648511,274103,67678,38313,180600,85310,16918,48,42
2021-06-15T23:59:59+02:00,1106,1038,29254,27430,44168,40697,56929,58026,79370,82228,94024,94231,68030,74146,49213,59844,14208,24298,7,6,7770,7624,14367,15314,17123,22061,22534,31808,27740,32418,41508,46372,40061,48756,12120,20590,633571,271023,67629,37806,180562,82877,16431,48,42
2021-06-14T23:59:59+02:00,1013,924,27707,25963,42563,39180,55273,56375,78270,81116,93329,93603,67781,73904,49119,59722,14188,24253,6,5,7587,7451,13990,14977,16593,21615,21840,31224,27060,31824,41123,45949,39677,48303,11989,20384,620336,268335,67573,37390,180533,80037,15794,48,41
2021-06-13T23:59:59+02:00,989,899,27505,25783,42179,38842,54726,55853,77924,80807,93136,93413,67691,73824,49082,59664,14173,24228,6,5,7446,7283,13718,14682,16204,21216,21411,30731,26520,31320,40725,45544,39212,47737,11811,20098,617624,266238,67431,37319,180505,76960,15111,48,41
2021-06-12T23:59:59+02:00,860,785,25995,24196,41025,37764,54052,55118,77394,80312,92586,92888,67535,73647,49013,59587,14160,24207,6,5,7400,7232,13592,14572,16072,21103,21227,30584,26401,31218,40707,45527,39202,47726,11811,20097,608106,265451,67425,37317,180499,76626,15047,48,41
2021-06-11T23:59:59+02:00,747,676,24381,22677,39678,36573,52824,53908,76425,79460,92013,92312,67301,73413,48951,59479,14141,24172,6,5,7345,7144,13420,14383,15853,20907,20954,30324,26128,30960,40401,45152,39117,47611,11793,20068,596361,263551,67345,37172,180490,75919,14888,48,41
2021-06-10T23:59:59+02:00,646,586,23384,21671,38459,35394,51217,52403,75106,78263,90406,90767,66946,73017,48825,59305,14116,24117,6,5,7062,6920,12893,13946,15213,20333,20189,29569,25336,30283,39695,44289,38764,47193,11679,19883,583464,260072,66861,37138,180438,72189,13818,48,41
2021-06-09T23:59:59+02:00,576,537,22933,21286,37797,34872,50111,51357,73861,77070,89815,90263,66819,72872,48775,59220,14101,24087,6,5,6792,6612,12302,13346,14428,19519,19270,28545,24351,29118,37129,41369,38197,46548,11531,19644,576302,249749,66399,37065,180401,68654,13203,48,41
2021-06-08T23:59:59+02:00,470,426,21412,19835,36194,33507,47999,49395,71723,75130,88339,88782,66504,72487,48639,59059,14069,24043,6,5,6661,6442,11916,12972,13944,19030,18667,27944,23793,28580,36843,41114,37905,46181,11423,19487,558936,248089,66121,36986,180369,65257,12540,48,41
2021-06-07T23:59:59+02:00,355,332,20406,18864,34649,32174,45723,47372,69586,73249,87360,87934,66280,72221,48565,58924,14049,24006,6,5,6506,6278,11491,12618,13400,18547,17939,27356,23157,27984,36524,40810,37486,45699,11310,19288,543748,246093,65949,36916,180316,61365,11989,48,41
2021-06-06T23:59:59+02:00,332,311,20226,18717,34255,31891,45115,46799,68966,72764,87148,87769,66223,72160,48553,58898,14043,23994,6,5,6374,6105,11165,12202,12968,17975,17300,26546,22460,27175,36055,40336,37004,45148,11154,19021,540626,243642,65622,36863,180272,56857,11597,48,40
2021-06-05T23:59:59+02:00,260,246,18984,17455,32933,30678,43891,45627,68392,72246,86615,87259,66132,72058,48505,58850,14036,23982,6,5,6322,6024,11062,12036,12840,17796,17127,26336,22289,26986,35990,40259,36982,45124,11152,19016,530651,243034,65622,36450,180254,56253,11575,48,40
2021-06-04T23:59:59+02:00,179,176,17792,16306,31625,29388,42339,44129,67050,70930,85808,86506,65945,71845,48429,58758,14020,23953,6,5,6219,5884,10885,11824,12625,17540,16772,25951,21769,26547,35099,39402,36666,44824,11135,18994,517826,241185,65555,36123,180247,53297,11503,48,39
2021-06-03T23:59:59+02:00,124,123,17152,15733,30640,28559,40880,42833,65276,69397,83557,84222,65520,71391,48301,58596,14002,23915,6,5,6049,5673,10575,11465,12307,17072,16320,25290,21217,25966,34434,38611,36490,44620,11102,18944,504035,238843,64857,35735,180210,50458,11072,48,38
2021-06-02T23:59:59+02:00,95,80,16809,15424,30327,28293,40212,42212,63686,68003,82618,83420,65379,71227,48241,58514,13999,23900,6,4,5931,5581,10397,11305,12077,16855,16024,24983,20870,25570,31185,34984,36262,44398,11073,18891,496523,230130,64853,35403,180209,50018,10807,48,38
2021-06-01T23:59:59+02:00,38,45,16018,14756,28830,27187,37843,40147,60115,64818,80187,81098,65028,70863,48113,58325,13965,23846,6,4,5658,5304,9871,10874,11538,16259,15354,24187,20136,24808,30842,34685,36066,44220,11044,18829,478156,228660,63294,34897,180143,46510,9582,47,36
2021-05-31T23:59:59+02:00,30,37,15454,14282,27892,26486,35882,38483,56673,61788,78155,79395,64696,70506,47969,58150,13933,23794,6,3,5495,5100,9464,10509,11107,15776,14816,23500,19511,24102,30556,34430,35881,44027,11009,18772,462387,227971,62571,34511,180078,43024,8522,47,36
2021-05-30T23:59:59+02:00,28,34,15310,14153,27604,26252,35430,38073,55960,61171,77834,79121,64634,70449,47944,58115,13929,23783,6,3,5393,4902,9136,10148,10694,15287,14362,22694,18982,23328,29876,33715,35654,43834,10987,18709,459401,227501,62133,34431,180032,37534,8211,47,33
2021-05-29T23:59:59+02:00,26,33,14913,13762,26754,25440,33669,36485,54476,59873,77245,78555,64484,70299,47891,58062,13922,23769,6,3,5360,4826,9070,10032,10600,15168,14252,22544,18851,23189,29847,33692,35648,43826,10986,18706,449277,227011,62100,34431,180028,36925,8206,47,33
2021-05-28T23:59:59+02:00,23,32,14506,13362,25942,24697,31818,34727,52305,57866,76194,77559,64279,70047,47839,57985,13912,23746,6,3,5274,4711,8891,9888,10444,14995,14091,22305,18638,22888,29777,33645,35631,43809,10985,18701,437327,226335,61632,34425,179938,35994,7895,47,33
2021-05-27T23:59:59+02:00,19,27,13875,12893,24873,23978,30568,33798,50693,56489,73089,74573,63837,69510,47705,57823,13889,23690,6,3,5161,4477,8557,9547,10040,14559,13644,21668,18131,22289,29555,33441,35520,43696,10964,18672,425163,225677,59668,34354,179308,32723,7143,47,33
2021-05-26T23:59:59+02:00,18,25,13388,12470,23960,23330,29645,33095,49605,55563,70131,71380,63222,68899,47570,57653,13858,23644,6,3,5073,4314,8301,9233,9736,14171,13286,21066,17699,21688,29358,33273,35423,43590,10937,18620,414335,225060,57488,34236,178810,29672,6776,47,33
2021-05-25T23:59:59+02:00,18,20,13044,12172,23379,22922,28586,32231,47003,53324,67868,69253,62870,68532,47456,57504,13840,23590,6,3,4994,4192,8088,8970,9481,13793,12975,20545,17312,21136,29199,33116,35339,43484,10910,18565,402464,224498,56418,34154,178186,26926,6497,47,33
2021-05-24T23:59:59+02:00,17,19,12747,11891,22880,22543,27964,31777,44382,50892,65407,67062,62561,68233,47345,57378,13804,23533,6,3,4923,4083,7837,8736,9161,13408,12645,20031,16925,20575,29053,32974,35265,43412,10886,18518,390803,223910,55935,34088,177517,24277,6133,47,33
2021-05-23T23:59:59+02:00,17,19,12685,11823,22784,22458,27884,31697,44125,50664,64819,66513,62481,68145,47320,57360,13802,23531,6,3,4901,4068,7802,8705,9100,13373,12565,19968,16847,20519,29044,32960,35261,43404,10886,18516,388596,223622,55854,34081,177503,24067,6127,47,31
2021-05-22T23:59:59+02:00,17,19,12461,11585,22463,22149,26881,30809,42288,49088,63963,65772,62318,67954,47254,57269,13792,23508,6,3,4885,4013,7775,8640,9058,13307,12533,19882,16817,20450,29033,32950,35257,43398,10885,18515,380104,223528,55843,34081,177498,23669,6098,47,31
2021-05-21T23:59:59+02:00,17,18,12159,11333,21891,21705,26063,30117,39896,47194,61988,64103,62055,67681,47170,57181,13777,23482,6,3,4866,3985,7718,8554,8992,13219,12457,19789,16742,20363,29017,32924,35250,43387,10883,18514,369664,223329,54787,34066,177306,23217,6026,47,31
2021-05-20T23:59:59+02:00,16,18,11549,10761,20764,20804,24911,29088,38387,45915,59640,62029,61232,66781,46969,56921,13743,23426,6,3,4591,3807,7315,8264,8550,12822,12004,19277,16319,19840,28896,32826,35199,43334,10879,18504,359152,222920,52432,33954,176021,20229,5302,47,31
2021-05-19T23:59:59+02:00,16,18,11106,10447,19978,20250,24062,28489,37483,45229,56407,58390,60541,66078,46861,56787,13720,23379,6,3,4438,3649,7061,8022,8273,12492,11670,18844,15948,19419,28796,32714,35156,43258,10868,18489,348675,222431,50809,33836,174893,17992,4817,47,30
2021-05-18T23:59:59+02:00,16,18,10776,10161,19397,19799,23406,27928,36072,43996,54991,57260,60169,65651,46731,56626,13695,23354,6,3,4333,3522,6813,7785,8010,12209,11435,18440,15600,18986,28711,32622,35126,43217,10864,18482,343272,222136,48954,33754,173413,15884,4360,47,30
2021-05-17T23:59:59+02:00,15,17,10556,9980,18959,19508,22970,27615,34871,43003,53676,56219,59919,65404,46667,56527,13680,23320,6,3,4263,3435,6605,7567,7757,11916,11178,18043,15288,18579,28619,32533,35101,43176,10858,18468,339181,221833,47959,33686,171894,14019,3827,45,30
2021-05-16T23:59:59+02:00,15,16,10366,9851,18664,19304,22637,27374,34232,42542,52437,55048,59726,65239,46630,56473,13669,23300,6,3,4195,3362,6388,7401,7469,11660,10908,17690,14992,18215,28553,32471,35085,43158,10851,18464,336740,221578,47081,33625,170276,12256,3382,44,30
2021-05-15T23:59:59+02:00,15,16,10270,9751,18512,19156,22465,27229,33850,42174,52041,54670,59611,65093,46582,56428,13666,23284,6,3,4154,3326,6304,7335,7376,11557,10806,17570,14887,18084,28459,32353,34991,43065,10847,18459,334339,220485,47080,33622,170142,12237,3208,44,30
2021-05-14T23:59:59+02:00,14,16,9987,9548,18085,18916,22063,26941,31502,40394,49891,52815,59389,64864,46534,56343,13649,23263,6,3,4026,3243,6018,7170,7070,11333,10459,17218,14538,17757,27885,31647,34868,42873,10828,18431,325186,217186,47027,33616,169531,12114,2427,43,30
2021-05-13T23:59:59+02:00,14,16,9525,9179,17291,18350,21195,26257,30382,39404,47647,50642,58540,63889,46324,56060,13610,23189,6,3,3526,3049,5679,6917,6758,11022,10047,16827,14161,17320,26984,30447,34442,42354,10797,18370,316681,212578,45166,33058,167506,10924,2119,42,30
2021-05-12T23:59:59+02:00,14,16,9234,8984,16858,18091,20721,25967,29850,39018,44647,46995,57967,63247,46240,55946,13592,23164,6,3,3386,2961,5447,6806,6475,10875,9765,16618,13924,17054,26337,29624,34276,42161,10771,18336,307484,209544,44349,33032,167213,10756,1463,42,30
2021-05-11T23:59:59+02:00,14,14,8801,8708,16086,17573,19855,25346,28113,37575,42713,45489,57591,62800,46156,55811,13571,23136,6,3,3266,2830,5214,6465,6177,10460,9398,16059,13487,16494,24914,27954,33765,41533,10720,18248,301993,203562,41292,32849,164729,9256,1296,42,30
2021-05-10T23:59:59+02:00,14,13,8539,8555,15573,17317,19223,25025,27121,36885,41251,44343,57324,62525,46077,55707,13551,23105,6,2,3156,2704,4983,6231,5922,10136,9074,15581,13124,16071,23865,26622,33276,40948,10683,18190,298684,198903,40385,32820,162054,7839,984,41,28
2021-05-09T23:59:59+02:00,14,13,8383,8470,15267,17134,18840,24768,26453,36456,39472,42676,57028,62246,46021,55649,13543,23084,6,2,3035,2648,4801,6089,5753,9960,8876,15374,12956,15898,23588,26289,33131,40775,10673,18175,295707,197704,40005,32776,159056,6812,709,40,28
2021-05-08T23:59:59+02:00,14,13,8308,8397,15084,16987,18632,24569,26225,36218,39237,42484,56901,62096,45983,55612,13540,23073,6,2,3027,2629,4770,6053,5709,9914,8799,15308,12869,15828,23217,25862,32845,40461,10665,18159,294142,196514,39550,32063,158932,6809,709,40,28
2021-05-07T23:59:59+02:00,13,12,8136,8301,14758,16803,18242,24332,25802,35927,38779,42105,56626,61741,45934,55565,13533,23063,6,2,2728,2495,4422,5868,5438,9654,8483,14997,12473,15432,22117,24487,32195,39626,10637,18109,291597,193051,39119,30562,158604,5217,313,39,26
2021-05-06T23:59:59+02:00,12,12,7489,7944,13857,16200,17183,23475,24458,34813,36633,40439,55499,60419,45691,55258,13498,22996,6,2,2603,2382,4248,5671,5230,9349,8137,14556,12039,14978,20809,22811,31340,38618,10583,17995,280944,187430,37836,29602,156783,4025,276,37,24
2021-05-05T23:59:59+02:00,10,12,6951,7636,13075,15657,16146,22706,23068,33785,34802,38949,53656,58379,45369,54912,13465,22930,6,2,2515,2324,4073,5514,5039,9137,7789,14217,11669,14618,19419,21028,30144,37201,10543,17892,269475,181290,36912,28427,154987,3292,97,37,24
2021-05-04T23:59:59+02:00,10,11,6761,7546,12708,15481,15658,22435,22419,33440,33840,38248,52802,57416,45246,54785,13447,22889,6,2,2460,2254,3919,5345,4862,8883,7445,13808,11243,14160,17767,19098,29041,35869,10447,17772,265697,174464,36043,27486,153323,2364,44,35,23
2021-05-03T23:59:59+02:00,10,10,6615,7396,12330,15260,15150,22124,21707,33033,32686,37356,52500,57096,45150,54678,13432,22857,6,2,2400,2184,3825,5165,4722,8648,7227,13459,10922,13752,16562,17599,28162,34766,10383,17664,262392,168884,35581,27137,151349,1371,33,35,23
2021-05-02T23:59:59+02:00,10,10,6534,7306,12116,15088,14849,21892,21230,32712,31535,36407,52216,56804,45088,54587,13414,22826,6,2,2385,2177,3803,5132,4691,8612,7160,13388,10837,13659,16250,17203,27864,34461,10371,17650,259955,167311,35507,27023,149096,1264,32,34,21
2021-05-01T23:59:59+02:00,10,10,6516,7282,12052,15038,14769,21829,21127,32640,31408,36313,52210,56789,45084,54586,13412,22824,6,2,2382,2169,3779,5115,4650,8587,7123,13351,10776,13604,16052,16980,27749,34324,10368,17640,259381,166345,35506,26997,148946,1262,32,34,21
2021-04-30T23:59:59+02:00,10,10,6478,7244,11959,14943,14663,21709,20931,32453,31168,36122,51939,56429,45039,54533,13406,22812,6,2,2353,2149,3717,5052,4553,8476,6973,13168,10499,13341,15237,15953,26878,33251,10327,17552,257595,163136,35462,25105,148726,1194,31,34,21
2021-04-29T23:59:59+02:00,10,10,6273,7116,11637,14753,14307,21469,20411,32162,30415,35633,51290,55602,44947,54414,13380,22732,6,2,2314,2103,3624,4963,4429,8340,6780,12950,10222,13054,14263,14719,25572,31703,10264,17456,254401,157427,35367,24355,146729,931,30,34,21
2021-04-28T23:59:59+02:00,10,10,6010,6950,11256,14415,13813,21001,19767,31555,29246,34500,48622,52594,44653,54090,13317,22654,6,2,2276,2062,3555,4901,4313,8223,6620,12767,9973,12835,13120,13237,24079,29822,10202,17353,244435,151447,35240,23151,144738,714,16,34,18
2021-04-27T23:59:59+02:00,10,10,5906,6859,11100,14293,13611,20837,19486,31344,28683,34112,48414,52372,44597,54036,13308,22632,6,2,2234,2027,3465,4807,4220,8114,6454,12580,9689,12559,11905,11672,22423,27664,10123,17207,243049,144616,35192,21966,143320,536,16,33,17
2021-04-26T23:59:59+02:00,10,10,5857,6818,10982,14225,13449,20713,19258,31132,27847,33545,48076,52002,44542,53970,13299,22603,6,2,2212,2000,3410,4762,4158,8047,6350,12447,9500,12383,10988,10513,21142,25904,10062,17117,242309,139329,35165,21218,140816,425,16,32,15
2021-04-25T23:59:59+02:00,10,10,5812,6771,10877,14130,13287,20556,19010,30848,27086,32803,47578,51491,44458,53871,13285,22583,6,2,2187,1990,3379,4743,4139,8028,6317,12406,9443,12322,10826,10319,20900,25580,10052,17103,240593,138476,35120,20868,138705,367,16,32,15
2021-04-24T23:59:59+02:00,10,10,5790,6723,10798,14038,13188,20411,18875,30668,26924,32621,47475,51368,44365,53775,13281,22578,6,2,2180,1979,3354,4715,4100,7981,6245,12334,9312,12204,10669,10139,20765,25448,10036,17085,239102,137948,35102,20227,138646,348,16,32,15
2021-04-23T23:59:59+02:00,10,10,5728,6634,10664,13839,12985,20157,18563,30287,26524,32259,46526,50230,44211,53530,13258,22546,6,2,2162,1957,3312,4678,4050,7927,6151,12243,9148,12076,10402,9838,20441,25027,9988,17002,234693,136822,35043,19220,138177,337,16,32,15
2021-04-22T23:59:59+02:00,10,10,5627,6520,10454,13641,12632,19819,18047,29812,25891,31666,44797,48077,43640,52801,13212,22446,5,2,2148,1946,3273,4625,3973,7853,6021,12143,8889,11911,9968,9432,19984,24435,9938,16924,228434,134694,34930,18441,135690,305,16,32,14
2021-04-21T23:59:59+02:00,10,9,5528,6385,10224,13439,12299,19505,17545,29318,25174,30932,40517,43206,43160,52266,13145,22341,5,2,2135,1937,3237,4588,3918,7794,5939,12050,8713,11751,9636,9047,19485,23842,9872,16827,216302,133044,34865,17428,133788,280,16,32,10
2021-04-20T23:59:59+02:00,10,9,5450,6294,10029,13221,12023,19238,17122,28909,24616,30363,38763,41189,42504,51486,13074,22201,5,2,2110,1924,3195,4564,3851,7750,5808,11951,8541,11624,9352,8727,19011,23171,9775,16687,210050,131672,34775,16124,131628,226,16,32,10
2021-04-19T23:59:59+02:00,10,8,5370,6218,9869,13091,11818,19029,16759,28527,24070,29891,37205,39398,41912,50765,13019,22114,5,2,2094,1907,3160,4529,3810,7704,5768,11881,8456,11532,9114,8442,18603,22604,9728,16594,205013,129973,34717,15729,129295,205,16,32,10
2021-04-18T23:59:59+02:00,10,7,5307,6167,9738,13006,11618,18889,16477,28329,23661,29577,35888,38032,41558,50359,12985,22050,5,2,2081,1892,3133,4507,3784,7688,5724,11834,8405,11483,9016,8353,18449,22416,9715,16569,203459,129491,34675,15339,125477,200,16,31,10
2021-04-17T23:59:59+02:00,10,7,5301,6151,9704,12975,11571,18849,16400,28262,23597,29518,35576,37690,41450,50261,12979,22039,5,2,2071,1884,3106,4494,3726,7643,5654,11783,8319,11431,8905,8243,18343,22298,9694,16556,202228,128683,34666,15249,125399,199,16,31,10
2021-04-16T23:59:59+02:00,10,7,5236,6112,9617,12914,11435,18738,16188,28103,23246,29168,34492,36431,41037,49736,12959,22005,5,2,1938,1797,2876,4314,3367,7325,4881,11247,6825,10337,6372,6161,16524,20598,9498,16256,198061,119290,34576,10811,124751,196,16,30,10
2021-04-15T23:59:59+02:00,10,7,5170,6022,9413,12741,11141,18491,15691,27709,22555,28564,32591,34116,39988,48528,12878,21837,5,2,1895,1765,2808,4250,3248,7203,4664,11064,6447,10027,5913,5762,15931,19912,9306,15921,192234,116149,34522,9762,120652,187,16,28,9
2021-04-14T23:59:59+02:00,10,7,5108,5976,9247,12615,10925,18314,15287,27392,21903,28084,30660,31863,38770,47106,12803,21650,5,2,1811,1711,2725,4181,3136,7109,4461,10899,6136,9777,5436,5348,15348,19223,9102,15565,185849,113517,34382,8303,117445,130,16,28,9
2021-04-13T23:59:59+02:00,10,7,5060,5922,9109,12487,10747,18147,14942,27115,21380,27622,28554,29410,37503,45507,12659,21443,5,2,1767,1694,2688,4138,3082,7047,4327,10759,5866,9564,5096,5045,14897,18772,8966,15361,178943,112095,34316,6922,114322,34,16,27,9
2021-04-12T23:59:59+02:00,10,7,4996,5873,9001,12348,10540,17999,14620,26834,20840,27165,26512,27139,36343,44040,12530,21242,5,2,1732,1650,2658,4117,3054,6994,4268,10691,5763,9463,4929,4899,14596,18404,8855,15161,173222,111246,34236,5937,110538,33,16,27,9
2021-04-11T23:59:59+02:00,10,7,4960,5830,8906,12269,10381,17897,14355,26657,20414,26841,25308,25848,35639,43254,12441,21091,5,2,1723,1644,2636,4096,3029,6966,4233,10644,5676,9395,4836,4844,14480,18279,8816,15108,171433,111035,34163,5326,106470,27,15,27,9
2021-04-10T23:59:59+02:00,10,7,4948,5817,8864,12241,10325,17862,14287,26607,20318,26761,24993,25472,35292,42834,12434,21070,5,2,1719,1638,2627,4088,3015,6949,4203,10613,5617,9356,4758,4767,14351,18113,8769,15023,170217,110237,33438,5325,106445,27,15,27,9
2021-04-09T23:59:59+02:00,10,7,4901,5785,8780,12161,10200,17737,14118,26432,20057,26518,24151,24317,34335,41622,12401,20996,4,2,1691,1609,2570,4054,2943,6889,4053,10503,5360,9130,4342,4391,13781,17396,8539,14654,166840,106547,31922,5317,105729,27,11,26,9
2021-04-08T23:59:59+02:00,10,7,4826,5720,8633,12053,9987,17565,13720,26118,19455,26049,22441,22325,32640,39649,12251,20759,4,2,1661,1593,2516,4009,2859,6804,3906,10366,5066,8865,3882,3964,12786,16150,8054,13892,161073,101550,31016,4786,102082,23,11,26,9
2021-04-07T23:59:59+02:00,10,6,4779,5667,8449,11975,9760,17415,13401,25890,18983,25687,20631,20210,30876,37386,12133,20545,4,2,1628,1577,2461,3956,2798,6722,3798,10221,4876,8676,3616,3672,12095,15344,7678,13332,155026,98215,29837,4208,98908,14,10,22,9
2021-04-06T23:59:59+02:00,10,6,4730,5622,8306,11863,9600,17248,13081,25622,18463,25300,18776,18140,28950,34895,11930,20199,4,2,1592,1558,2437,3930,2764,6682,3736,10176,4793,8584,3505,3547,11619,14696,7391,12917,148172,95893,28872,4009,95666,13,10,21,8
2021-04-05T23:59:59+02:00,10,6,4699,5581,8210,11772,9461,17150,12868,25410,18061,24955,17049,16210,27323,32743,11782,19971,4,2,1570,1546,2406,3912,2734,6633,3693,10117,4705,8468,3392,3438,11276,14327,7233,12635,142754,94494,28437,3567,92041,12,10,19,8
2021-04-04T23:59:59+02:00,10,6,4692,5575,8201,11762,9447,17135,12842,25389,18033,24930,16917,16034,27128,32497,11773,19957,4,2,1568,1545,2404,3909,2731,6629,3691,10113,4700,8465,3383,3427,11265,14315,7229,12627,142035,94412,28344,3567,91924,12,8,17,8
2021-04-03T23:59:59+02:00,10,6,4688,5567,8187,11755,9428,17115,12803,25357,17955,24866,16837,15944,27081,32440,11768,19950,4,2,1565,1543,2395,3901,2713,6615,3668,10085,4617,8410,3266,3312,11184,14241,7223,12617,141504,93766,28316,3567,91912,12,8,17,8
2021-04-02T23:59:59+02:00,10,6,4663,5547,8128,11701,9363,17046,12663,25250,17719,24665,16384,15467,26605,31863,11736,19895,4,2,1563,1534,2380,3896,2706,6599,3647,10053,4547,8317,3197,3243,10946,13938,7072,12414,140291,92468,26901,3563,91494,12,8,17,7
2021-04-01T23:59:59+02:00,9,6,4620,5486,8016,11558,9233,16887,12389,24964,17274,24265,15631,14740,25846,30901,11609,19712,4,2,1546,1514,2351,3863,2683,6570,3608,10014,4480,8252,3084,3112,10009,12820,6456,11564,138046,88451,26235,3457,88843,11,6,16,7
2021-03-31T23:59:59+02:00,9,6,4408,5406,7904,11435,9092,16721,12170,24686,16920,23900,14934,13975,25012,29890,11500,19512,4,2,1537,1509,2337,3843,2656,6541,3558,9966,4408,8180,2992,3022,9433,12116,6091,11067,136241,86007,24771,3231,86447,11,6,15,7
2021-03-30T23:59:59+02:00,9,6,4377,5354,7828,11308,9005,16564,12009,24496,16634,23588,14333,13331,24252,28904,11361,19267,4,2,1523,1499,2316,3818,2630,6511,3517,9901,4341,8109,2865,2874,8837,11456,5738,10571,134750,83669,23554,2824,84301,6,6,15,7
2021-03-29T23:59:59+02:00,9,6,4337,5301,7728,11196,8897,16398,11847,24223,16304,23240,13790,12731,23488,27928,11201,19018,4,2,1504,1486,2297,3802,2607,6483,3483,9841,4277,8034,2812,2806,8545,11068,5549,10258,132898,82274,22792,2565,81931,6,6,15,7
2021-03-28T23:59:59+02:00,9,6,4302,5217,7643,11088,8817,16244,11712,23993,16044,22967,13461,12420,22916,27234,11027,18733,4,2,1494,1479,2275,3786,2592,6454,3443,9791,4240,7975,2764,2755,8466,10962,5504,10191,132398,81922,22266,2237,79148,5,6,15,7
2021-03-27T23:59:59+01:00,9,6,4288,5206,7617,11056,8751,16171,11613,23898,15898,22851,13256,12207,22713,27020,10992,18704,4,2,1493,1477,2272,3784,2591,6453,3429,9764,4230,7952,2756,2749,8408,10898,5469,10151,131514,81627,21620,2237,79101,5,6,15,7
2021-03-26T23:59:59+01:00,9,6,4244,5138,7507,10922,8576,15986,11278,23594,15285,22348,12336,11377,21921,26176,10845,18475,2,2,1488,1463,2267,3763,2578,6430,3412,9738,4189,7916,2726,2710,8227,10679,5348,9980,127449,80777,20009,2123,78544,5,6,15,7
2021-03-25T23:59:59+01:00,9,5,4189,4976,7344,10643,8332,15577,10894,22970,14640,21648,11663,10714,21050,25107,10526,17929,2,2,1468,1450,2234,3736,2543,6392,3375,9691,4118,7834,2591,2570,7249,9418,4730,9062,124157,76564,19228,1884,74812,5,5,14,7
2021-03-24T23:59:59+01:00,9,5,4113,4837,7207,10354,8116,15164,10630,22420,14168,21037,11057,10155,20114,24017,10193,17361,2,2,1447,1421,2207,3698,2499,6355,3333,9626,4039,7734,2490,2473,6598,8650,4344,8480,121551,73925,18034,1461,71358,3,2,12,7
2021-03-23T23:59:59+01:00,9,5,4073,4745,7100,10114,7963,14822,10367,21915,13766,20544,10589,9714,19387,23163,9878,16894,2,2,1436,1403,2181,3677,2480,6327,3273,9572,3945,7658,2396,2372,5870,7719,3890,7787,120086,70847,16925,1132,68024,3,1,12,7
2021-03-22T23:59:59+01:00,9,5,4020,4666,6971,9873,7802,14500,10107,21447,13415,20043,10196,9357,18815,22452,9685,16546,2,1,1427,1396,2174,3663,2468,6311,3249,9549,3915,7624,2335,2321,5413,7108,3528,7294,119187,68725,16522,1042,64187,3,1,12,7
2021-03-21T23:59:59+01:00,9,5,3973,4564,6839,9608,7634,14141,9885,20905,13072,19517,9876,9078,18278,21850,9495,16233,2,1,1424,1392,2173,3652,2464,6303,3243,9540,3905,7610,2321,2302,5296,6976,3470,7193,118980,68214,16125,1042,59844,3,1,12,7
2021-03-20T23:59:59+01:00,9,5,3962,4544,6803,9553,7576,14067,9801,20795,12966,19427,9789,8985,18138,21672,9444,16146,2,1,1421,1387,2169,3648,2459,6298,3229,9530,3885,7600,2286,2270,4968,6602,3281,6951,118147,66934,16030,1042,59492,3,1,12,7
2021-03-19T23:59:59+01:00,8,5,3788,4403,6511,9303,7135,13641,8889,20065,11235,18099,6927,6630,15881,19467,9081,15583,2,1,1417,1383,2164,3641,2447,6285,3216,9504,3833,7554,2219,2229,4593,6128,3012,6626,108835,65235,11305,1009,56498,3,1,12,6
2021-03-18T23:59:59+01:00,8,4,3684,4272,6334,8995,6867,13202,8499,19407,10597,17359,6209,5978,14656,17994,8563,14757,2,1,1413,1377,2141,3614,2429,6248,3187,9462,3793,7521,2174,2195,4171,5595,2730,6211,103690,63353,10300,901,53382,3,1,12,6
2021-03-17T23:59:59+01:00,8,4,3605,4198,6204,8848,6695,13025,8200,19097,10192,16969,5800,5592,13838,17069,8163,14168,2,1,1403,1364,2125,3594,2399,6216,3156,9434,3756,7484,2119,2135,3761,5149,2477,5822,100441,61620,8610,767,52611,3,1,12,6
2021-03-16T23:59:59+01:00,8,4,3527,4066,6049,8578,6488,12655,7888,18515,9643,16314,5271,5136,13018,16106,7824,13668,2,1,1394,1355,2116,3577,2383,6201,3140,9415,3731,7458,2092,2098,3241,4508,2137,5309,98107,59385,7199,763,49439,3,1,12,6
2021-03-15T23:59:59+01:00,8,4,3479,3920,5862,8303,6269,12242,7611,17943,9208,15690,4954,4851,12359,15364,7559,13206,2,1,1394,1345,2100,3562,2363,6177,3121,9366,3707,7419,2055,2047,2873,4045,1850,4914,96606,57587,6219,745,45995,3,0,12,6
2021-03-14T23:59:59+01:00,8,4,3433,3787,5632,7973,5979,11796,7302,17223,8747,14939,4630,4576,12070,15108,7510,13106,2,1,1387,1340,2084,3533,2350,6128,3103,9307,3689,7380,2048,2036,2795,3937,1797,4828,96479,57186,5604,550,41728,3,0,12,6
2021-03-13T23:59:59+01:00,8,4,3416,3746,5591,7857,5918,11674,7216,17075,8598,14784,4479,4426,11980,15023,7504,13095,2,1,1387,1340,2084,3533,2349,6128,3102,9305,3688,7380,2045,2028,2742,3881,1763,4774,95786,56974,5604,550,40992,2,0,12,6
2021-03-12T23:59:59+01:00,8,4,3396,3676,5534,7719,5858,11522,7129,16848,8462,14551,4373,4329,11706,14698,7348,12877,2,1,1387,1340,2080,3527,2348,6120,3097,9299,3686,7375,2043,2026,2654,3770,1679,4685,94359,56561,5596,550,40072,2,0,11,6
2021-03-11T23:59:59+01:00,8,4,3318,3483,5325,7422,5627,11104,6790,16179,8023,13912,4029,3993,10626,13438,6689,11964,2,1,1382,1338,2069,3513,2329,6095,3074,9264,3662,7342,2013,2001,2414,3504,1523,4466,90152,55468,5161,517,36610,2,0,11,5
2021-03-10T23:59:59+01:00,8,4,3222,3365,5106,7150,5415,10741,6519,15633,7682,13364,3804,3764,9979,12645,6301,11428,2,1,1377,1327,2042,3475,2300,6005,3026,9141,3605,7222,1969,1924,2198,3267,1391,4271,87673,54253,4785,283,33661,2,0,11,5
2021-03-09T23:59:59+01:00,7,4,3148,3237,4939,6963,5211,10456,6287,15197,7385,12855,3620,3557,9342,11942,5923,10903,2,1,1370,1316,2008,3415,2269,5903,2964,8999,3537,7140,1939,1898,1918,2949,1219,4024,85383,52829,4520,35,31062,2,0,11,5
2021-03-08T23:59:59+01:00,7,4,3084,3081,4708,6699,4969,10102,6026,14683,7023,12269,3418,3364,8949,11499,5725,10585,2,1,1367,1298,1994,3337,2238,5806,2926,8853,3504,7045,1924,1876,1715,2717,1095,3829,83903,51489,4148,33,28134,0,0,10,5
2021-03-07T23:59:59+01:00,7,4,3051,3021,4635,6584,4885,9989,5921,14519,6905,12122,3367,3317,8860,11390,5684,10518,2,1,1361,1293,1988,3325,2230,5781,2919,8814,3492,7026,1916,1864,1660,2649,1044,3760,83541,51087,3970,33,27258,0,0,10,5
2021-03-06T23:59:59+01:00,6,4,3037,2963,4593,6491,4848,9922,5863,14400,6857,12010,3343,3294,8803,11324,5649,10475,2,1,1359,1280,1983,3311,2218,5754,2916,8787,3481,7007,1906,1840,1632,2625,1038,3751,83216,50853,3970,33,26686,0,0,10,5
2021-03-05T23:59:59+01:00,6,4,3013,2870,4534,6379,4784,9824,5800,14247,6754,11857,3298,3239,8617,11096,5526,10299,2,1,1350,1247,1951,3256,2193,5648,2876,8653,3437,6869,1862,1794,1568,2555,1016,3723,82308,49963,3962,33,25867,0,0,10,5
2021-03-04T23:59:59+01:00,4,4,2961,2681,4377,6140,4565,9510,5593,13830,6441,11468,3122,3063,7596,9800,4891,9380,2,1,1331,1198,1914,3133,2161,5466,2830,8376,3380,6636,1790,1704,1531,2503,1011,3705,78133,48635,3688,32,23595,0,0,10,5
2021-03-03T23:59:59+01:00,3,4,2922,2610,4237,5949,4398,9242,5389,13451,6185,11049,2996,2930,6946,9022,4493,8771,2,1,1319,1162,1887,3060,2139,5355,2800,8197,3327,6478,1722,1661,1489,2433,991,3650,75400,47637,3445,32,21742,0,0,10,4
2021-03-02T23:59:59+01:00,3,4,2862,2519,4050,5730,4194,8971,5191,13070,5916,10673,2848,2768,6184,8061,4020,8061,2,1,1286,1120,1860,2988,2115,5213,2750,7924,3278,6280,1649,1601,1423,2353,967,3599,72233,46373,2989,32,19893,0,0,10,4
2021-03-01T23:59:59+01:00,3,3,2823,2456,3886,5577,4008,8752,5002,12751,5677,10280,2747,2653,5689,7404,3654,7550,2,1,1280,1084,1837,2887,2089,5019,2709,7674,3218,6044,1606,1565,1374,2292,937,3556,70061,45138,2680,32,18164,0,0,10,4
2021-02-28T23:59:59+01:00,3,3,2781,2408,3728,5459,3784,8562,4819,12500,5490,9974,2691,2580,5567,7249,3592,7449,2,1,1276,1079,1832,2874,2080,4995,2702,7638,3208,6027,1597,1558,1369,2284,934,3546,69582,44967,2459,31,16588,0,0,10,4
2021-02-27T23:59:59+01:00,3,2,2768,2347,3702,5379,3750,8488,4785,12406,5455,9900,2650,2546,5232,6860,3391,7197,2,1,1269,1071,1825,2862,2067,4960,2683,7573,3192,5971,1579,1549,1363,2273,932,3545,68259,44683,2459,30,16133,0,0,10,4
2021-02-26T23:59:59+01:00,3,2,2748,2306,3662,5291,3684,8384,4722,12295,5368,9812,2573,2493,4848,6377,3112,6863,2,1,1212,1021,1775,2756,2018,4779,2627,7298,3119,5761,1518,1498,1340,2252,918,3536,66436,43398,2332,29,15766,0,0,9,4
2021-02-25T23:59:59+01:00,3,2,2577,2199,3475,5109,3499,8157,4519,12008,5149,9537,2484,2427,4399,5822,2823,6435,2,1,1196,964,1744,2647,1964,4505,2558,6901,3024,5474,1472,1455,1319,2237,915,3527,64569,41875,2005,26,14041,0,0,9,4
2021-02-24T23:59:59+01:00,3,2,2424,2066,3286,4915,3353,7951,4321,11752,4928,9286,2347,2307,3939,5310,2560,6036,1,1,1181,935,1721,2562,1928,4365,2498,6645,2971,5268,1441,1424,1301,2216,911,3504,62788,40851,1526,18,12463,0,0,9,4
2021-02-23T23:59:59+01:00,3,2,2295,1928,3107,4688,3200,7712,4146,11481,4744,9038,2258,2214,3381,4645,2216,5518,1,1,1167,887,1688,2467,1889,4174,2430,6346,2873,5008,1383,1368,1272,2172,895,3477,60571,39479,1173,15,10823,0,0,9,4
2021-02-22T23:59:59+01:00,3,2,2255,1877,3023,4595,3130,7603,4052,11294,4636,8913,2206,2173,3010,4177,1928,5132,1,1,1155,828,1656,2341,1847,3928,2354,5951,2748,4711,1320,1315,1249,2139,887,3452,58887,37874,1086,5,10027,0,0,9,4
2021-02-21T23:59:59+01:00,3,2,2219,1846,2971,4526,3050,7490,3971,11149,4570,8796,2191,2150,2926,4062,1872,5044,1,1,1152,810,1639,2289,1820,3821,2321,5796,2685,4585,1289,1292,1239,2125,880,3437,58454,37173,1053,5,9322,0,0,9,4
2021-02-20T23:59:59+01:00,3,2,2207,1843,2948,4513,3034,7454,3945,11116,4549,8774,2188,2142,2872,4005,1837,4989,1,1,1152,807,1639,2287,1819,3812,2320,5791,2684,4581,1288,1289,1238,2122,879,3436,58238,37137,1052,5,9122,0,0,9,4
2021-02-19T23:59:59+01:00,2,2,2195,1829,2912,4461,3009,7368,3900,11034,4495,8711,2180,2136,2781,3891,1752,4895,1,1,1102,798,1600,2279,1808,3803,2310,5770,2676,4568,1282,1278,1227,2117,874,3429,57816,36915,1020,4,8708,0,0,9,4
2021-02-18T23:59:59+01:00,2,2,2064,1734,2755,4278,2885,7170,3763,10747,4356,8506,2146,2102,2538,3619,1596,4672,1,1,1023,762,1528,2180,1758,3680,2237,5613,2619,4483,1268,1258,1220,2103,861,3411,56743,35998,952,4,7232,0,0,8,4
2021-02-17T23:59:59+01:00,2,2,2020,1686,2664,4147,2775,6958,3611,10406,4214,8263,2087,2018,2320,3390,1469,4479,1,1,871,697,1415,2054,1681,3489,2140,5385,2547,4310,1234,1212,1194,2058,845,3366,55671,34493,806,3,6026,0,0,8,4
2021-02-16T23:59:59+01:00,2,2,1850,1575,2490,3939,2635,6683,3450,10052,4036,7957,2042,1991,2038,3070,1295,4226,1,1,844,675,1345,1976,1612,3348,2045,5211,2452,4176,1172,1166,1134,1968,812,3263,54330,33195,770,2,4225,0,0,8,4
2021-02-15T23:59:59+01:00,2,2,1815,1520,2402,3768,2558,6411,3328,9684,3921,7687,2016,1962,1819,2829,1169,4033,1,1,826,663,1316,1929,1570,3279,1987,5038,2388,4075,1113,1125,1067,1877,793,3159,53220,32202,754,1,2944,0,0,8,4
2021-02-14T23:59:59+01:00,2,2,1725,1490,2354,3707,2516,6317,3257,9580,3874,7609,2005,1952,1761,2769,1119,3973,1,1,811,653,1300,1906,1543,3256,1953,4997,2362,4019,1103,1115,1060,1868,790,3147,52881,31881,725,1,2398,0,0,8,3
2021-02-13T23:59:59+01:00,2,2,1724,1478,2344,3700,2510,6303,3254,9564,3867,7599,1996,1932,1737,2749,1115,3963,1,1,811,653,1300,1906,1543,3256,1953,4997,2362,4019,1103,1115,1060,1868,790,3147,52724,31881,725,1,2382,0,0,8,3
2021-02-12T23:59:59+01:00,2,2,1645,1393,2243,3586,2431,6130,3149,9326,3743,7334,1948,1874,1673,2678,1092,3934,1,1,804,645,1288,1883,1530,3237,1945,4966,2346,3999,1098,1110,1059,1849,790,3116,51781,31664,725,0,1669,0,0,8,3
2021-02-11T23:59:59+01:00,2,2,1450,1258,2062,3374,2303,5838,2998,8892,3586,6986,1875,1772,1631,2614,1072,3911,1,1,775,597,1193,1704,1403,2959,1805,4604,2180,3709,1045,1046,1015,1771,749,2973,50381,29529,684,0,553,0,0,8,1
2021-02-10T23:59:59+01:00,2,2,1357,1211,1978,3247,2234,5666,2916,8613,3475,6754,1805,1725,1583,2547,1053,3848,1,1,565,513,971,1478,1261,2648,1620,4144,1976,3327,925,918,882,1513,657,2631,49203,26030,645,0,161,0,0,7,1
2021-02-09T23:59:59+01:00,2,2,1322,1162,1943,3153,2206,5481,2849,8273,3405,6496,1731,1663,1521,2486,1034,3806,1,1,303,380,756,1212,1075,2270,1413,3604,1726,2871,759,756,708,1206,523,2126,47934,21689,515,0,80,0,0,6,1
2021-02-08T23:59:59+01:00,2,2,1315,1127,1911,3036,2169,5259,2797,7994,3346,6260,1688,1629,1472,2431,1017,3783,1,1,267,341,653,1059,970,2054,1254,3211,1530,2555,657,636,606,1018,451,1840,46808,19103,345,0,79,0,0,6,1
2021-02-07T23:59:59+01:00,2,2,1289,1111,1881,2984,2143,5177,2767,7891,3304,6194,1672,1613,1457,2412,1005,3768,1,1,233,286,604,969,909,1899,1163,2983,1433,2383,616,616,584,983,441,1809,46522,17913,144,0,0,0,0,6,0
2021-02-06T23:59:59+01:00,2,2,1284,1105,1875,2972,2134,5149,2754,7847,3293,6149,1659,1605,1452,2402,1002,3767,1,1,214,255,582,930,881,1834,1120,2864,1376,2300,600,597,577,983,441,1809,46303,17365,144,0,0,0,0,6,0
2021-02-05T23:59:59+01:00,2,2,1225,1053,1826,2864,2082,4953,2693,7551,3216,5933,1596,1552,1435,2379,994,3761,1,1,197,222,546,879,845,1754,1082,2744,1323,2200,566,573,565,959,429,1784,44967,16670,144,0,0,0,0,6,0
2021-02-04T23:59:59+01:00,2,2,1213,990,1785,2716,2010,4641,2611,7103,3116,5604,1551,1519,1418,2362,989,3750,1,1,168,170,472,759,746,1613,969,2505,1209,1986,520,520,517,903,408,1664,43341,15131,36,0,0,0,0,5,0
2021-02-03T23:59:59+01:00,2,2,1195,961,1755,2635,1971,4493,2545,6841,3064,5390,1514,1487,1388,2327,970,3720,1,1,139,141,397,646,630,1375,823,2127,1011,1694,400,384,373,681,288,1259,42219,12370,36,0,0,0,0,5,0
2021-02-02T23:59:59+01:00,2,2,1178,905,1721,2534,1930,4273,2472,6509,2958,5118,1460,1440,1364,2296,960,3695,1,1,116,116,321,524,524,1137,678,1796,822,1385,299,280,292,499,225,947,40776,9963,36,0,0,0,0,5,0
2021-02-01T23:59:59+01:00,1,2,1165,845,1686,2410,1879,4028,2395,6118,2836,4822,1392,1357,1334,2250,947,3666,0,0,83,76,221,353,351,744,430,1159,480,863,186,170,171,298,126,562,39092,6273,36,0,0,0,0,5,0
2021-01-31T23:59:59+01:00,1,2,1161,827,1669,2353,1854,3906,2363,5934,2769,4701,1361,1334,1323,2234,940,3650,0,0,72,70,187,281,273,577,341,905,398,696,160,155,159,289,122,548,38344,5233,33,0,0,0,0,5,0
2021-01-30T23:59:59+01:00,1,2,1161,824,1668,2348,1852,3895,2361,5923,2766,4691,1360,1330,1322,2233,940,3649,0,0,69,63,154,234,245,509,306,787,355,621,159,148,154,285,122,547,38289,4758,32,0,0,0,0,5,0
2021-01-29T23:59:59+01:00,1,2,1110,815,1629,2340,1841,3888,2353,5908,2758,4680,1356,1327,1318,2233,940,3649,0,0,61,45,117,179,201,353,250,639,310,493,148,139,143,275,119,546,38113,4018,30,0,0,0,0,5,0
2021-01-28T23:59:59+01:00,1,2,1035,789,1573,2277,1808,3819,2306,5837,2725,4628,1344,1315,1308,2227,928,3635,0,0,39,20,75,106,132,206,155,383,202,296,115,106,117,221,107,496,37525,2776,27,0,0,0,0,5,0
2021-01-27T23:59:59+01:00,1,2,888,737,1478,2202,1740,3706,2233,5708,2667,4502,1314,1269,1279,2188,912,3599,0,0,30,13,63,88,106,162,122,326,175,250,107,88,104,201,103,459,36403,2397,18,0,0,0,0,4,0
2021-01-26T23:59:59+01:00,1,2,873,717,1415,2127,1679,3576,2145,5536,2579,4390,1255,1229,1229,2114,887,3538,0,0,29,12,60,85,102,156,118,311,174,240,104,82,97,180,92,409,35275,2251,13,0,0,0,0,4,0
2021-01-25T23:59:59+01:00,1,2,861,696,1384,2065,1646,3479,2099,5366,2522,4298,1201,1204,1174,2054,870,3472,0,0,27,12,57,85,99,154,117,309,173,240,103,81,96,179,90,406,34386,2228,4,0,0,0,0,4,0
2021-01-24T23:59:59+01:00,1,2,858,695,1378,2054,1641,3462,2091,5341,2510,4266,1197,1196,1169,2047,869,3466,0,0,27,12,57,85,98,153,117,309,173,239,103,81,96,179,90,405,34236,2224,4,0,0,0,0,3,0
2021-01-23T23:59:59+01:00,1,2,858,695,1378,2054,1640,3462,2091,5341,2510,4266,1197,1196,1169,2047,869,3466,0,0,27,12,57,85,98,153,117,309,172,239,103,81,96,179,90,405,34236,2223,3,0,0,0,0,3,0
2021-01-22T23:59:59+01:00,1,2,857,685,1364,2031,1625,3438,2078,5307,2494,4246,1195,1191,1168,2024,868,3432,0,0,27,12,57,85,98,153,117,309,171,239,103,81,96,179,90,405,34000,2222,3,0,0,0,0,3,0
2021-01-21T23:59:59+01:00,1,2,825,649,1287,1876,1524,3245,1982,5035,2384,4046,1154,1131,1139,1955,830,3311,0,0,25,11,53,80,90,144,107,280,157,216,89,72,85,155,74,345,32372,1983,3,0,0,0,0,1,0
2021-01-20T23:59:59+01:00,1,2,626,551,1093,1660,1386,2971,1805,4629,2179,3705,1025,1012,1009,1714,753,3007,0,0,23,11,52,76,87,143,99,267,146,197,78,65,79,130,62,307,29124,1822,3,0,0,0,0,1,0
2021-01-19T23:59:59+01:00,1,2,341,407,844,1404,1182,2623,1569,4100,1915,3256,850,842,838,1425,631,2565,0,0,19,8,37,53,58,78,73,180,103,134,58,50,51,96,47,238,24792,1283,2,0,0,0,0,1,0
2021-01-18T23:59:59+01:00,1,2,300,371,731,1215,1064,2369,1376,3599,1674,2875,709,690,677,1169,527,2120,0,0,8,4,12,18,20,26,24,52,25,47,13,11,13,33,11,72,21467,389,1,0,0,0,0,1,0
2021-01-17T23:59:59+01:00,1,2,258,319,664,1119,984,2198,1278,3326,1560,2663,663,660,648,1109,499,2052,0,0,0,0,1,0,3,2,2,1,2,2,1,4,1,0,0,1,20002,20,1,0,0,0,0,0,0
2021-01-16T23:59:59+01:00,1,2,241,289,648,1083,960,2136,1236,3215,1509,2589,647,642,640,1109,499,2051,0,0,0,0,0,0,1,2,1,1,1,2,0,1,1,0,0,1,19496,11,1,0,0,0,0,0,0
2021-01-15T23:59:59+01:00,1,2,225,255,618,1031,933,2058,1202,3097,1457,2492,616,616,633,1088,492,2039,0,0,0,0,0,0,0,0,0,0,0,0,0,0,0,0,0,0,18855,0,0,0,0,0,0,0,0
2021-01-14T23:59:59+01:00,1,2,195,206,557,908,844,1913,1107,2875,1342,2307,572,572,593,1042,485,1993,0,0,0,0,0,0,0,0,0,0,0,0,0,0,0,0,0,0,17514,0,0,0,0,0,0,0,0
2021-01-13T23:59:59+01:00,1,2,166,185,508,836,771,1787,1008,2638,1187,2082,456,453,451,824,369,1552,0,0,0,0,0,0,0,0,0,0,0,0,0,0,0,0,0,0,15276,0,0,0,0,0,0,0,0
2021-01-12T23:59:59+01:00,1,2,142,164,477,767,719,1632,919,2435,1079,1850,366,344,351,591,270,1115,0,0,0,0,0,0,0,0,0,0,0,0,0,0,0,0,0,0,13224,0,0,0,0,0,0,0,0
2021-01-11T23:59:59+01:00,0,1,113,127,401,637,629,1378,756,1977,847,1462,228,203,201,357,153,673,0,0,0,0,0,0,0,0,0,0,0,0,0,0,0,0,0,0,10143,0,0,0,0,0,0,0,0
2021-01-10T23:59:59+01:00,0,1,87,92,310,458,473,1000,547,1449,623,1065,190,179,184,344,147,659,0,0,0,0,0,0,0,0,0,0,0,0,0,0,0,0,0,0,7808,0,0,0,0,0,0,0,0
2021-01-09T23:59:59+01:00,0,1,77,84,263,396,402,867,480,1232,547,908,183,169,179,339,147,657,0,0,0,0,0,0,0,0,0,0,0,0,0,0,0,0,0,0,6931,0,0,0,0,0,0,0,0
2021-01-08T23:59:59+01:00,0,1,64,64,190,288,304,585,366,934,440,689,175,164,163,327,145,657,0,0,0,0,0,0,0,0,0,0,0,0,0,0,0,0,0,0,5556,0,0,0,0,0,0,0,0
2021-01-07T23:59:59+01:00,0,0,45,25,81,122,140,231,165,421,222,344,130,128,144,277,131,602,0,0,0,0,0,0,0,0,0,0,0,0,0,0,0,0,0,0,3208,0,0,0,0,0,0,0,0
2021-01-06T23:59:59+01:00,0,0,33,18,70,93,119,180,137,344,193,279,111,99,115,227,112,517,0,0,0,0,0,0,0,0,0,0,0,0,0,0,0,0,0,0,2647,0,0,0,0,0,0,0,0
2021-01-05T23:59:59+01:00,0,0,30,13,60,89,108,166,121,329,179,256,109,94,114,220,109,499,0,0,0,0,0,0,0,0,0,0,0,0,0,0,0,0,0,0,2496,0,0,0,0,0,0,0,0
2021-01-04T23:59:59+01:00,0,0,27,12,57,86,100,158,116,314,177,244,108,90,107,206,99,461,0,0,0,0,0,0,0,0,0,0,0,0,0,0,0,0,0,0,2362,0,0,0,0,0,0,0,0
2021-01-03T23:59:59+01:00,0,0,27,12,57,86,100,158,116,314,177,244,108,90,106,205,99,461,0,0,0,0,0,0,0,0,0,0,0,0,0,0,0,0,0,0,2360,0,0,0,0,0,0,0,0
2021-01-02T23:59:59+01:00,0,0,27,12,57,86,100,158,116,314,176,244,108,90,106,205,99,461,0,0,0,0,0,0,0,0,0,0,0,0,0,0,0,0,0,0,2359,0,0,0,0,0,0,0,0
2021-01-01T23:59:59+01:00,0,0,27,12,57,86,100,158,116,314,174,243,108,90,106,205,99,461,0,0,0,0,0,0,0,0,0,0,0,0,0,0,0,0,0,0,2356,0,0,0,0,0,0,0,0
2020-12-31T23:59:59+01:00,0,0,27,12,57,86,100,158,116,314,174,243,108,90,106,205,99,461,0,0,0,0,0,0,0,0,0,0,0,0,0,0,0,0,0,0,2356,0,0,0,0,0,0,0,0
2020-12-30T23:59:59+01:00,0,0,26,12,57,85,99,155,116,313,174,243,108,90,106,205,99,461,0,0,0,0,0,0,0,0,0,0,0,0,0,0,0,0,0,0,2349,0,0,0,0,0,0,0,0
2020-12-29T23:59:59+01:00,0,0,20,9,42,60,76,91,86,218,128,191,83,77,77,171,80,373,0,0,0,0,0,0,0,0,0,0,0,0,0,0,0,0,0,0,1782,0,0,0,0,0,0,0,0
2020-12-28T23:59:59+01:00,0,0,9,6,18,30,31,45,40,113,53,103,36,42,39,98,43,211,0,0,0,0,0,0,0,0,0,0,0,0,0,0,0,0,0,0,917,0,0,0,0,0,0,0,0
2020-12-27T23:59:59+01:00,0,0,2,2,4,5,7,11,10,24,6,23,6,7,7,25,5,56,0,0,0,0,0,0,0,0,0,0,0,0,0,0,0,0,0,0,200,0,0,0,0,0,0,0,0
