Datum,<15_m,<15_w,15-24_1_m,15-24_1_w,25-34_1_m,25-34_1_w,35-44_1_m,35-44_1_w,45-54_1_m,45-54_1_w,55-64_1_m,55-64_1_w,65-74_1_m,65-74_1_w,75-84_1_m,75-84_1_w,>84_1_m,>84_1_w,<24_2_m,<24_2_w,25-34_2_m,25-34_2_w,35-44_2_m,35-44_2_w,45-54_2_m,45-54_2_w,55-64_2_m,55-64_2_w,65-74_2_m,65-74_2_w,75-84_2_m,75-84_2_w,>84_2_m,>84_2_w,bp_1,bp_2,mo_1,mo_2,az_1,az_2,ja,unb_1,unb_2
2021-08-26T23:59:59+02:00,7926,7314,54691,51702,61757,57278,71060,71900,92613,94807,104594,103891,72386,78754,50907,62501,14286,24672,49357,46789,57910,53008,67370,67702,88685,90413,100735,100134,70453,76598,49635,60840,13932,23858,793434,749476,69516,66771,181819,174835,38246,24,46
2021-08-25T23:59:59+02:00,7863,7261,54549,51551,61651,57131,70957,71786,92512,94710,104496,103811,72331,78705,50881,62469,14274,24658,49161,46598,57788,52873,67259,67582,88579,90303,100640,100049,70400,76553,49610,60802,13926,23843,792451,748364,69491,66740,181808,174801,37822,24,46
2021-08-24T23:59:59+02:00,7770,7183,54427,51370,61535,57000,70861,71674,92406,94609,104407,103728,72284,78667,50852,62431,14266,24644,48956,46389,57653,52714,67157,67461,88487,90220,100552,99972,70367,76506,49589,60777,13922,23828,791246,747071,69475,66724,181798,174780,37571,24,46
2021-08-23T23:59:59+02:00,7709,7110,54255,51198,61407,56876,70750,71565,92282,94504,104311,103632,72232,78607,50818,62389,14259,24633,48772,46216,57542,52589,67056,67365,88391,90132,100472,99895,70328,76457,49563,60739,13918,23816,790059,746084,69447,66700,181783,174728,37224,24,46
2021-08-22T23:59:59+02:00,7682,7086,54171,51122,61353,56812,70712,71508,92240,94462,104268,103604,72213,78593,50809,62376,14258,24627,48657,46108,57452,52498,66984,67305,88329,90074,100429,99854,70301,76435,49548,60721,13915,23809,789637,745422,69437,66692,181763,174680,37035,24,46
2021-08-21T23:59:59+02:00,7676,7083,54146,51107,61335,56800,70696,71494,92227,94445,104258,103594,72208,78591,50809,62375,14258,24626,48638,46091,57432,52490,66968,67286,88311,90059,100420,99845,70301,76432,49548,60720,13915,23809,789568,745334,69394,66677,181760,174674,36982,24,46
2021-08-20T23:59:59+02:00,7645,7049,54059,51032,61264,56739,70632,71433,92165,94383,104205,103559,72183,78562,50797,62350,14250,24616,48545,46016,57364,52428,66908,67236,88255,90000,100361,99808,70279,76411,49541,60705,13907,23805,789040,744835,69324,66668,181757,174652,36778,24,46
2021-08-19T23:59:59+02:00,7580,6970,53925,50914,61124,56629,70518,71323,92053,94295,104114,103469,72136,78507,50768,62310,14241,24596,48412,45915,57250,52342,66820,67159,88163,89921,100266,99744,70247,76383,49521,60681,13903,23796,788030,744201,69287,66636,181742,174608,36389,24,46
2021-08-18T23:59:59+02:00,7506,6913,53780,50780,61001,56520,70406,71228,91944,94210,104015,103390,72078,78456,50735,62274,14231,24575,48295,45789,57138,52247,66730,67084,88050,89835,100193,99673,70202,76345,49502,60658,13897,23779,787047,743504,69259,66613,181735,174558,35977,24,46
2021-08-17T23:59:59+02:00,7423,6834,53619,50617,60901,56395,70290,71108,91840,94106,103909,103291,72028,78414,50707,62249,14223,24564,48106,45612,57010,52112,66612,66981,87925,89742,100085,99579,70150,76296,49478,60640,13890,23767,785979,742492,69237,66582,181730,174510,35548,24,46
2021-08-16T23:59:59+02:00,7350,6773,53493,50486,60806,56285,70193,71013,91749,94001,103818,103192,71985,78364,50679,62206,14215,24556,47969,45498,56908,52043,66519,66898,87828,89660,100003,99483,70109,76260,49454,60614,13883,23762,785116,741873,69190,66547,181717,174444,35117,24,46
2021-08-15T23:59:59+02:00,7302,6734,53413,50403,60738,56219,70128,70949,91694,93952,103767,103146,71950,78337,50672,62191,14211,24547,47862,45402,56813,51956,66451,66834,87755,89598,99948,99437,70072,76228,49442,60594,13878,23750,784647,741392,69179,66519,181707,174364,34796,24,46
2021-08-14T23:59:59+02:00,7281,6718,53340,50334,60691,56179,70093,70902,91656,93914,103728,103110,71929,78329,50663,62180,14209,24545,47620,45130,56651,51770,66303,66681,87622,89476,99835,99329,70023,76185,49431,60571,13874,23745,784170,739571,69172,66513,181707,174355,34728,24,46
2021-08-13T23:59:59+02:00,7244,6683,53232,50239,60608,56098,70039,70834,91581,93859,103677,103065,71906,78308,50651,62169,14207,24538,47112,44628,56411,51502,66074,66434,87350,89226,99639,99127,69936,76086,49393,60511,13868,23725,783424,736101,69168,66505,181707,174281,34615,24,46
2021-08-12T23:59:59+02:00,7215,6657,53130,50169,60547,56024,69969,70788,91512,93802,103618,103021,71876,78275,50637,62153,14205,24524,46616,44187,56133,51201,65816,66213,87096,89007,99304,98858,69833,75952,49339,60447,13857,23697,782997,733062,69143,66482,181692,173834,34266,24,46
2021-08-11T23:59:59+02:00,7151,6587,52966,49998,60417,55906,69884,70696,91405,93698,103518,102915,71815,78210,50606,62113,14199,24509,45939,43565,55756,50821,65559,65920,86804,88745,98972,98491,69693,75808,49280,60348,13846,23669,781830,728966,69122,66448,181683,173400,33934,24,46
2021-08-10T23:59:59+02:00,7076,6503,52769,49813,60279,55788,69782,70576,91281,93569,103398,102812,71764,78153,50576,62082,14191,24500,44984,42658,55092,50172,65071,65470,86346,88265,98487,98035,69494,75612,49188,60251,13826,23632,780488,722729,69113,66419,181677,172896,33610,24,46
2021-08-09T23:59:59+02:00,7034,6458,52658,49724,60205,55717,69728,70516,91214,93500,103331,102754,71722,78118,50570,62066,14187,24492,43972,41596,54382,49483,64600,65042,85904,87830,97977,97568,69314,75390,49108,60128,13801,23596,779943,716277,69045,66376,181666,172337,33316,24,46
2021-08-08T23:59:59+02:00,6989,6420,52593,49659,60160,55687,69695,70493,91162,93453,103278,102713,71701,78097,50556,62046,14181,24487,43918,41534,54315,49439,64544,65009,85838,87773,97914,97519,69290,75362,49089,60104,13793,23589,779669,716012,69040,66362,181652,172258,32985,24,46
2021-08-07T23:59:59+02:00,6952,6380,52483,49533,60092,55613,69640,70429,91092,93392,103227,102666,71684,78080,50546,62040,14181,24486,42952,40507,53756,48862,64111,64606,85467,87382,97596,97174,69147,75219,49033,60023,13776,23571,778896,709642,69035,66347,181652,172250,32909,24,44
2021-08-06T23:59:59+02:00,6912,6319,52345,49404,60017,55548,69574,70345,91015,93317,103168,102613,71660,78057,50535,62022,14179,24481,42270,39897,53509,48598,63889,64367,85235,87163,97368,96974,69064,75128,48991,59983,13770,23558,778030,706044,69032,66267,181651,172113,32774,24,44
2021-08-05T23:59:59+02:00,6805,6212,52092,49180,59848,55362,69433,70203,90859,93172,103031,102480,71601,77995,50509,61982,14166,24463,41437,39204,52993,48138,63523,64024,84786,86766,96751,96459,68880,74945,48926,59885,13752,23527,776435,701532,68981,66220,181621,170987,32332,24,44
2021-08-04T23:59:59+02:00,6718,6128,51897,48953,59700,55185,69323,70054,90725,93057,102913,102365,71541,77933,50483,61936,14155,24434,40594,38412,52621,47740,63208,63712,84417,86437,96340,96058,68717,74775,48850,59789,13737,23493,775047,696968,68940,66204,181607,170194,31882,24,44
2021-08-03T23:59:59+02:00,6644,6073,51730,48816,59576,55064,69232,69965,90627,92960,102819,102284,71490,77898,50463,61912,14147,24420,39604,37458,51827,47068,62668,63193,83901,85957,95634,95429,68477,74562,48759,59675,13716,23450,774026,690753,68931,66185,181600,169019,31539,24,44
2021-08-02T23:59:59+02:00,6595,6030,51596,48676,59486,54985,69150,69896,90574,92889,102744,102223,71452,77856,50443,61890,14140,24407,38326,36282,50862,46259,61961,62617,83299,85392,94838,94732,68225,74306,48673,59544,13696,23412,773336,683132,68883,66142,181573,167707,31216,24,44
2021-08-01T23:59:59+02:00,6553,5977,51424,48516,59340,54875,69057,69783,90466,92798,102657,102131,71412,77819,50421,61849,14136,24391,38143,36146,50708,46168,61834,62525,83120,85253,94388,94329,68109,74198,48634,59495,13686,23392,772297,682500,68855,66087,181555,166396,30874,24,44
2021-07-31T23:59:59+02:00,6510,5944,51329,48397,59285,54805,69009,69741,90426,92769,102631,102107,71401,77807,50413,61846,14136,24388,36535,34631,49803,45305,61298,61961,82615,84740,93907,93896,67919,73993,48555,59400,13668,23359,771695,673352,68851,66080,181555,166281,30819,24,44
2021-07-30T23:59:59+02:00,6475,5891,51178,48261,59204,54723,68939,69684,90353,92689,102576,102069,71384,77784,50404,61823,14133,24384,35069,33219,48829,44354,60571,61275,81932,84122,93225,93319,67686,73760,48450,59250,13649,23328,770939,663829,68827,66069,181549,165977,30615,24,44
2021-07-29T23:59:59+02:00,6360,5771,50747,47893,58992,54456,68748,69494,90164,92503,102416,101932,71309,77702,50372,61768,14118,24366,34340,32601,48207,43910,60172,60930,81510,83772,92459,92647,67490,73606,48388,59164,13629,23299,768631,659992,68775,65933,181507,164341,30174,24,44
2021-07-28T23:59:59+02:00,6288,5708,50491,47697,58860,54307,68623,69400,90040,92382,102309,101838,71252,77645,50348,61730,14109,24349,34012,32305,47895,43680,59948,60718,81336,83609,92223,92450,67416,73541,48359,59130,13616,23289,767324,658330,68745,65845,181480,163824,29803,24,43
2021-07-27T23:59:59+02:00,6237,5662,50330,47558,58725,54215,68530,69314,89942,92273,102202,101763,71210,77592,50319,61697,14102,24336,32550,30893,46624,42580,59117,59932,80734,83085,91207,91602,67141,73257,48272,59003,13586,23248,766442,649660,68721,65779,181457,162042,29363,24,43
2021-07-26T23:59:59+02:00,6214,5633,50208,47470,58624,54130,68455,69261,89854,92213,102138,101714,71172,77556,50295,61677,14097,24327,31178,29628,45303,41455,58017,58948,80033,82452,90041,90576,66833,72985,48182,58887,13563,23206,765905,640585,68655,65688,181419,159744,29035,24,43
2021-07-25T23:59:59+02:00,6195,5615,50094,47363,58538,54064,68395,69204,89790,92157,102080,101667,71139,77520,50278,61654,14094,24317,30970,29469,45040,41260,57763,58723,79763,82249,89084,89725,66627,72812,48115,58814,13552,23182,765499,639423,68643,65573,181395,157289,28603,24,43
2021-07-24T23:59:59+02:00,6161,5586,49976,47270,58475,54000,68347,69149,89744,92114,102040,101627,71134,77514,50275,61651,14093,24313,29357,27865,43876,40167,57067,58011,79147,81676,88442,89162,66448,72620,48044,58713,13538,23159,764897,629316,68635,65562,181387,157150,28526,24,43
2021-07-23T23:59:59+02:00,6077,5499,49798,47093,58380,53895,68239,69047,89639,92012,101950,101532,71098,77457,50254,61620,14089,24307,27655,26329,42615,39084,56140,57123,78458,81064,87735,88499,66178,72348,47966,58612,13517,23129,763521,618750,68631,65401,181368,156681,28442,24,43
2021-07-22T23:59:59+02:00,5939,5385,49502,46811,58179,53695,68067,68880,89456,91860,101794,101400,71033,77375,50214,61568,14078,24288,26832,25495,41695,38271,55197,56295,77715,80437,86063,86994,65805,71949,47858,58480,13486,23077,761595,610246,68589,64905,181337,155202,27979,24,43
2021-07-21T23:59:59+02:00,5662,5101,48966,46283,57872,53382,67836,68603,89180,91613,101523,101133,70906,77244,50155,61503,14069,24262,26577,25273,41274,37991,54761,55911,77349,80158,85254,86389,65639,71820,47803,58414,13468,23052,757987,608293,68564,64635,181313,153425,27405,24,43
2021-07-20T23:59:59+02:00,5585,5027,48680,46005,57701,53177,67661,68458,89000,91461,101360,100989,70829,77178,50116,61456,14060,24234,25407,24120,39973,36959,53424,54710,76449,79388,83894,85046,65336,71478,47696,58277,13440,23007,756306,597904,68559,64490,181269,151841,26819,24,43
2021-07-19T23:59:59+02:00,5505,4942,48352,45679,57486,52967,67494,68256,88815,91285,101212,100827,70754,77096,50075,61406,14051,24205,24574,23277,38665,35837,51693,53210,75186,78342,82784,84066,65046,71221,47605,58159,13416,22968,754510,587872,68549,64345,181240,150057,26084,24,43
2021-07-18T23:59:59+02:00,5498,4941,48286,45626,57395,52893,67431,68190,88728,91219,101141,100762,70722,77055,50049,61373,14049,24193,24438,23174,38401,35623,51368,52927,74938,78151,81886,83302,64861,71044,47549,58086,13411,22946,754244,586822,68526,64186,181200,147829,25557,24,43
2021-07-17T23:59:59+02:00,5472,4905,48187,45547,57322,52831,67371,68134,88669,91158,101098,100743,70715,77040,50044,61367,14049,24192,23043,21700,37006,34323,50121,51735,74338,77598,81252,82707,64732,70896,47483,58025,13402,22926,753686,575925,68524,64162,181195,147692,25415,24,43
2021-07-16T23:59:59+02:00,5368,4827,47943,45314,57198,52725,67256,68024,88533,91063,100993,100642,70670,76990,50021,61349,14043,24185,21781,20450,35702,33074,48669,50413,73333,76666,80551,82046,64513,70676,47402,57925,13383,22893,752246,564270,68524,64103,181189,147490,25161,24,43
2021-07-15T23:59:59+02:00,5226,4700,47544,44989,56989,52525,67065,67841,88322,90863,100805,100476,70573,76889,49973,61275,14033,24156,21172,19946,34773,32377,47436,49476,72155,75754,78396,79919,63915,70079,47259,57748,13364,22830,750188,554942,68508,63077,181142,145643,24382,24,43
2021-07-14T23:59:59+02:00,4854,4372,46952,44414,56758,52258,66862,67639,88110,90621,100588,100279,70467,76779,49908,61192,14022,24132,20967,19799,34519,32222,47070,49178,71627,75367,77731,79385,63593,69804,47178,57664,13342,22795,746738,553160,68494,62895,181091,143741,23860,24,41
2021-07-13T23:59:59+02:00,4765,4293,46749,44260,56591,52105,66700,67491,87954,90494,100442,100153,70395,76717,49869,61146,14018,24116,20401,19264,33496,31408,45458,47723,69873,73708,76133,77832,63220,69413,47050,57494,13313,22744,745377,542257,68477,62126,181017,142129,23363,24,41
2021-07-12T23:59:59+02:00,4700,4217,46563,44070,56441,51964,66545,67365,87781,90355,100286,100015,70320,76634,49832,61093,14011,24098,19921,18826,32707,30785,43796,46270,67499,71633,74243,76331,62690,68829,46908,57332,13285,22695,744118,531156,68456,61564,180917,139556,22775,24,41
2021-07-11T23:59:59+02:00,4695,4213,46491,44017,56383,51914,66496,67329,87721,90306,100214,99956,70283,76591,49822,61078,14009,24084,19715,18679,32369,30539,43353,45898,67042,71276,73464,75636,62292,68452,46838,57242,13270,22662,743980,529390,68447,61241,180851,137085,22300,24,41
2021-07-10T23:59:59+02:00,4569,4079,46208,43705,56198,51719,66349,67155,87590,90166,100115,99850,70227,76534,49801,61052,14006,24075,19151,18119,31417,29672,41603,44314,65561,69996,72830,75019,62127,68301,46785,57190,13263,22648,741888,518751,68443,61225,180840,137041,22203,24,41
2021-07-09T23:59:59+02:00,4442,3963,45935,43451,56030,51528,66192,66996,87439,90004,99983,99744,70174,76461,49765,61011,14001,24063,18553,17543,30445,28714,39640,42383,63261,67870,71669,73879,61855,67976,46709,57064,13246,22623,739845,505033,68432,60843,180834,136635,22047,24,41
2021-07-08T23:59:59+02:00,4410,3938,45796,43338,55910,51410,66064,66894,87318,89883,99860,99647,70122,76407,49744,60972,13990,24050,17611,16736,29047,27677,37922,40936,61130,66052,68314,70728,60964,67007,46468,56723,13201,22528,739114,489774,68376,58777,180765,134055,21474,24,41
2021-07-07T23:59:59+02:00,4399,3933,45728,43295,55834,51366,65983,66852,87264,89843,99817,99596,70106,76385,49735,60954,13986,24040,16645,15876,27667,26668,36401,39708,59515,64597,65091,67258,59951,65969,46232,56402,13151,22455,738824,474479,68333,56878,180712,131911,21223,24,41
2021-07-06T23:59:59+02:00,4345,3885,45584,43168,55705,51226,65879,66743,87159,89754,99739,99512,70068,76326,49717,60926,13983,24026,15871,15130,26590,25757,34566,38003,56119,61578,62445,64806,59198,65180,45960,56068,13110,22352,737705,456609,68313,56064,180652,129783,21051,24,41
2021-07-05T23:59:59+02:00,4284,3841,45408,42993,55557,51130,65763,66635,87044,89660,99655,99418,70005,76262,49696,60899,13980,24011,15212,14500,25631,24943,33343,36873,53021,58609,59674,62344,58362,64371,45710,55757,13065,22275,736538,440541,68280,55707,180575,127306,20824,24,41
2021-07-04T23:59:59+02:00,4276,3835,45361,42967,55497,51104,65724,66614,87006,89629,99623,99390,69982,76242,49690,60884,13975,24001,15003,14294,25194,24593,32748,36345,52356,58083,58692,61481,57703,63741,45528,55555,13046,22228,736366,436459,68250,55503,180507,124626,20653,24,39
2021-07-03T23:59:59+02:00,4056,3658,44825,42402,55176,50732,65434,66340,86762,89369,99426,99192,69909,76170,49667,60838,13971,23990,14716,13972,24843,24241,31768,35425,50614,56531,57825,60744,57530,63546,45461,55470,13034,22203,732565,427876,68237,55488,180500,124584,20591,24,39
2021-07-02T23:59:59+02:00,3748,3371,44171,41810,54850,50401,65151,66038,86491,89117,99191,98968,69805,76057,49615,60769,13965,23973,14296,13522,24143,23633,30610,34364,47988,54368,55696,58957,57136,63120,45302,55314,13018,22165,728230,415380,68220,54437,180487,123855,20531,23,19
2021-07-01T23:59:59+02:00,3610,3261,43819,41457,54648,50227,64996,65879,86339,88979,99038,98848,69734,75989,49584,60735,13957,23958,13604,12827,22848,22546,28935,32848,45982,52624,53203,56682,55716,61552,44807,54697,12945,22037,726100,401846,68157,52122,180438,120036,20340,23,19
2021-06-30T23:59:59+02:00,3599,3245,43550,41261,54467,50102,64884,65792,86253,88915,98969,98798,69707,75966,49572,60713,13953,23947,12851,12221,21680,21653,27346,31483,44138,50908,49564,52722,54388,60222,44451,54258,12889,21909,724987,386096,68112,50226,180416,116596,20156,22,19
2021-06-29T23:59:59+02:00,3381,3025,42634,40418,53861,49511,64453,65366,85847,88464,98622,98468,69580,75817,49515,60643,13934,23916,12250,11614,20883,20890,25998,30281,41519,48506,47697,51179,53417,59114,44044,53722,12795,21756,719008,374080,68061,48717,180402,113216,19962,22,19
2021-06-28T23:59:59+02:00,3164,2845,41670,39412,53204,48867,63996,64984,85462,88075,98289,98124,69442,75656,49450,60543,13916,23893,11746,11164,20231,20301,25038,29387,39428,46566,46071,49816,52312,58069,43682,53217,12716,21636,712846,364608,67955,47692,180393,109539,19776,22,19
2021-06-27T23:59:59+02:00,3159,2842,41635,39380,53162,48836,63961,64952,85410,88040,98238,98097,69425,75644,49441,60529,13911,23890,11552,10970,19905,19984,24461,28829,38406,45719,44913,48724,51283,57060,43248,52712,12634,21500,712652,360027,67930,47251,180356,105230,19592,22,19
2021-06-26T23:59:59+02:00,2677,2369,40236,38007,52427,48083,63407,64389,84924,87525,97814,97666,69234,75468,49368,60425,13892,23867,11436,10868,19735,19831,24264,28613,37929,45282,44547,48373,51169,56915,43202,52664,12629,21485,703912,357082,67906,47245,180356,105212,19582,22,19
2021-06-25T23:59:59+02:00,2270,2036,39380,37187,52076,47720,63079,64065,84642,87212,97562,97400,69130,75355,49321,60363,13877,23845,11132,10556,19353,19408,23741,27995,35234,42982,42366,46459,50831,56536,43103,52535,12605,21455,698828,345516,67772,46798,180349,104565,19549,22,19
2021-06-24T23:59:59+02:00,2216,1986,38890,36726,51727,47388,62865,63861,84410,87019,97377,97249,69049,75288,49286,60317,13871,23829,10531,9971,18291,18539,22323,26748,33135,41148,39937,44166,49350,54891,42532,51833,12488,21252,695893,332662,67748,44194,180327,101016,19364,22,19
2021-06-23T23:59:59+02:00,2204,1962,38661,36489,51564,47226,62760,63759,84316,86925,97301,97164,69018,75257,49269,60296,13868,23818,10074,9541,17663,17993,21389,25898,31207,39522,35973,39711,48059,53531,42147,51327,12407,21086,694679,317164,67721,43573,180312,97714,19125,20,19
2021-06-22T23:59:59+02:00,2126,1900,37672,35547,50817,46553,62283,63319,83937,86517,96938,96852,68870,75115,49203,60215,13855,23785,9600,9095,16799,17308,20168,24827,28086,36754,33669,37837,47105,52561,41738,50769,12267,20851,688535,305003,67680,40833,180302,94642,18967,20,19
2021-06-21T23:59:59+02:00,1980,1761,36313,34313,49796,45673,61564,62661,83440,86047,96500,96450,68701,74944,49137,60121,13843,23750,9283,8796,16338,16945,19542,24345,26343,35187,32137,36542,46057,51484,41284,50220,12161,20659,680558,297657,67654,40191,180286,90999,18476,20,19
2021-06-20T23:59:59+02:00,1969,1752,36228,34260,49659,45561,61432,62534,83362,85990,96433,96392,68667,74916,49122,60103,13843,23739,9136,8694,16124,16776,19226,24087,25526,34535,31200,35595,45862,51281,41253,50168,12152,20639,679951,293877,67617,39601,180269,90669,18105,20,19
2021-06-19T23:59:59+02:00,1601,1451,34605,32700,48749,44738,60942,62025,82893,85511,96024,96038,68517,74750,49056,60020,13828,23715,9096,8615,16023,16655,19108,23937,25420,34377,31073,35457,45766,51185,41235,50143,12148,20629,671191,292545,67604,39598,180263,90636,18085,20,18
2021-06-18T23:59:59+02:00,1406,1278,32951,31101,47534,43545,60005,61108,82088,84766,95407,95459,68298,74530,48966,59881,13812,23685,9021,8526,15866,16505,18923,23747,25170,34138,30788,35139,45474,50841,41150,50067,12135,20615,660023,290374,67479,39482,180262,90210,18036,20,18
2021-06-17T23:59:59+02:00,1330,1219,32018,30252,46661,42839,59201,60263,81350,84118,94997,95078,68156,74386,48923,59805,13798,23656,8480,8157,15179,15945,18099,22924,24066,33013,29308,33786,44148,49338,40665,49456,12015,20427,653074,281436,67368,38658,180230,87551,17358,20,18
2021-06-16T23:59:59+02:00,1247,1155,31321,29548,45863,42090,58282,59393,80572,83350,94578,94701,68017,74226,48866,59714,13779,23630,7988,7832,14565,15434,17333,22202,22933,32061,28132,32680,42258,47225,40122,48876,11907,20242,646008,271728,67252,38059,180210,85158,16842,20,18
2021-06-15T23:59:59+02:00,1105,1036,29432,27743,44110,40548,56699,57754,79185,82034,93822,94032,67730,73934,48754,59556,13746,23565,7811,7701,14260,15196,16971,21903,22418,31681,27606,32257,41322,46210,39739,48455,11784,20022,631031,268674,67207,37556,180170,82744,16357,20,18
2021-06-14T23:59:59+02:00,1012,923,27881,26264,42501,39031,55041,56105,78086,80929,93126,93405,67478,73693,48658,59433,13726,23521,7625,7526,13882,14866,16448,21465,21731,31101,26928,31663,40940,45787,39357,48007,11653,19817,617778,266012,67153,37147,180141,79909,15721,20,18
2021-06-13T23:59:59+02:00,988,898,27679,26081,42119,38701,54503,55586,77739,80625,92934,93215,67388,73613,48621,59376,13711,23496,7481,7355,13615,14574,16066,21073,21303,30613,26397,31164,40542,45383,38899,47443,11474,19532,615078,263938,67019,37079,180112,76846,15044,20,18
2021-06-12T23:59:59+02:00,859,783,26143,24476,40947,37616,53829,54852,77206,80130,92383,92690,67233,73435,48552,59299,13698,23475,7435,7304,13494,14465,15933,20963,21119,30466,26281,31067,40525,45367,38891,47433,11474,19531,605483,263162,67015,37077,180105,76519,14983,20,18
2021-06-11T23:59:59+02:00,745,674,24514,22938,39586,36421,52602,53645,76237,79279,91806,92115,66997,73201,48490,59191,13679,23440,7378,7215,13324,14282,15722,20772,20850,30211,26012,30810,40217,44991,38806,47319,11457,19503,593679,261280,66938,36932,180097,75824,14826,20,18
2021-06-10T23:59:59+02:00,645,587,23517,21924,38363,35237,51001,52143,74918,78087,90195,90570,66643,72807,48363,59018,13654,23385,7097,6989,12804,13846,15093,20205,20088,29456,25220,30138,39517,44130,38456,46903,11344,19320,580769,257843,66462,36900,180044,72094,13762,20,18
2021-06-09T23:59:59+02:00,575,538,23066,21533,37706,34714,49891,51107,73679,76891,89604,90065,66518,72662,48313,58933,13639,23355,6822,6677,12205,13244,14313,19396,19174,28435,24238,28982,36950,41216,37891,46258,11196,19080,573612,247542,66005,36825,180004,68556,13148,20,17
2021-06-08T23:59:59+02:00,469,427,21546,20055,36089,33346,47783,49149,71542,74957,88133,88584,66204,72276,48178,58773,13607,23311,6692,6499,11830,12877,13834,18911,18573,27834,23683,28449,36666,40963,37602,45891,11088,18924,556222,245902,65730,36748,179970,65173,12487,20,17
2021-06-07T23:59:59+02:00,354,333,20537,19068,34543,32007,45507,47125,69406,73081,87156,87733,65981,72011,48104,58638,13587,23276,6539,6336,11410,12528,13296,18435,17846,27247,23051,27854,36348,40659,37183,45410,10975,18728,541010,243919,65560,36684,179916,61295,11941,20,17
2021-06-06T23:59:59+02:00,331,312,20354,18923,34150,31724,44902,46559,68790,72600,86945,87566,65925,71952,48093,58611,13580,23264,6406,6167,11089,12116,12868,17865,17209,26437,22354,27049,35882,40186,36703,44856,10819,18460,537906,241483,65237,36635,179872,56796,11546,20,17
2021-06-05T23:59:59+02:00,259,247,19103,17639,32809,30506,43671,45381,68216,72083,86414,87056,65834,71850,48045,58562,13573,23252,6355,6086,10986,11963,12745,17695,17041,26229,22185,26866,35820,40108,36681,44832,10817,18455,527873,240895,65237,36222,179844,56215,11526,20,17
2021-06-04T23:59:59+02:00,178,177,17903,16482,31490,29209,42113,43884,66873,70766,85603,86304,65647,71637,47968,58470,13557,23224,6253,5944,10810,11756,12530,17442,16685,25844,21665,26428,34936,39255,36367,44532,10800,18433,515004,239066,65170,35896,179836,53258,11455,20,16
2021-06-03T23:59:59+02:00,123,124,17263,15905,30504,28384,40658,42598,65100,69237,83349,84020,65223,71185,47840,58308,13539,23186,6082,5736,10503,11405,12213,16980,16240,25182,21120,25848,34270,38467,36193,44330,10767,18383,501219,236747,64477,35510,179796,50423,11034,20,16
2021-06-02T23:59:59+02:00,94,81,16918,15592,30196,28124,39991,41976,63511,67846,82409,83220,65081,71021,47780,58225,13536,23171,5966,5644,10333,11252,11990,16770,15947,24880,20780,25457,31031,34846,35966,44107,10738,18329,493708,228084,64476,35179,179795,49994,10773,20,16
2021-06-01T23:59:59+02:00,38,46,16123,14919,28700,27035,37635,39919,59953,64666,79982,80902,64731,70656,47652,58036,13502,23116,5690,5358,9818,10820,11460,16181,15286,24091,20040,24704,30686,34549,35768,43927,10710,18267,475382,226621,62920,34674,179726,46492,9563,20,15
2021-05-31T23:59:59+02:00,30,38,15552,14441,27766,26338,35671,38252,56513,61640,77949,79196,64398,70300,47508,57861,13469,23064,5528,5143,9410,10457,11031,15704,14752,23409,19415,23998,30399,34297,35585,43733,10674,18210,459603,225948,62204,34288,179659,43003,8500,20,15
2021-05-30T23:59:59+02:00,29,35,15406,14315,27487,26112,35220,37846,55802,61021,77630,78922,64336,70242,47483,57826,13465,23054,5425,4950,9083,10090,10620,15219,14303,22609,18888,23229,29723,33584,35358,43539,10652,18149,456637,225496,61771,34208,179610,37518,8193,20,15
2021-05-29T23:59:59+02:00,27,34,15008,13915,26631,25292,33459,36251,54318,59723,77041,78356,64185,70093,47430,57773,13458,23040,5391,4874,9021,9979,10530,15106,14196,22463,18758,23092,29693,33561,35352,43531,10651,18146,446482,225023,61739,34208,179605,36919,8188,20,15
2021-05-28T23:59:59+02:00,24,33,14597,13509,25813,24543,31606,34485,52144,57716,75985,77361,63980,69842,47378,57696,13448,23017,5306,4757,8848,9833,10377,14937,14038,22228,18550,22790,29624,33514,35335,43515,10650,18142,434493,224363,61269,34202,179517,35995,7878,20,15
2021-05-27T23:59:59+02:00,20,28,13971,13040,24748,23821,30361,33557,50537,56341,72884,74376,63538,69305,47243,57534,13424,22963,5192,4517,8520,9497,9978,14509,13599,21597,18050,22193,29402,33310,35225,43403,10628,18114,422341,223731,59309,34133,178888,32731,7133,20,15
2021-05-26T23:59:59+02:00,19,26,13482,12610,23836,23169,29443,32862,49449,55414,69923,71185,62926,68696,47108,57363,13394,22917,5106,4352,8265,9181,9680,14122,13242,20998,17616,21596,29210,33143,35127,43299,10602,18064,411515,223130,57134,34015,178389,29688,6764,20,15
2021-05-25T23:59:59+02:00,19,21,13136,12309,23257,22764,28392,32006,46852,53181,67660,69056,62575,68329,46995,57214,13376,22866,5025,4228,8058,8924,9426,13750,12929,20478,17235,21049,29052,32989,35043,43196,10576,18009,399663,222592,56069,33934,177768,26948,6488,20,14
2021-05-24T23:59:59+02:00,18,20,12837,12027,22757,22381,27774,31557,44230,50750,65206,66869,62268,68031,46885,57088,13343,22810,4953,4120,7808,8692,9109,13373,12601,19967,16850,20492,28910,32851,34969,43124,10554,17963,388011,222027,55587,33870,177102,24303,6131,20,14
2021-05-23T23:59:59+02:00,18,20,12776,11957,22662,22298,27694,31481,43974,50520,64620,66320,62188,67942,46860,57070,13341,22808,4933,4105,7771,8662,9051,13342,12523,19907,16776,20438,28901,32838,34965,43118,10554,17962,385809,221756,55507,33863,177088,24097,6125,20,14
2021-05-22T23:59:59+02:00,18,20,12552,11717,22340,21993,26690,30593,42139,48937,63765,65582,62026,67751,46794,56979,13331,22785,4917,4050,7744,8600,9010,13279,12493,19825,16746,20373,28891,32828,34961,43112,10553,17961,377315,221669,55496,33863,177082,23707,6099,20,14
2021-05-21T23:59:59+02:00,18,19,12247,11464,21770,21555,25881,29906,39750,47046,61793,63917,61765,67480,46710,56891,13316,22760,4898,4022,7690,8512,8943,13190,12415,19731,16673,20289,28875,32803,34954,43102,10551,17960,366913,221471,54437,33849,176892,23257,6026,20,14
2021-05-20T23:59:59+02:00,17,19,11626,10885,20651,20669,24740,28886,38245,45768,59451,61850,60947,66581,46511,56633,13282,22705,4617,3843,7288,8219,8504,12794,11961,19220,16256,19769,28754,32707,34903,43051,10547,17950,356442,221074,52083,33740,175617,20260,5304,20,14
2021-05-19T23:59:59+02:00,17,19,11186,10570,19864,20124,23893,28292,37343,45083,56217,58213,60255,65878,46402,56498,13260,22658,4464,3676,7032,7974,8227,12465,11633,18794,15887,19346,28656,32594,34861,42977,10537,17935,345991,220600,50467,33624,174480,18015,4814,20,14
2021-05-18T23:59:59+02:00,17,19,10853,10283,19291,19673,23249,27736,35944,43859,54808,57086,59884,65454,46272,56336,13235,22633,4356,3551,6786,7742,7967,12182,11401,18393,15542,18916,28573,32505,34831,42938,10533,17928,340629,220316,48627,33544,172998,15921,4358,20,14
2021-05-17T23:59:59+02:00,16,18,10633,10101,18858,19388,22819,27428,34743,42863,53499,56053,59635,65207,46209,56237,13219,22600,4284,3464,6578,7524,7718,11888,11144,17999,15233,18513,28483,32419,34807,42896,10527,17915,336565,220031,47636,33477,171477,14051,3828,20,14
2021-05-16T23:59:59+02:00,16,17,10443,9969,18563,19186,22483,27189,34107,42404,52263,54884,59443,65043,46173,56183,13208,22580,4216,3388,6358,7358,7425,11634,10877,17646,14938,18150,28417,32357,34791,42878,10520,17911,334141,219784,46758,33414,169855,12282,3380,20,13
2021-05-15T23:59:59+02:00,16,17,10345,9868,18412,19040,22314,27048,33722,42035,51869,54508,59326,64896,46125,56138,13205,22564,4175,3353,6274,7293,7332,11531,10775,17527,14830,18020,28322,32239,34700,42785,10516,17906,331747,218695,46757,33412,169720,12263,3204,20,13
2021-05-14T23:59:59+02:00,15,17,10060,9659,17978,18800,21915,26763,31364,40259,49719,52653,59108,64669,46077,56054,13189,22542,4045,3268,5988,7131,7024,11307,10426,17176,14484,17693,27748,31533,34579,42593,10498,17877,322589,215394,46704,33407,169107,12143,2422,19,13
2021-05-13T23:59:59+02:00,15,17,9597,9282,17184,18236,21043,26085,30245,39274,47477,50482,58261,63696,45868,55771,13150,22470,3540,3070,5651,6876,6712,10998,10019,16786,14107,17259,26853,30334,34155,42077,10467,17815,314094,210801,44840,32854,167087,10946,2114,18,13
2021-05-12T23:59:59+02:00,15,17,9304,9091,16749,17980,20573,25799,29717,38889,44474,46838,57687,63055,45784,55658,13132,22445,3399,2982,5420,6765,6434,10853,9737,16577,13868,16994,26208,29514,33991,41882,10441,17781,304922,207779,44017,32828,166795,10778,1457,16,13
2021-05-11T23:59:59+02:00,15,15,8862,8805,15977,17465,19713,25183,27976,37444,42542,45335,57309,62609,45699,55523,13112,22417,3279,2851,5190,6423,6132,10438,9372,16016,13431,16438,24784,27847,33481,41260,10390,17696,299432,201813,40959,32645,164306,9279,1288,16,12
2021-05-10T23:59:59+02:00,15,14,8600,8652,15464,17214,19084,24867,26984,36755,41083,44187,57049,62338,45620,55420,13092,22386,3169,2723,4958,6192,5878,10112,9044,15540,13068,16020,23737,26517,32994,40674,10354,17638,296153,197167,40052,32619,161630,7856,974,15,10
2021-05-09T23:59:59+02:00,15,14,8441,8568,15156,17031,18706,24617,26316,36330,39302,42528,56751,62060,45567,55362,13084,22368,3048,2669,4777,6055,5708,9939,8848,15334,12900,15846,23463,26185,32849,40499,10344,17623,293198,195971,39680,32578,158623,6836,700,15,10
2021-05-08T23:59:59+02:00,15,14,8366,8492,14979,16886,18496,24419,26090,36092,39071,42339,56624,61911,45530,55325,13081,22358,3041,2651,4745,6019,5666,9893,8771,15269,12814,15776,23095,25758,32564,40188,10336,17607,291646,194784,39225,31873,158502,6834,700,15,10
2021-05-07T23:59:59+02:00,14,13,8192,8393,14656,16704,18114,24186,25668,35804,38618,41961,56350,61556,45481,55278,13076,22348,2737,2517,4395,5833,5397,9631,8458,14957,12421,15381,21999,24386,31919,39357,10308,17557,289121,191338,38794,30374,158176,5233,306,15,10
2021-05-06T23:59:59+02:00,13,13,7540,8032,13761,16106,17061,23339,24330,34692,36471,40300,55222,60236,45239,54972,13041,22282,2610,2404,4221,5637,5188,9321,8115,14515,11989,14926,20695,22705,31066,38353,10257,17446,278493,185728,37514,29415,156359,4034,269,15,10
2021-05-05T23:59:59+02:00,11,13,7000,7725,12977,15555,16034,22575,22950,33668,34649,38815,53385,58199,44922,54626,13008,22216,2520,2344,4047,5479,4999,9109,7770,14175,11621,14569,19307,20924,29876,36940,10217,17345,267060,179609,36592,28245,154571,3296,90,15,10
2021-05-04T23:59:59+02:00,11,12,6811,7629,12620,15383,15551,22304,22309,33323,33688,38121,52528,57239,44801,54500,12990,22175,2464,2273,3894,5309,4824,8851,7429,13767,11193,14109,17657,19000,28782,35612,10123,17225,263305,172803,35726,27308,152914,2363,36,14,10
2021-05-03T23:59:59+02:00,11,12,6664,7481,12245,15167,15046,21995,21601,32919,32538,37231,52229,56922,44705,54393,12975,22143,2405,2202,3801,5129,4682,8615,7213,13418,10872,13701,16455,17507,27903,34514,10059,17118,260020,167241,35267,26957,150950,1368,26,14,10
2021-05-02T23:59:59+02:00,11,12,6584,7391,12034,14995,14752,21762,21126,32599,31387,36286,51946,56631,44643,54302,12958,22112,2392,2195,3780,5097,4653,8579,7147,13346,10790,13610,16144,17114,27607,34208,10047,17106,257596,165680,35196,26847,148700,1263,25,14,8
2021-05-01T23:59:59+02:00,11,12,6566,7366,11972,14950,14675,21703,21026,32526,31260,36194,51940,56615,44639,54301,12956,22110,2389,2186,3757,5080,4611,8554,7110,13309,10730,13555,15946,16891,27491,34071,10044,17096,257038,164714,35196,26820,148549,1261,25,14,8
2021-04-30T23:59:59+02:00,11,12,6529,7328,11882,14861,14570,21586,20831,32340,31022,36003,51668,56255,44594,54247,12951,22098,2360,2165,3695,5018,4515,8445,6959,13124,10453,13291,15135,15865,26621,32998,10003,17007,255266,161511,35153,24929,148331,1190,24,14,8
2021-04-29T23:59:59+02:00,11,12,6324,7204,11562,14674,14217,21350,20313,32052,30268,35512,51018,55430,44503,54133,12927,22023,2323,2119,3603,4929,4390,8309,6765,12907,10177,13006,14164,14633,25318,31456,9942,16915,252103,155821,35059,24183,146334,929,23,14,8
2021-04-28T23:59:59+02:00,11,12,6057,7039,11185,14339,13729,20885,19676,31447,29101,34384,48353,52427,44212,53808,12864,21945,2284,2079,3534,4869,4275,8193,6605,12723,9930,12787,13021,13153,23829,29580,9881,16812,242177,149857,34930,22978,144342,710,11,14,7
2021-04-27T23:59:59+02:00,11,12,5955,6947,11036,14218,13529,20724,19399,31237,28541,33998,48147,52207,44156,53757,12856,21923,2242,2045,3443,4775,4182,8084,6439,12539,9651,12511,11809,11591,22177,27426,9805,16667,240817,143051,34883,21793,142929,533,11,13,6
2021-04-26T23:59:59+02:00,11,12,5907,6902,10919,14153,13368,20603,19172,31027,27711,33429,47810,51840,44102,53692,12847,21894,2219,2017,3390,4732,4120,8015,6338,12407,9462,12336,10894,10432,20897,25679,9747,16581,240098,137783,34856,21053,140421,423,11,13,4
2021-04-25T23:59:59+02:00,11,12,5861,6855,10816,14058,13208,20449,18928,30744,26951,32692,47313,51328,44019,53592,12833,21874,2192,2006,3360,4713,4102,7996,6305,12366,9405,12276,10733,10240,20655,25356,9737,16567,238402,136929,34813,20709,138305,364,11,13,4
2021-04-24T23:59:59+02:00,11,12,5840,6807,10741,13973,13112,20308,18796,30567,26790,32513,47212,51205,43926,53497,12829,21869,2185,1996,3336,4686,4063,7950,6233,12293,9275,12159,10576,10059,20523,25225,9721,16549,236939,136407,34795,20069,138250,346,11,13,4
2021-04-23T23:59:59+02:00,11,12,5776,6715,10611,13774,12913,20055,18487,30191,26398,32152,46268,50071,43772,53252,12806,21837,2167,1975,3295,4651,4015,7895,6138,12203,9110,12031,10309,9761,20199,24804,9673,16469,232553,135285,34738,19068,137786,335,11,13,4
2021-04-22T23:59:59+02:00,11,12,5673,6600,10403,13579,12563,19724,17978,29719,25770,31560,44538,47918,43200,52522,12760,21736,2153,1964,3255,4598,3938,7821,6010,12103,8851,11866,9879,9354,19747,24216,9623,16391,226315,133168,34628,18290,135299,303,11,13,4
2021-04-21T23:59:59+02:00,11,11,5577,6462,10174,13377,12235,19411,17475,29225,25055,30832,40268,43055,42724,51987,12694,21632,2141,1955,3220,4562,3883,7763,5931,12010,8675,11706,9549,8971,19247,23626,9564,16296,214221,131526,34562,17285,133398,280,11,13,4
2021-04-20T23:59:59+02:00,11,11,5497,6372,9980,13161,11959,19148,17055,28817,24503,30271,38513,41044,42072,51212,12624,21494,2116,1942,3181,4537,3817,7718,5798,11913,8503,11578,9266,8652,18777,22960,9467,16155,208007,130164,34472,15982,131242,226,11,12,4
2021-04-19T23:59:59+02:00,11,10,5417,6294,9821,13034,11758,18943,16693,28436,23961,29803,36959,39252,41484,50486,12568,21405,2100,1923,3146,4502,3776,7674,5759,11843,8419,11487,9030,8369,18373,22394,9421,16064,202987,128475,34416,15592,128911,205,11,10,4
2021-04-18T23:59:59+02:00,11,9,5355,6243,9690,12951,11560,18806,16415,28238,23558,29492,35653,37890,41136,50080,12536,21343,2088,1907,3117,4480,3750,7658,5714,11797,8368,11438,8930,8278,18220,22206,9408,16041,201455,127988,34375,15204,125115,200,11,10,4
2021-04-17T23:59:59+02:00,11,9,5349,6227,9655,12920,11515,18766,16338,28171,23494,29434,35344,37552,41029,49983,12530,21332,2078,1899,3090,4468,3692,7613,5643,11746,8282,11386,8820,8169,18116,22089,9387,16028,200229,127186,34366,15114,125043,198,11,10,4
2021-04-16T23:59:59+02:00,11,9,5284,6188,9566,12860,11382,18654,16126,28011,23145,29086,34264,36293,40620,49457,12510,21298,1945,1811,2863,4290,3334,7298,4876,11215,6792,10297,6324,6126,16317,20409,9197,15731,196071,117904,34278,10717,124394,196,11,10,4
2021-04-15T23:59:59+02:00,11,9,5217,6097,9366,12690,11086,18406,15629,27618,22455,28487,32365,33974,39579,48248,12434,21134,1900,1779,2798,4226,3217,7179,4659,11033,6415,9986,5863,5729,15726,19726,9011,15402,190253,114786,34227,9666,120304,189,11,10,4
2021-04-14T23:59:59+02:00,11,8,5156,6051,9198,12561,10867,18229,15228,27305,21808,28007,30442,31724,38363,46832,12360,20949,1818,1724,2715,4160,3108,7086,4454,10866,6109,9734,5381,5316,15142,19037,8809,15052,183887,112163,34091,8207,117100,133,11,10,4
2021-04-13T23:59:59+02:00,11,8,5108,5997,9061,12431,10688,18059,14886,27030,21286,27542,28344,29276,37106,45239,12220,20745,1773,1707,2677,4117,3053,7025,4323,10726,5839,9524,5041,5012,14695,18589,8677,14851,177009,110745,34025,6840,113982,36,11,10,4
2021-04-12T23:59:59+02:00,10,8,5046,5949,8951,12294,10484,17911,14564,26750,20744,27086,26306,27007,35948,43775,12093,20548,1740,1664,2648,4098,3026,6972,4263,10659,5736,9424,4880,4867,14396,18220,8566,14652,171295,109907,33949,5861,110209,35,11,10,4
2021-04-11T23:59:59+02:00,10,8,5007,5906,8860,12215,10326,17810,14301,26572,20320,26762,25108,25721,35243,42991,12005,20400,1731,1658,2627,4078,3004,6947,4230,10613,5649,9356,4788,4812,14281,18098,8528,14600,169514,109709,33878,5256,106152,27,11,10,4
2021-04-10T23:59:59+02:00,10,8,4996,5892,8819,12188,10271,17775,14233,26523,20224,26682,24794,25347,34898,42572,11998,20379,1726,1653,2618,4070,2990,6931,4201,10584,5592,9317,4710,4733,14155,17936,8481,14516,168302,108922,33156,5256,106130,27,11,10,4
2021-04-09T23:59:59+02:00,10,8,4949,5859,8734,12110,10148,17651,14065,26347,19963,26440,23959,24193,33945,41365,11965,20306,1698,1623,2564,4035,2918,6869,4050,10471,5338,9092,4290,4359,13594,17222,8255,14151,164942,105248,31642,5248,105415,27,8,10,4
2021-04-08T23:59:59+02:00,10,8,4872,5794,8586,11999,9934,17474,13669,26034,19358,25972,22257,22213,32259,39399,11819,20072,1668,1607,2510,3988,2837,6782,3902,10333,5045,8827,3837,3934,12608,15977,7784,13393,159195,100277,30737,4727,101779,22,8,10,4
2021-04-07T23:59:59+02:00,10,7,4825,5742,8404,11922,9706,17324,13349,25807,18890,25612,20446,20101,30502,37141,11704,19861,1635,1591,2454,3936,2775,6702,3793,10187,4856,8637,3576,3645,11925,15172,7415,12848,153157,96975,29563,4155,98617,12,7,9,4
2021-04-06T23:59:59+02:00,10,7,4778,5697,8260,11810,9545,17159,13031,25541,18371,25226,18595,18039,28585,34655,11509,19518,1600,1572,2431,3910,2742,6665,3728,10143,4774,8547,3468,3523,11448,14526,7133,12441,146334,94671,28603,3964,95384,11,7,8,4
2021-04-05T23:59:59+02:00,10,7,4748,5655,8164,11721,9406,17059,12820,25330,17970,24879,16868,16105,26958,32511,11365,19296,1579,1561,2401,3891,2713,6617,3685,10084,4689,8432,3357,3416,11110,14157,6977,12162,140926,93281,28168,3535,91765,10,7,6,4
2021-04-04T23:59:59+02:00,10,7,4740,5649,8156,11710,9393,17046,12795,25310,17942,24854,16736,15931,26762,32264,11356,19283,1578,1560,2399,3888,2711,6614,3683,10081,4685,8429,3347,3403,11099,14145,6974,12154,140206,93201,28076,3535,91652,10,6,4,4
2021-04-03T23:59:59+02:00,10,7,4736,5641,8142,11702,9373,17026,12756,25279,17864,24792,16656,15842,26717,32207,11351,19276,1575,1558,2390,3880,2693,6600,3659,10053,4603,8374,3229,3288,11017,14071,6968,12144,139679,92553,28048,3535,91640,10,6,4,4
2021-04-02T23:59:59+02:00,10,7,4710,5621,8085,11648,9310,16958,12617,25173,17629,24592,16205,15365,26242,31633,11319,19223,1573,1549,2377,3874,2686,6584,3638,10021,4534,8281,3160,3220,10780,13772,6816,11942,138476,91262,26639,3531,91222,10,6,4,4
2021-04-01T23:59:59+02:00,9,7,4667,5560,7973,11506,9179,16798,12344,24888,17184,24193,15457,14639,25487,30675,11193,19040,1556,1527,2346,3842,2664,6554,3598,9982,4465,8216,3049,3091,9850,12656,6205,11096,136243,87259,25975,3427,88573,9,4,4,4
2021-03-31T23:59:59+02:00,9,7,4457,5480,7863,11384,9038,16633,12126,24612,16832,23828,14761,13877,24655,29667,11088,18848,1547,1522,2332,3822,2638,6526,3550,9933,4394,8145,2959,3001,9280,11961,5842,10601,134448,84841,24518,3201,86191,9,4,4,4
2021-03-30T23:59:59+02:00,9,7,4426,5426,7790,11257,8952,16474,11963,24422,16553,23519,14169,13235,23899,28689,10950,18607,1533,1512,2313,3797,2612,6497,3511,9868,4328,8074,2835,2855,8697,11307,5492,10114,132969,82536,23308,2803,84062,4,4,4,4
2021-03-29T23:59:59+02:00,9,7,4385,5368,7690,11144,8845,16312,11804,24150,16225,23173,13628,12636,23140,27718,10797,18362,1515,1499,2294,3781,2591,6468,3476,9811,4264,7999,2782,2787,8410,10922,5302,9805,131133,81156,22557,2544,81695,4,4,4,4
2021-03-28T23:59:59+02:00,9,7,4350,5283,7605,11036,8768,16160,11669,23921,15966,22900,13304,12327,22574,27028,10623,18083,1506,1494,2272,3767,2576,6439,3436,9761,4226,7942,2734,2736,8332,10818,5259,9740,130634,80815,22038,2217,78933,4,4,4,4
2021-03-27T23:59:59+01:00,9,7,4336,5272,7579,11006,8702,16089,11569,23826,15824,22784,13098,12114,22373,26817,10588,18054,1505,1492,2269,3765,2575,6438,3423,9737,4215,7920,2724,2729,8276,10753,5225,9700,129753,80523,21395,2217,78891,4,4,4,4
2021-03-26T23:59:59+01:00,9,7,4293,5203,7470,10875,8526,15906,11235,23525,15212,22279,12180,11293,21590,25980,10447,17830,1500,1478,2263,3744,2562,6415,3406,9711,4174,7883,2694,2690,8098,10535,5108,9532,125725,79683,19787,2102,78340,4,4,4,4
2021-03-25T23:59:59+01:00,9,6,4234,5044,7309,10597,8283,15501,10851,22903,14571,21581,11510,10633,20725,24914,10134,17293,1480,1464,2231,3718,2527,6376,3369,9663,4102,7802,2560,2551,7124,9285,4502,8627,122457,75508,19014,1866,74620,4,3,4,4
2021-03-24T23:59:59+01:00,9,6,4158,4903,7170,10312,8069,15087,10588,22356,14103,20974,10907,10074,19795,23828,9811,16732,1459,1434,2205,3680,2482,6340,3327,9599,4024,7703,2461,2452,6481,8525,4121,8048,119870,72888,17829,1450,71178,2,1,4,4
2021-03-23T23:59:59+01:00,9,6,4118,4808,7063,10077,7915,14748,10330,21853,13701,20482,10442,9632,19076,22978,9501,16271,1447,1416,2179,3659,2462,6313,3266,9545,3932,7629,2368,2350,5752,7597,3675,7361,118412,69824,16727,1125,67867,2,0,4,4
2021-03-22T23:59:59+01:00,9,6,4066,4728,6936,9838,7755,14428,10074,21389,13352,19985,10051,9276,18514,22271,9314,15931,1438,1409,2170,3645,2450,6297,3243,9522,3902,7596,2307,2299,5300,6991,3329,6872,117531,67729,16330,1038,64058,2,0,4,4
2021-03-21T23:59:59+01:00,9,6,4019,4623,6804,9573,7587,14073,9851,20849,13012,19460,9731,8998,17985,21668,9124,15624,1435,1406,2169,3634,2447,6290,3237,9513,3892,7582,2293,2280,5183,6859,3271,6771,117336,67221,15936,1038,59720,2,0,4,4
2021-03-20T23:59:59+01:00,9,6,4008,4601,6769,9519,7529,14002,9767,20744,12906,19371,9644,8904,17850,21494,9073,15537,1432,1401,2165,3631,2442,6285,3224,9503,3873,7572,2258,2248,4860,6486,3087,6530,116512,65956,15841,1038,59376,2,0,4,4
2021-03-19T23:59:59+01:00,8,6,3833,4460,6479,9268,7088,13579,8854,20014,11177,18044,6794,6563,15620,19296,8720,14976,1428,1397,2160,3624,2430,6272,3212,9479,3823,7526,2191,2207,4491,6014,2825,6215,107245,64285,11135,1006,56395,2,0,4,4
2021-03-18T23:59:59+01:00,8,5,3728,4327,6301,8959,6823,13139,8462,19355,10537,17307,6083,5910,14407,17829,8213,14161,1424,1391,2137,3597,2412,6236,3184,9438,3783,7492,2146,2173,4072,5486,2544,5806,102140,62420,10132,898,53278,2,0,4,4
2021-03-17T23:59:59+01:00,8,5,3650,4253,6169,8815,6656,12961,8168,19045,10137,16916,5678,5527,13591,16899,7820,13586,1414,1379,2121,3578,2382,6203,3153,9410,3746,7456,2090,2113,3666,5040,2295,5423,98916,60703,8450,763,52514,2,0,4,4
2021-03-16T23:59:59+01:00,7,5,3572,4118,6017,8544,6450,12594,7854,18460,9590,16260,5156,5074,12779,15936,7490,13095,1405,1370,2112,3561,2367,6188,3137,9390,3721,7430,2062,2077,3147,4401,1961,4917,96606,58484,7049,759,49342,2,0,4,4
2021-03-15T23:59:59+01:00,7,5,3524,3970,5831,8267,6232,12186,7580,17887,9154,15636,4841,4793,12126,15194,7228,12638,1405,1360,2096,3546,2347,6163,3119,9341,3697,7391,2026,2027,2784,3941,1676,4525,95116,56697,6079,744,45900,2,0,4,4
2021-03-14T23:59:59+01:00,7,5,3478,3838,5604,7938,5946,11742,7273,17170,8693,14884,4527,4521,11837,14938,7183,12539,1398,1354,2080,3517,2333,6113,3101,9283,3680,7352,2019,2016,2706,3834,1624,4441,94999,56298,5473,550,41647,2,0,4,4
2021-03-13T23:59:59+01:00,7,5,3462,3797,5565,7826,5887,11626,7191,17027,8548,14732,4375,4371,11745,14852,7177,12528,1398,1354,2080,3517,2332,6113,3100,9282,3679,7352,2016,2008,2653,3779,1590,4387,94310,56087,5473,550,40934,2,0,4,4
2021-03-12T23:59:59+01:00,7,5,3444,3725,5509,7690,5825,11479,7107,16803,8413,14499,4268,4275,11476,14529,7023,12313,1398,1354,2076,3511,2331,6105,3096,9276,3678,7346,2014,2006,2567,3669,1510,4301,92894,55685,5465,550,40027,2,0,4,4
2021-03-11T23:59:59+01:00,7,5,3366,3530,5300,7392,5594,11059,6769,16138,7981,13861,3933,3941,10405,13274,6375,11411,1393,1351,2066,3498,2312,6080,3073,9242,3654,7313,1985,1981,2329,3407,1360,4082,88724,54606,5048,517,36565,2,0,4,4
2021-03-10T23:59:59+01:00,7,5,3271,3412,5087,7122,5381,10702,6499,15593,7646,13315,3713,3714,9764,12482,5991,10878,1388,1340,2038,3460,2282,5990,3025,9120,3596,7194,1941,1905,2113,3170,1231,3894,86262,53402,4679,282,33637,2,0,4,4
2021-03-09T23:59:59+01:00,6,5,3197,3282,4932,6933,5187,10423,6270,15162,7349,12811,3530,3509,9135,11781,5619,10361,1381,1330,2002,3400,2251,5888,2964,8976,3529,7113,1911,1879,1839,2854,1063,3649,83999,51991,4424,35,31065,2,0,4,4
2021-03-08T23:59:59+01:00,6,5,3131,3121,4706,6668,4950,10070,6011,14652,6987,12223,3331,3317,8748,11338,5422,10049,1378,1311,1988,3322,2220,5794,2925,8830,3496,7020,1896,1857,1639,2623,945,3459,82532,50669,4063,33,28136,0,0,4,4
2021-03-07T23:59:59+01:00,6,5,3099,3062,4632,6556,4866,9957,5906,14489,6871,12078,3281,3275,8664,11233,5384,9982,1372,1306,1981,3310,2212,5767,2918,8791,3484,7001,1888,1845,1583,2556,893,3392,82181,50265,3898,33,27263,0,0,4,4
2021-03-06T23:59:59+01:00,6,5,3085,3004,4588,6466,4832,9894,5848,14375,6823,11969,3257,3252,8608,11167,5350,9939,1370,1293,1976,3296,2200,5740,2915,8763,3473,6982,1879,1821,1556,2532,888,3383,81865,50033,3898,33,26701,0,0,4,4
2021-03-05T23:59:59+01:00,6,5,3061,2911,4530,6357,4770,9796,5786,14224,6723,11816,3213,3197,8424,10937,5231,9767,1361,1260,1946,3241,2175,5633,2873,8629,3429,6844,1836,1776,1492,2461,866,3357,80967,49145,3890,33,25893,0,0,4,4
2021-03-04T23:59:59+01:00,4,5,3008,2717,4371,6118,4552,9485,5580,13804,6412,11427,3035,3020,7410,9647,4612,8855,1341,1210,1908,3118,2143,5450,2827,8352,3373,6612,1766,1686,1456,2412,862,3339,76823,47822,3620,32,23615,0,0,4,4
2021-03-03T23:59:59+01:00,3,5,2969,2645,4230,5927,4387,9217,5377,13427,6158,11007,2914,2889,6766,8878,4219,8253,1329,1172,1881,3046,2121,5339,2795,8174,3320,6454,1697,1642,1415,2342,842,3286,74113,46823,3391,32,21763,0,0,4,3
2021-03-02T23:59:59+01:00,3,5,2908,2556,4046,5711,4180,8944,5179,13051,5891,10633,2768,2732,5999,7913,3757,7548,1296,1129,1854,2974,2097,5200,2746,7901,3271,6256,1625,1582,1351,2264,822,3243,70955,45579,2945,32,19920,0,0,4,3
2021-03-01T23:59:59+01:00,3,4,2868,2493,3880,5560,3993,8724,4991,12729,5652,10246,2668,2618,5510,7259,3405,7043,1290,1093,1831,2873,2070,5007,2705,7651,3211,6020,1582,1546,1303,2205,796,3204,68807,44355,2646,32,18189,0,0,4,3
2021-02-28T23:59:59+01:00,3,4,2827,2444,3722,5441,3772,8534,4808,12479,5465,9941,2611,2546,5387,7103,3343,6942,1286,1088,1827,2859,2061,4983,2698,7615,3201,6003,1574,1539,1297,2196,794,3194,68329,44184,2428,31,16611,0,0,4,3
2021-02-27T23:59:59+01:00,3,3,2812,2379,3696,5361,3738,8465,4774,12389,5430,9867,2570,2512,5058,6716,3147,6692,1279,1080,1820,2847,2048,4948,2679,7550,3185,5947,1556,1530,1291,2185,791,3193,67023,43899,2428,30,16157,0,0,4,3
2021-02-26T23:59:59+01:00,3,3,2792,2338,3656,5276,3672,8363,4713,12280,5345,9780,2493,2459,4681,6235,2878,6369,1220,1030,1770,2738,1999,4767,2625,7276,3112,5735,1495,1479,1268,2163,777,3184,65232,42610,2302,29,15798,0,0,4,2
2021-02-25T23:59:59+01:00,3,3,2618,2229,3472,5095,3490,8140,4509,11994,5126,9506,2406,2394,4233,5683,2590,5948,1204,972,1739,2630,1946,4493,2554,6882,3017,5449,1451,1436,1248,2148,775,3175,63377,41095,1980,26,14078,0,0,4,1
2021-02-24T23:59:59+01:00,3,3,2463,2091,3282,4903,3342,7934,4312,11740,4907,9258,2269,2275,3780,5173,2333,5555,1189,943,1716,2544,1912,4354,2494,6625,2965,5243,1420,1405,1230,2128,771,3156,61614,40078,1511,18,12494,0,0,4,1
2021-02-23T23:59:59+01:00,3,3,2326,1953,3102,4675,3187,7701,4140,11467,4725,9012,2183,2181,3226,4508,1995,5043,1175,895,1685,2449,1873,4161,2426,6326,2867,4983,1362,1350,1201,2085,758,3131,59412,38714,1164,14,10850,0,0,4,1
2021-02-22T23:59:59+01:00,3,3,2286,1902,3018,4582,3117,7593,4046,11281,4618,8887,2133,2140,2862,4045,1708,4657,1163,836,1653,2323,1830,3915,2350,5932,2741,4685,1300,1295,1178,2052,751,3110,57739,37111,1080,4,10058,0,0,4,1
2021-02-21T23:59:59+01:00,3,3,2250,1870,2967,4513,3035,7479,3965,11134,4552,8770,2119,2117,2778,3931,1653,4569,1159,818,1636,2270,1805,3806,2317,5777,2678,4561,1268,1272,1168,2038,744,3097,57308,36411,1047,4,9349,0,0,4,1
2021-02-20T23:59:59+01:00,3,3,2239,1867,2945,4500,3019,7443,3939,11101,4531,8749,2116,2109,2724,3874,1618,4514,1159,815,1636,2268,1804,3797,2316,5772,2677,4557,1267,1269,1167,2035,743,3096,57093,36375,1046,4,9151,0,0,4,1
2021-02-19T23:59:59+01:00,2,3,2227,1854,2909,4448,2994,7355,3894,11019,4477,8686,2108,2103,2636,3761,1538,4421,1107,806,1597,2260,1794,3788,2306,5751,2668,4545,1261,1258,1156,2030,738,3089,56681,36151,1015,4,8735,0,0,4,1
2021-02-18T23:59:59+01:00,2,3,2095,1758,2752,4263,2870,7157,3757,10731,4337,8481,2076,2069,2396,3495,1386,4199,1028,771,1522,2162,1744,3665,2233,5593,2612,4458,1247,1238,1151,2016,728,3071,55622,35236,948,4,7253,0,0,4,1
2021-02-17T23:59:59+01:00,2,3,2051,1709,2660,4130,2761,6943,3604,10390,4196,8238,2018,1986,2177,3266,1262,4012,874,708,1413,2036,1669,3475,2139,5369,2538,4287,1213,1193,1126,1971,713,3031,54559,33753,803,3,6042,0,0,4,1
2021-02-16T23:59:59+01:00,2,3,1878,1596,2485,3923,2622,6668,3443,10035,4020,7931,1974,1959,1902,2947,1092,3760,847,686,1341,1961,1601,3333,2045,5197,2441,4156,1153,1146,1068,1881,681,2938,53231,32474,767,2,4238,0,0,4,1
2021-02-15T23:59:59+01:00,2,3,1843,1540,2397,3754,2544,6395,3320,9668,3905,7662,1948,1931,1687,2709,971,3574,829,673,1312,1915,1560,3265,1990,5025,2378,4056,1088,1106,1004,1790,662,2845,52138,31498,754,1,2957,0,0,4,1
2021-02-14T23:59:59+01:00,2,3,1753,1509,2352,3693,2502,6305,3250,9565,3859,7584,1937,1921,1629,2650,921,3515,814,663,1295,1890,1533,3242,1956,4984,2353,4001,1078,1097,997,1780,659,2833,51804,31175,725,1,2417,0,0,4,1
2021-02-13T23:59:59+01:00,2,3,1752,1497,2342,3686,2496,6291,3246,9549,3852,7574,1928,1901,1606,2630,918,3505,814,663,1295,1890,1533,3242,1956,4984,2353,4001,1078,1097,997,1780,659,2833,51649,31175,725,1,2400,0,0,4,1
2021-02-12T23:59:59+01:00,2,3,1672,1411,2243,3574,2416,6117,3141,9311,3729,7309,1881,1844,1543,2558,895,3478,808,656,1283,1868,1518,3223,1948,4953,2337,3981,1073,1092,996,1761,659,2803,50709,30960,725,0,1689,0,0,4,1
2021-02-11T23:59:59+01:00,2,3,1469,1273,2061,3359,2287,5825,2989,8878,3570,6963,1809,1742,1501,2497,881,3455,780,605,1188,1688,1392,2949,1809,4594,2171,3694,1023,1029,953,1688,626,2672,49314,28862,684,0,562,0,0,4,1
2021-02-10T23:59:59+01:00,2,3,1373,1224,1973,3232,2218,5651,2907,8599,3459,6733,1738,1694,1456,2430,865,3398,566,521,966,1463,1253,2641,1624,4131,1968,3315,906,902,831,1435,547,2356,48146,25426,644,0,161,0,0,4,1
2021-02-09T23:59:59+01:00,2,3,1337,1174,1936,3140,2191,5470,2840,8258,3389,6474,1664,1632,1395,2370,848,3361,303,384,747,1200,1066,2266,1414,3592,1719,2862,737,738,663,1148,437,1911,46886,21188,515,0,80,0,0,3,1
2021-02-08T23:59:59+01:00,2,3,1330,1139,1905,3021,2153,5248,2788,7978,3330,6238,1623,1598,1350,2315,832,3341,267,343,645,1045,960,2048,1254,3201,1522,2546,634,619,559,969,380,1661,45767,18654,345,0,79,0,0,3,1
2021-02-07T23:59:59+01:00,2,3,1303,1123,1876,2969,2128,5166,2759,7875,3288,6173,1607,1582,1335,2296,821,3326,233,287,597,955,900,1893,1161,2975,1424,2374,594,599,538,936,370,1632,45485,17470,144,0,0,0,0,3,0
2021-02-06T23:59:59+01:00,2,3,1298,1117,1870,2957,2119,5138,2746,7831,3277,6128,1594,1574,1330,2286,818,3325,214,253,575,918,872,1827,1119,2857,1367,2292,578,581,531,936,370,1632,45266,16924,144,0,0,0,0,3,0
2021-02-05T23:59:59+01:00,2,3,1237,1065,1821,2846,2067,4942,2687,7535,3200,5912,1531,1520,1311,2260,810,3318,198,223,540,871,838,1747,1081,2740,1314,2193,544,557,520,912,360,1607,43920,16247,144,0,0,0,0,3,0
2021-02-04T23:59:59+01:00,2,3,1225,1001,1780,2697,1996,4630,2604,7090,3100,5585,1486,1487,1293,2244,806,3310,170,169,467,753,739,1608,970,2501,1201,1979,497,505,477,858,343,1494,42301,14733,36,0,0,0,0,2,0
2021-02-03T23:59:59+01:00,2,3,1207,972,1750,2616,1957,4484,2537,6828,3048,5370,1449,1455,1264,2209,788,3281,139,140,392,641,623,1371,824,2123,1004,1688,378,370,342,644,240,1133,41182,12054,36,0,0,0,0,2,0
2021-02-02T23:59:59+01:00,2,3,1189,916,1717,2516,1914,4261,2464,6496,2941,5097,1395,1409,1241,2179,779,3257,118,116,316,520,520,1136,679,1793,814,1378,280,270,264,472,188,849,39738,9715,36,0,0,0,0,2,0
2021-02-01T23:59:59+01:00,1,3,1176,856,1682,2391,1864,4015,2387,6103,2819,4801,1328,1328,1211,2133,768,3232,85,76,216,349,347,741,431,1156,479,859,174,165,152,279,100,496,38060,6105,36,0,0,0,0,2,0
2021-01-31T23:59:59+01:00,1,3,1171,838,1665,2333,1840,3892,2355,5920,2752,4682,1297,1305,1200,2118,761,3220,74,70,183,279,270,575,342,903,397,692,148,149,144,271,96,482,37318,5075,33,0,0,0,0,2,0
2021-01-30T23:59:59+01:00,1,3,1171,835,1664,2328,1838,3881,2353,5909,2749,4672,1296,1301,1199,2117,761,3219,70,63,151,232,242,507,307,785,354,617,147,142,139,267,96,481,37263,4600,32,0,0,0,0,2,0
2021-01-29T23:59:59+01:00,1,3,1118,826,1625,2321,1827,3874,2345,5895,2741,4660,1292,1298,1195,2117,761,3219,62,45,114,177,198,353,250,636,310,489,136,133,127,256,93,481,37087,3860,30,0,0,0,0,1,0
2021-01-28T23:59:59+01:00,1,3,1043,801,1567,2261,1794,3805,2298,5824,2708,4606,1280,1286,1188,2111,752,3205,40,20,72,105,129,206,155,380,202,292,103,101,102,205,83,434,36505,2629,27,0,0,0,0,1,0
2021-01-27T23:59:59+01:00,1,3,893,750,1476,2185,1727,3690,2227,5694,2650,4482,1252,1242,1164,2072,740,3173,29,12,62,86,104,162,122,323,175,247,95,84,91,186,79,403,35402,2260,18,0,0,0,0,1,0
2021-01-26T23:59:59+01:00,1,3,879,731,1411,2111,1664,3560,2140,5522,2562,4371,1197,1202,1118,2001,716,3124,28,11,59,83,100,156,118,309,174,237,93,79,84,165,68,357,34300,2121,12,0,0,0,0,1,0
2021-01-25T23:59:59+01:00,1,3,866,710,1379,2051,1633,3463,2095,5356,2505,4281,1146,1177,1071,1944,698,3065,26,11,56,83,97,154,117,307,173,237,92,78,83,164,66,354,33440,2098,3,0,0,0,0,1,0
2021-01-24T23:59:59+01:00,1,3,863,709,1373,2040,1628,3446,2087,5330,2494,4249,1142,1170,1066,1937,697,3060,26,11,56,83,96,153,117,307,173,236,92,78,83,164,66,354,33291,2095,3,0,0,0,0,1,0
2021-01-23T23:59:59+01:00,1,3,863,709,1373,2040,1628,3446,2087,5330,2494,4249,1142,1170,1066,1937,697,3060,26,11,56,83,96,153,117,307,172,236,92,78,83,164,66,354,33291,2094,3,0,0,0,0,1,0
2021-01-22T23:59:59+01:00,1,3,863,699,1359,2018,1612,3422,2074,5296,2478,4229,1140,1165,1065,1914,696,3027,26,11,56,83,96,153,117,307,171,236,92,78,83,164,66,354,33057,2093,3,0,0,0,0,1,0
2021-01-21T23:59:59+01:00,1,3,832,662,1281,1863,1512,3232,1978,5024,2368,4032,1102,1107,1038,1849,665,2922,24,10,52,78,88,145,107,278,157,213,79,70,74,144,54,301,31467,1874,3,0,0,0,0,1,0
2021-01-20T23:59:59+01:00,1,3,629,563,1087,1644,1378,2958,1801,4619,2165,3695,977,989,920,1620,600,2652,22,10,51,74,85,144,99,265,146,194,69,64,69,122,45,269,28297,1728,3,0,0,0,0,1,0
2021-01-19T23:59:59+01:00,1,3,342,417,835,1387,1177,2618,1566,4090,1905,3245,810,821,756,1347,502,2247,18,7,36,52,56,78,73,178,102,131,52,49,48,91,34,208,24066,1213,2,0,0,0,0,1,0
2021-01-18T23:59:59+01:00,1,3,300,376,723,1199,1056,2364,1374,3592,1667,2865,682,672,611,1103,428,1863,7,3,11,17,19,27,24,50,25,46,12,11,13,33,7,61,20877,366,1,0,0,0,0,1,0
2021-01-17T23:59:59+01:00,1,3,259,321,657,1105,978,2193,1276,3317,1552,2654,637,643,584,1047,407,1805,0,0,1,0,2,2,2,1,2,2,1,4,1,0,0,1,19438,19,1,0,0,0,0,0,0
2021-01-16T23:59:59+01:00,1,3,242,289,641,1072,954,2130,1235,3207,1501,2581,621,626,576,1047,407,1804,0,0,0,0,1,2,1,1,1,2,0,1,1,0,0,1,18936,11,1,0,0,0,0,0,0
2021-01-15T23:59:59+01:00,1,3,227,256,612,1024,927,2052,1201,3091,1449,2485,590,600,569,1026,400,1792,0,0,0,0,0,0,0,0,0,0,0,0,0,0,0,0,18305,0,0,0,0,0,0,0,0
2021-01-14T23:59:59+01:00,1,2,197,204,552,902,838,1909,1108,2868,1334,2302,546,557,531,982,394,1750,0,0,0,0,0,0,0,0,0,0,0,0,0,0,0,0,16977,0,0,0,0,0,0,0,0
2021-01-13T23:59:59+01:00,1,2,166,185,503,833,766,1783,1010,2635,1180,2077,433,440,404,777,296,1353,0,0,0,0,0,0,0,0,0,0,0,0,0,0,0,0,14844,0,0,0,0,0,0,0,0
2021-01-12T23:59:59+01:00,1,2,144,164,471,764,716,1628,920,2432,1073,1843,344,332,313,557,214,965,0,0,0,0,0,0,0,0,0,0,0,0,0,0,0,0,12883,0,0,0,0,0,0,0,0
2021-01-11T23:59:59+01:00,0,1,115,127,395,634,626,1375,756,1974,847,1457,213,194,174,329,116,568,0,0,0,0,0,0,0,0,0,0,0,0,0,0,0,0,9901,0,0,0,0,0,0,0,0
2021-01-10T23:59:59+01:00,0,1,89,92,305,458,471,995,549,1447,623,1061,176,171,162,316,111,555,0,0,0,0,0,0,0,0,0,0,0,0,0,0,0,0,7582,0,0,0,0,0,0,0,0
2021-01-09T23:59:59+01:00,0,1,78,84,259,395,401,863,482,1230,547,903,169,161,157,311,111,553,0,0,0,0,0,0,0,0,0,0,0,0,0,0,0,0,6705,0,0,0,0,0,0,0,0
2021-01-08T23:59:59+01:00,0,1,65,64,186,287,304,584,367,932,441,684,161,156,141,299,109,553,0,0,0,0,0,0,0,0,0,0,0,0,0,0,0,0,5334,0,0,0,0,0,0,0,0
2021-01-07T23:59:59+01:00,0,0,46,24,78,121,137,230,165,419,223,340,116,121,123,251,98,504,0,0,0,0,0,0,0,0,0,0,0,0,0,0,0,0,2996,0,0,0,0,0,0,0,0
2021-01-06T23:59:59+01:00,0,0,32,17,69,92,116,180,137,342,194,276,97,93,97,205,83,429,0,0,0,0,0,0,0,0,0,0,0,0,0,0,0,0,2459,0,0,0,0,0,0,0,0
2021-01-05T23:59:59+01:00,0,0,29,12,59,87,106,166,121,327,180,253,96,88,95,198,81,411,0,0,0,0,0,0,0,0,0,0,0,0,0,0,0,0,2309,0,0,0,0,0,0,0,0
2021-01-04T23:59:59+01:00,0,0,26,11,56,84,98,157,116,312,178,241,95,85,88,184,71,380,0,0,0,0,0,0,0,0,0,0,0,0,0,0,0,0,2182,0,0,0,0,0,0,0,0
2021-01-03T23:59:59+01:00,0,0,26,11,56,84,98,157,116,312,178,241,95,85,87,183,71,380,0,0,0,0,0,0,0,0,0,0,0,0,0,0,0,0,2180,0,0,0,0,0,0,0,0
2021-01-02T23:59:59+01:00,0,0,26,11,56,84,98,157,116,312,177,241,95,85,87,183,71,380,0,0,0,0,0,0,0,0,0,0,0,0,0,0,0,0,2179,0,0,0,0,0,0,0,0
2021-01-01T23:59:59+01:00,0,0,26,11,56,84,98,157,116,312,175,240,95,85,87,183,71,380,0,0,0,0,0,0,0,0,0,0,0,0,0,0,0,0,2176,0,0,0,0,0,0,0,0
2020-12-31T23:59:59+01:00,0,0,26,11,56,84,98,157,116,312,175,240,95,85,87,183,71,380,0,0,0,0,0,0,0,0,0,0,0,0,0,0,0,0,2176,0,0,0,0,0,0,0,0
2020-12-30T23:59:59+01:00,0,0,25,11,56,83,97,154,116,311,175,240,95,85,87,183,71,380,0,0,0,0,0,0,0,0,0,0,0,0,0,0,0,0,2169,0,0,0,0,0,0,0,0
2020-12-29T23:59:59+01:00,0,0,18,8,41,59,74,91,86,216,128,188,73,73,65,151,56,304,0,0,0,0,0,0,0,0,0,0,0,0,0,0,0,0,1631,0,0,0,0,0,0,0,0
2020-12-28T23:59:59+01:00,0,0,8,5,17,28,31,45,40,111,53,101,30,40,37,91,29,175,0,0,0,0,0,0,0,0,0,0,0,0,0,0,0,0,841,0,0,0,0,0,0,0,0
2020-12-27T23:59:59+01:00,0,0,2,2,4,5,7,11,10,23,6,22,5,7,6,25,3,48,0,0,0,0,0,0,0,0,0,0,0,0,0,0,0,0,186,0,0,0,0,0,0,0,0
