Datum,<24_1_m,<24_1_w,25-34_1_m,25-34_1_w,35-44_1_m,35-44_1_w,45-54_1_m,45-54_1_w,55-64_1_m,55-64_1_w,65-74_1_m,65-74_1_w,75-84_1_m,75-84_1_w,>84_1_m,>84_1_w,<24_2_m,<24_2_w,25-34_2_m,25-34_2_w,35-44_2_m,35-44_2_w,45-54_2_m,45-54_2_w,55-64_2_m,55-64_2_w,65-74_2_m,65-74_2_w,75-84_2_m,75-84_2_w,>84_2_m,>84_2_w,bp_1,bp_2,mo_1,mo_2,az_1,az_2,ja
2021-07-06T23:59:59+02:00,49560,46745,55328,50865,65446,66364,86732,89343,99296,99136,69870,76120,49691,60842,14037,24104,16028,15301,26217,25456,34120,37553,55591,61002,61754,64238,58759,64706,45744,55784,13112,22376,734505,452835,68024,55578,180033,128411,20917
2021-07-05T23:59:59+02:00,49331,46529,55188,50775,65334,66260,86620,89254,99213,99044,69806,76057,49670,60815,14034,24090,15352,14629,25302,24660,32947,36439,52551,58063,59031,61801,57937,63919,45509,55492,13068,22300,733364,436935,68001,55346,179959,126023,20696
2021-07-04T23:59:59+02:00,49278,46496,55128,50749,65297,66239,86582,89224,99181,99018,69787,76038,49664,60800,14029,24080,15133,14419,24902,24336,32408,35967,51900,57554,58065,60946,57279,63293,45328,55292,13049,22253,733198,433077,67972,55142,179893,123378,20527
2021-07-03T23:59:59+02:00,48529,45757,54811,50381,65008,65967,86337,88967,98987,98819,69714,75966,49641,60754,14025,24069,14828,14087,24553,23985,31439,35057,50168,56014,57202,60210,57107,63100,45261,55208,13037,22228,729421,424551,67957,55129,179888,123338,20466
2021-07-02T23:59:59+02:00,47576,44885,54490,50053,64729,65671,86070,88722,98752,98598,69610,75855,49590,60685,14019,24052,14407,13633,23876,23402,30310,34016,47585,53896,55132,58478,56726,62698,45106,55053,13021,22191,725132,412412,67941,54086,179875,122623,20409
2021-07-01T23:59:59+02:00,47087,44421,54290,49886,64579,65514,85923,88587,98606,98486,69545,75787,49560,60655,14012,24037,13689,12918,22606,22331,28657,32520,45599,52169,52649,56224,55317,61135,44612,54441,12951,22064,723037,399037,67875,51796,179834,118820,20229
2021-06-30T23:59:59+02:00,46808,44210,54115,49763,64466,65428,85841,88526,98542,98439,69521,75767,49548,60633,14010,24029,12906,12285,21459,21447,27089,31170,43789,50468,49061,52302,54006,59816,44257,54006,12895,21936,721942,383397,67838,49921,179817,115525,20049
2021-06-29T23:59:59+02:00,45698,43175,53518,49177,64044,65010,85443,88080,98206,98118,69394,75620,49491,60563,13991,23999,12284,11629,20667,20692,25762,29974,41187,48081,47214,50770,53042,58711,43851,53473,12802,21784,716073,371458,67789,48442,179804,112162,19861
2021-06-28T23:59:59+02:00,44520,41992,52867,48540,63589,64634,85062,87694,97875,97775,69257,75460,49426,60464,13973,23976,11745,11151,20021,20109,24811,29085,39110,46150,45597,49416,51941,57668,43489,52971,12723,21665,709944,362043,67688,47441,179795,108491,19677
2021-06-27T23:59:59+02:00,44482,41959,52825,48511,63558,64603,85010,87659,97828,97749,69240,75449,49417,60450,13969,23974,11537,10943,19702,19794,24243,28535,38104,45329,44457,48333,50921,56670,43057,52472,12641,21531,709762,357553,67667,47006,179761,104217,19493
2021-06-26T23:59:59+02:00,42610,40117,52098,47766,63007,64043,84527,87147,97405,97319,69051,75273,49344,60345,13950,23951,11412,10834,19539,19646,24050,28325,37635,44895,44099,47988,50808,56528,43011,52425,12636,21516,701065,354662,67644,47002,179761,104200,19483
2021-06-25T23:59:59+02:00,41355,38966,51751,47410,62682,63719,84248,86836,97154,97054,68948,75160,49298,60285,13935,23929,11089,10508,19159,19227,23536,27716,34954,42608,41927,46092,50473,56154,42913,52296,12612,21486,696007,343178,67516,46557,179756,103564,19451
2021-06-24T23:59:59+02:00,40813,38462,51405,47081,62472,63520,84019,86647,96973,96904,68866,75096,49263,60241,13929,23913,10480,9903,18105,18365,22122,26481,32868,40784,39504,43807,49000,54520,42344,51599,12495,21285,693108,330401,67497,43957,179733,100038,19266
2021-06-23T23:59:59+02:00,40577,38205,51242,46920,62369,63419,83926,86552,96901,96820,68836,75064,49248,60219,13928,23902,10021,9462,17493,17826,21197,25646,30958,39181,35565,39380,47714,53175,41960,51096,12415,21120,691911,315090,67470,43337,179719,96754,19028
2021-06-22T23:59:59+02:00,39515,37205,50501,46248,61897,62981,83559,86152,96539,96512,68690,74927,49184,60139,13915,23870,9529,9005,16634,17148,19988,24579,27855,36425,33285,37526,46779,52223,41553,50541,12276,20887,685822,303022,67430,40602,179710,93737,18872
2021-06-21T23:59:59+02:00,38013,35830,49483,45374,61186,62325,83065,85681,96101,96111,68523,74757,49121,60047,13903,23837,9216,8706,16178,16789,19359,24093,26122,34879,31772,36244,45759,51165,41104,49995,12171,20699,677870,295740,67407,39964,179697,90164,18383
2021-06-20T23:59:59+02:00,37918,35770,49344,45263,61058,62198,82989,85628,96035,96054,68489,74730,49107,60030,13903,23829,9067,8602,15963,16620,19046,23836,25306,34230,30842,35305,45566,50967,41073,49942,12162,20682,677271,291975,67372,39379,179683,89836,18019
2021-06-19T23:59:59+02:00,35946,33924,48437,44452,60575,61694,82525,85155,95630,95701,68339,74567,49042,59949,13888,23805,9026,8525,15865,16502,18929,23687,25203,34078,30719,35167,45471,50871,41055,49917,12158,20672,668592,290666,67359,39376,179678,89803,18000
2021-06-18T23:59:59+02:00,34101,32160,47230,43266,59646,60785,81730,84415,95016,95126,68122,74350,48953,59810,13873,23775,8952,8440,15715,16353,18746,23501,24955,33843,30438,34854,45181,50528,40972,49844,12145,20658,657495,288531,67236,39260,179677,89384,17950
2021-06-17T23:59:59+02:00,33095,31259,46368,42568,58851,59950,81001,83768,94611,94750,67986,74207,48911,59735,13858,23746,8416,8074,15036,15799,17926,22685,23853,32728,28967,33511,43863,49037,40488,49234,12026,20471,650611,279653,67129,38441,179647,86743,17277
2021-06-16T23:59:59+02:00,32345,30519,45598,41841,57948,59092,80241,83010,94199,94382,67856,74048,48856,59645,13838,23720,7927,7759,14427,15294,17173,21976,22728,31790,27801,32417,41989,46951,39950,48660,11918,20286,643729,270071,67013,37844,179632,84367,16764
2021-06-15T23:59:59+02:00,30335,28614,43857,40327,56377,57465,78871,81707,93454,93723,67573,73758,48747,59487,13805,23655,7751,7630,14129,15061,16814,21687,22216,31417,27285,32001,41065,45951,39574,48249,11795,20069,628901,267059,66971,37346,179598,82004,16285
2021-06-14T23:59:59+02:00,28706,27029,42264,38820,54737,55830,77780,80606,92759,93103,67321,73517,48651,59366,13785,23612,7566,7457,13756,14736,16293,21255,21538,30841,26627,31417,40691,45533,39197,47809,11668,19866,615739,264439,66917,36939,179570,79212,15660
2021-06-13T23:59:59+02:00,28479,26823,41881,38491,54203,55314,77435,80304,92572,92914,67232,73437,48614,59309,13770,23587,7425,7290,13491,14443,15916,20865,21112,30356,26102,30921,40295,45132,38737,47247,11489,19581,613054,262383,66786,36872,179539,76161,14986
2021-06-12T23:59:59+02:00,26817,25112,40711,37408,53532,54581,76907,79809,92024,92391,67076,73259,48545,59233,13757,23566,7379,7239,13369,14338,15784,20758,20932,30212,25988,30827,40278,45116,38729,47238,11489,19581,603488,261618,66783,36872,179531,75841,14926
2021-06-11T23:59:59+02:00,25081,23477,39354,36221,52321,53380,75944,78965,91448,91815,66841,73026,48484,59126,13738,23531,7322,7149,13199,14161,15578,20572,20665,29962,25727,30579,39970,44742,38646,47124,11472,19552,591753,259764,66708,36727,179520,75158,14771
2021-06-10T23:59:59+02:00,23995,22376,38134,35049,50736,51888,74634,77780,89843,90277,66488,72633,48360,58952,13712,23477,7042,6927,12683,13734,14954,20011,19909,29216,24947,29911,39278,43885,38296,46714,11360,19369,578898,256364,66250,36695,179470,71461,13716
2021-06-09T23:59:59+02:00,23501,21964,37498,34542,49640,50861,73401,76591,89256,89776,66367,72491,48311,58867,13697,23447,6772,6616,12089,13132,14182,19216,19002,28202,23970,28762,36722,40997,37731,46072,11212,19130,571849,246129,65830,36629,179430,67948,13101
2021-06-08T23:59:59+02:00,21889,20389,35892,33186,47540,48909,71268,74664,87792,88304,66055,72106,48178,58709,13665,23403,6642,6440,11717,12772,13707,18736,18404,27610,23426,28235,36442,40749,37442,45710,11104,18973,554548,244514,65556,36554,179401,64597,12444
2021-06-07T23:59:59+02:00,20774,19313,34350,31852,45270,46890,69139,72792,86819,87454,65835,71843,48104,58574,13645,23368,6490,6280,11303,12427,13171,18262,17681,27025,22799,27645,36126,40445,37033,45235,10997,18779,539385,242559,65387,36490,179351,60750,11899
2021-06-06T23:59:59+02:00,20569,19146,33959,31572,44666,46326,68524,72313,86611,87287,65780,71784,48090,58545,13638,23357,6357,6111,10986,12022,12751,17695,17049,26226,22107,26848,35665,39977,36560,44688,10842,18511,536294,240143,65066,36444,179304,56305,11503
2021-06-05T23:59:59+02:00,19248,17795,32625,30352,43440,45148,67947,71794,86081,86776,65689,71682,48042,58497,13631,23345,6307,6036,10883,11877,12630,17530,16887,26025,21942,26673,35604,39898,36538,44664,10840,18506,526299,239569,65066,36028,179244,55760,11483
2021-06-04T23:59:59+02:00,17975,16573,31312,29061,41888,43650,66605,70484,85270,86027,65503,71468,47967,58407,13615,23317,6207,5897,10710,11672,12415,17285,16541,25644,21430,26237,34721,39054,36224,44367,10823,18483,513473,237772,65000,35708,179236,52817,11413
2021-06-03T23:59:59+02:00,17282,15946,30325,28244,40441,42373,64844,68966,83025,83750,65082,71018,47839,58245,13597,23279,6040,5690,10409,11324,12102,16831,16099,24999,20889,25661,34059,38273,36050,44166,10790,18433,499761,235487,64307,35327,179191,50004,10997
2021-06-02T23:59:59+02:00,16926,15603,30022,27993,39775,41758,63262,67582,82089,82950,64942,70857,47779,58162,13594,23265,5929,5598,10240,11172,11881,16623,15808,24699,20556,25273,30838,34666,35825,43944,10761,18378,492326,226867,64306,35004,179190,49583,10737
2021-06-01T23:59:59+02:00,16089,14905,28547,26916,37452,39730,59733,64427,79690,80662,64594,70496,47652,57978,13561,23211,5655,5314,9731,10743,11355,16041,15144,23919,19818,24527,30497,34372,35629,43767,10733,18316,474228,225413,62758,34511,179128,46108,9529
2021-05-31T23:59:59+02:00,15513,14417,27617,26222,35490,38069,56305,61411,77663,78960,64260,70142,47510,57803,13528,23158,5496,5103,9335,10385,10933,15573,14618,23247,19207,23835,30214,34125,35449,43576,10698,18260,458488,224759,62047,34127,179064,42699,8469
2021-05-30T23:59:59+02:00,15365,14289,27338,25997,35041,37663,55596,60795,77343,78689,64203,70087,47485,57767,13524,23147,5395,4915,9009,10021,10529,15096,14179,22461,18695,23075,29544,33415,35226,43385,10676,18200,455534,224322,61614,34047,179019,37290,8162
2021-05-29T23:59:59+02:00,14969,13892,26485,25179,33289,36071,54121,59502,76754,78123,64053,69940,47433,57714,13517,23133,5361,4837,8949,9912,10441,14985,14074,22317,18566,22940,29514,33393,35220,43377,10675,18197,445423,223863,61580,34047,179015,36691,8157
2021-05-28T23:59:59+02:00,14558,13485,25673,24434,31441,34308,51957,57506,75702,77132,63848,69692,47381,57637,13507,23110,5278,4719,8783,9767,10292,14822,13918,22084,18363,22645,29447,33348,35204,43362,10674,18193,433482,223240,61114,34041,178926,35769,7849
2021-05-27T23:59:59+02:00,13933,13020,24611,23717,30202,33385,50358,56137,72619,74160,63413,69158,47247,57475,13484,23056,5164,4481,8457,9429,9897,14402,13480,21457,17872,22054,29231,33148,35096,43250,10652,18166,421401,222628,59173,33974,178306,32539,7095
2021-05-26T23:59:59+02:00,13444,12586,23703,23073,29291,32693,49275,55214,69665,70982,62803,68551,47112,57305,13454,23011,5080,4317,8204,9113,9604,14018,13127,20861,17444,21459,29040,32982,34999,43148,10626,18116,410616,222039,57005,33856,177811,29513,6730
2021-05-25T23:59:59+02:00,13101,12283,23129,22671,28244,31842,46685,52990,67402,68863,62453,68184,47000,57156,13438,22959,5002,4197,8000,8862,9351,13649,12817,20346,17071,20919,28885,32830,34916,43047,10600,18062,398812,221525,55943,33778,177190,26796,6455
2021-05-24T23:59:59+02:00,12802,11997,22628,22288,27630,31391,44066,50560,64955,66675,62147,67888,46888,57033,13404,22905,4928,4093,7754,8634,9037,13273,12493,19841,16689,20366,28745,32691,34845,42978,10579,18019,387170,220967,55463,33716,176524,24182,6100
2021-05-23T23:59:59+02:00,12742,11927,22533,22205,27551,31316,43810,50332,64370,66126,62068,67800,46863,57016,13402,22903,4908,4078,7716,8604,8981,13243,12415,19783,16619,20311,28737,32679,34842,42972,10579,18018,384973,220704,55385,33710,176512,23977,6094
2021-05-22T23:59:59+02:00,12517,11688,22214,21901,26550,30430,41977,48755,63516,65390,61908,67609,46797,56925,13392,22880,4892,4022,7689,8542,8942,13182,12385,19701,16592,20247,28729,32669,34838,42966,10578,18017,376502,220623,55371,33710,176507,23589,6069
2021-05-21T23:59:59+02:00,12211,11434,21645,21466,25744,29745,39593,46871,61548,63725,61647,67338,46713,56837,13377,22855,4873,3993,7636,8455,8876,13098,12307,19610,16519,20165,28714,32644,34831,42956,10576,18016,366122,220436,54313,33697,176317,23139,5997
2021-05-20T23:59:59+02:00,11588,10860,20532,20585,24604,28731,38089,45596,59210,61663,60829,66441,46514,56581,13343,22800,4592,3814,7236,8164,8438,12704,11857,19103,16107,19648,28595,32550,34780,42905,10572,18006,355674,220047,51973,33588,175042,20159,5277
2021-05-19T23:59:59+02:00,11151,10547,19746,20039,23761,28141,37191,44913,55991,58038,60142,65740,46405,56447,13320,22753,4440,3647,6984,7920,8161,12376,11532,18679,15739,19226,28501,32437,34738,42831,10562,17991,345262,219577,50359,33478,173917,17922,4787
2021-05-18T23:59:59+02:00,10823,10261,19177,19588,23125,27584,35795,43691,54592,56924,59775,65319,46277,56286,13295,22728,4333,3523,6743,7688,7905,12097,11303,18290,15396,18800,28419,32348,34707,42793,10558,17984,339927,219300,48525,33403,172453,15849,4335
2021-05-17T23:59:59+02:00,10601,10080,18746,19305,22700,27282,34601,42699,53291,55897,59531,65073,46214,56188,13279,22695,4263,3436,6536,7474,7656,11807,11049,17899,15091,18401,28330,32263,34684,42754,10552,17971,335883,219028,47548,33337,170947,13997,3804
2021-05-16T23:59:59+02:00,10413,9947,18453,19104,22368,27043,33966,42241,52057,54729,59339,64909,46178,56133,13268,22675,4195,3362,6317,7310,7363,11555,10784,17548,14800,18037,28266,32201,34668,42736,10545,17967,333460,218787,46673,33278,169335,12234,3355
2021-05-15T23:59:59+02:00,10316,9845,18301,18959,22200,26904,33581,41873,51663,54355,59223,64761,46130,56088,13265,22659,4153,3327,6232,7245,7269,11453,10685,17430,14695,17909,28173,32083,34577,42643,10541,17962,331073,217706,46673,33277,169199,12216,3178
2021-05-14T23:59:59+02:00,10035,9636,17872,18723,21806,26620,31232,40104,49521,52507,59006,64535,46081,56006,13249,22637,4024,3244,5949,7084,6963,11231,10341,17086,14354,17583,27602,31378,34456,42451,10523,17933,321963,214432,46620,33273,168584,12094,2403
2021-05-13T23:59:59+02:00,9574,9261,17080,18164,20938,25943,30113,39124,47283,50343,58160,63569,45872,55724,13210,22565,3524,3048,5613,6830,6653,10927,9936,16702,13979,17154,26709,30186,34035,41940,10492,17872,313493,209872,44759,32722,166573,10908,2098
2021-05-12T23:59:59+02:00,9282,9071,16648,17908,20471,25660,29586,38738,44284,46708,57587,62930,45788,55612,13192,22540,3385,2961,5384,6719,6376,10783,9655,16495,13744,16894,26078,29379,33871,41751,10466,17838,304343,206894,43935,32700,166284,10742,1443
2021-05-11T23:59:59+02:00,8843,8788,15875,17393,19609,25046,27845,37296,42357,45212,57209,62485,45704,55477,13170,22513,3266,2831,5156,6378,6075,10371,9294,15937,13308,16340,24663,27718,33365,41129,10416,17752,298858,200955,40877,32520,163811,9248,1276
2021-05-10T23:59:59+02:00,8584,8635,15367,17147,18988,24731,26858,36616,40909,44068,56951,62212,45626,55375,13149,22485,3158,2702,4929,6148,5826,10053,8970,15465,12949,15924,23619,26393,32879,40545,10381,17694,295602,196326,39973,32495,161154,7842,972
2021-05-09T23:59:59+02:00,8428,8552,15063,16963,18614,24482,26191,36194,39133,42415,56656,61932,45573,55317,13142,22466,3038,2649,4749,6012,5657,9881,8776,15260,12782,15753,23345,26063,32736,40371,10371,17679,292662,195140,39602,32456,158160,6829,697
2021-05-08T23:59:59+02:00,8355,8478,14883,16818,18406,24285,25966,35958,38902,42226,56529,61783,45537,55279,13139,22456,3031,2631,4716,5976,5614,9835,8699,15196,12696,15683,22976,25638,32456,40060,10363,17663,291112,193956,39151,31753,158040,6827,697
2021-05-07T23:59:59+02:00,8179,8381,14560,16637,18027,24056,25545,35675,38455,41850,56256,61431,45488,55232,13132,22446,2727,2497,4365,5793,5347,9574,8388,14887,12304,15289,21886,24274,31816,39232,10335,17613,288609,190532,38724,30263,157714,5229,303
2021-05-06T23:59:59+02:00,7526,8019,13669,16036,16977,23208,24210,34570,36307,40185,55128,60113,45247,54928,13097,22379,2600,2384,4191,5598,5140,9265,8046,14446,11873,14841,20588,22602,30972,38238,10283,17502,277976,184965,37451,29307,155906,4031,266
2021-05-05T23:59:59+02:00,6986,7711,12889,15483,15958,22446,22833,33548,34489,38705,53296,58084,44932,54583,13064,22313,2511,2324,4018,5442,4951,9053,7702,14109,11511,14487,19217,20835,29797,36837,10243,17401,266558,178911,36541,28145,154135,3296,86
2021-05-04T23:59:59+02:00,6797,7616,12530,15312,15474,22177,22199,33205,33534,38011,52446,57128,44811,54456,13046,22271,2455,2253,3866,5274,4777,8801,7366,13700,11084,14032,17573,18920,28707,35514,10148,17283,262815,172140,35678,27217,152488,2364,32
2021-05-03T23:59:59+02:00,6650,7471,12157,15098,14970,21868,21497,32804,32388,37125,52151,56814,44715,54351,13031,22240,2395,2183,3775,5096,4642,8567,7152,13355,10767,13625,16377,17428,27831,34413,10083,17176,259555,166599,35219,26868,150534,1376,22
2021-05-02T23:59:59+02:00,6571,7381,11949,14927,14677,21637,21023,32486,31242,36181,51868,56524,44653,54263,13015,22209,2383,2175,3754,5064,4613,8531,7087,13284,10685,13535,16068,17036,27536,34110,10071,17164,257140,165046,35147,26757,148298,1272,21
2021-05-01T23:59:59+02:00,6553,7356,11887,14882,14600,21578,20926,32415,31118,36091,51862,56508,44649,54262,13013,22207,2380,2166,3731,5047,4571,8506,7051,13248,10626,13480,15870,16813,27420,33973,10068,17154,256590,164083,35147,26730,148149,1270,21
2021-04-30T23:59:59+02:00,6514,7319,11797,14795,14495,21465,20733,32234,30880,35903,51590,56150,44605,54208,13008,22195,2352,2146,3669,4985,4477,8398,6900,13064,10353,13218,15061,15787,26554,32903,10028,17067,254833,160893,35104,24849,147934,1200,20
2021-04-29T23:59:59+02:00,6312,7195,11483,14608,14143,21232,20216,31948,30131,35417,50945,55328,44513,54096,12985,22122,2315,2101,3577,4896,4353,8265,6709,12848,10080,12932,14090,14556,25255,31362,9966,16975,251680,155213,35012,24103,145962,944,20
2021-04-28T23:59:59+02:00,6046,7030,11110,14277,13655,20773,19584,31348,28967,34290,48283,52341,44221,53772,12922,22044,2277,2061,3508,4836,4240,8149,6551,12663,9834,12715,12959,13085,23775,29496,9905,16873,241786,149295,34890,22901,143979,723,8
2021-04-27T23:59:59+02:00,5944,6938,10963,14156,13462,20616,19311,31139,28411,33909,48080,52122,44165,53722,12914,22022,2235,2027,3417,4743,4147,8041,6388,12478,9557,12442,11751,11526,22122,27348,9828,16728,240441,142508,34844,21716,142581,546,8
2021-04-26T23:59:59+02:00,5896,6896,10850,14091,13305,20497,19087,30932,27589,33342,47744,51757,44113,53658,12905,21993,2214,1998,3365,4700,4085,7972,6290,12347,9372,12267,10841,10372,20850,25602,9768,16640,239739,137265,34819,20974,140089,436,8
2021-04-25T23:59:59+02:00,5851,6848,10749,13997,13147,20344,18844,30651,26835,32608,47247,51247,44032,53561,12891,21974,2187,1987,3335,4682,4067,7953,6257,12307,9315,12208,10680,10179,20608,25279,9758,16626,238054,136412,34776,20631,137988,377,8
2021-04-24T23:59:59+02:00,5830,6800,10675,13914,13050,20205,18715,30477,26673,32431,47148,51124,43939,53467,12887,21969,2180,1977,3311,4656,4028,7907,6186,12234,9185,12091,10524,9997,20477,25148,9742,16608,236603,135892,34760,19992,137933,359,8
2021-04-23T23:59:59+02:00,5767,6709,10548,13716,12855,19954,18413,30106,26283,32073,46202,49994,43785,53223,12865,21937,2163,1957,3269,4622,3980,7852,6092,12144,9020,11964,10257,9699,20154,24731,9694,16527,232238,134776,34704,18993,137480,348,8
2021-04-22T23:59:59+02:00,5664,6594,10343,13520,12506,19625,17907,29637,25660,31485,44473,47842,43212,52494,12820,21836,2149,1946,3229,4571,3904,7778,5963,12044,8762,11799,9829,9292,19703,24143,9644,16450,226015,132666,34594,18216,135001,316,8
2021-04-21T23:59:59+02:00,5570,6454,10116,13317,12176,19315,17406,29143,24949,30758,40214,42986,42734,51960,12754,21731,2138,1937,3194,4535,3848,7723,5886,11952,8587,11640,9500,8909,19207,23561,9584,16355,213942,131040,34528,17213,133105,295,8
2021-04-20T23:59:59+02:00,5491,6364,9923,13103,11902,19054,16986,28735,24398,30199,38463,40978,42082,51185,12682,21593,2113,1924,3155,4510,3782,7678,5756,11856,8419,11513,9218,8590,18738,22900,9487,16214,207742,129692,34438,15912,130950,241,8
2021-04-19T23:59:59+02:00,5412,6285,9767,12976,11705,18855,16625,28354,23858,29733,36911,39188,41493,50461,12626,21503,2098,1906,3120,4476,3742,7635,5717,11787,8337,11423,8982,8307,18333,22334,9441,16124,202735,128010,34384,15521,128625,223,8
2021-04-18T23:59:59+02:00,5349,6233,9638,12893,11510,18718,16347,28159,23459,29421,35606,37828,41144,50055,12594,21440,2086,1890,3090,4455,3716,7620,5672,11741,8286,11375,8882,8216,18181,22146,9428,16101,201209,127525,34345,15133,124832,219,8
2021-04-17T23:59:59+02:00,5343,6217,9604,12862,11465,18678,16271,28093,23395,29363,35298,37491,41037,49958,12588,21429,2076,1882,3063,4443,3658,7575,5601,11691,8201,11325,8775,8108,18077,22030,9407,16088,199986,126732,34336,15043,124762,217,8
2021-04-16T23:59:59+02:00,5282,6178,9518,12804,11338,18569,16063,27940,23056,29021,34224,36240,40631,49439,12568,21396,1944,1795,2843,4268,3307,7263,4856,11173,6753,10258,6313,6108,16301,20376,9215,15791,195877,117630,34253,10711,124129,215,8
2021-04-15T23:59:59+02:00,5215,6088,9318,12634,11044,18321,15568,27549,22367,28424,32330,33923,39591,48231,12490,21231,1900,1763,2778,4205,3193,7145,4640,10993,6383,9949,5855,5714,15712,19691,9030,15463,190069,114534,34203,9664,120044,208,8
2021-04-14T23:59:59+02:00,5154,6041,9151,12506,10825,18144,15168,27235,21723,27949,30410,31675,38376,46818,12416,21046,1819,1707,2695,4139,3085,7054,4439,10829,6081,9699,5375,5303,15125,19004,8828,15113,183711,111928,34066,8207,116852,152,8
2021-04-13T23:59:59+02:00,5106,5986,9013,12376,10647,17977,14829,26962,21200,27488,28311,29229,37115,45225,12275,20843,1774,1691,2659,4097,3031,6993,4310,10688,5814,9490,5037,4997,14676,18557,8697,14914,176840,110521,34003,6841,113731,55,8
2021-04-12T23:59:59+02:00,5044,5938,8905,12242,10446,17829,14510,26685,20661,27031,26275,26963,35958,43757,12148,20647,1741,1650,2631,4078,3005,6940,4250,10623,5713,9392,4877,4853,14378,18188,8586,14715,171139,109691,33930,5867,109962,54,8
2021-04-11T23:59:59+02:00,5005,5895,8816,12163,10288,17728,14251,26509,20238,26707,25078,25677,35254,42974,12060,20500,1732,1644,2610,4058,2983,6916,4217,10578,5627,9324,4786,4799,14264,18067,8547,14663,169360,109498,33861,5260,105914,49,8
2021-04-10T23:59:59+02:00,4994,5881,8776,12137,10233,17694,14184,26460,20142,26627,24763,25303,34912,42554,12053,20479,1727,1639,2601,4049,2969,6900,4188,10549,5570,9285,4708,4720,14138,17905,8501,14579,168152,108711,33140,5260,105892,49,8
2021-04-09T23:59:59+02:00,4948,5851,8691,12059,10111,17570,14019,26285,19882,26387,23934,24155,33962,41350,12020,20406,1699,1609,2547,4014,2897,6839,4038,10436,5320,9060,4287,4345,13576,17194,8274,14212,164805,105039,31634,5253,105185,49,6
2021-04-08T23:59:59+02:00,4871,5787,8544,11949,9897,17394,13624,25972,19280,25919,22230,22178,32282,39386,11873,20171,1668,1594,2493,3967,2817,6753,3888,10299,5027,8798,3831,3918,12592,15953,7802,13452,159070,100080,30729,4723,101552,43,6
2021-04-07T23:59:59+02:00,4823,5733,8365,11875,9670,17246,13305,25746,18812,25559,20424,20072,30528,37127,11757,19960,1635,1578,2439,3917,2757,6672,3778,10153,4840,8609,3566,3628,11910,15147,7432,12901,153048,96774,29557,4151,98391,31,6
2021-04-06T23:59:59+02:00,4776,5691,8222,11765,9511,17083,12989,25479,18295,25174,18573,18012,28612,34639,11561,19617,1601,1559,2417,3891,2724,6635,3713,10109,4761,8521,3459,3506,11434,14507,7151,12492,146230,94481,28604,3963,95159,30,6
2021-04-05T23:59:59+02:00,4744,5649,8126,11676,9376,16983,12779,25268,17899,24827,16853,16083,26989,32495,11415,19392,1581,1548,2387,3872,2696,6588,3672,10051,4674,8405,3348,3398,11096,14138,6994,12211,140833,93091,28171,3532,91544,30,6
2021-04-04T23:59:59+02:00,4737,5643,8118,11666,9362,16970,12754,25248,17871,24803,16721,15909,26793,32249,11406,19379,1581,1547,2385,3869,2694,6585,3670,10048,4670,8402,3338,3385,11084,14127,6992,12203,140115,93012,28078,3532,91430,30,6
2021-04-03T23:59:59+02:00,4733,5636,8104,11658,9342,16950,12715,25217,17793,24740,16642,15820,26748,32191,11401,19372,1578,1545,2376,3861,2676,6571,3646,10020,4588,8347,3220,3270,11002,14054,6986,12193,139588,92365,28050,3532,91418,30,6
2021-04-02T23:59:59+02:00,4708,5616,8047,11605,9279,16881,12576,25111,17560,24540,16190,15342,26273,31620,11369,19319,1576,1536,2363,3855,2669,6555,3625,9988,4519,8255,3151,3202,10764,13755,6834,11993,138389,91076,26641,3528,91000,30,6
2021-04-01T23:59:59+02:00,4664,5555,7935,11464,9148,16722,12301,24826,17115,24139,15443,14618,25520,30662,11244,19138,1559,1515,2332,3823,2647,6525,3585,9949,4451,8191,3040,3074,9832,12642,6224,11145,136162,87079,25976,3423,88352,28,4
2021-03-31T23:59:59+02:00,4455,5475,7824,11342,9008,16558,12084,24550,16764,23777,14747,13856,24690,29653,11139,18943,1550,1510,2318,3803,2622,6497,3537,9903,4383,8122,2950,2985,9262,11947,5860,10652,134371,84670,24522,3199,85968,28,4
2021-03-30T23:59:59+02:00,4424,5422,7752,11217,8924,16400,11923,24360,16486,23469,14155,13214,23936,28678,11001,18701,1536,1500,2299,3779,2596,6467,3498,9839,4317,8051,2827,2839,8682,11292,5512,10167,132905,82372,23310,2801,83843,24,4
2021-03-29T23:59:59+02:00,4383,5364,7653,11105,8817,16239,11764,24088,16162,23124,13614,12617,23174,27707,10847,18454,1518,1487,2280,3763,2575,6438,3463,9783,4254,7977,2774,2772,8395,10906,5323,9861,131073,80998,22556,2543,81479,24,4
2021-03-28T23:59:59+02:00,4349,5279,7567,10997,8740,16088,11629,23859,15905,22852,13290,12307,22605,27018,10673,18175,1509,1482,2259,3749,2563,6409,3423,9733,4215,7921,2726,2721,8318,10801,5280,9796,130577,80663,22036,2216,78716,22,4
2021-03-27T23:59:59+01:00,4336,5268,7541,10967,8675,16017,11529,23763,15763,22736,13084,12093,22406,26808,10638,18146,1508,1480,2256,3747,2562,6408,3410,9710,4204,7899,2716,2714,8262,10736,5246,9756,129698,80372,21393,2216,78675,22,4
2021-03-26T23:59:59+01:00,4292,5199,7433,10837,8500,15835,11199,23463,15158,22233,12173,11278,21622,25975,10496,17922,1501,1466,2251,3726,2549,6385,3393,9684,4163,7862,2687,2676,8085,10519,5129,9589,125690,79537,19795,2102,78126,22,4
2021-03-25T23:59:59+01:00,4234,5039,7273,10560,8258,15433,10818,22842,14519,21538,11504,10618,20757,24909,10184,17386,1481,1452,2219,3701,2515,6348,3356,9636,4093,7779,2553,2538,7114,9276,4526,8689,122437,75385,19022,1866,74410,22,3
2021-03-24T23:59:59+01:00,4159,4897,7138,10276,8044,15024,10559,22300,14053,20932,10903,10059,19823,23824,9859,16823,1460,1423,2193,3664,2470,6312,3316,9572,4015,7680,2454,2439,6470,8516,4143,8108,119849,72763,17837,1449,70985,21,2
2021-03-23T23:59:59+01:00,4119,4803,7032,10043,7891,14687,10302,21797,13659,20442,10436,9617,19100,22975,9549,16363,1448,1406,2167,3643,2449,6286,3256,9518,3926,7608,2360,2337,5744,7593,3697,7420,118402,69715,16735,1121,67677,21,1
2021-03-22T23:59:59+01:00,4068,4723,6906,9803,7731,14370,10047,21334,13312,19946,10044,9261,18538,22264,9357,16021,1439,1399,2158,3629,2437,6270,3233,9495,3897,7576,2300,2287,5293,6990,3348,6931,117524,67626,16337,1034,63863,21,1
2021-03-21T23:59:59+01:00,4022,4619,6776,9538,7567,14014,9823,20796,12973,19423,9724,8984,18011,21665,9168,15714,1436,1396,2157,3618,2434,6263,3227,9486,3887,7562,2286,2268,5173,6856,3290,6831,117330,67119,15943,1034,59543,16,1
2021-03-20T23:59:59+01:00,4011,4596,6741,9486,7509,13943,9739,20691,12868,19333,9637,8890,17875,21492,9118,15627,1433,1392,2153,3615,2429,6258,3214,9476,3868,7552,2251,2236,4849,6483,3105,6590,116507,65853,15848,1034,59200,16,1
2021-03-19T23:59:59+01:00,3837,4455,6451,9235,7068,13524,8831,19963,11145,18008,6784,6548,15645,19299,8761,15062,1429,1388,2148,3609,2417,6245,3202,9453,3818,7506,2184,2195,4481,6011,2840,6273,107239,64180,11147,1002,56229,16,1
2021-03-18T23:59:59+01:00,3733,4321,6274,8927,6805,13084,8442,19310,10506,17273,6076,5896,14430,17832,8251,14246,1425,1382,2123,3582,2398,6209,3171,9404,3772,7468,2139,2161,4062,5484,2560,5861,102138,62295,10144,894,53123,11,1
2021-03-17T23:59:59+01:00,3656,4247,6143,8784,6641,12906,8147,19000,10109,16883,5671,5513,13613,16902,7857,13665,1415,1370,2107,3563,2368,6177,3140,9377,3736,7432,2083,2103,3657,5038,2311,5476,98909,60581,8464,760,52363,11,1
2021-03-16T23:59:59+01:00,3577,4113,5994,8514,6434,12540,7834,18418,9565,16229,5153,5062,12801,15943,7526,13174,1406,1362,2099,3548,2353,6163,3125,9357,3710,7406,2054,2068,3142,4402,1979,4973,96604,58381,7064,756,49208,9,1
2021-03-15T23:59:59+01:00,3530,3968,5809,8237,6215,12135,7561,17847,9132,15606,4838,4782,12148,15200,7261,12713,1406,1353,2083,3534,2333,6137,3106,9309,3686,7367,2017,2017,2788,3945,1698,4583,95115,56613,6096,742,45771,7,0
2021-03-14T23:59:59+01:00,3483,3837,5583,7910,5930,11692,7256,17129,8675,14853,4526,4510,11857,14947,7215,12614,1399,1347,2067,3505,2318,6087,3088,9251,3669,7328,2010,2006,2710,3838,1646,4498,95000,56213,5489,548,41528,6,0
2021-03-13T23:59:59+01:00,3469,3798,5544,7807,5872,11581,7178,16993,8534,14707,4374,4362,11765,14862,7209,12603,1399,1347,2067,3505,2317,6087,3087,9250,3668,7328,2007,1998,2658,3783,1612,4444,94313,56003,5489,548,40856,6,0
2021-03-12T23:59:59+01:00,3451,3726,5490,7670,5810,11437,7095,16769,8400,14475,4267,4266,11494,14539,7055,12388,1399,1347,2063,3499,2316,6079,3083,9244,3667,7322,2005,1996,2571,3674,1531,4359,92897,55601,5481,548,39954,6,0
2021-03-11T23:59:59+01:00,3371,3530,5282,7372,5580,11021,6754,16107,7969,13840,3929,3931,10417,13284,6406,11484,1393,1344,2053,3486,2297,6053,3060,9210,3644,7291,1976,1971,2334,3412,1381,4141,88724,54526,5054,515,36499,5,0
2021-03-10T23:59:59+01:00,3276,3412,5071,7102,5368,10667,6485,15565,7636,13298,3709,3705,9776,12491,6020,10949,1389,1333,2027,3448,2267,5963,3012,9088,3586,7174,1933,1895,2118,3175,1253,3952,86266,53329,4686,280,33578,4,0
2021-03-09T23:59:59+01:00,3202,3282,4917,6916,5175,10387,6259,15135,7338,12796,3526,3500,9147,11789,5646,10429,1382,1323,1992,3388,2236,5861,2951,8945,3519,7094,1904,1869,1844,2860,1085,3707,83999,51923,4432,33,31013,4,0
2021-03-08T23:59:59+01:00,3137,3123,4691,6652,4938,10033,6000,14625,6977,12210,3328,3308,8760,11345,5450,10118,1379,1305,1978,3310,2205,5770,2913,8800,3487,7000,1889,1849,1641,2629,967,3516,82531,50607,4070,31,28094,0,0
2021-03-07T23:59:59+01:00,3104,3064,4618,6539,4857,9921,5895,14463,6860,12065,3277,3264,8677,11240,5412,10051,1373,1300,1971,3298,2197,5743,2906,8761,3475,6982,1881,1838,1586,2562,915,3448,82185,50205,3902,31,27220,0,0
2021-03-06T23:59:59+01:00,3090,3004,4574,6450,4823,9858,5837,14349,6812,11957,3253,3241,8621,11174,5378,10008,1371,1287,1966,3284,2185,5716,2903,8733,3464,6963,1873,1814,1559,2538,909,3439,81869,49973,3902,31,26658,0,0
2021-03-05T23:59:59+01:00,3066,2911,4516,6342,4761,9759,5774,14198,6712,11804,3210,3187,8437,10944,5259,9835,1362,1254,1936,3229,2161,5609,2861,8599,3421,6825,1831,1769,1495,2467,887,3413,80972,49088,3894,31,25849,0,0
2021-03-04T23:59:59+01:00,3012,2718,4358,6105,4542,9451,5567,13780,6402,11415,3032,3013,7420,9654,4642,8923,1342,1206,1900,3108,2131,5427,2815,8324,3365,6595,1761,1680,1459,2419,883,3395,76832,47780,3623,30,23579,0,0
2021-03-03T23:59:59+01:00,2972,2647,4218,5913,4377,9183,5366,13404,6148,10996,2911,2882,6774,8884,4246,8318,1330,1168,1873,3037,2109,5319,2784,8148,3312,6438,1692,1636,1418,2349,863,3341,74115,46787,3394,30,21730,0,0
2021-03-02T23:59:59+01:00,2911,2560,4034,5698,4169,8913,5169,13028,5882,10623,2765,2725,6006,7919,3782,7613,1297,1125,1846,2965,2085,5182,2735,7875,3263,6240,1622,1576,1355,2270,843,3297,70960,45546,2947,30,19890,0,0
2021-03-01T23:59:59+01:00,2871,2497,3869,5547,3982,8694,4981,12706,5644,10236,2665,2611,5516,7263,3428,7108,1291,1090,1823,2864,2058,4991,2695,7625,3204,6003,1579,1540,1306,2211,817,3256,68808,44323,2648,30,18162,0,0
2021-02-28T23:59:59+01:00,2830,2448,3710,5430,3762,8505,4798,12456,5457,9931,2608,2538,5393,7107,3366,7008,1287,1085,1819,2850,2049,4967,2688,7589,3194,5986,1571,1533,1300,2202,815,3247,68334,44152,2429,30,16584,0,0
2021-02-27T23:59:59+01:00,2815,2381,3684,5350,3728,8437,4764,12366,5422,9858,2567,2504,5063,6721,3169,6758,1280,1077,1812,2838,2037,4932,2669,7525,3178,5930,1553,1524,1294,2191,812,3246,67027,43869,2429,29,16131,0,0
2021-02-26T23:59:59+01:00,2794,2338,3644,5266,3663,8335,4703,12258,5337,9770,2491,2451,4687,6240,2897,6432,1220,1028,1762,2730,1988,4751,2614,7251,3105,5720,1492,1473,1271,2169,798,3237,65231,42581,2304,28,15771,0,0
2021-02-25T23:59:59+01:00,2619,2229,3459,5086,3480,8113,4501,11972,5119,9496,2404,2385,4237,5688,2609,6008,1204,971,1731,2622,1935,4479,2542,6860,3011,5434,1448,1430,1252,2154,796,3228,63372,41072,1980,25,14053,0,0
2021-02-24T23:59:59+01:00,2464,2091,3269,4894,3331,7906,4304,11720,4900,9247,2267,2267,3786,5177,2352,5613,1188,943,1708,2536,1901,4341,2483,6604,2959,5228,1418,1399,1234,2134,792,3209,61610,40060,1510,17,12468,0,0
2021-02-23T23:59:59+01:00,2327,1953,3092,4667,3179,7676,4131,11447,4715,9001,2180,2173,3234,4515,2015,5102,1174,895,1678,2442,1862,4149,2415,6305,2862,4968,1361,1344,1206,2091,779,3184,59418,38701,1160,14,10829,0,0
2021-02-22T23:59:59+01:00,2287,1901,3007,4574,3109,7569,4038,11262,4608,8876,2130,2132,2872,4055,1731,4718,1162,836,1646,2316,1819,3905,2339,5914,2737,4670,1299,1290,1183,2059,773,3162,57755,37106,1076,4,10038,0,0
2021-02-21T23:59:59+01:00,2251,1869,2956,4505,3027,7455,3957,11116,4542,8759,2115,2109,2788,3941,1676,4630,1158,818,1629,2263,1795,3795,2306,5759,2674,4546,1267,1267,1173,2045,766,3147,57323,36404,1043,4,9330,0,0
2021-02-20T23:59:59+01:00,2240,1866,2934,4492,3011,7419,3931,11083,4521,8738,2112,2101,2734,3884,1641,4575,1158,815,1629,2261,1794,3786,2305,5754,2673,4542,1266,1264,1172,2042,765,3146,57108,36368,1042,4,9132,0,0
2021-02-19T23:59:59+01:00,2227,1853,2898,4440,2986,7331,3885,11001,4467,8675,2104,2095,2645,3771,1560,4483,1106,806,1590,2253,1784,3777,2295,5733,2664,4530,1260,1253,1161,2037,760,3139,56694,36144,1011,4,8716,0,0
2021-02-18T23:59:59+01:00,2095,1757,2741,4256,2862,7133,3748,10714,4328,8472,2072,2061,2406,3503,1408,4261,1026,771,1516,2155,1735,3655,2223,5575,2608,4443,1246,1233,1156,2023,750,3121,55637,35232,944,4,7236,0,0
2021-02-17T23:59:59+01:00,2051,1708,2649,4122,2754,6919,3595,10373,4187,8230,2015,1978,2187,3274,1285,4072,872,707,1407,2029,1661,3466,2130,5351,2535,4272,1212,1188,1129,1978,735,3080,54574,33749,799,3,6026,0,0
2021-02-16T23:59:59+01:00,1878,1595,2477,3915,2615,6644,3434,10019,4011,7923,1971,1951,1912,2957,1115,3820,845,685,1335,1955,1593,3324,2036,5180,2439,4141,1150,1141,1070,1888,702,2985,53249,32467,763,2,4225,0,0
2021-02-15T23:59:59+01:00,1844,1542,2390,3748,2538,6372,3312,9653,3897,7654,1945,1924,1695,2719,994,3633,827,672,1306,1909,1552,3256,1980,5008,2376,4041,1085,1101,1006,1798,683,2891,52157,31490,750,1,2953,0,0
2021-02-14T23:59:59+01:00,1755,1511,2345,3686,2497,6282,3242,9550,3851,7576,1934,1914,1638,2660,944,3573,812,662,1289,1884,1526,3233,1946,4967,2351,3986,1075,1092,999,1788,680,2879,51824,31168,721,1,2413,0,0
2021-02-13T23:59:59+01:00,1754,1499,2336,3679,2490,6268,3238,9534,3844,7566,1926,1894,1615,2640,940,3563,812,662,1289,1884,1526,3233,1946,4967,2351,3986,1075,1092,999,1788,680,2879,51669,31168,721,1,2396,0,0
2021-02-12T23:59:59+01:00,1674,1413,2236,3567,2410,6096,3133,9296,3723,7302,1880,1838,1552,2568,917,3536,806,655,1277,1863,1511,3214,1938,4936,2335,3966,1070,1087,998,1769,680,2849,50733,30953,721,1,1687,0,0
2021-02-11T23:59:59+01:00,1471,1275,2054,3352,2282,5805,2981,8865,3564,6957,1808,1737,1510,2508,902,3514,778,605,1184,1683,1386,2941,1802,4579,2171,3680,1020,1025,957,1698,645,2717,49343,28870,680,1,562,0,0
2021-02-10T23:59:59+01:00,1375,1226,1967,3226,2214,5633,2899,8588,3452,6727,1737,1689,1464,2441,886,3456,562,521,962,1457,1248,2634,1616,4118,1969,3306,902,899,835,1447,564,2395,48179,25435,640,0,161,0,0
2021-02-09T23:59:59+01:00,1340,1176,1930,3134,2187,5454,2833,8248,3381,6470,1664,1629,1404,2381,869,3417,299,384,744,1194,1062,2261,1405,3582,1721,2854,734,735,666,1155,452,1939,46926,21187,511,0,80,0,0
2021-02-08T23:59:59+01:00,1333,1141,1899,3014,2148,5232,2780,7967,3322,6234,1623,1596,1358,2327,853,3397,263,343,643,1041,957,2044,1245,3192,1523,2538,630,616,561,976,392,1687,45805,18651,340,0,79,0,0
2021-02-07T23:59:59+01:00,1305,1127,1871,2964,2122,5150,2751,7864,3280,6169,1607,1580,1344,2308,841,3382,230,288,596,951,898,1890,1153,2968,1426,2368,589,596,540,942,382,1657,45526,17474,139,0,0,0,0
2021-02-06T23:59:59+01:00,1300,1121,1865,2952,2113,5122,2738,7821,3269,6124,1594,1572,1339,2298,838,3381,211,254,574,914,870,1824,1111,2851,1369,2286,573,578,533,942,382,1657,45308,16929,139,0,0,0,0
2021-02-05T23:59:59+01:00,1238,1069,1816,2842,2061,4926,2678,7524,3192,5908,1531,1518,1320,2272,830,3374,195,225,539,868,836,1745,1072,2734,1316,2187,539,554,522,918,372,1632,43960,16254,139,0,0,0,0
2021-02-04T23:59:59+01:00,1226,1005,1775,2692,1990,4616,2593,7082,3092,5582,1486,1485,1302,2256,827,3365,169,171,466,751,737,1606,963,2497,1204,1972,493,503,479,864,353,1518,42343,14746,31,0,0,0,0
2021-02-03T23:59:59+01:00,1208,976,1744,2611,1951,4470,2527,6819,3040,5363,1449,1452,1273,2221,809,3336,138,141,392,639,620,1370,818,2119,1007,1687,377,369,343,649,246,1145,41218,12060,31,0,0,0,0
2021-02-02T23:59:59+01:00,1191,920,1712,2512,1908,4248,2454,6487,2934,5090,1397,1406,1250,2191,800,3312,117,117,315,518,517,1135,675,1790,816,1378,280,268,265,475,193,858,39781,9717,31,0,0,0,0
2021-02-01T23:59:59+01:00,1177,860,1677,2387,1858,4003,2378,6094,2815,4793,1330,1325,1219,2145,789,3287,83,76,214,347,346,741,428,1154,478,856,173,164,154,282,104,502,38106,6102,31,0,0,0,0
2021-01-31T23:59:59+01:00,1172,842,1660,2329,1835,3883,2348,5912,2751,4674,1300,1302,1208,2130,783,3273,72,70,181,278,269,575,339,901,396,689,147,148,146,274,100,489,37371,5074,31,0,0,0,0
2021-01-30T23:59:59+01:00,1172,839,1659,2324,1833,3872,2346,5901,2748,4664,1299,1298,1207,2129,783,3272,68,63,149,231,241,507,304,783,353,614,146,141,141,270,100,488,37316,4599,30,0,0,0,0
2021-01-29T23:59:59+01:00,1119,830,1620,2317,1822,3865,2338,5887,2740,4653,1295,1295,1203,2129,783,3272,60,45,112,176,197,353,247,634,309,487,136,132,129,259,97,488,37140,3861,28,0,0,0,0
2021-01-28T23:59:59+01:00,1043,805,1564,2257,1789,3796,2291,5816,2707,4599,1283,1283,1196,2123,774,3258,38,20,71,104,128,206,152,379,201,290,103,101,104,208,87,441,36559,2633,25,0,0,0,0
2021-01-27T23:59:59+01:00,893,753,1472,2182,1722,3681,2220,5686,2649,4474,1255,1239,1171,2084,762,3227,27,12,62,85,103,162,120,322,174,246,95,84,93,189,84,409,35453,2267,17,0,0,0,0
2021-01-26T23:59:59+01:00,879,734,1407,2108,1659,3552,2134,5514,2561,4363,1199,1199,1124,2013,738,3176,26,11,59,82,99,156,116,308,173,236,93,79,86,168,73,362,34349,2127,11,0,0,0,0
2021-01-25T23:59:59+01:00,866,713,1375,2048,1628,3455,2088,5348,2504,4273,1148,1174,1077,1956,720,3118,24,11,56,82,96,154,115,306,172,236,92,78,85,167,71,359,33489,2104,2,0,0,0,0
2021-01-24T23:59:59+01:00,863,712,1369,2037,1623,3438,2080,5322,2492,4241,1144,1168,1072,1949,719,3113,24,11,56,82,95,153,115,306,172,235,92,78,85,167,71,359,33340,2101,2,0,0,0,0
2021-01-23T23:59:59+01:00,863,712,1369,2037,1623,3438,2080,5322,2492,4241,1144,1168,1071,1949,719,3113,24,11,56,82,95,153,115,306,171,235,92,78,85,167,71,359,33339,2100,2,0,0,0,0
2021-01-22T23:59:59+01:00,863,702,1355,2015,1607,3414,2068,5288,2476,4221,1142,1163,1070,1926,718,3080,24,11,56,82,95,153,115,306,170,235,92,78,85,167,71,359,33106,2099,2,0,0,0,0
2021-01-21T23:59:59+01:00,832,665,1279,1859,1509,3225,1972,5016,2368,4022,1101,1103,1039,1845,678,2951,22,10,52,77,87,145,106,277,156,212,79,70,76,147,57,307,31462,1880,2,0,0,0,0
2021-01-20T23:59:59+01:00,627,566,1085,1639,1376,2952,1794,4611,2165,3687,975,984,920,1616,611,2675,21,10,51,73,84,144,99,264,145,193,69,64,71,123,48,272,28281,1731,2,0,0,0,0
2021-01-19T23:59:59+01:00,340,420,834,1382,1175,2614,1558,4085,1906,3238,808,816,756,1338,512,2263,17,7,36,52,55,78,73,177,101,130,52,49,49,91,37,209,24044,1213,1,0,0,0,0
2021-01-18T23:59:59+01:00,296,379,722,1194,1054,2361,1366,3588,1666,2858,678,668,609,1094,434,1872,7,3,11,17,19,27,24,50,25,45,12,11,13,33,8,61,20839,366,0,0,0,0,0
2021-01-17T23:59:59+01:00,256,325,657,1101,977,2191,1269,3313,1551,2647,632,638,582,1037,413,1811,0,0,1,0,2,2,2,1,2,2,1,4,1,0,0,1,19400,19,0,0,0,0,0
2021-01-16T23:59:59+01:00,239,293,641,1068,953,2128,1228,3203,1500,2574,616,621,575,1037,413,1810,0,0,0,0,1,2,1,1,1,2,0,1,1,0,0,1,18899,11,0,0,0,0,0
2021-01-15T23:59:59+01:00,225,260,612,1021,926,2050,1193,3087,1448,2478,585,595,568,1016,406,1798,0,0,0,0,0,0,0,0,0,0,0,0,0,0,0,0,18268,0,0,0,0,0,0
2021-01-14T23:59:59+01:00,197,207,552,900,836,1907,1101,2865,1333,2295,543,553,530,972,400,1756,0,0,0,0,0,0,0,0,0,0,0,0,0,0,0,0,16947,0,0,0,0,0,0
2021-01-13T23:59:59+01:00,165,187,503,832,764,1781,1003,2632,1179,2074,429,436,401,766,300,1349,0,0,0,0,0,0,0,0,0,0,0,0,0,0,0,0,14801,0,0,0,0,0,0
2021-01-12T23:59:59+01:00,143,166,472,763,714,1626,915,2431,1072,1843,340,328,310,544,216,957,0,0,0,0,0,0,0,0,0,0,0,0,0,0,0,0,12840,0,0,0,0,0,0
2021-01-11T23:59:59+01:00,113,127,396,633,624,1374,752,1973,844,1454,210,192,171,316,114,556,0,0,0,0,0,0,0,0,0,0,0,0,0,0,0,0,9849,0,0,0,0,0,0
2021-01-10T23:59:59+01:00,87,92,305,457,469,995,545,1446,620,1057,173,168,159,303,109,544,0,0,0,0,0,0,0,0,0,0,0,0,0,0,0,0,7529,0,0,0,0,0,0
2021-01-09T23:59:59+01:00,76,84,259,394,400,863,478,1229,544,899,166,158,154,298,109,542,0,0,0,0,0,0,0,0,0,0,0,0,0,0,0,0,6653,0,0,0,0,0,0
2021-01-08T23:59:59+01:00,63,65,186,286,303,584,363,931,438,680,158,153,138,286,107,542,0,0,0,0,0,0,0,0,0,0,0,0,0,0,0,0,5283,0,0,0,0,0,0
2021-01-07T23:59:59+01:00,44,24,77,120,136,230,162,418,222,339,116,122,125,254,103,515,0,0,0,0,0,0,0,0,0,0,0,0,0,0,0,0,3007,0,0,0,0,0,0
2021-01-06T23:59:59+01:00,30,17,69,91,115,180,134,341,193,275,97,94,99,208,88,438,0,0,0,0,0,0,0,0,0,0,0,0,0,0,0,0,2469,0,0,0,0,0,0
2021-01-05T23:59:59+01:00,27,12,59,86,105,166,119,326,179,253,96,89,97,201,86,420,0,0,0,0,0,0,0,0,0,0,0,0,0,0,0,0,2321,0,0,0,0,0,0
2021-01-04T23:59:59+01:00,24,11,56,83,97,157,114,311,177,241,95,86,90,187,76,388,0,0,0,0,0,0,0,0,0,0,0,0,0,0,0,0,2193,0,0,0,0,0,0
2021-01-03T23:59:59+01:00,24,11,56,83,97,157,114,311,177,241,95,86,89,186,76,388,0,0,0,0,0,0,0,0,0,0,0,0,0,0,0,0,2191,0,0,0,0,0,0
2021-01-02T23:59:59+01:00,24,11,56,83,97,157,114,311,176,241,95,86,89,186,76,388,0,0,0,0,0,0,0,0,0,0,0,0,0,0,0,0,2190,0,0,0,0,0,0
2021-01-01T23:59:59+01:00,24,11,56,83,97,157,114,311,174,240,95,86,89,186,76,388,0,0,0,0,0,0,0,0,0,0,0,0,0,0,0,0,2187,0,0,0,0,0,0
2020-12-31T23:59:59+01:00,24,11,56,83,97,157,114,311,174,240,95,86,89,186,76,388,0,0,0,0,0,0,0,0,0,0,0,0,0,0,0,0,2187,0,0,0,0,0,0
2020-12-30T23:59:59+01:00,23,11,56,82,96,154,114,310,174,240,95,86,89,186,76,388,0,0,0,0,0,0,0,0,0,0,0,0,0,0,0,0,2180,0,0,0,0,0,0
2020-12-29T23:59:59+01:00,18,8,41,59,73,91,84,215,127,188,73,74,66,153,61,310,0,0,0,0,0,0,0,0,0,0,0,0,0,0,0,0,1641,0,0,0,0,0,0
2020-12-28T23:59:59+01:00,8,5,17,28,31,45,39,111,53,101,30,41,38,92,31,177,0,0,0,0,0,0,0,0,0,0,0,0,0,0,0,0,847,0,0,0,0,0,0
2020-12-27T23:59:59+01:00,2,2,4,5,7,11,10,23,6,22,5,7,6,25,3,49,0,0,0,0,0,0,0,0,0,0,0,0,0,0,0,0,187,0,0,0,0,0,0
