Datum,<24_1_m,<24_1_w,25-34_1_m,25-34_1_w,35-44_1_m,35-44_1_w,45-54_1_m,45-54_1_w,55-64_1_m,55-64_1_w,65-74_1_m,65-74_1_w,75-84_1_m,75-84_1_w,>84_1_m,>84_1_w,<24_2_m,<24_2_w,25-34_2_m,25-34_2_w,35-44_2_m,35-44_2_w,45-54_2_m,45-54_2_w,55-64_2_m,55-64_2_w,65-74_2_m,65-74_2_w,75-84_2_m,75-84_2_w,>84_2_m,>84_2_w,bp_1,bp_2,mo_1,mo_2,az_1,az_2,ja
2021-06-08T23:59:59+02:00,24771,23244,36556,33602,48332,50357,74459,77654,85960,86672,62956,69331,46150,56794,11199,20089,7591,7635,11845,12689,13625,19272,19024,28426,23439,27346,37105,41771,35997,44289,9088,16279,552116,243314,65247,36396,178494,63442,12269
2021-06-07T23:59:59+02:00,23600,22138,34945,32199,46073,48400,72522,75923,85180,85981,62772,69105,46088,56676,11182,20062,7414,7455,11421,12349,13092,18808,18306,27819,22868,26802,36802,41475,35589,43815,9008,16118,537589,241407,65079,36336,178446,59666,11732
2021-06-06T23:59:59+02:00,23397,21977,34562,31906,45493,47890,72013,75531,85021,85848,62728,69052,46073,56649,11178,20052,7270,7250,11101,11940,12675,18245,17669,27018,22205,26040,36357,41029,35154,43290,8885,15895,534823,239028,64762,36289,178398,55319,11387
2021-06-05T23:59:59+02:00,21948,20536,33216,30628,44367,46828,71458,75023,84516,85365,62646,68956,46031,56606,11172,20042,7211,7175,11007,11801,12559,18107,17502,26828,22061,25897,36311,40973,35136,43270,8883,15890,524870,238481,64762,35874,178339,54889,11367
2021-06-04T23:59:59+02:00,20551,19209,31874,29305,42879,45365,70126,73766,83803,84686,62499,68784,45967,56524,11159,20020,7094,7012,10830,11607,12343,17857,17131,26445,21560,25438,35433,40153,34865,43011,8871,15868,512179,236711,64708,35556,178332,51953,11298
2021-06-03T23:59:59+02:00,19808,18535,30870,28451,41425,44112,68381,72253,81642,82469,62178,68426,45847,56379,11145,19988,6911,6775,10524,11281,12037,17376,16674,25809,21044,24879,34796,39423,34711,42835,8845,15826,498661,234454,64071,35185,178292,49222,10885
2021-06-02T23:59:59+02:00,19442,18184,30566,28197,40701,43431,66722,70823,80869,81805,62059,68282,45797,56308,11142,19976,6783,6672,10357,11133,11816,17169,16397,25490,20527,24324,31756,36016,34515,42636,8825,15776,491319,225895,64070,34862,178288,48808,10627
2021-06-01T23:59:59+02:00,18500,17420,29056,27081,38304,41299,63119,67639,78785,79822,61780,67965,45677,56140,11115,19925,6479,6357,9845,10709,11298,16596,15737,24721,19873,23644,31453,35759,34349,42468,8803,15722,473384,224547,62575,34378,178239,45459,9429
2021-05-31T23:59:59+02:00,17843,16875,28109,26377,36137,39490,59646,64549,77077,78384,61488,67646,45551,55987,11087,19884,6289,6107,9441,10364,10880,16092,15207,24054,19294,22997,31188,35536,34184,42300,8774,15671,457693,223910,61874,33996,178178,42087,8385
2021-05-30T23:59:59+02:00,17667,16725,27840,26159,35648,39036,58933,63950,76830,78170,61439,67594,45528,55956,11083,19874,6169,5878,9097,10027,10496,15592,14754,23264,18808,22283,30556,34882,33992,42126,8756,15624,454766,223497,61443,33916,178134,36802,8089
2021-05-29T23:59:59+02:00,17226,16290,26905,25255,33852,37430,57574,62760,76273,77610,61319,67478,45478,55910,11080,19861,6130,5786,9036,9923,10407,15479,14641,23116,18686,22157,30537,34868,33987,42119,8755,15621,444678,223043,61410,33916,178129,36205,8084
2021-05-28T23:59:59+02:00,16768,15841,26027,24438,31874,35539,55535,60933,75292,76634,61167,67292,45433,55841,11071,19842,6033,5655,8879,9780,10254,15312,14484,22885,18484,21868,30490,34844,33972,42106,8754,15618,432765,222430,60947,33911,178038,35300,7777
2021-05-27T23:59:59+02:00,16029,15304,24976,23725,30628,34585,53885,59516,72247,73662,60855,66901,45316,55688,11051,19798,5888,5380,8547,9472,9863,14896,14049,22223,18025,21344,30301,34667,33869,42008,8737,15592,420700,221830,59006,33845,177422,32148,7038
2021-05-26T23:59:59+02:00,15444,14822,24099,23074,29732,33903,52723,58544,69209,70356,60479,66517,45196,55531,11024,19765,5784,5180,8287,9172,9579,14492,13682,21615,17617,20802,30133,34512,33780,41918,8717,15552,409938,221257,56865,33729,176927,29148,6688
2021-05-25T23:59:59+02:00,15049,14471,23536,22681,28565,32956,49903,56086,67236,68505,60229,66254,45096,55389,11012,19722,5694,5038,8067,8915,9337,14119,13360,21070,17249,20307,29995,34385,33706,41819,8698,15506,398155,220752,55804,33653,176313,26442,6418
2021-05-24T23:59:59+02:00,14693,14146,23054,22308,27952,32490,46807,53198,65274,66782,59971,65992,44998,55269,10984,19677,5612,4913,7811,8699,9024,13737,13040,20556,16890,19786,29882,34277,33642,41755,8680,15467,386553,220245,55321,33593,175653,23865,6068
2021-05-23T23:59:59+02:00,14621,14071,22961,22224,27880,32415,46513,52923,64720,66264,59900,65929,44978,55252,10982,19676,5589,4893,7774,8674,8964,13698,12968,20501,16825,19736,29876,34268,33639,41750,8680,15466,384362,219991,55244,33587,175641,23661,6062
2021-05-22T23:59:59+02:00,14367,13816,22655,21898,26737,31421,44686,51373,64011,65635,59753,65750,44922,55169,10973,19657,5568,4832,7751,8615,8928,13638,12936,20413,16801,19683,29870,34258,33634,41746,8680,15465,375919,219915,55231,33587,175635,23278,6038
2021-05-21T23:59:59+02:00,14020,13515,22071,21464,25838,30686,42104,49306,62342,64196,59561,65546,44847,55085,10961,19639,5545,4793,7696,8530,8866,13559,12860,20316,16729,19604,29860,34242,33628,41736,8678,15464,365597,219736,54172,33575,175446,22829,5966
2021-05-20T23:59:59+02:00,13305,12865,20941,20587,24728,29680,40535,47955,60013,62110,58903,64826,44671,54853,10935,19591,5220,4586,7294,8242,8467,13168,12394,19788,16356,19156,29760,34170,33584,41689,8676,15456,355208,219357,51878,33470,174162,19929,5250
2021-05-19T23:59:59+02:00,12805,12494,20141,20041,23884,29086,39646,47260,56497,58164,58584,64520,44579,54725,10917,19551,5047,4399,7056,7992,8180,12844,12051,19347,16020,18767,29680,34069,33544,41619,8668,15446,344830,218903,50265,33361,173039,17705,4760
2021-05-18T23:59:59+02:00,12430,12161,19564,19597,23253,28518,38082,45911,55280,57176,58260,64143,44461,54582,10896,19530,4929,4247,6803,7766,7934,12552,11810,18955,15698,18357,29618,34007,33515,41586,8665,15439,339517,218634,48438,33290,171580,15648,4309
2021-05-17T23:59:59+02:00,12171,11944,19134,19325,22822,28209,36719,44775,54149,56289,58063,63935,44403,54487,10885,19502,4848,4142,6585,7549,7685,12261,11557,18579,15401,17977,29550,33949,33495,41549,8659,15427,335492,218363,47466,33225,170073,13844,3781
2021-05-16T23:59:59+02:00,11954,11785,18841,19127,22493,27962,36025,44273,52926,55133,57954,63835,44368,54438,10876,19483,4768,4059,6351,7382,7418,12007,11282,18220,15137,17667,29500,33906,33480,41530,8652,15424,333082,218127,46594,33168,168463,12154,3334
2021-05-15T23:59:59+02:00,11848,11671,18683,18984,22330,27821,35585,43853,52578,54800,57852,63710,44328,54392,10873,19470,4721,4017,6261,7315,7327,11899,11184,18105,15032,17543,29400,33784,33406,41451,8648,15420,330700,217052,46594,33167,168328,12138,3156
2021-05-14T23:59:59+02:00,11530,11442,18256,18748,21936,27543,32829,41754,50828,53244,57700,63556,44281,54320,10861,19451,4570,3926,5968,7143,7024,11671,10835,17752,14684,17220,28873,33099,33294,41298,8635,15395,321638,213821,46541,33163,167717,12020,2383
2021-05-13T23:59:59+02:00,11010,11005,17443,18192,21065,26859,31694,40747,48531,50966,57001,62784,44099,54062,10830,19386,4009,3703,5654,6888,6725,11366,10423,17369,14291,16753,27989,31921,32937,40855,8609,15345,313203,209297,44681,32611,165712,10851,2078
2021-05-12T23:59:59+02:00,10676,10779,17016,17945,20591,26575,31160,40352,45241,46952,56773,62566,44020,53960,10816,19366,3847,3602,5423,6782,6454,11217,10141,17160,14042,16460,27390,31155,32798,40700,8586,15314,304082,206374,43860,32589,165423,10685,1423
2021-05-11T23:59:59+02:00,10185,10458,16220,17412,19747,25960,29189,38776,43532,45556,56477,62211,43940,53838,10801,19341,3703,3444,5198,6435,6151,10802,9772,16573,13572,15884,25984,29494,32352,40162,8548,15240,298624,200443,40806,32410,162947,9195,1266
2021-05-10T23:59:59+02:00,9879,10283,15698,17158,19143,25640,28134,38036,42128,44434,56301,62016,43869,53737,10783,19317,3580,3294,4967,6197,5903,10491,9439,16081,13174,15443,24957,28152,31926,39669,8517,15190,295393,195831,39904,32386,160293,7797,966
2021-05-09T23:59:59+02:00,9690,10190,15408,16970,18760,25396,27414,37564,40273,42696,56170,61890,43825,53683,10776,19300,3440,3232,4790,6059,5743,10317,9247,15868,12998,15280,24683,27822,31808,39512,8509,15181,292470,194655,39537,32347,157307,6796,691
2021-05-08T23:59:59+02:00,9598,10097,15233,16832,18555,25185,27183,37326,40050,42510,56058,61768,43792,53645,10773,19291,3430,3210,4756,6025,5699,10268,9165,15802,12900,15197,24293,27369,31572,39249,8502,15166,290933,193472,39086,31647,157186,6793,691
2021-05-07T23:59:59+02:00,9398,9984,14892,16650,18191,24954,26768,37037,39618,42128,55797,61449,43752,53598,10768,19284,3091,3050,4409,5852,5445,9992,8832,15495,12476,14752,23189,25978,31029,38541,8481,15132,288449,190092,38659,30155,156862,5199,298
2021-05-06T23:59:59+02:00,8676,9582,13995,16021,17122,24093,25371,35900,37479,40395,54812,60294,43537,53316,10737,19232,2944,2924,4238,5646,5236,9679,8464,15045,12034,14258,21840,24267,30304,37682,8437,15031,277859,184563,37386,29199,155056,4006,261
2021-05-05T23:59:59+02:00,8078,9227,13193,15468,16088,23304,23929,34863,35651,38818,53141,58441,43262,53012,10710,19174,2837,2852,4068,5492,5040,9456,8106,14686,11666,13863,20341,22381,29312,36494,8405,14947,266507,178557,36479,28035,153290,3271,83
2021-05-04T23:59:59+02:00,7856,9116,12837,15288,15573,23033,23286,34506,34654,38062,52404,57587,43150,52889,10699,19140,2766,2768,3914,5320,4859,9196,7762,14253,11203,13357,18627,20381,28344,35341,8330,14850,262788,171791,35616,27108,151645,2341,31
2021-05-03T23:59:59+02:00,7673,8944,12444,15080,15063,22713,22575,34084,33504,37154,52185,57344,43059,52794,10690,19112,2697,2688,3819,5139,4714,8947,7538,13890,10866,12936,17374,18813,27569,34376,8276,14759,259545,166265,35157,26759,149695,1356,21
2021-05-02T23:59:59+02:00,7586,8834,12218,14916,14752,22481,22090,33751,32311,36161,52005,57133,43003,52714,10675,19084,2684,2680,3797,5106,4684,8908,7469,13816,10778,12834,17036,18408,27323,34107,8264,14748,257146,164719,35085,26648,147463,1255,20
2021-05-01T23:59:59+02:00,7560,8805,12160,14865,14672,22429,21994,33677,32194,36073,52000,57124,43000,52713,10673,19082,2677,2670,3774,5088,4643,8881,7426,13781,10718,12769,16829,18175,27225,33992,8261,14738,256602,163754,35085,26620,147314,1253,20
2021-04-30T23:59:59+02:00,7518,8759,12064,14786,14560,22306,21796,33505,31961,35860,51750,56796,42957,52662,10668,19074,2642,2644,3713,5021,4546,8773,7272,13580,10414,12492,15937,17039,26491,33078,8230,14665,254862,160596,35042,24739,147099,1183,19
2021-04-29T23:59:59+02:00,7278,8621,11762,14601,14202,22068,21261,33205,31204,35332,51169,56052,42871,52549,10647,19007,2601,2589,3614,4929,4417,8635,7075,13366,10131,12191,14810,15614,25383,31773,8177,14580,251722,154943,34954,23994,145134,929,19
2021-04-28T23:59:59+02:00,6975,8431,11374,14265,13720,21595,20632,32593,29883,34030,48678,53279,42617,52254,10598,18940,2559,2543,3543,4868,4305,8518,6902,13174,9877,11960,13481,13890,24129,30204,8133,14494,241867,149067,34836,22793,143153,712,8
2021-04-27T23:59:59+02:00,6862,8328,11218,14141,13534,21443,20339,32378,29323,33625,48513,53101,42566,52205,10591,18922,2514,2501,3445,4780,4217,8404,6718,12974,9592,11663,12053,12061,22715,28354,8072,14376,240534,142291,34790,21606,141757,534,8
2021-04-26T23:59:59+02:00,6805,8280,11107,14074,13373,21326,20101,32150,28469,33019,48233,52800,42517,52149,10586,18895,2491,2468,3392,4739,4151,8331,6611,12837,9394,11472,10966,10668,21642,26866,8022,14303,239841,137057,34766,20864,139269,424,8
2021-04-25T23:59:59+02:00,6753,8228,10996,13976,13215,21173,19842,31855,27643,32229,47836,52360,42443,52063,10573,18878,2462,2456,3362,4719,4133,8309,6577,12796,9332,11414,10779,10440,21433,26584,8017,14291,238160,136212,34724,20521,137171,363,8
2021-04-24T23:59:59+02:00,6726,8169,10917,13894,13123,21026,19704,31684,27488,32056,47732,52236,42368,51984,10569,18874,2455,2446,3336,4688,4092,8264,6497,12718,9201,11293,10620,10259,21312,26459,8005,14275,236716,135690,34708,19877,137118,345,8
2021-04-23T23:59:59+02:00,6653,8063,10782,13692,12929,20770,19381,31308,27079,31672,46834,51131,42222,51779,10554,18844,2437,2424,3291,4654,4040,8206,6399,12622,9035,11158,10328,9927,21025,26076,7964,14211,232364,134576,34653,18879,136668,334,8
2021-04-22T23:59:59+02:00,6538,7940,10559,13479,12584,20433,18847,30822,26402,31002,45138,49001,41726,51149,10517,18761,2419,2404,3245,4606,3965,8127,6273,12521,8757,10991,9863,9467,20623,25542,7926,14150,226154,132470,34544,18099,134192,302,8
2021-04-21T23:59:59+02:00,6433,7777,10323,13281,12240,20107,18337,30316,25472,30011,41097,44399,41302,50677,10461,18666,2408,2392,3201,4573,3917,8069,6184,12425,8583,10834,9494,9044,20173,25002,7875,14067,214113,130851,34479,17099,132299,283,8
2021-04-20T23:59:59+02:00,6333,7674,10119,13065,11964,19839,17911,29886,24854,29381,39363,42393,40735,50003,10401,18544,2383,2376,3158,4548,3851,8022,6044,12332,8423,10704,9184,8660,19719,24392,7802,13950,207920,129511,34393,15799,130144,230,8
2021-04-19T23:59:59+02:00,6246,7588,9961,12937,11754,19638,17520,29466,24262,28855,37855,40618,40214,49368,10353,18468,2366,2354,3123,4515,3808,7975,6005,12264,8337,10611,8907,8318,19354,23885,7768,13872,202929,127836,34339,15406,127827,212,8
2021-04-18T23:59:59+02:00,6169,7526,9832,12860,11561,19489,17233,29266,23806,28469,36592,39316,39902,48996,10326,18420,2353,2334,3092,4496,3781,7958,5959,12217,8287,10564,8799,8204,19212,23722,7754,13852,201413,127353,34302,15015,124040,208,8
2021-04-17T23:59:59+02:00,6162,7509,9795,12827,11518,19445,17151,29202,23728,28398,36294,38979,39806,48916,10321,18410,2341,2324,3066,4481,3717,7916,5885,12164,8208,10513,8688,8091,19116,23618,7736,13840,200189,126564,34294,14926,123970,206,8
2021-04-16T23:59:59+02:00,6095,7459,9711,12777,11390,19321,16932,29049,23320,27972,35266,37755,39447,48469,10305,18382,2191,2220,2842,4312,3353,7592,5080,11598,6679,9400,6237,6072,17529,22102,7583,13596,196090,117558,34210,10616,123342,204,8
2021-04-15T23:59:59+02:00,6015,7358,9507,12596,11080,19068,16411,28649,22584,27278,33353,35425,38554,47414,10236,18240,2143,2181,2779,4247,3234,7476,4837,11400,6318,9090,5761,5667,16953,21401,7430,13319,190286,114463,34157,9568,119317,197,8
2021-04-14T23:59:59+02:00,5940,7300,9339,12470,10843,18878,15996,28312,21886,26727,31363,33109,37513,46174,10174,18082,2052,2117,2701,4186,3121,7385,4624,11224,5993,8840,5282,5243,16381,20691,7259,13025,183924,111866,34018,8108,116156,142,8
2021-04-13T23:59:59+02:00,5881,7232,9198,12341,10664,18703,15631,28016,21297,26162,29211,30591,36385,44755,10059,17916,2003,2098,2664,4147,3064,7319,4487,11071,5723,8634,4933,4922,15924,20237,7160,12863,177045,110461,33955,6735,113034,45,8
2021-04-12T23:59:59+02:00,5809,7176,9080,12202,10456,18547,15289,27721,20684,25627,27155,28268,35357,43453,9953,17750,1969,2056,2635,4127,3040,7262,4416,11002,5620,8540,4776,4776,15615,19846,7070,12697,171340,109639,33882,5756,109297,44,8
2021-04-11T23:59:59+02:00,5763,7129,8989,12124,10292,18442,15002,27529,20216,25248,25957,26988,34734,42741,9886,17627,1958,2049,2612,4105,3021,7236,4380,10957,5537,8475,4678,4722,15501,19722,7039,12652,169566,109444,33813,5153,105280,39,8
2021-04-10T23:59:59+02:00,5744,7112,8954,12099,10233,18406,14932,27480,20117,25159,25600,26570,34447,42379,9879,17606,1954,2044,2603,4094,3005,7220,4347,10929,5478,8431,4602,4644,15372,19554,7002,12578,168357,108657,33092,5153,105260,39,8
2021-04-09T23:59:59+02:00,5685,7077,8871,12015,10108,18285,14758,27288,19840,24905,24658,25274,33644,41351,9854,17547,1921,2012,2551,4056,2925,7158,4185,10803,5221,8199,4178,4262,14802,18820,6813,12271,165011,104986,31584,5146,104559,39,6
2021-04-08T23:59:59+02:00,5601,7003,8722,11898,9885,18105,14341,26967,19215,24381,22804,23122,32174,39630,9733,17347,1886,1992,2494,4007,2848,7072,4023,10652,4919,7931,3708,3815,13769,17501,6423,11645,159272,100031,30678,4614,100972,34,6
2021-04-07T23:59:59+02:00,5538,6941,8545,11828,9655,17946,14005,26719,18715,23987,20824,20749,30659,37694,9640,17171,1849,1975,2439,3952,2784,6994,3909,10490,4730,7723,3436,3533,13047,16651,6111,11167,153258,96718,29505,4043,97847,23,6
2021-04-06T23:59:59+02:00,5477,6888,8403,11723,9494,17773,13651,26440,18178,23548,18779,18423,28985,35507,9479,16885,1811,1954,2414,3926,2751,6953,3845,10446,4649,7635,3331,3404,12528,15961,5876,10820,146443,94423,28551,3853,94633,22,6
2021-04-05T23:59:59+02:00,5437,6842,8310,11629,9357,17674,13415,26213,17729,23156,16920,16282,27579,33621,9356,16698,1786,1943,2387,3909,2723,6903,3803,10385,4560,7526,3224,3296,12173,15564,5741,10578,141041,93053,28117,3420,91054,22,6
2021-04-04T23:59:59+02:00,5429,6837,8302,11615,9340,17665,13393,26190,17699,23132,16764,16080,27411,33405,9351,16687,1785,1941,2386,3907,2721,6900,3801,10381,4554,7524,3216,3283,12161,15553,5739,10570,140326,92974,28024,3420,90944,22,6
2021-04-03T23:59:59+02:00,5425,6829,8286,11605,9318,17646,13347,26157,17627,23066,16683,15992,27371,33349,9347,16683,1782,1937,2375,3901,2702,6884,3772,10355,4475,7459,3090,3170,12091,15488,5734,10560,139798,92327,27995,3420,90932,22,6
2021-04-02T23:59:59+02:00,5396,6807,8232,11548,9247,17576,13196,26044,17389,22851,16207,15460,26945,32849,9322,16638,1779,1927,2364,3895,2692,6869,3746,10314,4410,7373,3021,3100,11816,15168,5624,10386,138602,91040,26583,3416,90516,22,6
2021-04-01T23:59:59+02:00,5342,6729,8116,11411,9114,17409,12912,25745,16928,22452,15410,14672,26270,31965,9223,16489,1754,1895,2341,3873,2664,6838,3711,10275,4342,7307,2898,2961,10799,13924,5119,9679,136372,87045,25918,3310,87893,21,4
2021-03-31T23:59:59+02:00,5119,6632,8003,11299,8981,17242,12679,25448,16578,22089,14663,13847,25510,31030,9138,16332,1742,1889,2328,3850,2642,6812,3657,10220,4271,7242,2808,2871,10161,13150,4832,9271,134585,84636,24463,3085,85538,21,4
2021-03-30T23:59:59+02:00,5085,6564,7926,11172,8898,17090,12513,25250,16286,21763,14033,13137,24794,30130,9029,16128,1729,1874,2309,3832,2616,6788,3617,10157,4202,7164,2683,2733,9526,12434,4548,8849,133114,82335,23250,2704,83430,18,4
2021-03-29T23:59:59+02:00,5039,6492,7819,11066,8791,16923,12344,24957,15948,21423,13457,12467,24093,29236,8904,15922,1718,1864,2292,3819,2600,6762,3582,10101,4148,7094,2631,2667,9203,12010,4403,8588,131288,80967,22495,2493,81094,18,4
2021-03-28T23:59:59+02:00,4995,6397,7730,10960,8720,16766,12198,24720,15681,21149,13121,12128,23534,28563,8766,15688,1709,1859,2281,3807,2593,6739,3545,10057,4115,7041,2589,2619,9122,11897,4364,8535,130791,80634,21970,2216,78351,18,4
2021-03-27T23:59:59+01:00,4981,6383,7703,10930,8649,16692,12095,24619,15533,21031,12912,11911,23349,28368,8738,15662,1708,1857,2278,3805,2591,6738,3532,10031,4104,7024,2580,2611,9057,11825,4339,8503,129918,80345,21322,2216,78312,18,4
2021-03-26T23:59:59+01:00,4931,6301,7583,10812,8476,16492,11738,24295,14899,20512,11980,11080,22628,27577,8631,15477,1700,1839,2274,3787,2578,6713,3510,10005,4062,6987,2557,2575,8850,11581,4249,8364,125917,79507,19723,2102,77768,18,4
2021-03-25T23:59:59+01:00,4866,6115,7412,10524,8228,16079,11328,23652,14281,19844,11283,10409,21766,26495,8384,15028,1678,1821,2243,3759,2542,6679,3472,9952,3987,6904,2419,2441,7812,10212,3755,7648,122658,75436,18947,1867,74086,18,3
2021-03-24T23:59:59+01:00,4782,5945,7261,10233,8026,15662,11052,23103,13823,19271,10657,9834,20854,25391,8111,14541,1654,1789,2216,3723,2500,6639,3416,9880,3921,6811,2315,2342,7108,9360,3441,7167,120076,72815,17760,1448,70708,17,2
2021-03-23T23:59:59+01:00,4736,5829,7147,10004,7873,15313,10782,22582,13421,18802,10190,9383,20104,24513,7872,14155,1640,1771,2192,3701,2477,6611,3356,9822,3829,6738,2218,2242,6315,8323,3073,6601,118632,69772,16659,1119,67414,17,1
2021-03-22T23:59:59+01:00,4676,5732,7016,9758,7710,14990,10509,22105,13074,18325,9801,9024,19530,23782,7721,13865,1629,1762,2185,3686,2463,6598,3334,9796,3791,6705,2165,2192,5801,7643,2784,6195,117756,67681,16259,1030,63602,17,1
2021-03-21T23:59:59+01:00,4621,5597,6881,9491,7545,14618,10269,21556,12741,17844,9470,8740,19008,23168,7562,13597,1626,1757,2184,3677,2460,6592,3327,9784,3781,6694,2149,2172,5669,7494,2742,6112,117560,67177,15862,1030,59285,12,1
2021-03-20T23:59:59+01:00,4610,5571,6845,9430,7481,14555,10176,21446,12641,17754,9387,8646,18870,22991,7521,13520,1623,1754,2180,3674,2455,6586,3314,9774,3756,6685,2116,2136,5306,7086,2596,5910,116736,65908,15768,1030,58939,12,1
2021-03-19T23:59:59+01:00,4409,5402,6558,9180,7003,14115,9194,20667,10834,16348,6505,6276,16820,20910,7226,13050,1617,1749,2175,3666,2444,6574,3302,9746,3698,6640,2052,2097,4881,6565,2388,5641,107463,64224,11062,998,55971,12,1
2021-03-18T23:59:59+01:00,4289,5231,6365,8878,6750,13652,8781,19991,10192,15637,5790,5615,15573,19375,6804,12368,1610,1740,2155,3638,2425,6536,3270,9709,3657,6606,2013,2066,4398,5968,2171,5303,102353,62364,10057,890,52880,10,1
2021-03-17T23:59:59+01:00,4198,5141,6238,8737,6573,13477,8478,19648,9780,15259,5384,5229,14734,18400,6470,11869,1598,1725,2140,3619,2394,6504,3235,9680,3619,6569,1959,2009,3952,5466,1966,4977,99117,60644,8373,757,52124,10,1
2021-03-16T23:59:59+01:00,4106,4982,6083,8469,6362,13088,8140,19062,9240,14627,4866,4770,13899,17405,6201,11452,1589,1716,2131,3603,2377,6492,3223,9658,3591,6541,1930,1971,3359,4754,1709,4553,96808,58435,6965,753,48978,8,1
2021-03-15T23:59:59+01:00,4036,4808,5888,8197,6153,12654,7852,18487,8806,14035,4570,4496,13216,16641,5984,11047,1588,1706,2116,3587,2356,6466,3201,9605,3569,6503,1896,1921,2949,4252,1481,4213,95338,56665,5993,738,45539,6,0
2021-03-14T23:59:59+01:00,3978,4639,5635,7878,5889,12182,7517,17741,8370,13338,4253,4236,12949,16400,5947,10962,1580,1696,2100,3557,2341,6414,3184,9544,3552,6473,1888,1910,2865,4135,1437,4139,95225,56265,5386,545,41303,5,0
2021-03-13T23:59:59+01:00,3963,4606,5600,7789,5833,12096,7438,17623,8242,13210,4099,4098,12870,16324,5942,10951,1580,1696,2100,3557,2340,6414,3183,9543,3551,6473,1883,1901,2806,4074,1412,4092,94541,56055,5386,545,40757,5,0
2021-03-12T23:59:59+01:00,3938,4516,5551,7656,5766,11951,7350,17384,8111,13003,3992,4001,12563,15980,5832,10763,1580,1696,2096,3550,2338,6406,3180,9536,3550,6469,1881,1899,2698,3945,1351,4027,93125,55652,5378,545,39854,5,0
2021-03-11T23:59:59+01:00,3833,4271,5335,7398,5538,11503,6995,16689,7693,12424,3658,3655,11404,14608,5291,10003,1574,1691,2086,3537,2319,6383,3158,9498,3525,6438,1854,1875,2431,3656,1228,3839,88946,54573,4950,514,36402,5,0
2021-03-10T23:59:59+01:00,3723,4129,5119,7131,5324,11128,6718,16114,7365,11935,3454,3437,10694,13737,4983,9562,1567,1672,2061,3498,2290,6296,3107,9368,3469,6328,1813,1804,2189,3391,1126,3679,86483,53375,4582,279,33488,4,0
2021-03-09T23:59:59+01:00,3642,3977,4948,6942,5139,10840,6483,15656,7065,11459,3284,3257,10010,12970,4679,9110,1557,1656,2027,3439,2257,6191,3038,9222,3410,6256,1786,1778,1887,3035,986,3477,84210,51966,4326,32,30925,4,0
2021-03-08T23:59:59+01:00,3565,3795,4718,6684,4898,10469,6216,15134,6707,10888,3097,3090,9596,12492,4527,8842,1554,1632,2010,3358,2227,6098,2996,9077,3382,6173,1771,1755,1663,2779,890,3312,82740,50647,3962,30,28016,0,0
2021-03-07T23:59:59+01:00,3531,3724,4641,6574,4810,10354,6117,14971,6594,10758,3048,3046,9511,12381,4494,8786,1546,1626,2005,3346,2218,6068,2989,9039,3370,6159,1765,1742,1596,2702,850,3256,82397,50247,3793,30,27150,0,0
2021-03-06T23:59:59+01:00,3513,3652,4598,6491,4773,10283,6059,14856,6548,10664,3030,3025,9446,12307,4470,8752,1544,1610,1998,3334,2208,6040,2986,9011,3359,6140,1757,1721,1564,2678,848,3248,82084,50016,3793,30,26590,0,0
2021-03-05T23:59:59+01:00,3484,3547,4536,6391,4714,10178,5993,14697,6448,10523,2996,2982,9235,12045,4377,8609,1534,1569,1969,3277,2181,5932,2944,8875,3317,6006,1715,1683,1498,2609,829,3223,81182,49131,3785,30,25788,0,0
2021-03-04T23:59:59+01:00,3415,3328,4366,6155,4512,9868,5768,14254,6145,10169,2821,2815,8126,10599,3856,7859,1512,1512,1934,3153,2153,5738,2896,8606,3264,5792,1648,1599,1464,2562,825,3208,77022,47837,3512,29,23522,0,0
2021-03-03T23:59:59+01:00,3366,3246,4224,5964,4347,9597,5551,13872,5910,9774,2698,2703,7428,9735,3529,7356,1498,1469,1906,3077,2131,5628,2866,8425,3208,5647,1581,1555,1423,2490,807,3161,74303,46843,3298,29,21699,0,0
2021-03-02T23:59:59+01:00,3306,3137,4032,5761,4148,9322,5351,13485,5657,9422,2563,2561,6585,8655,3145,6776,1463,1420,1878,3004,2105,5473,2820,8150,3158,5469,1510,1496,1361,2410,787,3123,71146,45598,2899,29,19861,0,0
2021-03-01T23:59:59+01:00,3264,3058,3856,5614,3974,9099,5164,13164,5428,9049,2475,2466,6033,7923,2851,6356,1455,1377,1857,2892,2074,5285,2775,7875,3104,5266,1469,1466,1315,2349,761,3087,68990,44378,2648,29,18136,0,0
2021-02-28T23:59:59+01:00,3214,3001,3681,5497,3773,8895,4971,12903,5247,8766,2431,2404,5896,7754,2805,6273,1450,1371,1854,2879,2063,5259,2770,7840,3094,5251,1461,1459,1309,2339,758,3080,68518,44208,2430,29,16563,0,0
2021-02-27T23:59:59+01:00,3195,2924,3655,5422,3742,8828,4934,12807,5209,8704,2392,2363,5524,7335,2650,6063,1443,1361,1844,2867,2052,5214,2750,7781,3079,5200,1446,1451,1301,2329,757,3079,67205,43926,2430,28,16112,0,0
2021-02-26T23:59:59+01:00,3170,2868,3610,5339,3683,8727,4873,12698,5117,8625,2319,2313,5089,6803,2435,5786,1374,1295,1799,2765,2004,5023,2691,7495,3008,5018,1389,1410,1279,2306,744,3071,65397,42644,2305,27,15753,0,0
2021-02-25T23:59:59+01:00,2981,2738,3424,5160,3507,8502,4656,12393,4912,8376,2240,2262,4578,6180,2212,5436,1357,1232,1763,2654,1959,4720,2613,7104,2918,4774,1349,1370,1262,2291,742,3062,63535,41146,1982,24,14040,0,0
2021-02-24T23:59:59+01:00,2798,2578,3252,4964,3350,8304,4452,12110,4700,8164,2111,2146,4089,5612,1999,5105,1336,1195,1743,2573,1921,4563,2556,6842,2865,4593,1323,1342,1243,2270,740,3042,61767,40130,1510,17,12457,0,0
2021-02-23T23:59:59+01:00,2643,2417,3075,4731,3202,8076,4268,11832,4527,7936,2029,2059,3462,4872,1739,4676,1321,1140,1712,2472,1880,4358,2485,6543,2768,4358,1272,1290,1220,2229,727,3018,59566,38779,1159,14,10819,0,0
2021-02-22T23:59:59+01:00,2593,2356,2994,4637,3129,7969,4172,11639,4423,7822,1989,2020,3043,4366,1510,4344,1307,1073,1678,2335,1835,4099,2403,6151,2644,4089,1219,1242,1199,2201,722,2996,57902,37189,1073,4,10031,0,0
2021-02-21T23:59:59+01:00,2554,2319,2938,4559,3052,7853,4085,11484,4363,7725,1974,1998,2953,4243,1463,4267,1301,1050,1662,2276,1807,3983,2368,5995,2586,3978,1187,1226,1191,2185,715,2983,57469,36489,1040,4,9321,0,0
2021-02-20T23:59:59+01:00,2542,2315,2916,4544,3036,7819,4055,11450,4347,7706,1969,1989,2892,4180,1437,4219,1301,1047,1662,2274,1805,3973,2368,5990,2585,3975,1186,1223,1190,2181,714,2983,57254,36453,1039,4,9123,0,0
2021-02-19T23:59:59+01:00,2526,2298,2883,4489,3007,7731,4011,11364,4294,7652,1963,1984,2781,4047,1376,4148,1241,1037,1631,2267,1794,3960,2359,5968,2574,3965,1182,1215,1178,2176,710,2976,56838,36229,1008,4,8708,0,0
2021-02-18T23:59:59+01:00,2369,2183,2740,4307,2885,7525,3865,11067,4166,7478,1937,1952,2511,3749,1252,3957,1148,988,1565,2175,1744,3838,2283,5803,2525,3894,1169,1199,1175,2161,699,2960,55774,35322,942,4,7227,0,0
2021-02-17T23:59:59+01:00,2316,2122,2649,4173,2774,7304,3706,10707,4036,7262,1886,1881,2270,3490,1150,3796,980,906,1457,2058,1676,3636,2189,5572,2453,3750,1140,1155,1149,2115,683,2921,54705,33837,797,3,6020,0,0
2021-02-16T23:59:59+01:00,2115,1991,2492,3963,2635,7013,3543,10339,3873,7004,1845,1855,1966,3132,1009,3588,947,879,1388,1978,1603,3488,2091,5392,2363,3641,1080,1104,1092,2023,649,2831,53376,32547,761,2,4226,0,0
2021-02-15T23:59:59+01:00,2076,1923,2405,3798,2557,6729,3415,9959,3768,6773,1821,1828,1722,2864,912,3430,928,862,1356,1930,1564,3414,2033,5224,2298,3543,1018,1063,1025,1932,634,2742,52278,31565,747,1,2955,0,0
2021-02-14T23:59:59+01:00,1983,1885,2361,3737,2511,6634,3350,9852,3722,6707,1812,1820,1653,2797,875,3379,913,852,1337,1902,1537,3393,2003,5180,2274,3492,1008,1053,1018,1921,631,2733,51945,31246,718,1,2415,0,0
2021-02-13T23:59:59+01:00,1982,1870,2350,3732,2506,6619,3346,9837,3715,6695,1804,1802,1626,2777,874,3370,913,852,1337,1902,1537,3393,2003,5180,2274,3492,1008,1053,1018,1921,631,2733,51789,31246,718,1,2398,0,0
2021-02-12T23:59:59+01:00,1889,1770,2258,3618,2424,6442,3238,9597,3599,6437,1760,1760,1563,2707,853,3344,905,844,1325,1881,1524,3372,1993,5150,2259,3474,1004,1048,1017,1898,631,2707,50852,31031,718,1,1689,0,0
2021-02-11T23:59:59+01:00,1661,1613,2087,3404,2298,6131,3085,9168,3447,6120,1694,1666,1519,2652,842,3324,874,775,1221,1706,1403,3092,1852,4770,2103,3234,957,987,975,1817,601,2582,49469,28948,678,1,564,0,0
2021-02-10T23:59:59+01:00,1553,1551,2002,3274,2236,5961,2989,8886,3347,5904,1626,1621,1474,2583,826,3271,626,664,1018,1486,1259,2772,1662,4281,1913,2911,839,865,848,1552,533,2280,48305,25509,638,0,161,0,0
2021-02-09T23:59:59+01:00,1513,1489,1968,3184,2205,5765,2924,8536,3276,5675,1552,1562,1418,2523,812,3241,344,499,807,1220,1067,2393,1446,3728,1668,2502,686,698,670,1234,425,1856,47053,21243,510,0,80,0,0
2021-02-08T23:59:59+01:00,1503,1443,1939,3053,2164,5542,2871,8237,3219,5476,1513,1534,1375,2466,796,3224,300,439,701,1061,965,2168,1274,3320,1479,2220,584,585,566,1037,370,1623,45937,18692,339,0,79,0,0
2021-02-07T23:59:59+01:00,1472,1421,1911,3005,2138,5456,2838,8138,3181,5415,1500,1520,1361,2446,783,3211,263,377,652,967,905,2005,1185,3096,1381,2068,547,566,546,1005,362,1595,45658,17520,138,0,0,0,0
2021-02-06T23:59:59+01:00,1467,1413,1903,2993,2130,5424,2825,8095,3170,5374,1489,1512,1354,2437,782,3210,241,339,628,929,877,1938,1144,2976,1327,1990,531,554,540,1005,362,1595,45440,16976,138,0,0,0,0
2021-02-05T23:59:59+01:00,1396,1345,1859,2887,2078,5212,2758,7791,3097,5181,1431,1467,1336,2412,775,3204,224,302,591,891,842,1851,1105,2857,1274,1897,498,534,532,980,351,1573,44091,16302,138,0,0,0,0
2021-02-04T23:59:59+01:00,1383,1267,1813,2738,2011,4874,2667,7342,3002,4906,1392,1436,1319,2396,772,3194,191,233,512,775,752,1709,991,2606,1164,1707,456,489,491,921,333,1464,42481,14794,31,0,0,0,0
2021-02-03T23:59:59+01:00,1359,1230,1784,2658,1971,4706,2600,7071,2952,4717,1357,1406,1288,2358,758,3169,156,194,433,656,633,1462,839,2226,979,1441,337,360,353,697,229,1103,41353,12098,31,0,0,0,0
2021-02-02T23:59:59+01:00,1341,1167,1752,2551,1924,4473,2525,6735,2842,4472,1316,1362,1267,2329,749,3145,133,159,349,534,524,1210,685,1884,797,1168,249,260,276,510,177,825,39919,9740,31,0,0,0,0
2021-02-01T23:59:59+01:00,1324,1097,1714,2413,1871,4210,2447,6345,2725,4198,1252,1290,1241,2289,739,3120,97,99,237,365,348,780,426,1217,467,725,155,156,168,311,94,472,38244,6117,31,0,0,0,0
2021-01-31T23:59:59+01:00,1318,1074,1697,2348,1844,4087,2413,6155,2668,4093,1222,1273,1232,2273,733,3107,83,88,198,293,276,609,336,939,388,596,131,142,160,303,90,459,37506,5091,31,0,0,0,0
2021-01-30T23:59:59+01:00,1318,1071,1696,2343,1841,4074,2412,6144,2665,4085,1221,1269,1231,2271,733,3107,78,76,165,243,247,539,301,816,349,534,130,136,155,300,90,458,37451,4617,30,0,0,0,0
2021-01-29T23:59:59+01:00,1257,1062,1665,2336,1829,4065,2405,6132,2656,4073,1218,1267,1227,2271,733,3107,69,56,122,184,204,378,246,663,307,426,122,127,143,291,87,457,37275,3882,28,0,0,0,0
2021-01-28T23:59:59+01:00,1170,1031,1620,2281,1796,3995,2356,6053,2626,4029,1207,1256,1222,2265,723,3093,44,27,77,110,130,219,154,389,205,259,91,101,115,235,79,418,36698,2653,25,0,0,0,0
2021-01-27T23:59:59+01:00,1005,968,1529,2214,1734,3872,2289,5915,2567,3921,1183,1213,1197,2226,710,3064,32,19,66,87,104,175,123,333,179,218,83,85,105,213,76,389,35590,2287,17,0,0,0,0
2021-01-26T23:59:59+01:00,986,942,1467,2136,1668,3732,2197,5737,2486,3834,1126,1170,1153,2156,687,3014,31,18,63,84,100,168,119,318,178,210,80,81,96,189,67,345,34480,2147,11,0,0,0,0
2021-01-25T23:59:59+01:00,971,915,1434,2076,1636,3628,2145,5579,2435,3747,1077,1144,1102,2102,672,2957,29,18,60,84,97,165,118,317,176,209,80,81,95,188,65,342,33618,2124,2,0,0,0,0
2021-01-24T23:59:59+01:00,968,913,1427,2063,1631,3611,2137,5553,2423,3717,1074,1136,1097,2097,671,2952,29,18,60,84,96,164,118,317,176,208,80,81,95,188,65,342,33468,2121,2,0,0,0,0
2021-01-23T23:59:59+01:00,968,913,1427,2063,1631,3611,2137,5553,2423,3717,1074,1136,1096,2097,671,2952,29,18,60,84,96,164,118,317,175,208,80,81,95,188,65,342,33467,2120,2,0,0,0,0
2021-01-22T23:59:59+01:00,967,903,1410,2038,1620,3585,2121,5521,2411,3699,1072,1132,1095,2068,670,2925,29,18,60,84,96,164,118,317,174,208,80,81,95,188,65,342,33235,2119,2,0,0,0,0
2021-01-21T23:59:59+01:00,931,852,1329,1885,1526,3396,2019,5227,2307,3529,1034,1074,1060,1978,636,2805,27,17,54,79,89,155,109,286,160,188,67,73,84,163,52,293,31586,1896,2,0,0,0,0
2021-01-20T23:59:59+01:00,698,729,1147,1673,1388,3107,1841,4807,2109,3235,912,956,939,1736,580,2545,26,17,53,74,86,155,101,269,149,172,57,66,75,138,46,260,28400,1744,2,0,0,0,0
2021-01-19T23:59:59+01:00,389,556,903,1415,1180,2763,1601,4262,1855,2825,758,786,772,1432,484,2163,21,12,35,51,60,85,74,182,104,117,43,50,54,104,35,197,24143,1224,1,0,0,0,0
2021-01-18T23:59:59+01:00,337,492,791,1224,1057,2493,1397,3741,1618,2491,632,644,622,1160,408,1800,8,6,11,17,22,30,23,50,24,39,11,10,14,34,7,62,20907,368,0,0,0,0,0
2021-01-17T23:59:59+01:00,293,425,721,1129,983,2319,1301,3458,1503,2300,592,614,592,1104,388,1742,1,0,0,0,3,3,1,0,2,2,1,4,0,0,0,1,19464,18,0,0,0,0,0
2021-01-16T23:59:59+01:00,273,391,704,1094,958,2256,1261,3346,1455,2231,576,602,586,1104,388,1741,0,0,0,0,2,3,0,0,1,2,0,1,0,0,0,1,18966,10,0,0,0,0,0
2021-01-15T23:59:59+01:00,258,348,673,1058,930,2168,1226,3230,1402,2140,548,580,580,1082,381,1732,0,0,0,0,0,0,0,0,0,0,0,0,0,0,0,0,18336,0,0,0,0,0,0
2021-01-14T23:59:59+01:00,224,281,606,939,850,2020,1129,3002,1287,1977,510,542,546,1033,376,1694,0,0,0,0,0,0,0,0,0,0,0,0,0,0,0,0,17016,0,0,0,0,0,0
2021-01-13T23:59:59+01:00,189,256,555,866,778,1888,1022,2761,1139,1768,388,428,418,818,276,1300,0,0,0,0,0,0,0,0,0,0,0,0,0,0,0,0,14850,0,0,0,0,0,0
2021-01-12T23:59:59+01:00,165,230,523,794,723,1721,931,2544,1034,1569,303,316,325,582,197,921,0,0,0,0,0,0,0,0,0,0,0,0,0,0,0,0,12878,0,0,0,0,0,0
2021-01-11T23:59:59+01:00,134,179,444,655,629,1460,756,2053,805,1230,182,185,183,345,105,527,0,0,0,0,0,0,0,0,0,0,0,0,0,0,0,0,9872,0,0,0,0,0,0
2021-01-10T23:59:59+01:00,102,125,346,480,469,1060,542,1494,596,901,156,166,169,330,100,516,0,0,0,0,0,0,0,0,0,0,0,0,0,0,0,0,7552,0,0,0,0,0,0
2021-01-09T23:59:59+01:00,90,116,297,409,399,914,473,1270,525,770,151,158,164,326,100,514,0,0,0,0,0,0,0,0,0,0,0,0,0,0,0,0,6676,0,0,0,0,0,0
2021-01-08T23:59:59+01:00,74,91,216,291,301,633,360,960,428,587,144,150,148,317,98,514,0,0,0,0,0,0,0,0,0,0,0,0,0,0,0,0,5312,0,0,0,0,0,0
2021-01-07T23:59:59+01:00,50,32,86,125,135,246,163,434,226,301,108,123,135,285,95,489,0,0,0,0,0,0,0,0,0,0,0,0,0,0,0,0,3033,0,0,0,0,0,0
2021-01-06T23:59:59+01:00,35,24,75,95,116,192,137,355,196,243,86,96,111,233,80,419,0,0,0,0,0,0,0,0,0,0,0,0,0,0,0,0,2493,0,0,0,0,0,0
2021-01-05T23:59:59+01:00,32,19,64,89,105,179,122,339,184,224,84,91,109,226,78,401,0,0,0,0,0,0,0,0,0,0,0,0,0,0,0,0,2346,0,0,0,0,0,0
2021-01-04T23:59:59+01:00,29,18,61,85,97,170,117,321,182,215,83,89,100,209,70,372,0,0,0,0,0,0,0,0,0,0,0,0,0,0,0,0,2218,0,0,0,0,0,0
2021-01-03T23:59:59+01:00,29,18,61,85,97,170,117,321,182,215,83,89,99,208,70,372,0,0,0,0,0,0,0,0,0,0,0,0,0,0,0,0,2216,0,0,0,0,0,0
2021-01-02T23:59:59+01:00,29,18,61,85,97,170,117,321,181,215,83,89,99,208,70,372,0,0,0,0,0,0,0,0,0,0,0,0,0,0,0,0,2215,0,0,0,0,0,0
2021-01-01T23:59:59+01:00,29,18,61,85,97,170,117,321,179,214,83,89,99,208,70,372,0,0,0,0,0,0,0,0,0,0,0,0,0,0,0,0,2212,0,0,0,0,0,0
2020-12-31T23:59:59+01:00,29,18,61,85,97,170,117,321,179,214,83,89,99,208,70,372,0,0,0,0,0,0,0,0,0,0,0,0,0,0,0,0,2212,0,0,0,0,0,0
2020-12-30T23:59:59+01:00,28,18,61,83,96,168,117,320,179,214,83,89,99,208,70,372,0,0,0,0,0,0,0,0,0,0,0,0,0,0,0,0,2205,0,0,0,0,0,0
2020-12-29T23:59:59+01:00,23,12,42,59,76,102,86,226,131,166,64,75,75,174,56,297,0,0,0,0,0,0,0,0,0,0,0,0,0,0,0,0,1664,0,0,0,0,0,0
2020-12-28T23:59:59+01:00,9,7,19,28,34,51,40,119,49,85,29,43,43,101,29,172,0,0,0,0,0,0,0,0,0,0,0,0,0,0,0,0,858,0,0,0,0,0,0
2020-12-27T23:59:59+01:00,3,4,3,4,10,14,8,24,5,18,6,6,6,25,4,50,0,0,0,0,0,0,0,0,0,0,0,0,0,0,0,0,190,0,0,0,0,0,0
