Datum,<15_m,<15_w,15-24_1_m,15-24_1_w,25-34_1_m,25-34_1_w,35-44_1_m,35-44_1_w,45-54_1_m,45-54_1_w,55-64_1_m,55-64_1_w,65-74_1_m,65-74_1_w,75-84_1_m,75-84_1_w,>84_1_m,>84_1_w,<24_2_m,<24_2_w,25-34_2_m,25-34_2_w,35-44_2_m,35-44_2_w,45-54_2_m,45-54_2_w,55-64_2_m,55-64_2_w,65-74_2_m,65-74_2_w,75-84_2_m,75-84_2_w,>84_2_m,>84_2_w,bp_1,bp_2,mo_1,mo_2,az_1,az_2,ja,unb_1,unb_2
2021-08-02T23:59:59+02:00,6557,6002,51421,48511,59319,54836,69000,69747,90366,92699,102503,102052,71331,77743,50378,61816,14131,24375,38121,36067,50650,46073,61743,62399,83028,85121,94493,94424,68031,74112,48561,59427,13677,23388,771710,680796,68719,65891,181331,167352,31008,19,39
2021-08-01T23:59:59+02:00,6515,5950,51251,48353,59179,54728,68909,69636,90265,92610,102418,101963,71292,77706,50359,61775,14127,24362,37942,35937,50507,45987,61618,62310,82856,84988,94048,94029,67916,74004,48526,59379,13667,23371,770676,680182,68691,65845,181318,166055,30694,19,39
2021-07-31T23:59:59+02:00,6472,5917,51156,48234,59124,54658,68862,69594,90225,92581,102392,101940,71282,77694,50351,61772,14127,24359,36345,34442,49610,45130,61085,61751,82353,84477,93568,93602,67728,73801,48449,59284,13650,23339,770074,671106,68687,65839,181318,165940,30642,19,39
2021-07-30T23:59:59+02:00,6437,5864,51013,48108,59054,54579,68802,69542,90167,92510,102348,101907,71266,77675,50345,61753,14124,24356,34890,33044,48648,44188,60373,61073,81687,83872,92901,93037,67503,73574,48348,59138,13632,23309,769320,661633,68663,65828,181312,165641,30536,19,39
2021-07-29T23:59:59+02:00,6322,5744,50582,47742,58842,54311,68611,69352,89979,92326,102188,101771,71190,77594,50313,61698,14109,24338,34167,32435,48031,43748,59976,60732,81265,83524,92145,92368,67310,73420,48286,59055,13612,23281,767016,657839,68610,65694,181270,164012,30097,19,39
2021-07-28T23:59:59+02:00,6251,5681,50327,47546,58711,54163,68490,69259,89856,92205,102084,101678,71133,77537,50289,61660,14100,24321,33842,32143,47722,43519,59754,60522,81094,83364,91910,92173,67236,73355,48257,59021,13599,23271,765720,656193,68580,65607,181243,163498,29729,19,39
2021-07-27T23:59:59+02:00,6200,5636,50171,47410,58582,54073,68400,69176,89761,92096,101979,101606,71092,77484,50260,61627,14093,24308,32391,30743,46459,42430,58927,59745,80501,82846,90901,91336,66961,73072,48170,58895,13569,23230,764863,647603,68556,65546,181219,161722,29297,19,39
2021-07-26T23:59:59+02:00,6177,5607,50051,47321,58483,53990,68326,69123,89674,92037,101915,101558,71055,77449,50236,61607,14088,24299,31024,29482,45141,41310,57829,58767,79803,82218,89738,90317,66656,72801,48081,58781,13547,23188,764335,638566,68491,65462,181181,159431,28970,19,39
2021-07-25T23:59:59+02:00,6159,5589,49938,47214,58397,53924,68266,69067,89610,91984,101858,101513,71023,77413,50219,61584,14085,24289,30818,29324,44882,41115,57577,58545,79535,82018,88782,89471,66450,72628,48014,58708,13536,23164,763933,637415,68480,65350,181159,156982,28541,19,39
2021-07-24T23:59:59+02:00,6128,5562,49825,47126,58336,53864,68221,69015,89565,91944,101821,101474,71019,77407,50216,61581,14084,24286,29212,27729,43727,40029,56883,57836,78921,81449,88144,88908,66272,72436,47943,58607,13522,23141,763362,627357,68472,65340,181156,156843,28465,19,39
2021-07-23T23:59:59+02:00,6044,5475,49648,46953,58243,53761,68114,68914,89461,91843,101731,101382,70983,77351,50196,61550,14080,24280,27519,26199,42473,38951,55961,56955,78236,80838,87439,88248,66001,72164,47865,58508,13501,23111,762004,616841,68468,65180,181137,156376,28381,19,39
2021-07-22T23:59:59+02:00,5906,5361,49354,46672,58045,53564,67943,68748,89279,91692,101579,101251,70918,77270,50156,61498,14069,24261,26700,25369,41555,38142,55022,56131,77496,80213,85772,86750,65630,71765,47758,58376,13470,23059,760096,608368,68426,64686,181106,154906,27919,19,39
2021-07-21T23:59:59+02:00,5631,5079,48819,46147,57738,53252,67713,68475,89005,91445,101311,100985,70792,77139,50098,61434,14060,24236,26446,25149,41136,37863,54588,55749,77130,79933,84969,86146,65464,71636,47703,58310,13452,23034,756507,606421,68402,64418,181085,153136,27346,19,39
2021-07-20T23:59:59+02:00,5554,5006,48538,45871,57569,53048,67541,68331,88828,91294,101149,100841,70718,77074,50059,61388,14051,24211,25286,24002,39846,36835,53259,54554,76233,79165,83618,84808,65165,71295,47599,58173,13424,22989,754847,596093,68397,64274,181044,151560,26764,19,39
2021-07-19T23:59:59+02:00,5476,4922,48214,45545,57354,52839,67376,68131,88643,91120,101002,100681,70642,76993,50019,61338,14042,24182,24459,23168,38549,35719,51533,53062,74977,78123,82512,83829,64878,71039,47507,58055,13400,22950,753064,586116,68389,64131,181017,149783,26030,19,39
2021-07-18T23:59:59+02:00,5469,4921,48150,45494,57267,52768,67314,68066,88564,91058,100933,100616,70610,76952,49993,61305,14040,24170,24325,23065,38291,35510,51210,52782,74736,77933,81618,83070,64693,70862,47451,57982,13395,22928,752812,585076,68366,63972,180978,147568,25515,19,39
2021-07-17T23:59:59+02:00,5444,4885,48056,45420,57198,52706,67254,68012,88509,91000,100890,100597,70603,76937,49988,61301,14040,24169,22934,21598,36898,34216,49966,51595,74139,77382,80987,82476,64565,70714,47385,57921,13386,22908,752279,574217,68364,63948,180975,147431,25372,19,39
2021-07-16T23:59:59+02:00,5342,4808,47817,45191,57076,52601,67139,67901,88373,90906,100788,100496,70560,76889,49967,61282,14034,24162,21684,20354,35604,32982,48524,50282,73144,76456,80294,81827,64348,70496,47307,57824,13368,22876,750861,562674,68364,63889,180969,147229,25119,19,39
2021-07-15T23:59:59+02:00,5204,4681,47424,44874,56871,52404,66950,67720,88162,90710,100603,100329,70463,76788,49920,61208,14024,24133,21081,19854,34681,32289,47297,49349,71978,75551,78151,79705,63753,69905,47165,57649,13349,22814,748834,553410,68348,62869,180924,145391,24343,19,39
2021-07-14T23:59:59+02:00,4832,4355,46835,44302,56642,52140,66749,67519,87951,90470,100388,100133,70356,76680,49855,61126,14013,24109,20879,19709,34428,32137,46933,49052,71452,75167,77487,79175,63433,69630,47084,57565,13328,22779,745408,551646,68334,62688,180873,143495,23821,19,39
2021-07-13T23:59:59+02:00,4745,4278,46642,44150,56484,51996,66589,67376,87801,90349,100252,100016,70285,76619,49818,61082,14009,24094,20329,19181,33410,31337,45333,47605,69712,73522,75897,77631,63059,69241,46956,57397,13299,22728,744114,540834,68320,61936,180806,141886,23326,19,39
2021-07-12T23:59:59+02:00,4682,4202,46460,43960,56335,51858,66436,67252,87630,90212,100100,99881,70210,76537,49781,61031,14002,24076,19853,18747,32623,30715,43674,46157,67349,71450,74013,76134,62530,68657,46814,57235,13271,22679,742874,529770,68299,61379,180715,139315,22739,18,39
2021-07-11T23:59:59+02:00,4677,4198,46388,43909,56278,51808,66388,67218,87571,90163,100029,99822,70173,76495,49771,61016,14000,24062,19648,18600,32285,30469,43233,45785,66893,71094,73238,75440,62133,68281,46744,57147,13256,22646,742739,528009,68292,61058,180652,136850,22265,18,39
2021-07-10T23:59:59+02:00,4550,4062,46104,43600,56093,51615,66242,67045,87441,90026,99931,99718,70117,76437,49751,60990,13997,24053,19090,18046,31338,29605,41491,44206,65422,69824,72607,74824,61969,68132,46691,57095,13249,22632,740656,517433,68288,61042,180641,136805,22169,18,39
2021-07-09T23:59:59+02:00,4423,3948,45831,43347,55925,51426,66087,66888,87291,89866,99801,99615,70067,76365,49715,60949,13992,24041,18494,17473,30368,28647,39531,42279,63130,67704,71447,73685,61698,67810,46616,56969,13232,22607,738634,503750,68277,60660,180635,136399,22013,18,39
2021-07-08T23:59:59+02:00,4393,3923,45698,43239,55807,51309,65958,66787,87172,89745,99682,99517,70016,76312,49695,60912,13981,24028,17556,16669,28973,27610,37819,40839,61001,65889,68102,70547,60814,66841,46375,56629,13187,22512,737928,488538,68221,58601,180566,133823,21441,18,39
2021-07-07T23:59:59+02:00,4382,3918,45631,43196,55732,51266,65877,66748,87118,89707,99639,99466,70000,76290,49686,60894,13977,24018,16591,15813,27597,26603,36302,39611,59386,64437,64894,67090,59802,65804,46139,56310,13137,22439,737646,473284,68178,56704,180513,131686,21190,18,39
2021-07-06T23:59:59+02:00,4328,3871,45488,43073,55605,51126,65774,66641,87016,89620,99562,99383,69962,76232,49668,60866,13974,24004,15820,15069,26522,25695,34471,37910,55995,61425,62258,64647,59051,65017,45867,55976,13096,22336,736540,455462,68160,55891,180457,129563,21018,18,39
2021-07-05T23:59:59+02:00,4268,3827,45313,42900,55461,51033,65660,66534,86903,89528,99478,99291,69899,76168,49647,60839,13971,23989,15161,14440,25568,24881,33252,36782,52903,58459,59494,62190,58215,64210,45618,55665,13051,22259,735385,439423,68131,55534,180383,127092,20792,18,39
2021-07-04T23:59:59+02:00,4260,3821,45268,42874,55401,51007,65621,66513,86865,89497,99446,99263,69876,76148,49641,60824,13966,23979,14953,14236,25131,24533,32656,36256,52239,57934,58513,61326,57557,63581,45436,55463,13032,22212,735214,435350,68101,55330,180315,124413,20622,18,37
2021-07-03T23:59:59+02:00,4042,3645,44733,42310,55082,50637,65332,66239,86620,89240,99251,99064,69803,76076,49618,60778,13962,23968,14667,13916,24780,24182,31679,35338,50502,56384,57649,60589,57385,63386,45369,55378,13020,22187,731425,426786,68086,55316,180310,124371,20561,18,37
2021-07-02T23:59:59+02:00,3734,3359,44082,41719,54757,50307,65052,65941,86352,88993,99016,98841,69699,75964,49566,60709,13956,23951,14253,13478,24084,23591,30530,34288,47889,54239,55526,58807,56993,62962,45211,55222,13004,22149,727111,414391,68070,54271,180297,123641,20503,17,15
2021-07-01T23:59:59+02:00,3596,3250,43730,41368,54556,50138,64898,65782,86204,88858,98866,98725,69632,75896,49536,60676,13948,23936,13564,12784,22794,22508,28862,32774,45885,52496,53035,56537,55575,61397,44716,54606,12931,22021,725006,400884,68010,51964,180249,119824,20313,17,15
2021-06-30T23:59:59+02:00,3585,3234,43461,41173,54375,50013,64786,65695,86118,88796,98798,98676,69605,75873,49524,60653,13944,23927,12808,12166,21626,21602,27273,31403,44045,50772,49409,52592,54248,60070,44360,54167,12875,21893,723895,385114,67966,50074,180229,116391,20129,17,15
2021-06-29T23:59:59+02:00,3368,3014,42547,40332,53775,49422,64357,65271,85713,88344,98452,98349,69478,75724,49467,60583,13925,23896,12209,11562,20829,20840,25930,30203,41428,48374,47547,51052,53280,58963,43953,53631,12781,21740,717936,373126,67914,48568,180215,113011,19935,17,15
2021-06-28T23:59:59+02:00,3151,2835,41585,39326,53119,48780,63902,64891,85330,87957,98121,98007,69342,75564,49402,60483,13907,23873,11708,11114,20179,20251,24972,29308,39339,46435,45925,49695,52176,57921,43591,53127,12702,21620,711794,363669,67809,47549,180206,109339,19749,17,15
2021-06-27T23:59:59+02:00,3146,2832,41552,39295,53077,48749,63867,64859,85277,87922,98071,97980,69325,75553,49393,60469,13902,23870,11515,10922,19858,19934,24397,28753,38319,45591,44770,48604,51152,56916,43158,52622,12620,21484,711602,359105,67785,47111,180170,105042,19565,17,15
2021-06-26T23:59:59+02:00,2665,2359,40153,37924,52343,48000,63313,64296,84791,87407,97649,97548,69134,75377,49320,60364,13883,23847,11401,10823,19688,19784,24202,28539,37846,45155,44406,48257,51039,56773,43112,52575,12615,21469,702869,356188,67762,47105,180170,105024,19555,17,15
2021-06-25T23:59:59+02:00,2261,2026,39298,37105,51993,47640,62984,63972,84512,87096,97398,97283,69031,75264,49274,60304,13868,23825,11097,10513,19306,19361,23683,27924,35154,42860,42230,46346,50702,56395,43013,52446,12591,21439,697802,344644,67629,46660,180164,104381,19522,17,15
2021-06-24T23:59:59+02:00,2207,1976,38809,36648,51645,47310,62772,63770,84282,86905,97214,97132,68950,75200,49239,60259,13862,23809,10497,9929,18246,18493,22266,26678,33055,41027,39801,44056,49226,54757,42444,51747,12474,21236,694885,331807,67608,44058,180142,100842,19337,17,15
2021-06-23T23:59:59+02:00,2195,1953,38585,36414,51483,47149,62668,63668,84188,86813,97142,97048,68919,75169,49222,60237,13859,23799,10043,9501,17619,17947,21334,25833,31130,39411,35847,39614,47936,53398,42059,51243,12393,21070,693687,316359,67581,43439,180128,97541,19098,17,15
2021-06-22T23:59:59+02:00,2119,1891,37600,35474,50739,46477,62191,63229,83818,86412,96780,96737,68773,75031,49156,60157,13846,23767,9571,9056,16756,17264,20117,24764,28013,36642,33547,37745,46984,52431,41651,50686,12253,20836,687580,304221,67541,40703,180119,94475,18940,17,15
2021-06-21T23:59:59+02:00,1973,1752,36240,34237,49721,45604,61474,62573,83324,85941,96342,96337,68604,74861,49092,60063,13834,23734,9259,8764,16297,16903,19490,24279,26275,35089,32021,36458,45938,51355,41198,50139,12148,20645,679617,296921,67518,40064,180104,90835,18450,17,15
2021-06-20T23:59:59+02:00,1962,1744,36156,34184,49584,45492,61343,62446,83247,85885,96275,96279,68570,74833,49077,60045,13834,23723,9112,8662,16083,16734,19172,24021,25458,34434,31086,35512,45743,51154,41167,50087,12139,20625,679013,293138,67483,39476,180087,90506,18079,17,15
2021-06-19T23:59:59+02:00,1596,1445,34538,32631,48676,44673,60854,61939,82778,85407,95867,95926,68420,74669,49012,59964,13819,23699,9070,8583,15983,16613,19054,23871,25353,34276,30959,35374,45648,51057,41149,50062,12135,20615,670286,291800,67470,39473,180081,90473,18059,17,14
2021-06-18T23:59:59+02:00,1401,1272,32884,31037,47463,43482,59918,61027,81977,84662,95250,95349,68202,74449,48923,59825,13803,23669,8995,8495,15826,16463,18870,23683,25105,34039,30674,35056,45357,50713,41063,49986,12122,20601,659141,289636,67345,39357,180080,90048,18010,17,14
2021-06-17T23:59:59+02:00,1325,1213,31951,30192,46592,42778,59115,60184,81239,84015,94843,94970,68064,74305,48881,59749,13788,23640,8458,8127,15141,15906,18047,22862,24003,32917,29196,33705,44035,49214,40578,49376,12003,20413,652214,280722,67234,38535,180047,87395,17332,17,14
2021-06-16T23:59:59+02:00,1242,1149,31256,29491,45796,42031,58198,59314,80464,83249,94425,94594,67927,74145,48824,59658,13769,23614,7967,7806,14529,15398,17285,22143,22873,31969,28026,32606,42152,47110,40036,48801,11895,20228,645163,271070,67119,37936,180031,85005,16816,17,14
2021-06-15T23:59:59+02:00,1100,1031,29369,27691,44045,40494,56616,57676,79078,81936,93673,93927,67640,73854,48714,59500,13736,23549,7790,7675,14230,15160,16925,21845,22358,31594,27503,32184,41218,46098,39656,48382,11772,20008,630207,268036,67076,37433,179996,82597,16333,17,14
2021-06-14T23:59:59+02:00,1008,918,27822,26213,42438,38978,54960,56028,77982,80831,92978,93301,67388,73614,48618,59377,13716,23505,7605,7501,13854,14830,16404,21409,21674,31015,26832,31592,40838,45678,39274,47934,11641,19803,616968,265392,67022,37024,179968,79767,15700,17,14
2021-06-13T23:59:59+02:00,984,893,27620,26031,42056,38649,54422,55510,77636,80528,92785,93111,67298,73534,48581,59321,13701,23480,7463,7331,13589,14538,16022,21018,21248,30527,26303,31094,40441,45276,38816,47370,11462,19518,614273,263323,66889,36957,179938,76712,15023,17,14
2021-06-12T23:59:59+02:00,856,778,26085,24426,40885,37564,53749,54776,77104,80034,92234,92587,67143,73356,48512,59244,13688,23459,7417,7280,13468,14429,15889,20909,21064,30380,26187,30998,40424,45260,38808,47360,11462,19517,604684,262549,66886,36955,179931,76385,14962,17,14
2021-06-11T23:59:59+02:00,742,669,24458,22891,39526,36372,52524,53570,76135,79183,91656,92012,66908,73122,48451,59136,13669,23424,7359,7191,13298,14248,15679,20718,20795,30125,25921,30744,40116,44884,38724,47246,11445,19489,592894,260674,66809,36810,179923,75692,14805,17,14
2021-06-10T23:59:59+02:00,642,582,23464,21877,38305,35190,50929,52072,74816,77993,90048,90471,66554,72728,48325,58964,13643,23370,7079,6968,12780,13814,15050,20153,20036,29375,25131,30073,39420,44024,38374,46832,11333,19306,580001,257250,66337,36776,179873,71976,13745,17,14
2021-06-09T23:59:59+02:00,572,533,23015,21486,37648,34669,49818,51035,73578,76799,89457,89967,66429,72585,48275,58879,13628,23340,6806,6657,12181,13212,14271,19348,19124,28357,24153,28919,36861,41127,37810,46189,11185,19066,572852,246988,65881,36702,179831,68444,13132,17,13
2021-06-08T23:59:59+02:00,466,422,21500,20010,36036,33304,47712,49079,71443,74866,87990,88491,66116,72199,48142,58720,13596,23296,6676,6479,11807,12848,13795,18865,18523,27758,23600,28388,36579,40874,37521,45823,11077,18910,555491,245354,65607,36627,179801,65070,12472,17,13
2021-06-07T23:59:59+02:00,351,329,20494,19024,34490,31965,45436,47055,69309,72989,87014,87640,65894,71935,48068,58584,13576,23261,6524,6316,11388,12501,13259,18389,17796,27172,22970,27793,36259,40569,37103,45343,10964,18714,540288,243379,65437,36563,179746,61192,11926,17,13
2021-06-06T23:59:59+02:00,328,308,20312,18879,34097,31683,44831,46491,68695,72509,86805,87472,65838,71876,48057,58557,13569,23249,6391,6147,11067,12090,12831,17819,17159,26364,22274,26990,35792,40098,36623,44791,10808,18446,537190,240948,65115,36515,179703,56696,11531,17,13
2021-06-05T23:59:59+02:00,256,243,19061,17596,32756,30466,43602,45315,68120,71989,86275,86962,65747,71774,48009,58509,13562,23237,6340,6068,10964,11938,12708,17649,16993,26160,22106,26808,35731,40019,36601,44766,10806,18441,527168,240362,65115,36101,179668,56124,11511,17,13
2021-06-04T23:59:59+02:00,175,174,17862,16441,31438,29171,42046,43819,66777,70672,85464,86211,65560,71560,47933,58419,13546,23209,6238,5926,10791,11732,12494,17399,16640,25777,21587,26371,34848,39173,36287,44467,10789,18418,514309,238545,65048,35777,179663,53174,11440,17,13
2021-06-03T23:59:59+02:00,120,121,17223,15866,30454,28346,40590,42534,65008,69143,83213,83929,65136,71108,47805,58257,13528,23171,6067,5720,10487,11381,12179,16941,16195,25121,21044,25793,34183,38385,36113,44265,10756,18368,500539,236236,64355,35394,179621,50347,11020,17,13
2021-06-02T23:59:59+02:00,92,78,16883,15558,30147,28087,39923,41913,63421,67755,82274,83129,64995,70945,47745,58174,13525,23156,5953,5629,10317,11230,11957,16731,15902,24819,20705,25403,30952,34773,35888,44042,10727,18314,493051,227593,64354,35068,179619,49920,10759,17,13
2021-06-01T23:59:59+02:00,38,43,16094,14887,28658,27002,37576,39859,59869,64580,79850,80815,64645,70580,47617,57988,13492,23101,5677,5342,9802,10798,11423,16140,15238,24031,19968,24651,30607,34477,35689,43863,10699,18252,474776,226109,62801,34571,179551,46427,9549,17,12
2021-05-31T23:59:59+02:00,30,35,15524,14410,27725,26307,35612,38194,56433,61555,77820,79111,64311,70224,47474,57813,13459,23048,5515,5127,9394,10436,10996,15664,14705,23351,19343,23945,30321,34227,35507,43669,10663,18195,459008,225443,62090,34186,179484,42941,8486,17,12
2021-05-30T23:59:59+02:00,29,32,15378,14284,27446,26081,35160,37788,55722,60937,77499,78837,64251,70166,47449,57778,13455,23038,5412,4936,9067,10069,10587,15180,14258,22553,18818,23176,29645,33514,35281,43475,10641,18134,456039,224997,61657,34106,179438,37462,8179,17,12
2021-05-29T23:59:59+02:00,27,31,14981,13886,26593,25261,33400,36194,54243,59643,76910,78270,64100,70018,47396,57725,13448,23024,5378,4860,9005,9958,10499,15067,14152,22408,18688,23040,29615,33491,35275,43467,10640,18131,445900,224529,61626,34106,179433,36863,8174,17,12
2021-05-28T23:59:59+02:00,23,30,14570,13480,25775,24513,31549,34429,52072,57639,75855,77275,63895,69769,47344,57648,13438,23001,5293,4743,8832,9812,10348,14899,13994,22176,18481,22738,29546,33445,35258,43451,10639,18127,433923,223877,61156,34100,179345,35939,7864,17,12
2021-05-27T23:59:59+02:00,19,26,13945,13010,24711,23791,30305,33503,50468,56266,72761,74296,63457,69232,47209,57486,13414,22947,5179,4503,8504,9477,9951,14474,13557,21546,17983,22143,29327,33241,35149,43339,10617,18099,421785,223253,59203,34029,178721,32685,7120,17,12
2021-05-26T23:59:59+02:00,18,24,13456,12580,23800,23141,29390,32809,49380,55341,69805,71108,62845,68623,47074,57316,13384,22901,5093,4338,8249,9163,9655,14087,13202,20948,17548,21546,29136,33074,35051,43235,10591,18049,410972,222652,57028,33911,178225,29647,6753,17,12
2021-05-25T23:59:59+02:00,18,21,13113,12280,23223,22737,28342,31955,46785,53111,67542,68983,62494,68256,46961,57167,13367,22850,5013,4217,8042,8907,9401,13717,12889,20428,17170,21001,28979,32923,34968,43133,10565,17994,399141,222124,55963,33830,177606,26913,6478,17,12
2021-05-24T23:59:59+02:00,17,20,12814,11999,22723,22355,27726,31506,44165,50680,65091,66797,62187,67958,46851,57042,13334,22795,4940,4112,7792,8677,9087,13340,12563,19917,16785,20446,28837,32785,34894,43062,10543,17948,387497,221563,55481,33767,176943,24274,6122,17,12
2021-05-23T23:59:59+02:00,17,20,12755,11929,22628,22272,27646,31430,43909,50452,64506,66248,62108,67870,46826,57024,13332,22793,4920,4097,7755,8647,9029,13309,12485,19857,16711,20392,28828,32773,34891,43056,10543,17947,385299,221293,55402,33761,176931,24068,6116,17,12
2021-05-22T23:59:59+02:00,17,20,12531,11690,22307,21969,26643,30542,42076,48870,63652,65510,61947,67679,46760,56933,13322,22770,4904,4042,7728,8585,8989,13246,12455,19775,16683,20328,28818,32763,34887,43050,10542,17946,376814,221209,55391,33761,176926,23679,6090,17,12
2021-05-21T23:59:59+02:00,17,19,12226,11437,21737,21531,25835,29858,39690,46981,61682,63846,61686,67408,46676,56845,13307,22745,4885,4014,7674,8498,8922,13159,12377,19681,16610,20244,28802,32738,34880,43040,10540,17945,366423,221014,54333,33747,176736,23229,6017,17,12
2021-05-20T23:59:59+02:00,16,19,11605,10859,20620,20645,24696,28840,38186,45704,59343,61782,60870,66509,46477,56589,13273,22690,4604,3834,7274,8206,8483,12763,11924,19171,16194,19725,28681,32643,34829,42989,10536,17935,355965,220619,51982,33639,175464,20236,5295,17,12
2021-05-19T23:59:59+02:00,16,19,11166,10546,19833,20100,23851,28246,37287,45021,56119,58154,60180,65806,46368,56455,13251,22643,4451,3668,7019,7962,8206,12433,11597,18744,15825,19302,28584,32530,34787,42915,10526,17920,345538,220142,50370,33526,174331,17994,4805,17,12
2021-05-18T23:59:59+02:00,16,19,10834,10260,19259,19649,23211,27690,35890,43798,54717,57032,59813,65385,46239,56293,13226,22618,4344,3543,6774,7730,7949,12151,11365,18349,15480,18874,28500,32441,34757,42876,10522,17913,340189,219861,48532,33449,172860,15905,4351,17,12
2021-05-17T23:59:59+02:00,15,18,10614,10078,18827,19364,22783,27384,34692,42803,53413,56002,59567,65139,46176,56194,13210,22585,4272,3456,6566,7512,7698,11861,11109,17955,15172,18471,28410,32355,34733,42835,10516,17900,336132,219580,47546,33383,171350,14037,3819,17,12
2021-05-16T23:59:59+02:00,15,17,10424,9946,18533,19163,22448,27144,34056,42345,52176,54833,59373,64975,46140,56140,13199,22565,4204,3380,6348,7347,7406,11609,10843,17603,14879,18108,28346,32293,34717,42817,10509,17896,333705,219339,46670,33322,169727,12270,3373,17,11
2021-05-15T23:59:59+02:00,15,17,10326,9845,18382,19017,22280,27004,33671,41976,51782,54458,59257,64827,46092,56095,13196,22549,4163,3345,6264,7282,7312,11506,10741,17484,14771,17979,28252,32175,34626,42724,10505,17891,331314,218250,46669,33321,169592,12251,3197,17,11
2021-05-14T23:59:59+02:00,14,17,10043,9637,17950,18777,21881,26721,31315,40205,49638,52606,59040,64601,46044,56012,13180,22527,4034,3262,5979,7120,7004,11282,10395,17137,14427,17653,27679,31470,34506,42532,10487,17862,322179,214964,46616,33317,168979,12130,2417,17,11
2021-05-13T23:59:59+02:00,14,17,9581,9260,17157,18214,21009,26043,30196,39223,47398,50434,58194,63630,45835,55729,13141,22455,3530,3064,5642,6866,6692,10975,9988,16749,14052,17221,26784,30276,34084,42019,10456,17800,313692,210386,44753,32765,166961,10937,2109,15,11
2021-05-12T23:59:59+02:00,14,17,9288,9069,16725,17958,20541,25759,29668,38837,44400,46795,57620,62990,45751,55617,13123,22430,3389,2976,5413,6755,6414,10830,9706,16541,13814,16958,26140,29459,33919,41824,10430,17766,304538,207368,43929,32742,166669,10769,1453,13,11
2021-05-11T23:59:59+02:00,14,15,8846,8785,15953,17443,19681,25144,27928,37392,42469,45294,57242,62543,45666,55482,13103,22402,3270,2845,5183,6413,6113,10416,9345,15981,13376,16402,24716,27794,33411,41202,10379,17681,299050,201412,40871,32559,164183,9270,1285,13,10
2021-05-10T23:59:59+02:00,14,14,8584,8632,15441,17193,19052,24829,26938,36710,41012,44149,56983,62271,45587,55379,13082,22373,3161,2717,4952,6182,5857,10092,9018,15505,13014,15984,23670,26467,32926,40616,10344,17623,295785,196772,39964,32533,161509,7850,973,12,8
2021-05-09T23:59:59+02:00,14,14,8427,8548,15134,17010,18677,24580,26270,36285,39231,42493,56687,61993,45534,55321,13074,22355,3041,2663,4772,6045,5688,9919,8822,15300,12846,15810,23396,26135,32782,40441,10334,17608,292838,195580,39592,32492,158506,6831,699,12,8
2021-05-08T23:59:59+02:00,14,14,8353,8473,14957,16865,18468,24383,26044,36047,39000,42304,56560,61844,45498,55284,13071,22345,3034,2645,4739,6009,5645,9873,8745,15236,12760,15740,23028,25709,32500,40130,10326,17592,291289,194394,39139,31789,158385,6829,699,12,8
2021-05-07T23:59:59+02:00,13,13,8179,8376,14634,16685,18087,24152,25623,35762,38552,41926,56287,61492,45449,55238,13066,22335,2730,2511,4389,5825,5377,9612,8433,14926,12369,15344,21936,24339,31856,39302,10298,17542,288781,190958,38712,30296,158059,5230,305,12,8
2021-05-06T23:59:59+02:00,12,13,7526,8014,13740,16087,17036,23307,24286,34653,36405,40265,55160,60174,45206,54933,13031,22269,2603,2398,4216,5629,5168,9302,8090,14484,11937,14891,20635,22660,31006,38300,10247,17431,278159,185359,37435,29339,156243,4031,268,12,8
2021-05-05T23:59:59+02:00,10,13,6987,7708,12956,15536,16012,22543,22907,33630,34585,38781,53323,58141,44890,54588,12998,22203,2513,2338,4042,5471,4980,9090,7745,14145,11572,14535,19250,20880,29819,36888,10207,17329,266731,179249,36520,28173,154459,3293,89,12,8
2021-05-04T23:59:59+02:00,10,12,6798,7613,12599,15366,15529,22273,22268,33286,33626,38087,52469,57181,44769,54462,12980,22162,2457,2267,3889,5301,4806,8834,7407,13738,11145,14076,17602,18959,28728,35561,10113,17209,262985,172453,35656,27244,152803,2360,35,11,8
2021-05-03T23:59:59+02:00,10,12,6651,7466,12225,15150,15024,21964,21560,32882,32478,37198,52171,56865,44673,54355,12965,22130,2398,2196,3796,5121,4667,8599,7192,13390,10824,13668,16402,17467,27852,34463,10049,17102,259704,166903,35197,26893,150842,1365,25,11,8
2021-05-02T23:59:59+02:00,10,12,6571,7376,12017,14978,14731,21731,21085,32562,31328,36253,51888,56575,44611,54265,12949,22099,2385,2189,3775,5089,4638,8563,7127,13319,10742,13579,16091,17074,27556,34158,10037,17090,257284,165347,35127,26783,148595,1260,24,11,6
2021-05-01T23:59:59+02:00,10,12,6553,7351,11955,14933,14654,21672,20986,32490,31201,36161,51882,56559,44607,54264,12947,22097,2382,2180,3752,5072,4596,8538,7090,13282,10682,13524,15893,16851,27440,34021,10034,17080,256728,164381,35127,26756,148444,1258,24,11,6
2021-04-30T23:59:59+02:00,10,12,6516,7313,11865,14844,14549,21557,20791,32304,30963,35971,51610,56200,44562,54210,12942,22085,2354,2160,3690,5010,4502,8430,6939,13099,10407,13261,15085,15826,26573,32950,9993,16992,254959,161190,35085,24873,148226,1187,23,11,6
2021-04-29T23:59:59+02:00,10,12,6312,7190,11546,14657,14197,21321,20273,32018,30209,35481,50964,55375,44471,54095,12918,22010,2317,2114,3598,4921,4377,8295,6746,12882,10133,12976,14114,14594,25270,31408,9932,16900,251803,155501,34992,24127,146231,929,22,11,6
2021-04-28T23:59:59+02:00,10,12,6045,7025,11170,14325,13709,20858,19639,31415,29044,34354,48303,52385,44181,53771,12855,21932,2278,2074,3529,4861,4262,8180,6586,12698,9887,12758,12976,13117,23784,29534,9871,16797,241904,149551,34867,22924,144241,709,10,11,6
2021-04-27T23:59:59+02:00,10,12,5943,6933,11021,14205,13509,20697,19361,31205,28485,33970,48098,52165,44125,53721,12847,21910,2236,2040,3438,4767,4169,8071,6421,12514,9609,12482,11768,11556,22133,27382,9795,16652,240546,142753,34820,21740,142830,532,10,11,6
2021-04-26T23:59:59+02:00,10,12,5895,6889,10905,14140,13350,20577,19134,30996,27656,33401,47761,51800,44073,53657,12838,21881,2215,2011,3386,4724,4106,8001,6319,12382,9421,12307,10853,10399,20856,25636,9737,16566,239836,137489,34796,21002,140322,422,10,11,4
2021-04-25T23:59:59+02:00,10,12,5849,6842,10802,14045,13190,20425,18890,30713,26898,32665,47264,51288,43990,53558,12824,21862,2188,2000,3356,4705,4088,7982,6286,12342,9364,12247,10692,10207,20615,25313,9727,16552,238144,136635,34755,20660,138207,363,10,11,4
2021-04-24T23:59:59+02:00,10,12,5828,6794,10727,13961,13094,20284,18759,30539,26736,32487,47164,51165,43897,53464,12820,21857,2181,1990,3332,4678,4049,7936,6214,12269,9234,12130,10535,10026,20483,25182,9711,16534,236686,136113,34739,20020,138152,345,10,11,4
2021-04-23T23:59:59+02:00,10,12,5764,6702,10597,13762,12896,20032,18454,30165,26345,32127,46220,50033,43743,53219,12798,21825,2163,1969,3290,4643,4001,7881,6120,12180,9069,12002,10268,9728,20159,24764,9662,16454,232308,134992,34683,19021,137692,334,10,11,4
2021-04-22T23:59:59+02:00,10,12,5661,6587,10389,13567,12546,19701,17946,29693,25717,31535,44490,47881,43170,52489,12752,21724,2150,1958,3250,4591,3926,7807,5992,12080,8811,11837,9839,9321,19708,24175,9612,16376,226071,132880,34573,18244,135205,302,10,11,4
2021-04-21T23:59:59+02:00,10,11,5565,6449,10160,13365,12218,19388,17444,29199,25002,30807,40225,43021,42695,51954,12686,21620,2138,1949,3215,4555,3871,7749,5914,11987,8636,11677,9510,8938,19209,23585,9553,16281,213987,131241,34507,17240,133304,279,10,11,4
2021-04-20T23:59:59+02:00,10,11,5486,6359,9967,13150,11944,19125,17024,28791,24450,30246,38470,41012,42043,51179,12616,21482,2113,1936,3176,4529,3805,7704,5783,11891,8465,11549,9227,8618,18740,22921,9456,16140,207781,129882,34417,15939,131147,225,10,10,4
2021-04-19T23:59:59+02:00,10,10,5406,6281,9808,13023,11743,18921,16662,28410,23908,29778,36916,39222,41455,50453,12560,21393,2097,1918,3141,4495,3765,7660,5744,11821,8382,11458,8991,8335,18337,22355,9410,16050,202763,128197,34362,15550,128816,205,10,8,4
2021-04-18T23:59:59+02:00,10,9,5344,6230,9678,12940,11545,18784,16384,28212,23505,29467,35611,37860,41107,50047,12528,21331,2085,1902,3112,4474,3739,7644,5699,11775,8331,11409,8891,8244,18184,22167,9397,16027,201231,127711,34323,15162,125020,200,10,8,4
2021-04-17T23:59:59+02:00,10,9,5338,6214,9643,12909,11500,18744,16308,28146,23441,29409,35302,37522,41000,49950,12522,21320,2075,1894,3085,4462,3681,7599,5628,11725,8245,11358,8781,8135,18081,22051,9376,16014,200006,126913,34314,15072,124949,198,10,8,4
2021-04-16T23:59:59+02:00,10,9,5275,6175,9554,12850,11368,18634,16099,27988,23098,29063,34224,36265,40593,49430,12502,21287,1942,1806,2860,4284,3326,7285,4867,11198,6770,10276,6305,6115,16293,20384,9187,15717,195876,117714,34230,10698,124300,196,10,8,4
2021-04-15T23:59:59+02:00,10,9,5208,6085,9354,12680,11072,18386,15603,27595,22408,28465,32327,33947,39552,48221,12426,21123,1897,1774,2795,4220,3210,7166,4650,11018,6396,9966,5846,5720,15704,19700,9001,15389,190063,114606,34179,9650,120211,189,10,8,4
2021-04-14T23:59:59+02:00,10,8,5147,6039,9185,12551,10853,18209,15202,27282,21763,27986,30405,31697,38336,46806,12352,20938,1816,1719,2713,4154,3101,7074,4448,10852,6092,9715,5366,5307,15120,19012,8799,15041,183699,111996,34042,8193,117010,133,10,8,4
2021-04-13T23:59:59+02:00,10,8,5099,5985,9048,12421,10674,18040,14862,27008,21241,27521,28308,29250,37079,45214,12212,20734,1771,1703,2675,4111,3046,7013,4318,10711,5822,9505,5026,5002,14673,18563,8667,14842,176826,110581,33978,6824,113892,36,10,8,4
2021-04-12T23:59:59+02:00,9,8,5038,5937,8939,12284,10472,17892,14543,26728,20701,27065,26270,26983,35923,43750,12085,20537,1737,1660,2645,4092,3020,6960,4258,10644,5718,9405,4866,4858,14375,18194,8556,14643,171119,109743,33904,5846,110123,34,10,8,4
2021-04-11T23:59:59+02:00,9,8,4999,5894,8848,12205,10314,17791,14282,26551,20278,26741,25073,25698,35218,42966,11997,20390,1728,1654,2624,4072,2998,6935,4225,10598,5632,9338,4775,4804,14260,18072,8518,14591,169341,109546,33834,5241,106069,29,10,8,4
2021-04-10T23:59:59+02:00,9,8,4988,5880,8807,12179,10259,17757,14214,26502,20182,26661,24759,25324,34875,42547,11990,20369,1723,1649,2615,4063,2984,6919,4196,10569,5575,9299,4697,4725,14134,17910,8472,14507,168131,108759,33114,5241,106047,29,10,8,4
2021-04-09T23:59:59+02:00,9,8,4942,5850,8722,12101,10137,17634,14046,26327,19922,26420,23928,24173,33924,41343,11957,20296,1695,1619,2561,4028,2912,6857,4045,10456,5324,9074,4278,4351,13574,17198,8246,14143,164784,105093,31605,5234,105335,29,7,8,4
2021-04-08T23:59:59+02:00,9,8,4865,5785,8575,11991,9923,17458,13650,26014,19319,25952,22228,22195,32242,39381,11811,20062,1665,1603,2507,3981,2831,6771,3897,10318,5031,8811,3826,3926,12592,15956,7776,13386,159044,100134,30700,4714,101709,24,7,8,4
2021-04-07T23:59:59+02:00,9,7,4818,5733,8394,11915,9695,17309,13330,25787,18851,25592,20418,20083,30488,37124,11696,19851,1632,1587,2453,3929,2770,6691,3788,10172,4843,8622,3565,3638,11909,15151,7407,12841,153011,96833,29526,4147,98548,13,7,8,4
2021-04-06T23:59:59+02:00,9,7,4771,5688,8250,11803,9534,17144,13013,25522,18334,25207,18566,18022,28573,34637,11501,19509,1598,1568,2430,3903,2737,6654,3723,10128,4762,8533,3458,3515,11433,14507,7127,12435,146190,94536,28570,3958,95315,12,7,8,4
2021-04-05T23:59:59+02:00,9,7,4740,5646,8154,11714,9396,17044,12801,25311,17934,24860,16841,16088,26948,32493,11357,19287,1578,1557,2400,3884,2708,6606,3681,10069,4677,8418,3348,3408,11095,14139,6971,12156,140783,93149,28135,3529,91699,12,7,6,4
2021-04-04T23:59:59+02:00,9,7,4732,5640,8146,11703,9383,17031,12776,25291,17906,24835,16709,15914,26752,32246,11348,19274,1577,1556,2398,3881,2706,6603,3679,10066,4673,8415,3338,3395,11084,14127,6969,12148,140063,93070,28043,3529,91586,12,6,4,4
2021-04-03T23:59:59+02:00,9,7,4728,5632,8132,11695,9363,17011,12737,25260,17828,24773,16629,15825,26707,32189,11343,19267,1574,1554,2389,3873,2688,6589,3655,10038,4591,8360,3220,3280,11002,14053,6963,12138,139536,92422,28015,3529,91574,12,6,4,4
2021-04-02T23:59:59+02:00,9,7,4702,5612,8075,11641,9300,16943,12598,25154,17594,24573,16178,15348,26232,31617,11311,19214,1572,1545,2376,3867,2681,6573,3634,10006,4522,8267,3151,3212,10765,13754,6811,11937,138335,91132,26607,3525,91156,12,6,4,4
2021-04-01T23:59:59+02:00,8,7,4659,5551,7963,11500,9169,16783,12325,24869,17149,24174,15430,14623,25478,30659,11186,19033,1555,1523,2345,3835,2659,6543,3594,9967,4454,8202,3040,3084,9837,12641,6203,11091,136106,87140,25943,3421,88509,10,4,4,4
2021-03-31T23:59:59+02:00,8,7,4450,5471,7853,11378,9029,16618,12107,24593,16798,23809,14734,13861,24646,29652,11081,18841,1546,1518,2331,3815,2633,6515,3546,9918,4383,8132,2950,2994,9267,11946,5840,10596,134313,84723,24489,3195,86126,10,4,4,4
2021-03-30T23:59:59+02:00,8,7,4419,5418,7781,11251,8943,16460,11945,24403,16521,23500,14142,13219,23890,28675,10944,18600,1532,1508,2311,3790,2607,6486,3506,9853,4314,8061,2826,2849,8685,11293,5490,10110,132840,82415,23279,2798,83999,6,4,4,4
2021-03-29T23:59:59+02:00,8,7,4378,5360,7681,11139,8836,16298,11787,24131,16195,23154,13601,12622,23131,27704,10791,18355,1514,1495,2292,3774,2586,6457,3471,9797,4251,7986,2773,2781,8398,10908,5300,9801,131006,81037,22529,2539,81635,6,4,4,4
2021-03-28T23:59:59+02:00,8,7,4344,5275,7596,11032,8759,16146,11652,23901,15937,22881,13277,12313,22566,27014,10617,18076,1505,1490,2270,3760,2572,6428,3431,9747,4213,7930,2725,2730,8320,10804,5257,9736,130508,80698,22011,2212,78874,6,4,4,4
2021-03-27T23:59:59+01:00,8,7,4330,5264,7570,11002,8694,16075,11552,23805,15795,22765,13071,12100,22366,26804,10582,18047,1504,1488,2267,3758,2571,6427,3418,9724,4202,7908,2715,2723,8264,10739,5223,9696,129629,80407,21368,2212,78832,6,4,4,4
2021-03-26T23:59:59+01:00,8,7,4287,5195,7461,10871,8519,15892,11220,23506,15186,22260,12158,11283,21584,25970,10441,17824,1499,1474,2262,3737,2558,6404,3401,9698,4161,7871,2685,2684,8087,10522,5106,9529,125611,79570,19771,2098,78282,6,4,4,4
2021-03-25T23:59:59+01:00,8,6,4228,5036,7300,10593,8276,15489,10838,22885,14548,21563,11489,10624,20719,24904,10129,17289,1479,1460,2230,3711,2524,6365,3364,9650,4091,7790,2551,2546,7113,9274,4501,8624,122353,75401,18998,1863,74566,6,3,4,4
2021-03-24T23:59:59+01:00,8,6,4153,4896,7162,10308,8062,15076,10576,22341,14081,20957,10887,10065,19789,23819,9806,16728,1458,1430,2204,3674,2479,6329,3322,9587,4013,7691,2452,2447,6470,8514,4120,8045,119770,72782,17813,1447,71132,5,1,4,4
2021-03-23T23:59:59+01:00,8,6,4113,4802,7055,10074,7909,14738,10321,21838,13681,20466,10423,9623,19070,22969,9496,16267,1446,1412,2178,3653,2458,6303,3261,9533,3922,7617,2360,2345,5744,7589,3675,7358,118316,69727,16711,1122,67828,5,0,4,4
2021-03-22T23:59:59+01:00,8,6,4061,4722,6928,9833,7750,14418,10065,21374,13333,19969,10032,9267,18507,22260,9309,15927,1437,1405,2169,3639,2446,6287,3238,9510,3893,7584,2299,2294,5292,6985,3328,6869,117435,67634,16314,1035,64016,5,0,4,4
2021-03-21T23:59:59+01:00,8,6,4014,4617,6796,9568,7582,14063,9842,20836,12992,19445,9712,8989,17978,21657,9119,15620,1434,1402,2168,3628,2443,6280,3232,9501,3883,7570,2285,2275,5175,6853,3270,6768,117240,67126,15920,1035,59680,5,0,4,4
2021-03-20T23:59:59+01:00,8,6,4003,4595,6761,9514,7524,13992,9758,20731,12888,19356,9625,8895,17843,21484,9069,15533,1431,1398,2164,3625,2438,6275,3219,9491,3864,7560,2250,2243,4852,6480,3086,6527,116420,65862,15825,1035,59336,5,0,4,4
2021-03-19T23:59:59+01:00,8,6,3829,4454,6471,9262,7083,13570,8846,20001,11163,18029,6781,6557,15617,19289,8717,14972,1427,1394,2159,3619,2426,6262,3207,9467,3814,7514,2183,2202,4483,6008,2824,6212,107165,64192,11128,1003,56358,5,0,4,4
2021-03-18T23:59:59+01:00,8,5,3724,4321,6295,8953,6818,13131,8456,19345,10524,17292,6073,5904,14405,17822,8210,14159,1423,1388,2134,3592,2408,6226,3177,9424,3773,7479,2138,2168,4065,5480,2543,5803,102073,62321,10125,895,53243,4,0,4,4
2021-03-17T23:59:59+01:00,8,5,3647,4247,6163,8809,6652,12953,8162,19035,10124,16900,5668,5521,13589,16892,7817,13584,1413,1376,2118,3573,2378,6193,3146,9396,3736,7443,2082,2109,3659,5034,2294,5420,98848,60604,8445,761,52479,4,0,4,4
2021-03-16T23:59:59+01:00,7,5,3569,4112,6011,8538,6445,12586,7848,18451,9579,16244,5148,5068,12777,15931,7487,13094,1404,1367,2109,3557,2363,6179,3131,9376,3710,7417,2054,2073,3141,4395,1960,4915,96539,58390,7044,757,49313,3,0,4,4
2021-03-15T23:59:59+01:00,7,5,3522,3964,5826,8261,6227,12177,7574,17879,9143,15620,4834,4787,12124,15188,7224,12637,1404,1357,2093,3542,2343,6154,3113,9328,3686,7378,2018,2023,2780,3936,1676,4523,95049,56607,6074,743,45872,3,0,4,4
2021-03-14T23:59:59+01:00,7,5,3476,3832,5599,7932,5942,11733,7269,17160,8682,14869,4521,4515,11834,14932,7179,12538,1397,1351,2077,3513,2328,6104,3095,9270,3669,7339,2011,2012,2702,3829,1624,4439,94931,56208,5469,549,41621,2,0,4,4
2021-03-13T23:59:59+01:00,7,5,3460,3792,5560,7822,5883,11617,7188,17020,8539,14719,4369,4366,11742,14846,7173,12527,1397,1351,2077,3513,2327,6104,3094,9269,3668,7339,2008,2004,2650,3774,1590,4385,94243,55998,5469,549,40919,2,0,4,4
2021-03-12T23:59:59+01:00,7,5,3442,3720,5504,7686,5821,11470,7105,16796,8404,14486,4262,4270,11472,14523,7019,12312,1397,1351,2073,3507,2326,6096,3090,9263,3667,7333,2006,2002,2564,3664,1510,4299,92827,55596,5461,549,40012,2,0,4,4
2021-03-11T23:59:59+01:00,7,5,3364,3525,5296,7388,5590,11052,6767,16131,7974,13849,3927,3936,10401,13269,6372,11411,1392,1348,2063,3494,2307,6071,3067,9229,3644,7301,1977,1977,2326,3402,1360,4081,88662,54520,5045,516,36553,2,0,4,4
2021-03-10T23:59:59+01:00,7,5,3268,3407,5083,7118,5377,10696,6497,15585,7639,13306,3707,3709,9760,12477,5988,10878,1388,1337,2036,3456,2277,5981,3019,9108,3586,7183,1934,1901,2110,3165,1231,3893,86202,53321,4677,281,33624,2,0,4,4
2021-03-09T23:59:59+01:00,6,5,3194,3277,4928,6929,5183,10417,6268,15153,7341,12803,3524,3504,9132,11776,5616,10361,1381,1327,2000,3396,2246,5879,2958,8964,3519,7102,1905,1875,1836,2849,1063,3648,83940,51911,4423,34,31050,2,0,4,4
2021-03-08T23:59:59+01:00,6,5,3128,3118,4702,6664,4946,10064,6009,14642,6979,12215,3325,3312,8745,11333,5419,10049,1378,1309,1986,3318,2215,5786,2919,8819,3486,7009,1890,1853,1636,2618,945,3458,82473,50592,4062,32,28122,0,0,4,4
2021-03-07T23:59:59+01:00,6,5,3096,3059,4628,6552,4863,9951,5904,14479,6863,12070,3275,3270,8661,11228,5381,9982,1372,1304,1979,3306,2207,5759,2912,8780,3474,6990,1882,1841,1580,2551,893,3391,82123,50188,3897,32,27249,0,0,4,4
2021-03-06T23:59:59+01:00,6,5,3082,3001,4584,6462,4829,9888,5846,14365,6815,11961,3251,3247,8605,11162,5347,9939,1370,1291,1974,3292,2195,5732,2909,8752,3463,6971,1874,1817,1553,2527,888,3382,81807,49957,3897,32,26687,0,0,4,4
2021-03-05T23:59:59+01:00,6,5,3058,2908,4526,6353,4767,9789,5783,14214,6715,11808,3207,3192,8421,10932,5228,9767,1361,1258,1944,3237,2171,5625,2867,8618,3419,6833,1831,1772,1489,2456,866,3356,80909,49070,3889,32,25877,0,0,4,4
2021-03-04T23:59:59+01:00,4,5,3005,2715,4367,6115,4549,9479,5577,13794,6404,11419,3029,3016,7407,9643,4610,8855,1341,1208,1906,3114,2141,5442,2821,8342,3363,6601,1761,1682,1453,2408,862,3338,76769,47751,3619,31,23601,0,0,4,4
2021-03-03T23:59:59+01:00,3,5,2966,2643,4226,5924,4384,9211,5375,13416,6151,10999,2908,2886,6763,8874,4217,8253,1329,1170,1879,3042,2119,5333,2789,8165,3310,6444,1692,1638,1412,2338,842,3285,74060,46756,3390,31,21750,0,0,4,3
2021-03-02T23:59:59+01:00,3,5,2905,2554,4042,5708,4176,8939,5177,13041,5883,10625,2762,2729,5997,7910,3755,7548,1296,1127,1852,2970,2095,5195,2740,7893,3261,6246,1621,1578,1348,2259,822,3242,70904,45514,2944,31,19907,0,0,4,3
2021-03-01T23:59:59+01:00,3,4,2865,2492,3876,5557,3989,8719,4989,12719,5645,10238,2662,2615,5508,7256,3403,7043,1290,1091,1829,2869,2068,5002,2700,7643,3201,6010,1578,1542,1300,2200,796,3203,68756,44291,2645,31,18178,0,0,4,3
2021-02-28T23:59:59+01:00,3,4,2824,2443,3718,5439,3769,8530,4806,12469,5458,9934,2605,2543,5385,7100,3341,6942,1286,1086,1825,2855,2059,4978,2693,7607,3191,5993,1570,1535,1294,2191,794,3193,68280,44120,2427,30,16602,0,0,4,3
2021-02-27T23:59:59+01:00,3,3,2809,2378,3692,5359,3735,8461,4772,12379,5423,9861,2564,2509,5056,6713,3145,6692,1279,1078,1818,2843,2046,4943,2674,7542,3175,5937,1552,1526,1288,2180,791,3192,66974,43835,2427,29,16149,0,0,4,3
2021-02-26T23:59:59+01:00,3,3,2789,2337,3652,5275,3670,8359,4711,12271,5338,9773,2488,2456,4679,6232,2876,6369,1220,1028,1768,2734,1997,4762,2620,7268,3102,5726,1491,1475,1265,2158,777,3183,65183,42547,2302,28,15792,0,0,4,2
2021-02-25T23:59:59+01:00,3,3,2615,2228,3468,5094,3488,8136,4507,11985,5120,9499,2401,2391,4230,5680,2588,5948,1204,971,1737,2626,1944,4489,2549,6874,3008,5440,1447,1432,1245,2143,775,3174,63328,41035,1980,25,14072,0,0,4,1
2021-02-24T23:59:59+01:00,3,3,2460,2090,3278,4902,3340,7930,4310,11731,4901,9251,2264,2272,3777,5170,2331,5555,1189,942,1714,2540,1910,4350,2489,6618,2956,5234,1416,1401,1227,2123,771,3155,61565,40019,1511,17,12488,0,0,4,1
2021-02-23T23:59:59+01:00,3,3,2323,1952,3100,4674,3185,7699,4139,11458,4719,9005,2178,2178,3224,4505,1993,5043,1175,894,1683,2445,1871,4157,2421,6319,2858,4974,1359,1346,1198,2080,758,3130,59366,38656,1164,13,10847,0,0,4,1
2021-02-22T23:59:59+01:00,3,3,2283,1901,3015,4581,3115,7591,4045,11272,4612,8880,2128,2137,2860,4043,1707,4657,1163,835,1651,2319,1828,3912,2345,5925,2734,4676,1297,1291,1175,2047,752,3109,57695,37057,1080,3,10054,0,0,4,1
2021-02-21T23:59:59+01:00,3,3,2247,1869,2964,4512,3033,7477,3964,11126,4546,8763,2114,2114,2776,3929,1652,4569,1159,817,1634,2266,1803,3803,2312,5770,2671,4552,1265,1268,1165,2033,745,3096,57264,36357,1047,3,9346,0,0,4,1
2021-02-20T23:59:59+01:00,3,3,2236,1866,2942,4499,3017,7441,3938,11093,4525,8742,2111,2106,2722,3872,1617,4514,1159,814,1634,2264,1802,3794,2311,5765,2670,4548,1264,1265,1164,2030,744,3095,57049,36321,1046,3,9148,0,0,4,1
2021-02-19T23:59:59+01:00,2,3,2224,1853,2906,4447,2992,7353,3893,11011,4471,8679,2103,2100,2634,3759,1537,4421,1107,805,1595,2256,1792,3785,2301,5744,2661,4536,1258,1254,1153,2025,739,3088,56637,36097,1015,3,8732,0,0,4,1
2021-02-18T23:59:59+01:00,2,3,2092,1757,2749,4263,2868,7154,3756,10724,4332,8476,2071,2066,2394,3493,1385,4199,1028,770,1520,2158,1743,3663,2229,5586,2605,4449,1244,1234,1148,2011,729,3070,55581,35185,948,3,7251,0,0,4,1
2021-02-17T23:59:59+01:00,2,3,2048,1708,2657,4129,2759,6940,3603,10383,4191,8234,2014,1983,2175,3264,1261,4012,874,707,1411,2033,1668,3473,2135,5362,2532,4278,1210,1189,1123,1966,714,3030,54519,33704,803,2,6040,0,0,4,1
2021-02-16T23:59:59+01:00,2,3,1875,1595,2483,3922,2620,6665,3442,10029,4015,7927,1970,1956,1900,2945,1091,3760,847,685,1339,1958,1600,3331,2040,5190,2435,4147,1149,1142,1065,1876,682,2937,53193,32423,767,1,4236,0,0,4,1
2021-02-15T23:59:59+01:00,2,3,1841,1540,2395,3753,2542,6392,3319,9662,3900,7658,1944,1928,1685,2707,970,3574,829,672,1310,1912,1559,3263,1985,5018,2372,4047,1084,1102,1001,1786,663,2844,52100,31448,754,0,2957,0,0,4,1
2021-02-14T23:59:59+01:00,2,3,1752,1509,2350,3691,2500,6302,3249,9559,3854,7580,1933,1918,1628,2648,920,3515,814,662,1293,1887,1532,3240,1951,4978,2347,3992,1074,1093,994,1776,660,2832,51768,31126,725,0,2416,0,0,4,1
2021-02-13T23:59:59+01:00,2,3,1751,1497,2340,3684,2494,6288,3245,9543,3847,7570,1925,1898,1605,2628,917,3505,814,662,1293,1887,1532,3240,1951,4978,2347,3992,1074,1093,994,1776,660,2832,51614,31126,725,0,2399,0,0,4,1
2021-02-12T23:59:59+01:00,2,3,1671,1411,2241,3572,2414,6114,3140,9305,3725,7305,1878,1841,1542,2556,894,3478,808,655,1281,1866,1517,3221,1943,4947,2331,3972,1069,1088,993,1757,660,2802,50674,30911,725,0,1689,0,0,4,1
2021-02-11T23:59:59+01:00,2,3,1468,1273,2058,3357,2286,5822,2988,8873,3566,6959,1806,1739,1500,2496,880,3456,780,604,1187,1687,1392,2947,1804,4588,2168,3686,1019,1027,951,1686,627,2671,49282,28825,684,0,562,0,0,4,1
2021-02-10T23:59:59+01:00,2,3,1372,1224,1970,3230,2218,5650,2906,8596,3454,6728,1735,1691,1455,2429,864,3399,566,520,965,1462,1253,2639,1619,4126,1965,3308,902,900,830,1435,548,2355,48117,25394,644,0,161,0,0,4,1
2021-02-09T23:59:59+01:00,2,3,1337,1174,1933,3138,2191,5470,2839,8254,3384,6470,1662,1629,1394,2369,847,3362,303,383,747,1199,1066,2264,1409,3589,1717,2856,734,736,662,1148,438,1909,46860,21161,515,0,80,0,0,3,1
2021-02-08T23:59:59+01:00,2,3,1330,1139,1902,3018,2153,5248,2787,7974,3325,6234,1621,1595,1349,2314,831,3342,267,342,645,1044,960,2046,1249,3198,1520,2540,631,617,558,969,381,1659,45741,18627,344,0,79,0,0,3,1
2021-02-07T23:59:59+01:00,2,3,1303,1123,1873,2966,2128,5166,2758,7871,3283,6169,1605,1579,1334,2295,820,3327,233,286,597,954,900,1891,1157,2973,1423,2368,591,597,537,936,371,1630,45459,17446,143,0,0,0,0,3,0
2021-02-06T23:59:59+01:00,2,3,1298,1117,1867,2954,2119,5138,2745,7827,3272,6124,1592,1571,1329,2285,817,3326,214,252,575,917,872,1825,1115,2856,1366,2286,575,579,530,936,371,1630,45240,16901,143,0,0,0,0,3,0
2021-02-05T23:59:59+01:00,2,3,1237,1065,1818,2843,2067,4942,2686,7531,3195,5908,1529,1517,1310,2259,809,3319,198,223,540,870,838,1746,1076,2739,1313,2187,541,555,519,912,361,1605,43894,16225,143,0,0,0,0,3,0
2021-02-04T23:59:59+01:00,2,3,1225,1001,1777,2694,1996,4630,2603,7087,3095,5582,1484,1484,1292,2243,806,3311,170,169,467,753,739,1607,966,2500,1201,1972,494,503,476,858,343,1492,42278,14712,35,0,0,0,0,2,0
2021-02-03T23:59:59+01:00,2,3,1207,972,1747,2613,1957,4484,2536,6825,3043,5364,1447,1451,1263,2208,788,3282,139,140,393,641,623,1371,821,2122,1004,1685,378,369,341,644,240,1131,41155,12044,35,0,0,0,0,2,0
2021-02-02T23:59:59+01:00,2,3,1190,916,1715,2513,1914,4261,2462,6493,2936,5090,1394,1405,1240,2178,779,3258,118,116,316,520,520,1136,677,1792,814,1377,280,269,263,472,188,847,39712,9707,35,0,0,0,0,2,0
2021-02-01T23:59:59+01:00,1,3,1177,856,1680,2388,1864,4015,2385,6100,2816,4794,1327,1323,1209,2132,768,3233,85,76,216,349,347,741,429,1155,478,858,174,164,152,279,100,494,38034,6097,35,0,0,0,0,2,0
2021-01-31T23:59:59+01:00,1,3,1172,838,1663,2330,1840,3892,2353,5917,2749,4675,1296,1300,1198,2117,761,3221,74,70,183,279,270,575,340,902,396,691,148,148,144,271,96,480,37292,5067,32,0,0,0,0,2,0
2021-01-30T23:59:59+01:00,1,3,1172,835,1662,2325,1838,3881,2351,5906,2746,4665,1295,1296,1197,2116,761,3220,70,63,151,232,242,507,305,784,353,616,147,141,139,267,96,479,37237,4592,31,0,0,0,0,2,0
2021-01-29T23:59:59+01:00,1,3,1119,826,1623,2318,1827,3874,2343,5892,2738,4653,1291,1293,1193,2116,761,3220,62,45,114,177,198,353,248,635,309,488,136,132,127,256,93,479,37061,3852,29,0,0,0,0,1,0
2021-01-28T23:59:59+01:00,1,3,1044,801,1565,2258,1794,3805,2296,5821,2705,4599,1279,1281,1186,2110,752,3206,40,20,72,105,129,206,153,380,201,291,103,101,102,205,83,432,36479,2623,26,0,0,0,0,1,0
2021-01-27T23:59:59+01:00,1,3,894,750,1474,2183,1727,3690,2224,5691,2647,4474,1251,1237,1162,2071,740,3174,29,12,62,86,104,162,121,323,174,247,95,84,91,186,79,401,35375,2256,17,0,0,0,0,1,0
2021-01-26T23:59:59+01:00,1,3,880,731,1409,2109,1664,3560,2137,5519,2559,4363,1196,1197,1116,2000,716,3125,28,11,59,83,100,156,117,309,173,237,93,79,84,165,68,355,34273,2117,11,0,0,0,0,1,0
2021-01-25T23:59:59+01:00,1,3,867,710,1377,2049,1633,3463,2092,5353,2502,4273,1145,1172,1069,1943,698,3066,26,11,56,83,97,154,116,307,172,237,92,78,83,164,66,352,33413,2094,2,0,0,0,0,1,0
2021-01-24T23:59:59+01:00,1,3,864,709,1371,2038,1628,3446,2084,5327,2491,4241,1141,1166,1064,1936,697,3061,26,11,56,83,96,153,116,307,172,236,92,78,83,164,66,352,33265,2091,2,0,0,0,0,1,0
2021-01-23T23:59:59+01:00,1,3,864,709,1371,2038,1628,3446,2084,5327,2491,4241,1141,1166,1064,1936,697,3061,26,11,56,83,96,153,116,307,171,236,92,78,83,164,66,352,33265,2090,2,0,0,0,0,1,0
2021-01-22T23:59:59+01:00,1,3,864,699,1357,2016,1612,3422,2071,5293,2475,4221,1139,1161,1063,1913,696,3028,26,11,56,83,96,153,116,307,170,236,92,78,83,164,66,352,33031,2089,2,0,0,0,0,1,0
2021-01-21T23:59:59+01:00,1,3,833,662,1280,1861,1513,3232,1974,5021,2367,4023,1099,1102,1032,1833,658,2901,24,10,52,78,88,145,106,278,156,213,79,70,74,144,54,300,31392,1871,2,0,0,0,0,1,0
2021-01-20T23:59:59+01:00,1,3,630,563,1086,1643,1378,2958,1797,4617,2164,3686,974,984,914,1604,593,2631,22,10,51,74,85,144,99,265,145,194,69,64,69,122,45,268,28223,1726,2,0,0,0,0,1,0
2021-01-19T23:59:59+01:00,1,3,343,417,835,1386,1177,2618,1562,4088,1904,3237,807,816,750,1331,495,2226,18,7,36,52,56,78,73,178,101,131,52,49,48,91,34,207,23994,1211,1,0,0,0,0,1,0
2021-01-18T23:59:59+01:00,1,3,301,376,723,1198,1056,2364,1370,3591,1665,2857,679,667,605,1087,421,1841,7,3,11,17,19,27,24,50,25,46,12,11,13,33,7,61,20804,366,0,0,0,0,0,1,0
2021-01-17T23:59:59+01:00,1,3,260,321,657,1104,978,2193,1273,3316,1550,2646,634,638,578,1031,400,1783,0,0,1,0,2,2,2,1,2,2,1,4,1,0,0,1,19366,19,0,0,0,0,0,0,0
2021-01-16T23:59:59+01:00,1,3,243,289,641,1071,954,2130,1232,3206,1499,2573,618,621,571,1031,400,1782,0,0,0,0,1,2,1,1,1,2,0,1,1,0,0,1,18865,11,0,0,0,0,0,0,0
2021-01-15T23:59:59+01:00,1,3,228,256,612,1024,927,2052,1197,3090,1447,2477,587,595,564,1010,393,1770,0,0,0,0,0,0,0,0,0,0,0,0,0,0,0,0,18233,0,0,0,0,0,0,0,0
2021-01-14T23:59:59+01:00,1,2,198,204,552,902,838,1909,1104,2867,1332,2294,543,552,526,966,387,1728,0,0,0,0,0,0,0,0,0,0,0,0,0,0,0,0,16905,0,0,0,0,0,0,0,0
2021-01-13T23:59:59+01:00,1,2,166,185,503,833,766,1783,1006,2634,1178,2072,430,435,399,761,289,1331,0,0,0,0,0,0,0,0,0,0,0,0,0,0,0,0,14774,0,0,0,0,0,0,0,0
2021-01-12T23:59:59+01:00,1,2,144,164,471,764,716,1628,917,2432,1071,1840,341,327,308,541,207,943,0,0,0,0,0,0,0,0,0,0,0,0,0,0,0,0,12817,0,0,0,0,0,0,0,0
2021-01-11T23:59:59+01:00,0,1,115,127,395,634,626,1375,753,1974,845,1454,211,190,169,313,109,546,0,0,0,0,0,0,0,0,0,0,0,0,0,0,0,0,9837,0,0,0,0,0,0,0,0
2021-01-10T23:59:59+01:00,0,1,89,92,305,458,471,995,546,1447,621,1058,174,167,157,300,104,533,0,0,0,0,0,0,0,0,0,0,0,0,0,0,0,0,7518,0,0,0,0,0,0,0,0
2021-01-09T23:59:59+01:00,0,1,78,84,259,395,401,863,479,1230,545,900,167,157,152,295,104,531,0,0,0,0,0,0,0,0,0,0,0,0,0,0,0,0,6641,0,0,0,0,0,0,0,0
2021-01-08T23:59:59+01:00,0,1,65,64,186,287,304,584,364,932,439,681,159,152,136,283,102,531,0,0,0,0,0,0,0,0,0,0,0,0,0,0,0,0,5270,0,0,0,0,0,0,0,0
2021-01-07T23:59:59+01:00,0,0,46,24,78,121,137,230,163,419,222,339,116,121,123,251,98,504,0,0,0,0,0,0,0,0,0,0,0,0,0,0,0,0,2992,0,0,0,0,0,0,0,0
2021-01-06T23:59:59+01:00,0,0,32,17,69,92,116,180,135,342,193,275,97,93,97,205,83,429,0,0,0,0,0,0,0,0,0,0,0,0,0,0,0,0,2455,0,0,0,0,0,0,0,0
2021-01-05T23:59:59+01:00,0,0,29,12,59,87,106,166,120,327,179,253,96,88,95,198,81,411,0,0,0,0,0,0,0,0,0,0,0,0,0,0,0,0,2307,0,0,0,0,0,0,0,0
2021-01-04T23:59:59+01:00,0,0,26,11,56,84,98,157,115,312,177,241,95,85,88,184,71,380,0,0,0,0,0,0,0,0,0,0,0,0,0,0,0,0,2180,0,0,0,0,0,0,0,0
2021-01-03T23:59:59+01:00,0,0,26,11,56,84,98,157,115,312,177,241,95,85,87,183,71,380,0,0,0,0,0,0,0,0,0,0,0,0,0,0,0,0,2178,0,0,0,0,0,0,0,0
2021-01-02T23:59:59+01:00,0,0,26,11,56,84,98,157,115,312,176,241,95,85,87,183,71,380,0,0,0,0,0,0,0,0,0,0,0,0,0,0,0,0,2177,0,0,0,0,0,0,0,0
2021-01-01T23:59:59+01:00,0,0,26,11,56,84,98,157,115,312,174,240,95,85,87,183,71,380,0,0,0,0,0,0,0,0,0,0,0,0,0,0,0,0,2174,0,0,0,0,0,0,0,0
2020-12-31T23:59:59+01:00,0,0,26,11,56,84,98,157,115,312,174,240,95,85,87,183,71,380,0,0,0,0,0,0,0,0,0,0,0,0,0,0,0,0,2174,0,0,0,0,0,0,0,0
2020-12-30T23:59:59+01:00,0,0,25,11,56,83,97,154,115,311,174,240,95,85,87,183,71,380,0,0,0,0,0,0,0,0,0,0,0,0,0,0,0,0,2167,0,0,0,0,0,0,0,0
2020-12-29T23:59:59+01:00,0,0,18,8,41,59,74,91,85,216,127,188,73,73,65,151,56,304,0,0,0,0,0,0,0,0,0,0,0,0,0,0,0,0,1629,0,0,0,0,0,0,0,0
2020-12-28T23:59:59+01:00,0,0,8,5,17,28,31,45,39,111,53,101,30,40,37,91,29,175,0,0,0,0,0,0,0,0,0,0,0,0,0,0,0,0,840,0,0,0,0,0,0,0,0
2020-12-27T23:59:59+01:00,0,0,2,2,4,5,7,11,10,23,6,22,5,7,6,25,3,48,0,0,0,0,0,0,0,0,0,0,0,0,0,0,0,0,186,0,0,0,0,0,0,0,0
