Datum,<15_m,<15_w,15-24_1_m,15-24_1_w,25-34_1_m,25-34_1_w,35-44_1_m,35-44_1_w,45-54_1_m,45-54_1_w,55-64_1_m,55-64_1_w,65-74_1_m,65-74_1_w,75-84_1_m,75-84_1_w,>84_1_m,>84_1_w,<24_2_m,<24_2_w,25-34_2_m,25-34_2_w,35-44_2_m,35-44_2_w,45-54_2_m,45-54_2_w,55-64_2_m,55-64_2_w,65-74_2_m,65-74_2_w,75-84_2_m,75-84_2_w,>84_2_m,>84_2_w,bp_1,bp_2,mo_1,mo_2,az_1,az_2,ja,unb_1,unb_2
2021-09-09T23:59:59+02:00,8846,8214,56609,53484,63186,58840,72336,73310,93980,96136,105850,105011,73117,79404,51321,63014,14430,24876,51413,48685,59372,54522,68651,69035,89985,91660,102001,101279,71178,77216,50045,61287,14046,24043,807504,763001,69897,67408,182323,175403,42215,33,52
2021-09-08T23:59:59+02:00,8760,8141,56430,53313,63036,58662,72194,73161,93825,96008,105757,104903,73050,79342,51290,62961,14425,24864,51243,48521,59249,54387,68526,68885,89865,91555,101917,101177,71125,77158,50018,61244,14042,24026,806121,761862,69872,67358,182298,175383,41804,33,52
2021-09-07T23:59:59+02:00,8672,8081,56268,53159,62924,58524,72081,73033,93720,95908,105654,104803,72998,79294,51265,62922,14418,24846,51074,48362,59128,54245,68407,68775,89761,91441,101821,101078,71078,77114,49993,61215,14037,24007,804871,760660,69867,67341,182294,175362,41511,33,52
2021-09-06T23:59:59+02:00,8609,8015,56124,52992,62789,58367,71976,72908,93619,95801,105575,104715,72946,79245,51234,62894,14408,24830,50926,48226,58995,54096,68293,68655,89678,91345,101723,100994,71030,77067,49969,61186,14030,23996,803670,759544,69840,67297,182266,175342,41243,33,52
2021-09-05T23:59:59+02:00,8581,7977,56057,52898,62728,58307,71930,72853,93569,95754,105547,104672,72921,79221,51222,62875,14401,24824,50834,48141,58930,54032,68236,68599,89633,91289,101681,100944,71005,77038,49954,61169,14024,23986,803152,758919,69830,67287,182245,175324,41082,33,52
2021-09-04T23:59:59+02:00,8575,7972,56037,52889,62718,58298,71923,72845,93562,95750,105543,104665,72920,79220,51222,62875,14401,24824,50820,48125,58914,54018,68232,68591,89626,91284,101676,100940,71004,77036,49953,61169,14024,23986,803095,758856,69827,67282,182244,175323,41045,33,52
2021-09-03T23:59:59+02:00,8507,7902,55907,52804,62648,58197,71842,72768,93486,95689,105474,104604,72890,79186,51204,62843,14394,24814,50705,48033,58836,53950,68169,68522,89565,91226,101611,100887,70975,77002,49932,61142,14021,23977,802175,758075,69819,67265,182237,175314,40900,33,52
2021-09-02T23:59:59+02:00,8414,7807,55713,52650,62521,58096,71748,72640,93369,95578,105369,104520,72831,79132,51173,62797,14383,24794,50479,47865,58693,53838,68062,68406,89435,91119,101494,100788,70917,76955,49907,61112,14013,23961,801047,756911,69773,67225,182223,175266,40462,33,52
2021-09-01T23:59:59+02:00,8337,7715,55564,52505,62394,57968,71665,72520,93277,95488,105290,104450,72792,79088,51152,62761,14376,24776,50304,47657,58566,53697,67985,68295,89335,91016,101388,100693,70877,76913,49880,61070,14006,23944,799952,755680,69750,67187,182211,175213,40175,33,52
2021-08-31T23:59:59+02:00,8229,7622,55409,52350,62286,57858,71588,72423,93196,95407,105209,104370,72750,79048,51130,62731,14366,24766,50096,47454,58445,53560,67873,68173,89240,90913,101278,100611,70830,76860,49856,61035,13994,23926,798895,754315,69743,67171,182202,175189,39868,33,52
2021-08-30T23:59:59+02:00,8153,7542,55241,52187,62173,57731,71472,72306,93071,95278,105089,104274,72698,79008,51113,62697,14345,24743,49895,47243,58328,53420,67773,68063,89120,90801,101164,100504,70778,76826,49829,61006,13980,23908,797720,753118,69703,67103,182168,175136,39499,33,52
2021-08-29T23:59:59+02:00,8114,7496,55150,52111,62118,57654,71407,72260,93020,95216,105040,104239,72678,78986,51098,62681,14339,24734,49778,47140,58242,53319,67704,67987,89065,90743,101105,100452,70751,76810,49814,60993,13973,23904,797201,752460,69701,67093,182158,175092,39250,33,52
2021-08-28T23:59:59+02:00,8097,7482,55111,52074,62089,57632,71380,72244,93002,95200,105027,104228,72673,78984,51096,62677,14339,24734,49740,47121,58217,53303,67685,67974,89045,90720,101098,100439,70745,76806,49812,60991,13973,23904,796996,752313,69700,67087,182156,175092,39186,33,52
2021-08-27T23:59:59+02:00,8014,7405,54930,51936,61980,57494,71281,72119,92880,95080,104917,104143,72628,78934,51072,62640,14327,24728,49614,47035,58142,53222,67602,67902,88967,90653,101041,100391,70708,76771,49798,60979,13971,23904,795684,751615,69695,67081,182146,175084,38952,33,52
2021-08-26T23:59:59+02:00,7952,7332,54775,51792,61861,57383,71187,72012,92778,94951,104811,104061,72586,78881,51049,62619,14322,24714,49453,46881,58023,53117,67506,67811,88860,90573,100971,100323,70665,76734,49774,60956,13966,23894,794641,750787,69684,67038,182135,175051,38573,33,52
2021-08-25T23:59:59+02:00,7889,7279,54631,51640,61753,57235,71081,71898,92674,94852,104710,103977,72527,78829,51021,62583,14309,24700,49254,46688,57899,52981,67389,67690,88750,90461,100870,100233,70608,76686,49747,60916,13960,23879,793643,749652,69659,67006,182124,175016,38129,33,52
2021-08-24T23:59:59+02:00,7793,7198,54506,51455,61633,57103,70982,71778,92563,94745,104620,103891,72479,78791,50992,62544,14300,24684,49040,46473,57759,52816,67284,67562,88653,90374,100780,100150,70572,76636,49723,60890,13956,23863,792394,748301,69642,66986,182114,174994,37874,33,52
2021-08-23T23:59:59+02:00,7732,7124,54335,51281,61502,56978,70868,71667,92436,94638,104522,103794,72427,78730,50959,62502,14293,24673,48854,46300,57646,52690,67179,67465,88552,90281,100692,100070,70530,76582,49692,60851,13951,23851,791198,747281,69614,66955,182096,174939,37520,33,52
2021-08-22T23:59:59+02:00,7705,7100,54251,51205,61448,56914,70829,71611,92393,94596,104479,103765,72406,78714,50950,62489,14292,24667,48737,46191,57555,52599,67105,67402,88485,90223,100647,100028,70501,76558,49675,60832,13948,23844,790777,746606,69605,66945,182075,174888,37324,33,52
2021-08-21T23:59:59+02:00,7699,7097,54225,51190,61430,56902,70813,71597,92380,94579,104469,103755,72401,78712,50950,62488,14292,24666,48717,46174,57534,52591,67089,67383,88467,90208,100638,100018,70501,76555,49675,60831,13948,23844,790708,746517,69562,66929,182072,174882,37270,33,52
2021-08-20T23:59:59+02:00,7668,7063,54138,51115,61359,56841,70745,71534,92317,94517,104415,103720,72376,78683,50938,62462,14283,24656,48624,46098,57465,52527,67023,67330,88410,90148,100577,99981,70478,76533,49667,60815,13939,23840,790176,746005,69492,66918,182069,174859,37060,33,52
2021-08-19T23:59:59+02:00,7603,6984,54002,50996,61219,56731,70631,71423,92204,94429,104322,103628,72328,78628,50909,62422,14274,24636,48492,45994,57350,52439,66934,67253,88317,90068,100481,99913,70442,76504,49646,60791,13934,23831,789163,745354,69455,66885,182049,174814,36669,33,52
2021-08-18T23:59:59+02:00,7529,6927,53856,50862,61096,56620,70519,71328,92095,94343,104222,103548,72270,78576,50875,62386,14264,24615,48374,45868,57235,52342,66842,67178,88201,89980,100403,99835,70394,76462,49624,60763,13926,23814,788176,744634,69427,66847,182042,174763,36253,33,52
2021-08-17T23:59:59+02:00,7446,6848,53694,50699,60995,56495,70403,71208,91991,94239,104115,103449,72219,78533,50847,62360,14256,24604,48179,45691,57103,52205,66723,67073,88073,89885,100293,99738,70338,76413,49599,60742,13919,23802,787109,743607,69405,66815,182037,174705,35817,33,52
2021-08-16T23:59:59+02:00,7373,6786,53565,50567,60898,56383,70303,71113,91897,94133,104022,103350,72175,78482,50819,62315,14248,24596,48040,45576,56998,52135,66628,66988,87972,89802,100205,99642,70291,76372,49571,60711,13911,23797,786240,742984,69358,66756,182023,174639,35371,33,51
2021-08-15T23:59:59+02:00,7324,6746,53485,50484,60829,56314,70239,71049,91841,94083,103970,103303,72140,78454,50811,62299,14244,24587,47934,45479,56903,52048,66560,66924,87898,89736,100150,99595,70254,76335,49557,60690,13906,23785,785764,742493,69346,66727,182013,174559,35046,33,51
2021-08-14T23:59:59+02:00,7302,6730,53412,50415,60782,56272,70204,71002,91803,94044,103931,103267,72119,78446,50802,62287,14242,24584,47691,45206,56739,51862,66410,66771,87764,89614,100034,99486,70204,76292,49546,60667,13902,23780,785281,740660,69339,66721,182013,174550,34978,33,51
2021-08-13T23:59:59+02:00,7261,6695,53303,50320,60697,56191,70151,70933,91727,93989,103880,103222,72096,78425,50790,62275,14240,24577,47182,44703,56496,51594,66180,66519,87492,89364,99838,99282,70117,76192,49507,60607,13896,23759,784529,737178,69335,66713,182013,174475,34862,33,51
2021-08-12T23:59:59+02:00,7232,6669,53198,50249,60636,56115,70080,70887,91657,93931,103819,103176,72062,78392,50776,62259,14238,24563,46682,44259,56217,51290,65920,66298,87231,89142,99488,99006,70002,76051,49448,60543,13885,23730,784099,734122,69310,66656,181997,174023,34500,33,50
2021-08-11T23:59:59+02:00,7168,6599,53033,50077,60506,55997,69994,70794,91549,93827,103717,103069,72001,78327,50744,62217,14231,24547,46005,43637,55840,50909,65663,66004,86935,88879,99152,98639,69862,75907,49387,60440,13873,23701,782927,730015,69289,66619,181988,173589,34160,33,50
2021-08-10T23:59:59+02:00,7092,6515,52835,49890,60368,55879,69891,70674,91425,93698,103594,102964,71949,78270,50713,62186,14223,24538,45049,42726,55173,50260,65172,65554,86476,88397,98659,98179,69657,75708,49287,60340,13852,23662,781581,723760,69280,66570,181982,173082,33828,33,50
2021-08-09T23:59:59+02:00,7050,6468,52723,49801,60294,55806,69836,70613,91358,93629,103524,102905,71906,78233,50707,62170,14219,24530,44035,41661,54463,49572,64699,65125,86032,87960,98142,97709,69466,75483,49195,60214,13824,23624,781027,717293,69212,66494,181971,172520,33529,33,50
2021-08-08T23:59:59+02:00,7005,6429,52658,49734,60250,55773,69801,70589,91303,93582,103470,102863,71884,78211,50693,62150,14213,24525,43980,41596,54395,49527,64643,65091,85962,87903,98077,97658,69441,75454,49174,60189,13816,23617,780746,717015,69207,66479,181956,172441,33191,33,50
2021-08-07T23:59:59+02:00,6967,6389,52545,49604,60181,55697,69746,70524,91233,93521,103419,102816,71867,78194,50683,62144,14213,24524,43012,40568,53836,48950,64209,64686,85590,87510,97758,97312,69298,75311,49118,60107,13799,23599,779962,710632,69202,66464,181956,172433,33114,33,48
2021-08-06T23:59:59+02:00,6926,6328,52406,49475,60105,55630,69680,70439,91155,93445,103359,102762,71843,78171,50672,62125,14211,24519,42330,39955,53588,48685,63986,64447,85357,87290,97530,97111,69214,75220,49076,60066,13793,23586,779087,707023,69199,66384,181955,172296,32977,33,48
2021-08-05T23:59:59+02:00,6817,6221,52151,49250,59935,55443,69538,70296,90995,93300,103218,102627,71782,78109,50645,62085,14198,24500,41494,39258,53073,48223,63619,64101,84904,86888,96908,96594,69027,75035,49010,59966,13774,23554,777478,702479,69148,66337,181924,171170,32527,33,48
2021-08-04T23:59:59+02:00,6730,6137,51957,49021,59787,55266,69428,70147,90860,93185,103099,102511,71722,78046,50619,62039,14187,24471,40649,38466,52698,47823,63303,63788,84534,86558,96494,96190,68863,74865,48934,59869,13759,23520,776083,697898,69111,66321,181910,170374,32075,33,48
2021-08-03T23:59:59+02:00,6656,6080,51789,48884,59660,55144,69336,70058,90760,93087,103003,102430,71669,78010,50599,62014,14179,24455,39655,37510,51902,47150,62764,63268,84016,86074,95785,95558,68619,74651,48843,59754,13738,23475,775051,691666,69102,66301,181903,169196,31724,33,48
2021-08-02T23:59:59+02:00,6607,6037,51653,48743,59570,55065,69254,69989,90705,93016,102926,102368,71630,77968,50578,61991,14172,24442,38375,36332,50936,46340,62055,62687,83412,85508,94985,94859,68366,74395,48755,59620,13717,23436,774354,684022,69054,66254,181875,167883,31398,33,48
2021-08-01T23:59:59+02:00,6565,5984,51481,48582,59423,54955,69161,69874,90597,92925,102839,102276,71590,77931,50556,61950,14167,24426,38191,36195,50782,46248,61926,62595,83233,85368,94535,94455,68250,74287,48716,59571,13706,23416,773312,683385,69026,66198,181857,166572,31054,33,48
2021-07-31T23:59:59+02:00,6522,5951,51386,48461,59369,54885,69113,69831,90557,92896,102812,102252,71579,77919,50548,61947,14167,24423,36578,34680,49872,45379,61390,62027,82726,84854,94055,94022,68060,74082,48637,59475,13688,23383,772707,674212,69022,66191,181857,166457,30999,33,48
2021-07-30T23:59:59+02:00,6487,5898,51235,48325,59288,54801,69042,69773,90482,92816,102756,102214,71562,77895,50539,61924,14164,24419,35111,33266,48895,44424,60662,61339,82040,84233,93371,93444,67826,73847,48532,59325,13669,23352,771948,664669,68998,66180,181851,166152,30790,33,48
2021-07-29T23:59:59+02:00,6372,5778,50803,47955,59076,54533,68851,69581,90293,92627,102594,102074,71487,77812,50506,61869,14149,24401,34376,32644,48270,43980,60260,60991,81616,83881,92600,92771,67630,73689,48468,59236,13649,23322,769630,660809,68945,66039,181808,164507,30345,33,48
2021-07-28T23:59:59+02:00,6300,5714,50547,47759,58945,54383,68725,69486,90169,92504,102487,101980,71430,77755,50480,61830,14140,24384,34048,32347,47954,43748,60034,60778,81438,83713,92364,92572,67555,73623,48436,59202,13636,23312,768319,659127,68915,65951,181781,163988,29970,33,47
2021-07-27T23:59:59+02:00,6248,5668,50385,47620,58809,54289,68631,69399,90068,92395,102380,101905,71388,77702,50451,61797,14133,24371,32582,30935,46682,42644,59202,59990,80832,83187,91346,91721,67280,73338,48348,59075,13605,23271,767429,650438,68891,65885,181758,162201,29528,33,47
2021-07-26T23:59:59+02:00,6225,5639,50263,47531,58709,54204,68555,69346,89979,92335,102316,101855,71348,77665,50426,61777,14127,24362,31209,29668,45358,41519,58100,59003,80128,82554,90180,90693,66971,73065,48255,58958,13581,23229,766892,641349,68823,65791,181720,159901,29195,32,47
2021-07-25T23:59:59+02:00,6205,5621,50149,47424,58621,54137,68493,69288,89915,92279,102256,101808,71314,77629,50409,61754,14124,24352,31001,29509,45093,41324,57845,58778,79857,82350,89218,89839,66763,72892,48188,58885,13570,23205,766479,640180,68811,65675,181696,157442,28760,32,47
2021-07-24T23:59:59+02:00,6170,5592,50029,47331,58556,54073,68444,69233,89869,92236,102216,101767,71309,77623,50406,61751,14123,24348,29387,27905,43927,40230,57149,58065,79240,81776,88574,89274,66583,72700,48117,58783,13556,23182,765872,630065,68803,65662,181688,157301,28681,32,47
2021-07-23T23:59:59+02:00,6086,5505,49851,47154,58460,53967,68336,69131,89764,92134,102126,101672,71273,77566,50385,61720,14119,24342,27680,26368,42665,39144,56221,57176,78551,81163,87865,88610,66311,72428,48039,58682,13535,23152,764495,619482,68799,65500,181669,156832,28596,32,47
2021-07-22T23:59:59+02:00,5947,5391,49554,46870,58258,53766,68163,68962,89581,91982,101971,101539,71207,77484,50343,61668,14108,24323,26857,25534,41745,38330,55277,56347,77808,80535,86193,87103,65937,72029,47929,58550,13504,23100,762565,610972,68756,65004,181638,155357,28126,32,47
2021-07-21T23:59:59+02:00,5670,5107,49018,46341,57951,53453,67932,68685,89303,91734,101700,101272,71080,77351,50284,61603,14099,24297,26601,25311,41324,38048,54841,55962,77441,80256,85383,86497,65770,71898,47874,58484,13486,23075,758953,609011,68731,64733,181614,153580,27550,32,47
2021-07-20T23:59:59+02:00,5593,5033,48732,46064,57778,53247,67756,68541,89123,91582,101537,101128,71003,77285,50245,61556,14090,24269,25428,24151,40023,37014,53502,54758,76541,79486,84020,85153,65465,71556,47766,58346,13458,23029,757272,598599,68724,64585,181570,151996,26964,32,47
2021-07-19T23:59:59+02:00,5513,4948,48404,45737,57563,53037,67589,68339,88936,91404,101388,100966,70928,77203,50203,61505,14081,24240,24595,23308,38713,35890,51771,53258,75276,78435,82907,84172,65167,71299,47667,58228,13433,22989,755471,588540,68714,64440,181541,150209,26226,32,47
2021-07-18T23:59:59+02:00,5505,4947,48330,45681,57464,52958,67522,68266,88845,91337,101316,100901,70892,77162,50177,61472,14079,24228,24453,23202,38441,35671,51443,52969,75024,78242,82004,83406,64974,71120,47610,58155,13428,22967,755199,587480,68691,64281,181501,147976,25659,32,47
2021-07-17T23:59:59+02:00,5479,4911,48231,45603,57391,52896,67462,68210,88786,91276,101273,100881,70885,77147,50172,61466,14079,24227,23058,21726,37046,34367,50194,51776,74424,77689,81369,82810,64845,70972,47544,58094,13419,22947,754642,576573,68689,64257,181496,147839,25516,32,47
2021-07-16T23:59:59+02:00,5375,4833,47986,45370,57267,52790,67347,68100,88650,91182,101167,100777,70840,77096,50147,61447,14073,24220,21796,20476,35740,33117,48742,50454,73418,76753,80667,82150,64625,70751,47461,57993,13400,22914,753199,564910,68689,64198,181490,147637,25257,32,47
2021-07-15T23:59:59+02:00,5233,4706,47587,45043,57058,52590,67156,67917,88438,90979,100979,100610,70742,76994,50098,61373,14063,24191,21188,19972,34810,32420,47506,49515,72238,75839,78510,80020,64024,70153,47318,57815,13380,22851,751135,555571,68673,63168,181443,145790,24474,32,47
2021-07-14T23:59:59+02:00,4860,4379,46995,44467,56825,52323,66953,67714,88224,90736,100760,100412,70636,76884,50031,61290,14052,24167,20979,19823,34551,32263,47140,49217,71706,75449,77843,79485,63701,69877,47235,57731,13357,22816,747684,553774,68658,62985,181392,143886,23942,32,45
2021-07-13T23:59:59+02:00,4771,4300,46792,44312,56659,52170,66789,67567,88067,90609,100614,100284,70563,76822,49992,61244,14048,24151,20413,19283,33525,31448,45522,47760,69950,73787,76240,77929,63325,69485,47105,57560,13328,22764,746320,542844,68641,62210,181318,142272,23443,32,45
2021-07-12T23:59:59+02:00,4706,4224,46606,44122,56509,52028,66634,67440,87894,90470,100457,100144,70488,76738,49955,61189,14041,24133,19932,18845,32735,30824,43860,46305,67573,71711,74349,76426,62792,68900,46960,57398,13300,22713,745058,531732,68620,61646,181216,139694,22852,32,45
2021-07-11T23:59:59+02:00,4701,4220,46534,44069,56451,51978,66585,67403,87834,90421,100385,100084,70450,76695,49945,61174,14038,24119,19725,18698,32396,30576,43415,45932,67116,71354,73567,75725,62392,68521,46888,57307,13284,22680,744920,529954,68611,61320,181150,137217,22373,32,45
2021-07-10T23:59:59+02:00,4575,4086,46251,43758,56264,51783,66438,67229,87702,90282,100286,99977,70394,76638,49924,61148,14035,24110,19161,18136,31444,29709,41663,44348,65633,70071,72932,75107,62227,68370,46835,57255,13277,22666,742827,519304,68606,61304,181139,137173,22276,32,45
2021-07-09T23:59:59+02:00,4448,3969,45978,43504,56096,51592,66281,67070,87551,90120,100154,99870,70341,76565,49888,61107,14030,24098,18563,17560,30472,28750,39700,42416,63332,67946,71770,73966,61954,68045,46759,57127,13260,22641,740783,505580,68595,60922,181133,136767,22119,32,45
2021-07-08T23:59:59+02:00,4416,3943,45839,43390,55976,51474,66153,66968,87430,89998,100031,99773,70288,76511,49866,61068,14019,24085,17621,16752,29073,27713,37978,40968,61198,66124,68411,70813,61061,67076,46515,56784,13215,22546,740052,490305,68539,58851,181063,134184,21542,32,45
2021-07-07T23:59:59+02:00,4405,3938,45771,43347,55899,51430,66070,66926,87377,89958,99988,99722,70272,76489,49857,61050,14015,24075,16654,15891,27693,26704,36454,39739,59582,64669,65186,67337,60047,66037,46279,56462,13165,22473,739762,474997,68496,56950,181009,132038,21290,32,45
2021-07-06T23:59:59+02:00,4351,3890,45627,43220,55768,51290,65965,66817,87270,89868,99910,99638,70234,76430,49839,61022,14012,24061,15879,15145,26614,25793,34618,38034,56184,61645,62536,64882,59293,65248,46007,56128,13124,22369,738641,457108,68476,56136,180946,129909,21118,31,45
2021-07-05T23:59:59+02:00,4290,3846,45451,43045,55620,51194,65849,66709,87154,89774,99826,99542,70171,76366,49818,60995,14009,24046,15219,14514,25655,24977,33392,36903,53085,58674,59764,62416,58456,64438,45755,55817,13079,22292,737472,441025,68443,55779,180869,127428,20890,31,45
2021-07-04T23:59:59+02:00,4282,3840,45404,43019,55560,51168,65809,66688,87116,89742,99794,99514,70148,76346,49812,60980,14004,24035,15010,14308,25218,24626,32796,36375,52418,58147,58781,61551,57797,63807,45573,55615,13060,22244,737299,436941,68413,55573,180801,124744,20717,31,43
2021-07-03T23:59:59+02:00,4062,3663,44868,42453,55238,50795,65519,66413,86871,89482,99595,99316,70075,76274,49789,60934,14000,24024,14722,13986,24866,24273,31815,35455,50674,56594,57912,60813,57624,63612,45506,55530,13048,22219,733492,428350,68400,55557,180794,124702,20654,31,43
2021-07-02T23:59:59+02:00,3753,3376,44213,41860,54912,50464,65236,66111,86599,89229,99359,99090,69971,76161,49737,60865,13994,24007,14301,13536,24164,23665,30656,34392,48044,54429,55780,59023,57229,63186,45347,55373,13032,22181,729154,415840,68383,54506,180781,123970,20589,30,25
2021-07-01T23:59:59+02:00,3615,3266,43861,41507,54710,50289,65079,65951,86446,89091,99205,98968,69900,76092,49706,60831,13986,23992,13609,12841,22865,22576,28979,32876,46035,52684,53284,56744,55808,61617,44852,54756,12959,22053,727018,402289,68320,52191,180730,120147,20397,30,24
2021-06-30T23:59:59+02:00,3604,3250,43592,41310,54528,50163,64967,65864,86360,89026,99135,98917,69873,76067,49694,60809,13982,23981,12856,12235,21696,21681,27388,31511,44192,50967,49641,52779,54477,60281,44496,54317,12903,21925,725901,386525,68274,50291,180708,116705,20210,29,24
2021-06-29T23:59:59+02:00,3386,3030,42676,40467,53921,49570,64536,65438,85952,88574,98788,98587,69745,75918,49637,60738,13963,23950,12255,11628,20899,20917,26039,30307,41572,48565,47773,51235,53506,59171,44088,53780,12809,21772,719918,374503,68223,48780,180692,113324,20014,29,24
2021-06-28T23:59:59+02:00,3169,2850,41712,39461,53264,48926,64076,65056,85568,88184,98455,98243,69607,75757,49572,60637,13945,23927,11751,11176,20247,20328,25077,29411,39479,46623,46146,49870,52400,58124,43726,53272,12730,21651,713754,365022,68117,47750,180683,109643,19826,29,24
2021-06-27T23:59:59+02:00,3164,2847,41677,39429,53222,48895,64040,65024,85516,88148,98403,98216,69589,75745,49563,60623,13940,23924,11557,10982,19921,20011,24499,28852,38455,45773,44985,48778,51367,57113,43292,52765,12648,21515,713558,360433,68092,47308,180646,105327,19640,29,24
2021-06-26T23:59:59+02:00,2682,2374,40278,38054,52486,48142,63486,64461,85029,87632,97978,97784,69398,75569,49490,60519,13921,23901,11441,10880,19753,19857,24302,28635,37978,45335,44618,48428,51253,56968,43246,52717,12643,21500,704812,357486,68067,47303,180646,105309,19630,29,24
2021-06-25T23:59:59+02:00,2275,2041,39422,37233,52135,47779,63157,64136,84747,87319,97726,97517,69294,75456,49443,60457,13906,23879,11137,10568,19371,19433,23779,28016,35281,43033,42436,46514,50915,56588,43147,52588,12619,21470,699725,345914,67932,46855,180639,104661,19597,29,24
2021-06-24T23:59:59+02:00,2221,1990,38932,36772,51786,47446,62943,63932,84515,87126,97541,97366,69213,75389,49408,60411,13900,23863,10536,9982,18309,18563,22359,26768,33180,41198,40004,44221,49433,54939,42576,51886,12502,21267,696788,333049,67908,44249,180617,101109,19412,29,24
2021-06-23T23:59:59+02:00,2209,1966,38701,36535,51623,47284,62837,63830,84420,87032,97465,97281,69182,75358,49391,60390,13897,23852,10079,9551,17681,18015,21423,25917,31247,39568,36034,39758,48139,53578,42191,51379,12421,21101,695572,317526,67880,43627,180602,97800,19172,27,24
2021-06-22T23:59:59+02:00,2131,1904,37711,35592,50876,46611,62360,63390,84043,86622,97102,96968,69032,75215,49325,60309,13884,23819,9604,9106,16817,17328,20200,24844,28121,36798,33730,37884,47182,52607,41782,50820,12281,20865,689422,305350,67839,40886,180592,94725,19014,27,24
2021-06-21T23:59:59+02:00,1985,1765,36351,34357,49855,45731,61641,62731,83546,86152,96661,96563,68863,75044,49259,60214,13872,23784,9285,8807,16356,16964,19571,24364,26376,35232,32195,36585,46132,51527,41327,50271,12174,20673,681441,297991,67813,40244,180576,91082,18517,27,24
2021-06-20T23:59:59+02:00,1974,1756,36266,34304,49718,45619,61509,62604,83467,86094,96592,96505,68829,75016,49244,60196,13872,23773,9138,8705,16141,16796,19257,24106,25560,34579,31257,35636,45936,51325,41296,50219,12165,20653,680833,294213,67776,39654,180558,90751,18144,27,24
2021-06-19T23:59:59+02:00,1605,1455,34643,32743,48807,44796,61019,62095,82996,85615,96184,96151,68679,74850,49178,60113,13857,23749,9098,8626,16040,16675,19139,23956,25454,34421,31129,35498,45840,51229,41278,50194,12161,20643,672069,292880,67763,39651,180552,90718,18124,27,23
2021-06-18T23:59:59+02:00,1410,1281,32988,31143,47592,43603,60081,61177,82188,84870,95567,95573,68460,74629,49088,59974,13841,23719,9023,8537,15882,16524,18954,23766,25203,34182,30843,35180,45548,50884,41193,50118,12148,20629,660899,290706,67634,39535,180551,90292,18073,27,23
2021-06-17T23:59:59+02:00,1334,1222,32054,30294,46717,42897,59276,60331,81449,84221,95156,95191,68317,74485,49045,59898,13827,23690,8482,8168,15194,15962,18128,22943,24098,33056,29363,33826,44219,49380,40708,49505,12027,20441,653944,281759,67523,38711,180519,87631,17391,27,23
2021-06-16T23:59:59+02:00,1251,1158,31357,29589,45918,42148,58357,59460,80669,83453,94737,94813,68178,74324,48988,59806,13808,23664,7990,7841,14580,15448,17361,22219,22965,32102,28185,32719,42327,47262,40165,48923,11919,20256,646877,272035,67407,38112,180495,85235,16872,27,23
2021-06-15T23:59:59+02:00,1109,1039,29465,27784,44165,40608,56773,57819,79282,82136,93980,94144,67891,74031,48875,59648,13775,23598,7813,7710,14274,15209,16998,21919,22449,31721,27659,32296,41391,46246,39780,48501,11796,20035,631892,268974,67362,37609,180456,82819,16385,27,23
2021-06-14T23:59:59+02:00,1016,925,27911,26302,42554,39092,55114,56170,78182,81031,93284,93518,67640,73790,48779,59526,13755,23554,7627,7536,13896,14878,16474,21480,21762,31140,26981,31701,41009,45823,39397,48052,11665,19830,618634,266310,67307,37200,180427,79981,15748,27,23
2021-06-13T23:59:59+02:00,992,900,27709,26119,42172,38762,54576,55650,77835,80727,93090,93328,67549,73710,48742,59468,13740,23529,7483,7365,13628,14585,16091,21087,21333,30650,26445,31201,40611,45419,38939,47487,11486,19545,615932,264229,67173,37131,180398,76915,15068,27,23
2021-06-12T23:59:59+02:00,862,785,26173,24514,41000,37676,53901,54916,77302,80232,92539,92803,67394,73531,48673,59391,13727,23508,7437,7314,13507,14476,15958,20976,21149,30503,26329,31104,40594,45403,38931,47477,11486,19544,606332,263453,67169,37129,180392,76587,15007,27,23
2021-06-11T23:59:59+02:00,748,676,24543,22974,39639,36480,52674,53708,76332,79381,91962,92228,67158,73297,48611,59283,13708,23473,7380,7225,13336,14293,15747,20785,20880,30247,26060,30847,40285,45027,38846,47362,11469,19515,594524,261567,67090,36984,180384,75891,14850,27,23
2021-06-10T23:59:59+02:00,647,588,23543,21959,38414,35294,51071,52206,75012,78189,90350,90682,66803,72902,48484,59109,13683,23418,7099,6997,12815,13856,15114,20218,20116,29493,25267,30174,39583,44166,38495,46946,11356,19331,581602,258126,66614,36951,180331,72157,13780,27,23
2021-06-09T23:59:59+02:00,577,539,23089,21567,37754,34769,49961,51169,73773,76993,89760,90177,66677,72756,48434,59024,13668,23388,6823,6685,12216,13254,14334,19408,19200,28472,24283,29017,37013,41250,37930,46301,11208,19091,574434,247815,66157,36875,180291,68618,13166,27,22
2021-06-08T23:59:59+02:00,471,428,21569,20087,36137,33401,47852,49210,71634,75059,88289,88696,66362,72370,48299,58864,13636,23344,6693,6507,11841,12887,13853,18922,18599,27869,23728,28481,36729,40997,37640,45934,11099,18935,557038,246172,65882,36797,180257,65230,12504,27,22
2021-06-07T23:59:59+02:00,356,334,20559,19100,34590,32063,45573,47186,69498,73181,87311,87845,66138,72105,48225,58729,13616,23309,6539,6344,11421,12538,13315,18445,17872,27283,23094,27885,36409,40692,37221,45452,10986,18739,541819,244186,65712,36733,180203,61348,11957,27,22
2021-06-06T23:59:59+02:00,333,313,20376,18955,34197,31780,44968,46619,68881,72700,87100,87678,66083,72045,48214,58702,13609,23297,6406,6175,11100,12126,12887,17875,17235,26472,22397,27080,35941,40217,36741,44897,10828,18471,538713,241747,65389,36684,180160,56845,11561,27,22
2021-06-05T23:59:59+02:00,261,248,19124,17669,32856,30563,43737,45442,68307,72183,86570,87167,65992,71943,48166,58653,13602,23285,6355,6094,10997,11972,12764,17704,17067,26263,22227,26897,35879,40138,36719,44873,10826,18466,528676,241159,65389,36270,180135,56260,11541,27,22
2021-06-04T23:59:59+02:00,180,178,17924,16512,31537,29266,42179,43945,66964,70865,85759,86415,65805,71730,48089,58561,13586,23257,6252,5952,10821,11765,12548,17451,16709,25877,21707,26458,34995,39284,36403,44573,10809,18443,515806,239327,65322,35942,180127,53298,11470,27,21
2021-06-03T23:59:59+02:00,125,125,17284,15933,30550,28440,40722,42659,65190,69336,83505,84131,65380,71278,47961,58399,13568,23219,6081,5744,10514,11414,12231,16989,16263,25215,21160,25878,34329,38496,36227,44370,10776,18393,502014,237004,64628,35555,180087,50463,11049,27,20
2021-06-02T23:59:59+02:00,96,82,16939,15620,30242,28180,40055,42038,63600,67945,82565,83330,65238,71114,47901,58315,13565,23204,5965,5652,10344,11261,12007,16779,15970,24913,20818,25488,31088,34875,36000,44147,10747,18339,494501,228338,64627,35224,180086,50033,10788,27,20
2021-06-01T23:59:59+02:00,40,47,16143,14944,28744,27089,37695,39979,60039,64761,80133,81010,64888,70749,47773,58126,13531,23149,5690,5366,9830,10829,11476,16191,15311,24121,20079,24735,30741,34578,35802,43968,10719,18277,476151,226880,63069,34719,180017,46529,9576,27,19
2021-05-31T23:59:59+02:00,32,39,15572,14465,27809,26391,35730,38312,56597,61733,78100,79304,64554,70393,47629,57951,13498,23097,5528,5151,9422,10466,11046,15713,14777,23439,19453,24029,30453,34324,35619,43774,10683,18220,460364,226205,62352,34331,179950,43038,8513,27,19
2021-05-30T23:59:59+02:00,31,36,15426,14339,27530,26164,35279,37906,55884,61113,77780,79030,64492,70335,47604,57916,13494,23087,5425,4958,9095,10099,10635,15228,14327,22638,18925,23258,29777,33610,35392,43580,10661,18159,457398,225752,61917,34251,179900,37550,8204,27,19
2021-05-29T23:59:59+02:00,29,35,15028,13938,26674,25344,33517,36311,54400,59814,77190,78463,64341,70186,47551,57863,13487,23073,5391,4882,9033,9988,10545,15115,14220,22492,18795,23121,29747,33587,35386,43572,10660,18156,447238,225279,61885,34251,179895,36951,8199,27,19
2021-05-28T23:59:59+02:00,26,34,14616,13531,25856,24595,31664,34545,52226,57808,76134,77468,64136,69934,47499,57785,13477,23050,5306,4765,8860,9843,10392,14946,14062,22257,18587,22818,29678,33540,35369,43556,10659,18152,435248,224619,61415,34245,179805,36027,7889,27,19
2021-05-27T23:59:59+02:00,22,29,13990,13062,24791,23873,30417,33618,50618,56433,73031,74483,63694,69396,47364,57623,13453,22996,5192,4524,8531,9507,9993,14518,13623,21625,18087,22220,29456,33336,35259,43444,10637,18124,423092,223986,59455,34176,179175,32760,7144,27,19
2021-05-26T23:59:59+02:00,21,27,13501,12632,23880,23220,29499,32920,49530,55505,70069,71288,63082,68787,47229,57452,13422,22950,5106,4359,8276,9191,9695,14131,13265,21025,17653,21622,29263,33169,35161,43339,10610,18073,412261,223384,57276,34057,178677,29714,6773,27,19
2021-05-25T23:59:59+02:00,21,22,13154,12331,23300,22814,28448,32064,46931,53270,67806,69161,62730,68420,47116,57303,13404,22899,5025,4235,8069,8932,9441,13757,12953,20505,17272,21074,29104,33015,35077,43236,10583,18018,400404,222843,56210,33976,178057,26972,6496,27,18
2021-05-24T23:59:59+02:00,20,21,12855,12049,22799,22430,27830,31614,44309,50839,65352,66974,62422,68121,47006,57177,13371,22843,4953,4127,7819,8700,9123,13379,12625,19994,16886,20517,28962,32877,35002,43164,10561,17972,388747,222276,55728,33912,177391,24325,6139,27,18
2021-05-23T23:59:59+02:00,20,21,12794,11979,22704,22347,27750,31537,44053,50609,64764,66424,62342,68032,46981,57159,13369,22841,4933,4112,7782,8670,9065,13348,12546,19934,16811,20463,28953,32864,34998,43158,10561,17970,386542,222002,55647,33905,177377,24119,6133,27,18
2021-05-22T23:59:59+02:00,20,21,12570,11739,22382,22042,26745,30649,42218,49027,63909,65686,62180,67841,46915,57068,13359,22818,4917,4057,7755,8608,9024,13285,12516,19851,16781,20397,28943,32854,34994,43152,10560,17969,378047,221914,55636,33905,177372,23728,6107,27,18
2021-05-21T23:59:59+02:00,20,20,12265,11486,21811,21604,25936,29962,39828,47136,61938,64021,61919,67570,46831,56980,13344,22793,4898,4029,7701,8520,8956,13196,12438,19757,16707,20313,28927,32829,34987,43142,10558,17968,367645,221714,54576,33891,177182,23278,6034,27,18
2021-05-20T23:59:59+02:00,19,20,11643,10906,20692,20717,24795,28942,38321,45856,59595,61954,61101,66671,46632,56722,13310,22738,4617,3850,7297,8227,8517,12800,11984,19245,16289,19793,28805,32733,34936,43091,10554,17958,357169,221317,52221,33782,175906,20277,5311,27,18
2021-05-19T23:59:59+02:00,19,20,11203,10591,19905,20172,23946,28348,37418,45171,56359,58314,60409,65967,46522,56587,13288,22691,4464,3683,7041,7982,8239,12471,11656,18817,15920,19370,28706,32620,34894,43017,10544,17943,346710,220842,50604,33666,174769,18030,4820,27,18
2021-05-18T23:59:59+02:00,19,20,10870,10304,19332,19721,23301,27792,36017,43947,54949,57187,60037,65543,46392,56425,13263,22666,4356,3558,6795,7750,7979,12186,11422,18416,15575,18940,28623,32529,34864,42978,10540,17936,341345,220555,48762,33586,173287,15933,4364,27,18
2021-05-17T23:59:59+02:00,18,19,10650,10121,18899,19435,22870,27484,34816,42951,53639,56153,59788,65296,46328,56326,13247,22633,4284,3471,6586,7533,7729,11892,11164,18020,15264,18535,28531,32442,34839,42936,10534,17923,337279,220261,47769,33519,171766,14062,3832,27,18
2021-05-16T23:59:59+02:00,18,18,10460,9988,18604,19233,22534,27245,34180,42492,52402,54983,59595,65132,46292,56272,13236,22613,4216,3395,6366,7367,7436,11638,10896,17667,14970,18172,28465,32380,34823,42918,10527,17919,334853,220013,46890,33456,170143,12294,3384,27,17
2021-05-15T23:59:59+02:00,18,18,10361,9887,18452,19086,22365,27103,33795,42122,52008,54607,59478,64985,46244,56227,13233,22597,4175,3359,6282,7302,7343,11535,10794,17548,14862,18042,28370,32262,34732,42825,10523,17914,332454,218923,46889,33454,170008,12275,3208,27,17
2021-05-14T23:59:59+02:00,17,18,10076,9678,18018,18845,21966,26818,31437,40345,49857,52752,59260,64758,46196,56143,13217,22575,4045,3274,5996,7140,7035,11311,10445,17197,14515,17715,27796,31556,34610,42633,10505,17885,323294,215620,46836,33449,169394,12155,2426,26,17
2021-05-13T23:59:59+02:00,17,18,9613,9301,17224,18281,21094,26140,30317,39360,47614,50581,58412,63784,45987,55860,13178,22503,3540,3075,5659,6885,6723,11002,10036,16807,14138,17281,26900,30356,34186,42116,10474,17823,314798,211022,44972,32895,167371,10958,2118,25,17
2021-05-12T23:59:59+02:00,17,18,9320,9110,16789,18023,20625,25854,29789,38975,44608,46935,57838,63142,45903,55747,13160,22478,3399,2987,5428,6774,6444,10857,9754,16598,13899,17016,26254,29535,34021,41921,10448,17789,305619,207996,44149,32869,167079,10790,1461,23,17
2021-05-11T23:59:59+02:00,17,16,8876,8823,16017,17508,19765,25238,28046,37529,42675,45432,57460,62696,45819,55612,13140,22450,3279,2856,5198,6432,6141,10442,9388,16037,13459,16460,24829,27867,33511,41298,10397,17704,300124,202022,41090,32686,164590,9291,1292,23,16
2021-05-10T23:59:59+02:00,17,15,8614,8669,15504,17257,19133,24922,27054,36840,41215,44284,57198,62424,45740,55509,13120,22419,3169,2728,4966,6201,5886,10116,9060,15561,13096,16041,23782,26536,33024,40712,10361,17646,296840,197374,40183,32660,161911,7867,978,22,14
2021-05-09T23:59:59+02:00,17,15,8455,8585,15196,17073,18755,24672,26386,36414,39432,42623,56900,62146,45687,55451,13112,22401,3048,2674,4785,6064,5716,9943,8862,15354,12928,15867,23508,26204,32877,40537,10351,17631,293881,196174,39810,32619,158903,6846,704,22,14
2021-05-08T23:59:59+02:00,17,15,8380,8509,15019,16928,18545,24474,26160,36176,39201,42434,56773,61997,45650,55414,13109,22391,3041,2656,4752,6027,5673,9897,8785,15288,12842,15797,23139,25777,32591,40226,10343,17615,292329,194984,39355,31911,158782,6844,704,22,14
2021-05-07T23:59:59+02:00,16,14,8206,8409,14694,16746,18163,24241,25738,35888,38746,42056,56499,61641,45601,55367,13104,22381,2737,2522,4400,5840,5403,9635,8471,14976,12445,15401,22041,24406,31944,39395,10315,17565,289800,191532,38924,30411,158456,5239,308,22,14
2021-05-06T23:59:59+02:00,15,14,7554,8048,13799,16146,17109,23394,24400,34774,36599,40394,55370,60321,45359,55061,13069,22314,2610,2409,4226,5643,5194,9325,8128,14534,12013,14945,20734,22724,31090,38390,10264,17454,279167,185915,37644,29452,156637,4040,270,22,14
2021-05-05T23:59:59+02:00,13,14,7013,7741,13015,15594,16081,22630,23018,33750,34775,38908,53533,58282,45041,54715,13036,22248,2519,2349,4052,5485,5005,9113,7783,14194,11645,14588,19345,20942,29900,36976,10224,17352,267727,179792,36721,28282,154846,3301,91,22,14
2021-05-04T23:59:59+02:00,13,13,6824,7645,12658,15422,15598,22359,22377,33405,33814,38213,52673,57321,44919,54589,13018,22207,2463,2278,3899,5315,4830,8855,7441,13786,11215,14127,17694,19018,28806,35648,10130,17232,263968,172984,35855,27344,153188,2367,36,21,14
2021-05-03T23:59:59+02:00,13,13,6677,7496,12281,15206,15093,22049,21669,33001,32659,37323,52375,57004,44823,54481,13003,22175,2404,2207,3806,5135,4688,8618,7225,13437,10893,13719,16491,17525,27926,34549,10066,17125,260682,167418,35396,26992,151216,1372,26,21,14
2021-05-02T23:59:59+02:00,13,13,6597,7406,12070,15034,14799,21816,21194,32681,31508,36377,52092,56713,44761,54388,12983,22144,2390,2200,3785,5103,4659,8582,7159,13365,10811,13629,16180,17132,27630,34241,10054,17113,258252,165857,35325,26880,148966,1267,25,21,12
2021-05-01T23:59:59+02:00,13,13,6579,7381,12008,14989,14722,21757,21093,32608,31380,36285,52086,56697,44757,54387,12981,22142,2387,2191,3762,5086,4617,8557,7122,13328,10751,13574,15982,16909,27514,34104,10051,17103,257693,164891,35324,26853,148815,1265,25,21,12
2021-04-30T23:59:59+02:00,13,13,6542,7343,11918,14900,14617,21640,20898,32422,31142,36094,51814,56337,44712,54333,12976,22130,2358,2170,3700,5024,4521,8447,6971,13143,10474,13310,15169,15883,26644,33030,10010,17014,255921,161686,35281,24960,148597,1194,24,21,12
2021-04-29T23:59:59+02:00,13,13,6337,7219,11597,14713,14264,21404,20379,32134,30388,35603,51163,55512,44621,54219,12952,22055,2321,2124,3609,4935,4396,8311,6777,12925,10197,13024,14197,14650,25341,31486,9949,16922,252756,155991,35187,24212,146599,934,23,21,12
2021-04-28T23:59:59+02:00,13,13,6069,7054,11219,14378,13774,20939,19742,31529,29220,34476,48496,52507,44330,53894,12889,21977,2282,2084,3540,4875,4281,8195,6617,12741,9950,12805,13053,13170,23851,29607,9888,16819,242825,150023,35058,23006,144604,715,11,21,11
2021-04-27T23:59:59+02:00,13,13,5967,6962,11070,14257,13572,20778,19464,31318,28660,34089,48290,52286,44274,53843,12881,21955,2240,2050,3449,4781,4188,8086,6451,12557,9671,12529,11841,11607,22199,27452,9812,16674,241463,143215,35011,21821,143188,538,11,19,10
2021-04-26T23:59:59+02:00,13,13,5919,6917,10953,14192,13411,20657,19237,31108,27829,33520,47953,51919,44220,53778,12872,21926,2217,2022,3396,4738,4126,8017,6350,12424,9481,12352,10926,10447,20918,25702,9754,16588,240744,137943,34984,21077,140680,427,11,18,8
2021-04-25T23:59:59+02:00,13,13,5873,6870,10849,14097,13251,20503,18993,30825,27068,32781,47455,51407,44137,53678,12858,21906,2190,2011,3366,4719,4108,7998,6317,12382,9424,12292,10765,10255,20676,25379,9744,16574,239045,137088,34941,20733,138562,368,11,18,8
2021-04-24T23:59:59+02:00,13,13,5852,6821,10774,14012,13154,20362,18861,30648,26907,32602,47354,51284,44044,53583,12854,21901,2183,2001,3342,4692,4069,7952,6245,12309,9294,12174,10607,10074,20544,25248,9728,16556,237580,136564,34923,20093,138507,350,11,18,8
2021-04-23T23:59:59+02:00,13,13,5788,6729,10643,13813,12955,20109,18551,30271,26514,32240,46409,50150,43890,53338,12831,21869,2165,1979,3300,4657,4021,7897,6150,12218,9129,12046,10340,9776,20220,24827,9680,16476,233190,135442,34866,19089,138041,339,11,18,8
2021-04-22T23:59:59+02:00,13,13,5685,6614,10435,13618,12605,19779,18041,29799,25885,31647,44677,47996,43318,52608,12785,21768,2151,1968,3260,4604,3944,7823,6022,12118,8870,11881,9908,9369,19768,24238,9630,16398,226949,133322,34756,18311,135552,307,11,18,8
2021-04-21T23:59:59+02:00,13,12,5589,6476,10206,13416,12276,19466,17538,29305,25170,30918,40406,43132,42841,52073,12719,21664,2139,1959,3225,4568,3889,7765,5943,12025,8694,11721,9578,8986,19268,23647,9570,16303,214851,131679,34690,17305,133650,284,11,18,8
2021-04-20T23:59:59+02:00,13,12,5509,6386,10012,13200,12000,19203,17116,28896,24617,30356,38651,41120,42188,51298,12649,21526,2114,1946,3186,4543,3822,7720,5810,11928,8522,11593,9295,8666,18798,22980,9472,16162,208631,130314,34600,16001,131493,230,11,17,8
2021-04-19T23:59:59+02:00,13,11,5429,6308,9853,13073,11797,18998,16754,28515,24075,29887,37097,39326,41601,50572,12593,21437,2098,1927,3151,4508,3781,7676,5771,11858,8438,11502,9058,8383,18392,22414,9426,16071,203609,128623,34544,15610,129160,209,11,15,8
2021-04-18T23:59:59+02:00,13,10,5367,6257,9722,12990,11596,18861,16475,28316,23672,29575,35791,37964,41253,50166,12561,21374,2086,1911,3122,4486,3755,7660,5726,11812,8387,11453,8958,8292,18239,22226,9413,16048,202073,128136,34502,15222,125362,204,11,15,8
2021-04-17T23:59:59+02:00,13,10,5361,6241,9687,12959,11551,18821,16398,28248,23608,29517,35481,37626,41145,50069,12555,21363,2076,1903,3095,4474,3697,7615,5655,11761,8301,11401,8847,8183,18134,22109,9392,16035,200845,127332,34493,15132,125289,202,11,15,8
2021-04-16T23:59:59+02:00,13,10,5296,6202,9598,12899,11417,18709,16185,28088,23259,29169,34397,36366,40735,49543,12535,21329,1943,1815,2867,4294,3338,7300,4883,11228,6806,10308,6340,6132,16327,20425,9202,15738,196680,118014,34405,10721,124639,199,11,15,8
2021-04-15T23:59:59+02:00,13,10,5229,6111,9398,12729,11121,18461,15689,27694,22570,28570,32496,34045,39694,48334,12459,21164,1898,1783,2802,4230,3221,7181,4665,11046,6429,9997,5879,5734,15736,19741,9016,15408,190859,114893,34354,9670,120548,191,11,15,8
2021-04-14T23:59:59+02:00,13,9,5167,6065,9230,12600,10902,18284,15288,27381,21923,28090,30573,31794,38478,46917,12385,20979,1816,1728,2719,4164,3112,7088,4460,10879,6123,9745,5396,5321,15152,19052,8814,15057,184492,112269,34217,8210,117343,135,11,15,8
2021-04-13T23:59:59+02:00,13,9,5120,6012,9093,12470,10723,18114,14945,27105,21401,27625,28474,29345,37221,45324,12245,20775,1771,1711,2681,4121,3057,7027,4329,10738,5853,9535,5056,5015,14705,18604,8682,14856,177613,110850,34151,6841,114224,38,11,15,8
2021-04-12T23:59:59+02:00,12,9,5058,5961,8982,12332,10518,17966,14622,26825,20858,27168,26435,27076,36063,43856,12118,20578,1738,1667,2652,4102,3030,6974,4269,10671,5750,9435,4895,4870,14406,18233,8571,14657,171892,110009,34074,5862,110445,37,11,15,8
2021-04-11T23:59:59+02:00,12,9,5019,5918,8891,12253,10360,17865,14359,26647,20434,26844,25233,25790,35358,43071,12030,20430,1729,1661,2631,4082,3008,6949,4234,10625,5663,9367,4803,4815,14291,18111,8533,14605,170111,109809,34003,5257,106383,29,11,15,8
2021-04-10T23:59:59+02:00,12,9,5008,5904,8850,12224,10305,17830,14291,26598,20338,26764,24919,25416,35013,42652,12023,20409,1724,1655,2622,4074,2993,6933,4205,10596,5606,9328,4725,4736,14165,17949,8486,14521,168898,109021,33280,5256,106361,29,11,15,8
2021-04-09T23:59:59+02:00,12,9,4961,5871,8765,12146,10182,17706,14122,26422,20077,26522,24084,24262,34059,41444,11990,20336,1696,1625,2568,4039,2921,6871,4054,10483,5352,9103,4302,4362,13604,17234,8260,14156,165537,105343,31765,5248,105645,29,8,15,8
2021-04-08T23:59:59+02:00,12,9,4884,5806,8617,12035,9967,17529,13726,26109,19470,26053,22381,22279,32370,39477,11845,20102,1666,1609,2514,3992,2840,6784,3906,10345,5057,8838,3849,3936,12618,15989,7788,13398,159786,100368,30859,4727,102003,24,8,15,8
2021-04-07T23:59:59+02:00,12,8,4837,5754,8435,11958,9739,17379,13406,25882,18999,25689,20570,20166,30610,37216,11730,19891,1633,1593,2458,3940,2778,6704,3797,10199,4868,8647,3588,3647,11935,15184,7419,12853,153739,97065,29683,4155,98839,14,7,13,8
2021-04-06T23:59:59+02:00,12,8,4790,5709,8291,11846,9578,17214,13088,25616,18478,25303,18719,18104,28692,34728,11535,19548,1598,1574,2435,3914,2745,6667,3732,10155,4786,8556,3480,3525,11458,14538,7137,12445,146913,94759,28722,3964,95605,13,7,12,8
2021-04-05T23:59:59+02:00,12,8,4759,5667,8195,11757,9439,17114,12877,25404,18075,24955,16991,16170,27061,32583,11391,19326,1577,1563,2405,3895,2716,6619,3689,10096,4701,8441,3369,3418,11120,14168,6981,12166,141500,93368,28285,3535,91982,12,7,10,8
2021-04-04T23:59:59+02:00,12,8,4751,5661,8187,11746,9426,17101,12851,25384,18047,24930,16858,15996,26865,32335,11382,19313,1576,1562,2403,3892,2714,6616,3687,10093,4697,8438,3359,3405,11108,14156,6978,12158,140778,93287,28192,3535,91869,12,6,8,8
2021-04-03T23:59:59+02:00,12,8,4747,5653,8173,11738,9406,17081,12812,25353,17969,24867,16778,15907,26820,32278,11377,19306,1573,1560,2394,3884,2696,6602,3663,10065,4614,8383,3241,3290,11026,14082,6972,12148,140250,92638,28164,3535,91857,12,6,8,8
2021-04-02T23:59:59+02:00,12,8,4721,5633,8116,11684,9343,17012,12673,25247,17734,24666,16327,15429,26344,31704,11345,19253,1571,1551,2381,3878,2689,6586,3642,10033,4545,8290,3172,3222,10789,13782,6820,11946,139045,91346,26755,3531,91437,12,6,8,8
2021-04-01T23:59:59+02:00,11,8,4678,5572,8004,11541,9211,16851,12400,24961,17288,24266,15576,14702,25588,30744,11219,19070,1554,1529,2350,3846,2667,6556,3602,9994,4476,8225,3061,3093,9858,12666,6209,11100,136806,87342,26091,3427,88781,11,4,8,8
2021-03-31T23:59:59+02:00,11,8,4468,5492,7894,11418,9069,16686,12181,24685,16935,23900,14879,13939,24755,29734,11114,18878,1545,1524,2336,3825,2641,6527,3554,9945,4406,8154,2971,3003,9288,11970,5846,10605,135009,84921,24630,3202,86395,11,4,8,8
2021-03-30T23:59:59+02:00,11,8,4437,5438,7821,11291,8983,16527,12019,24495,16656,23590,14286,13295,23998,28756,10976,18636,1531,1514,2317,3800,2615,6498,3514,9880,4340,8083,2847,2857,8704,11315,5496,10118,133529,82613,23419,2804,84263,6,4,8,8
2021-03-29T23:59:59+02:00,11,8,4396,5380,7721,11178,8876,16364,11860,24222,16327,23242,13745,12695,23235,27784,10823,18391,1513,1501,2298,3784,2593,6469,3479,9823,4276,8008,2794,2789,8417,10930,5306,9809,131689,81232,22664,2545,81893,6,4,8,8
2021-03-28T23:59:59+02:00,11,8,4361,5295,7636,11070,8799,16212,11725,23992,16067,22969,13420,12385,22668,27092,10649,18112,1504,1495,2276,3770,2578,6440,3439,9773,4237,7950,2746,2738,8339,10826,5263,9744,131187,80889,22145,2218,79127,5,4,8,8
2021-03-27T23:59:59+01:00,11,8,4347,5284,7610,11040,8733,16141,11625,23897,15924,22853,13213,12172,22467,26879,10614,18083,1503,1493,2273,3768,2577,6439,3426,9749,4226,7928,2736,2731,8282,10761,5229,9704,130303,80596,21501,2218,79085,5,4,8,8
2021-03-26T23:59:59+01:00,11,8,4303,5214,7501,10908,8557,15958,11290,23595,15310,22347,12287,11344,21681,26039,10473,17858,1498,1479,2267,3747,2564,6416,3409,9723,4185,7891,2706,2692,8103,10543,5112,9536,126249,79755,19892,2103,78531,5,4,8,8
2021-03-25T23:59:59+01:00,11,7,4244,5054,7340,10630,8313,15552,10905,22972,14666,21647,11616,10683,20815,24973,10160,17319,1478,1465,2235,3721,2529,6377,3372,9675,4113,7810,2571,2553,7129,9290,4506,8631,122974,75576,19114,1867,74808,5,3,8,8
2021-03-24T23:59:59+01:00,11,7,4167,4913,7201,10344,8099,15138,10643,22422,14197,21039,11009,10123,19883,23885,9836,16758,1457,1435,2209,3683,2484,6341,3330,9611,4035,7711,2472,2454,6486,8530,4124,8052,120379,72955,17927,1451,71361,3,1,7,8
2021-03-23T23:59:59+01:00,11,7,4127,4818,7094,10108,7945,14797,10385,21918,13793,20547,10543,9678,19163,23035,9525,16295,1445,1417,2183,3662,2464,6314,3269,9557,3942,7637,2379,2352,5757,7601,3678,7365,118916,69889,16824,1126,68042,3,0,7,8
2021-03-22T23:59:59+01:00,11,7,4075,4737,6967,9868,7785,14476,10127,21452,13443,20049,10149,9321,18600,22326,9339,15954,1436,1410,2174,3648,2452,6298,3246,9534,3912,7603,2318,2301,5305,6995,3331,6876,118032,67792,16424,1039,64223,3,0,7,8
2021-03-21T23:59:59+01:00,11,7,4028,4632,6834,9603,7617,14121,9904,20911,13102,19523,9826,9040,18070,21723,9149,15647,1433,1406,2173,3637,2449,6291,3240,9525,3902,7589,2304,2282,5187,6862,3273,6775,117835,67282,16030,1039,59876,2,0,7,8
2021-03-20T23:59:59+01:00,11,7,4017,4610,6799,9549,7558,14050,9820,20806,12996,19433,9739,8946,17935,21549,9098,15560,1430,1401,2169,3634,2444,6286,3227,9515,3883,7579,2269,2250,4863,6489,3089,6533,117010,66015,15935,1039,59531,2,0,7,8
2021-03-19T23:59:59+01:00,10,7,3842,4469,6509,9295,7117,13624,8903,20074,11263,18103,6880,6602,15702,19348,8745,14999,1426,1397,2164,3627,2432,6273,3215,9490,3833,7533,2202,2209,4494,6017,2826,6218,107721,64342,11224,1007,56540,2,0,7,8
2021-03-18T23:59:59+01:00,10,6,3737,4335,6331,8985,6851,13184,8509,19413,10620,17366,6166,5948,14487,17881,8238,14184,1422,1391,2141,3600,2414,6237,3187,9449,3793,7499,2157,2175,4075,5489,2545,5809,102608,62477,10218,899,53418,2,0,7,8
2021-03-17T23:59:59+01:00,10,6,3659,4260,6199,8841,6684,13006,8213,19103,10219,16972,5759,5565,13670,16948,7845,13609,1412,1379,2125,3581,2384,6204,3156,9421,3756,7463,2101,2115,3668,5043,2296,5426,99378,60759,8529,764,52654,2,0,7,8
2021-03-16T23:59:59+01:00,9,6,3581,4125,6047,8570,6477,12639,7897,18516,9671,16314,5233,5109,12854,15982,7514,13118,1403,1370,2116,3564,2369,6189,3140,9401,3731,7437,2073,2079,3150,4403,1962,4920,97062,58540,7123,760,49470,2,0,7,8
2021-03-15T23:59:59+01:00,9,6,3533,3977,5859,8291,6258,12230,7623,17941,9234,15690,4917,4828,12201,15239,7252,12660,1403,1360,2100,3549,2349,6164,3122,9352,3707,7398,2037,2029,2787,3943,1676,4528,95571,56752,6152,745,46018,2,0,7,8
2021-03-14T23:59:59+01:00,9,6,3487,3845,5632,7962,5972,11785,7315,17222,8773,14937,4600,4556,11911,14982,7207,12560,1396,1354,2084,3520,2335,6114,3104,9294,3689,7359,2030,2018,2709,3836,1624,4443,95454,56351,5543,551,41757,2,0,7,8
2021-03-13T23:59:59+01:00,9,6,3470,3804,5593,7849,5913,11667,7232,17077,8626,14785,4448,4406,11819,14896,7201,12549,1396,1354,2084,3520,2334,6114,3103,9293,3688,7359,2027,2010,2656,3781,1590,4389,94763,56140,5543,551,41037,2,0,7,8
2021-03-12T23:59:59+01:00,9,6,3452,3732,5537,7713,5850,11519,7148,16853,8491,14552,4341,4310,11548,14571,7047,12334,1396,1354,2080,3514,2333,6106,3099,9287,3686,7353,2025,2008,2570,3671,1510,4303,93343,55737,5535,551,40128,2,0,7,8
2021-03-11T23:59:59+01:00,9,6,3374,3536,5328,7415,5619,11098,6809,16185,8059,13913,4006,3975,10474,13315,6397,11430,1391,1351,2070,3501,2314,6081,3076,9253,3662,7320,1996,1983,2332,3408,1360,4084,89168,54657,5113,518,36660,2,0,7,8
2021-03-10T23:59:59+01:00,9,6,3278,3418,5115,7144,5405,10741,6539,15640,7722,13366,3784,3746,9832,12522,6013,10897,1387,1340,2042,3463,2284,5991,3028,9131,3604,7201,1952,1907,2116,3171,1231,3896,86701,53454,4738,283,33731,2,0,7,8
2021-03-09T23:59:59+01:00,8,6,3204,3288,4959,6955,5209,10461,6306,15208,7425,12862,3601,3541,9203,11818,5641,10379,1380,1330,2006,3403,2253,5889,2967,8987,3536,7120,1922,1881,1841,2855,1063,3651,84432,52041,4482,36,31153,2,0,7,8
2021-03-08T23:59:59+01:00,8,6,3138,3127,4733,6689,4970,10108,6045,14698,7060,12274,3402,3348,8816,11375,5444,10067,1377,1311,1992,3324,2222,5795,2928,8841,3503,7027,1907,1859,1641,2624,945,3461,82963,50719,4121,33,28217,0,0,7,8
2021-03-07T23:59:59+01:00,8,6,3106,3068,4659,6577,4886,9995,5940,14535,6943,12129,3352,3306,8732,11271,5406,10000,1371,1306,1985,3312,2214,5768,2921,8802,3491,7008,1899,1847,1585,2556,893,3394,82612,50314,3956,33,27344,0,0,7,8
2021-03-06T23:59:59+01:00,8,6,3092,3010,4615,6487,4852,9932,5882,14420,6895,12020,3327,3282,8674,11204,5372,9957,1369,1293,1980,3298,2202,5741,2918,8774,3480,6989,1890,1823,1558,2532,888,3385,82292,50082,3956,33,26780,0,0,7,8
2021-03-05T23:59:59+01:00,8,6,3068,2917,4557,6378,4790,9834,5819,14269,6794,11867,3283,3227,8488,10974,5253,9785,1360,1260,1950,3243,2177,5634,2876,8640,3436,6851,1847,1778,1494,2461,866,3359,81392,49194,3948,33,25970,0,0,7,8
2021-03-04T23:59:59+01:00,6,6,3015,2722,4397,6139,4571,9522,5611,13849,6477,11475,3102,3049,7472,9683,4632,8873,1340,1210,1912,3120,2145,5451,2830,8362,3380,6619,1775,1688,1458,2412,862,3341,77243,47868,3661,32,23690,0,0,7,8
2021-03-03T23:59:59+01:00,4,6,2976,2649,4256,5948,4404,9254,5407,13471,6223,11055,2979,2917,6826,8913,4238,8270,1328,1172,1885,3048,2123,5340,2798,8183,3327,6461,1705,1644,1417,2342,842,3288,74524,46867,3431,32,21834,0,0,7,7
2021-03-02T23:59:59+01:00,4,6,2915,2560,4071,5731,4196,8979,5209,13094,5955,10681,2833,2759,6059,7948,3775,7563,1295,1129,1858,2976,2099,5201,2749,7910,3278,6263,1633,1584,1353,2264,822,3245,71360,45623,2984,32,19987,0,0,7,7
2021-03-01T23:59:59+01:00,4,5,2875,2496,3905,5580,4009,8759,5020,12772,5714,10292,2731,2645,5567,7294,3422,7058,1289,1093,1834,2875,2072,5008,2708,7660,3218,6027,1590,1548,1305,2205,796,3206,69205,44398,2685,32,18251,0,0,7,7
2021-02-28T23:59:59+01:00,4,5,2834,2446,3744,5461,3788,8569,4836,12521,5527,9985,2673,2573,5441,7137,3360,6957,1285,1088,1830,2861,2063,4984,2701,7624,3208,6010,1582,1541,1299,2196,794,3196,68723,44227,2465,31,16666,0,0,7,7
2021-02-27T23:59:59+01:00,4,4,2819,2381,3717,5381,3754,8499,4802,12430,5492,9910,2632,2539,5112,6749,3164,6706,1278,1080,1823,2849,2050,4949,2682,7559,3192,5954,1564,1532,1293,2185,791,3195,67414,43942,2465,30,16209,0,0,7,7
2021-02-26T23:59:59+01:00,4,4,2799,2340,3677,5295,3688,8397,4741,12321,5407,9822,2555,2486,4734,6267,2894,6383,1219,1030,1773,2740,2001,4768,2628,7285,3119,5742,1503,1481,1270,2163,777,3186,65620,42653,2339,29,15848,0,0,7,6
2021-02-25T23:59:59+01:00,4,4,2625,2231,3489,5114,3506,8173,4535,12035,5185,9547,2465,2416,4284,5712,2605,5962,1203,972,1742,2631,1947,4494,2557,6891,3024,5456,1458,1438,1250,2148,775,3177,63761,41135,2005,26,14119,0,0,7,5
2021-02-24T23:59:59+01:00,4,4,2470,2093,3298,4922,3358,7967,4339,11781,4963,9298,2326,2296,3828,5198,2347,5569,1188,943,1719,2545,1913,4355,2497,6634,2972,5249,1426,1407,1232,2128,771,3158,61995,40116,1526,18,12533,0,0,7,5
2021-02-23T23:59:59+01:00,4,4,2333,1955,3117,4694,3200,7731,4166,11507,4778,9052,2238,2200,3267,4531,2008,5055,1174,895,1688,2450,1874,4161,2429,6335,2874,4989,1368,1352,1203,2085,758,3133,59785,38751,1167,14,10881,0,0,7,5
2021-02-22T23:59:59+01:00,4,4,2293,1904,3033,4600,3130,7623,4072,11320,4671,8927,2188,2159,2902,4067,1719,4669,1162,836,1656,2324,1831,3915,2353,5940,2747,4691,1306,1297,1180,2052,751,3112,58108,37146,1083,4,10087,0,0,7,5
2021-02-21T23:59:59+01:00,4,4,2257,1872,2982,4531,3047,7507,3991,11172,4604,8808,2174,2136,2818,3953,1664,4581,1158,818,1639,2271,1806,3806,2320,5785,2684,4567,1274,1274,1170,2038,744,3099,57671,36446,1050,4,9377,0,0,7,5
2021-02-20T23:59:59+01:00,4,4,2246,1869,2960,4518,3031,7471,3965,11139,4583,8787,2171,2128,2763,3896,1629,4525,1158,815,1639,2269,1805,3797,2319,5780,2683,4563,1273,1271,1169,2035,743,3098,57454,36410,1049,4,9179,0,0,7,5
2021-02-19T23:59:59+01:00,2,4,2234,1856,2924,4466,3006,7382,3920,11057,4529,8724,2163,2122,2675,3783,1549,4432,1106,806,1600,2261,1795,3788,2309,5759,2674,4550,1267,1260,1158,2030,738,3091,57042,36185,1018,4,8761,0,0,7,5
2021-02-18T23:59:59+01:00,2,4,2101,1759,2767,4280,2882,7184,3782,10769,4390,8519,2131,2088,2433,3515,1396,4209,1027,771,1525,2162,1745,3665,2236,5601,2617,4463,1253,1240,1153,2016,728,3073,55978,35268,951,4,7275,0,0,7,5
2021-02-17T23:59:59+01:00,2,4,2057,1710,2675,4147,2773,6970,3628,10428,4248,8275,2073,2005,2212,3286,1272,4022,873,708,1416,2036,1670,3475,2142,5376,2543,4292,1219,1195,1128,1971,713,3033,54912,33784,806,3,6062,0,0,7,5
2021-02-16T23:59:59+01:00,2,4,1884,1597,2499,3940,2634,6695,3467,10073,4072,7966,2028,1978,1937,2965,1102,3770,846,686,1344,1961,1601,3333,2048,5204,2446,4161,1159,1148,1070,1881,681,2940,53581,32504,770,2,4255,0,0,7,5
2021-02-15T23:59:59+01:00,2,4,1849,1541,2410,3771,2555,6422,3344,9706,3955,7697,2000,1949,1721,2726,981,3584,828,673,1315,1915,1560,3265,1993,5032,2383,4061,1094,1108,1006,1790,662,2847,52483,31528,757,1,2970,0,0,7,5
2021-02-14T23:59:59+01:00,2,4,1759,1510,2365,3710,2513,6332,3274,9602,3909,7619,1989,1939,1662,2666,929,3525,813,663,1298,1890,1533,3242,1959,4991,2358,4006,1084,1099,999,1780,659,2835,52145,31205,728,1,2429,0,0,7,5
2021-02-13T23:59:59+01:00,2,4,1758,1498,2355,3703,2507,6318,3270,9586,3902,7609,1979,1919,1639,2646,926,3515,813,663,1298,1890,1533,3242,1959,4991,2358,4006,1084,1099,999,1780,659,2835,51989,31205,728,1,2412,0,0,7,5
2021-02-12T23:59:59+01:00,2,4,1678,1412,2256,3591,2427,6143,3165,9346,3778,7342,1932,1862,1576,2573,903,3488,807,656,1286,1868,1518,3223,1951,4960,2342,3986,1079,1094,998,1761,659,2805,51047,30990,728,0,1696,0,0,7,5
2021-02-11T23:59:59+01:00,2,4,1474,1274,2073,3375,2298,5850,3013,8912,3618,6996,1860,1759,1534,2511,889,3464,779,605,1191,1688,1392,2949,1812,4601,2176,3697,1027,1031,955,1688,626,2674,49647,28892,687,0,565,0,0,7,1
2021-02-10T23:59:59+01:00,2,4,1377,1225,1984,3247,2229,5676,2931,8633,3507,6765,1789,1711,1489,2444,873,3407,565,521,968,1463,1253,2641,1627,4138,1973,3318,908,903,833,1435,547,2357,48478,25451,647,0,161,0,0,7,1
2021-02-09T23:59:59+01:00,2,4,1341,1175,1947,3155,2202,5495,2864,8290,3437,6505,1714,1649,1428,2384,856,3370,302,384,749,1200,1066,2266,1417,3599,1724,2864,739,739,665,1148,437,1911,47214,21211,518,0,80,0,0,6,1
2021-02-08T23:59:59+01:00,2,4,1334,1140,1915,3035,2164,5272,2812,8010,3377,6268,1673,1615,1382,2328,840,3350,266,343,647,1045,960,2048,1257,3206,1526,2547,636,620,561,969,380,1661,46089,18673,347,0,79,0,0,6,1
2021-02-07T23:59:59+01:00,2,4,1307,1124,1886,2982,2139,5190,2783,7907,3334,6202,1657,1599,1367,2309,829,3335,232,287,599,955,900,1893,1164,2980,1427,2375,596,600,540,936,370,1632,45806,17488,144,0,0,0,0,6,0
2021-02-06T23:59:59+01:00,2,4,1302,1118,1880,2970,2130,5162,2770,7863,3323,6157,1644,1591,1362,2299,825,3334,213,253,577,918,872,1827,1122,2862,1369,2293,580,582,533,936,370,1632,45586,16941,144,0,0,0,0,6,0
2021-02-05T23:59:59+01:00,2,4,1241,1066,1831,2858,2078,4965,2711,7567,3246,5938,1580,1537,1343,2273,817,3327,197,223,542,871,838,1747,1084,2745,1316,2194,546,558,522,912,360,1607,44234,16264,144,0,0,0,0,6,0
2021-02-04T23:59:59+01:00,2,4,1229,1002,1790,2709,2007,4652,2626,7119,3145,5609,1535,1503,1325,2257,812,3319,169,169,469,753,739,1608,973,2505,1203,1980,499,506,479,858,343,1494,42605,14749,36,0,0,0,0,4,0
2021-02-03T23:59:59+01:00,2,4,1211,973,1760,2626,1967,4506,2559,6856,3093,5391,1498,1470,1296,2222,794,3289,138,140,393,641,623,1371,827,2127,1005,1689,380,371,344,644,240,1133,41477,12068,36,0,0,0,0,4,0
2021-02-02T23:59:59+01:00,2,4,1193,917,1726,2526,1924,4282,2486,6523,2985,5118,1442,1423,1272,2191,785,3265,117,116,317,520,520,1136,682,1797,815,1379,282,271,266,472,188,849,40024,9729,36,0,0,0,0,4,0
2021-02-01T23:59:59+01:00,1,4,1179,857,1691,2401,1873,4036,2409,6129,2861,4821,1373,1342,1241,2145,774,3240,84,76,217,349,347,741,434,1160,479,860,176,166,154,279,100,496,38337,6118,36,0,0,0,0,4,0
2021-01-31T23:59:59+01:00,1,4,1174,839,1674,2343,1849,3912,2377,5946,2793,4701,1341,1319,1230,2130,767,3228,73,70,184,279,270,575,345,907,397,693,150,150,145,271,96,482,37591,5087,33,0,0,0,0,4,0
2021-01-30T23:59:59+01:00,1,4,1174,836,1673,2338,1847,3901,2375,5935,2790,4691,1340,1315,1229,2129,767,3227,70,63,152,232,242,507,310,789,354,618,149,143,140,267,96,481,37536,4613,32,0,0,0,0,4,0
2021-01-29T23:59:59+01:00,1,4,1121,827,1634,2331,1836,3894,2367,5921,2782,4679,1336,1312,1225,2129,767,3227,62,45,115,177,198,353,253,640,310,490,138,134,128,256,93,481,37360,3873,30,0,0,0,0,3,0
2021-01-28T23:59:59+01:00,1,4,1046,802,1575,2268,1803,3824,2319,5850,2749,4625,1324,1300,1218,2123,758,3213,40,20,73,105,129,206,157,383,202,293,104,102,103,205,83,434,36772,2639,27,0,0,0,0,3,0
2021-01-27T23:59:59+01:00,1,4,896,751,1484,2192,1736,3709,2247,5720,2689,4500,1293,1255,1192,2084,746,3181,29,12,63,86,104,162,123,326,175,248,96,84,91,186,79,403,35659,2267,18,0,0,0,0,3,0
2021-01-26T23:59:59+01:00,1,4,882,732,1419,2118,1673,3579,2157,5548,2595,4388,1233,1214,1139,2009,720,3131,28,11,60,83,100,156,119,311,174,238,94,79,84,165,68,357,34527,2127,12,0,0,0,0,3,0
2021-01-25T23:59:59+01:00,1,4,869,711,1387,2058,1642,3482,2112,5381,2537,4297,1172,1188,1082,1950,700,3070,26,11,57,83,97,154,118,309,173,238,93,78,83,164,66,354,33637,2104,3,0,0,0,0,3,0
2021-01-24T23:59:59+01:00,1,4,866,710,1381,2047,1637,3465,2104,5355,2526,4265,1168,1180,1077,1943,699,3065,26,11,57,83,96,153,118,309,173,237,93,78,83,164,66,354,33487,2101,3,0,0,0,0,3,0
2021-01-23T23:59:59+01:00,1,4,866,710,1381,2047,1637,3465,2104,5355,2526,4265,1168,1180,1077,1943,699,3065,26,11,57,83,96,153,118,309,172,237,93,78,83,164,66,354,33487,2100,3,0,0,0,0,3,0
2021-01-22T23:59:59+01:00,1,4,866,700,1367,2025,1621,3441,2091,5321,2510,4245,1166,1175,1076,1920,698,3032,26,11,57,83,96,153,118,309,171,237,93,78,83,164,66,354,33253,2099,3,0,0,0,0,3,0
2021-01-21T23:59:59+01:00,1,4,835,663,1289,1870,1521,3251,1995,5049,2400,4047,1127,1117,1049,1854,667,2927,24,10,52,78,88,145,107,280,157,214,80,70,74,144,54,301,31662,1878,3,0,0,0,0,1,0
2021-01-20T23:59:59+01:00,1,4,631,564,1093,1651,1387,2977,1818,4642,2196,3708,1001,999,931,1625,602,2656,22,10,51,74,85,144,99,267,146,195,70,64,69,122,45,269,28482,1732,3,0,0,0,0,1,0
2021-01-19T23:59:59+01:00,1,4,344,418,840,1393,1186,2635,1582,4112,1930,3258,830,829,767,1352,503,2251,18,7,36,52,56,78,73,180,102,132,53,49,48,91,34,208,24232,1217,2,0,0,0,0,1,0
2021-01-18T23:59:59+01:00,1,4,302,377,728,1205,1063,2380,1387,3613,1690,2878,695,678,616,1107,428,1863,7,3,11,17,19,27,24,52,25,46,13,11,13,33,7,61,21013,369,1,0,0,0,0,1,0
2021-01-17T23:59:59+01:00,1,4,261,322,662,1110,985,2207,1287,3340,1574,2666,650,648,588,1050,407,1805,0,0,1,0,2,2,2,1,2,2,1,4,1,0,0,1,19566,19,1,0,0,0,0,0,0
2021-01-16T23:59:59+01:00,1,4,244,290,646,1076,961,2144,1246,3229,1523,2593,634,631,580,1050,407,1804,0,0,0,0,1,2,1,1,1,2,0,1,1,0,0,1,19062,11,1,0,0,0,0,0,0
2021-01-15T23:59:59+01:00,1,4,229,257,617,1028,934,2066,1212,3113,1471,2497,603,605,573,1029,400,1792,0,0,0,0,0,0,0,0,0,0,0,0,0,0,0,0,18431,0,0,0,0,0,0,0,0
2021-01-14T23:59:59+01:00,1,3,199,205,557,905,845,1922,1119,2890,1355,2314,558,562,535,985,394,1750,0,0,0,0,0,0,0,0,0,0,0,0,0,0,0,0,17099,0,0,0,0,0,0,0,0
2021-01-13T23:59:59+01:00,1,3,165,186,507,836,773,1796,1020,2651,1195,2087,442,444,406,778,296,1353,0,0,0,0,0,0,0,0,0,0,0,0,0,0,0,0,14939,0,0,0,0,0,0,0,0
2021-01-12T23:59:59+01:00,1,3,143,165,475,767,723,1640,930,2448,1088,1853,353,334,315,558,214,965,0,0,0,0,0,0,0,0,0,0,0,0,0,0,0,0,12975,0,0,0,0,0,0,0,0
2021-01-11T23:59:59+01:00,0,1,114,128,398,636,633,1386,766,1989,859,1467,216,195,175,330,116,568,0,0,0,0,0,0,0,0,0,0,0,0,0,0,0,0,9977,0,0,0,0,0,0,0,0
2021-01-10T23:59:59+01:00,0,1,88,92,308,460,477,1006,558,1459,632,1066,179,171,163,317,111,555,0,0,0,0,0,0,0,0,0,0,0,0,0,0,0,0,7643,0,0,0,0,0,0,0,0
2021-01-09T23:59:59+01:00,0,1,78,84,261,397,407,874,491,1241,555,908,172,161,158,312,111,553,0,0,0,0,0,0,0,0,0,0,0,0,0,0,0,0,6764,0,0,0,0,0,0,0,0
2021-01-08T23:59:59+01:00,0,1,65,64,187,289,308,593,375,942,446,688,164,156,142,300,109,553,0,0,0,0,0,0,0,0,0,0,0,0,0,0,0,0,5382,0,0,0,0,0,0,0,0
2021-01-07T23:59:59+01:00,0,0,46,24,79,121,139,235,169,426,224,342,118,121,124,251,98,504,0,0,0,0,0,0,0,0,0,0,0,0,0,0,0,0,3021,0,0,0,0,0,0,0,0
2021-01-06T23:59:59+01:00,0,0,32,17,70,92,118,185,140,348,195,278,99,93,98,205,83,429,0,0,0,0,0,0,0,0,0,0,0,0,0,0,0,0,2482,0,0,0,0,0,0,0,0
2021-01-05T23:59:59+01:00,0,0,29,12,60,87,108,171,124,333,181,255,98,88,96,198,81,411,0,0,0,0,0,0,0,0,0,0,0,0,0,0,0,0,2332,0,0,0,0,0,0,0,0
2021-01-04T23:59:59+01:00,0,0,26,11,57,84,100,162,119,318,179,242,97,85,89,184,71,380,0,0,0,0,0,0,0,0,0,0,0,0,0,0,0,0,2204,0,0,0,0,0,0,0,0
2021-01-03T23:59:59+01:00,0,0,26,11,57,84,100,162,119,318,179,242,97,85,88,183,71,380,0,0,0,0,0,0,0,0,0,0,0,0,0,0,0,0,2202,0,0,0,0,0,0,0,0
2021-01-02T23:59:59+01:00,0,0,26,11,57,84,100,162,119,318,178,242,97,85,88,183,71,380,0,0,0,0,0,0,0,0,0,0,0,0,0,0,0,0,2201,0,0,0,0,0,0,0,0
2021-01-01T23:59:59+01:00,0,0,26,11,57,84,100,162,119,318,176,241,97,85,88,183,71,380,0,0,0,0,0,0,0,0,0,0,0,0,0,0,0,0,2198,0,0,0,0,0,0,0,0
2020-12-31T23:59:59+01:00,0,0,26,11,57,84,100,162,119,318,176,241,97,85,88,183,71,380,0,0,0,0,0,0,0,0,0,0,0,0,0,0,0,0,2198,0,0,0,0,0,0,0,0
2020-12-30T23:59:59+01:00,0,0,25,11,57,83,99,159,119,317,176,241,97,85,88,183,71,380,0,0,0,0,0,0,0,0,0,0,0,0,0,0,0,0,2191,0,0,0,0,0,0,0,0
2020-12-29T23:59:59+01:00,0,0,18,8,42,59,76,95,89,222,129,189,74,73,65,151,56,304,0,0,0,0,0,0,0,0,0,0,0,0,0,0,0,0,1650,0,0,0,0,0,0,0,0
2020-12-28T23:59:59+01:00,0,0,8,5,17,28,32,45,42,115,53,101,30,40,37,91,29,175,0,0,0,0,0,0,0,0,0,0,0,0,0,0,0,0,848,0,0,0,0,0,0,0,0
2020-12-27T23:59:59+01:00,0,0,2,2,4,5,7,11,11,24,6,22,5,7,6,25,3,48,0,0,0,0,0,0,0,0,0,0,0,0,0,0,0,0,188,0,0,0,0,0,0,0,0
