Datum,<15_1_m,<15_1_w,15-24_1_m,15-24_1_w,25-34_1_m,25-34_1_w,35-44_1_m,35-44_1_w,45-54_1_m,45-54_1_w,55-64_1_m,55-64_1_w,65-74_1_m,65-74_1_w,75-84_1_m,75-84_1_w,>84_1_m,>84_1_w,<15_2_m,<15_2_w,15-24_2_m,15-24_2_w,25-34_2_m,25-34_2_w,35-44_2_m,35-44_2_w,45-54_2_m,45-54_2_w,55-64_2_m,55-64_2_w,65-74_2_m,65-74_2_w,75-84_2_m,75-84_2_w,>84_2_m,>84_2_w,bp_1,bp_2,mo_1,mo_2,az_1,az_2,ja,unb_1,unb_2
2021-12-02T23:59:59+01:00,20920,19589,69049,63788,75556,70753,82988,83247,103078,104556,112672,111099,75884,82491,52979,65301,15399,26721,11843,11093,61353,57293,68600,63634,76763,76941,97228,98466,107806,106454,73836,80125,51689,63480,14819,25488,925132,847483,75739,70596,182928,176436,52321,65,75
2021-12-01T23:59:59+01:00,20572,19283,69001,63746,75496,70678,82932,83180,103030,104492,112617,111051,75848,82442,52957,65267,15390,26700,11735,11002,61184,57179,68427,63462,76601,76804,97087,98351,107691,106362,73790,80077,51673,63452,14814,25473,923863,845858,75625,70479,182928,176436,52316,65,75
2021-11-30T23:59:59+01:00,20044,18758,68928,63675,75416,70552,82863,83095,102966,104412,112552,110971,75804,82375,52933,65220,15379,26658,11637,10897,60974,57010,68213,63233,76394,76619,96918,98198,107546,106230,73741,80017,51652,63418,14810,25458,921997,843778,75419,70368,182927,176436,52308,65,75
2021-11-29T23:59:59+01:00,19340,18096,68857,63607,75323,70451,82788,83018,102904,104335,112476,110894,75771,82321,52915,65175,15369,26623,11561,10800,60760,56867,67993,63044,76190,76456,96759,98062,107420,106101,73689,79961,51621,63383,14804,25442,919850,841837,75240,70281,182925,176422,52298,65,75
2021-11-28T23:59:59+01:00,18736,17594,68785,63549,75226,70348,82725,82950,102840,104275,112411,110825,75740,82282,52900,65130,15362,26601,11488,10743,60604,56749,67820,62903,76020,76332,96619,97962,107331,106018,73659,79924,51603,63362,14797,25427,918066,840399,75056,70179,182916,176418,52290,65,75
2021-11-27T23:59:59+01:00,18081,16973,68713,63507,75172,70284,82666,82910,102801,104240,112384,110801,75724,82264,52893,65115,15356,26595,11447,10697,60496,56655,67683,62795,75917,76258,96532,97891,107274,105983,73646,79910,51598,63355,14795,25424,916377,839466,74946,70108,182916,176418,52289,65,75
2021-11-26T23:59:59+01:00,17168,16036,68604,63397,75100,70193,82603,82826,102722,104170,112338,110745,75699,82240,52882,65096,15352,26577,11365,10613,60323,56506,67503,62653,75761,76123,96400,97749,107192,105898,73629,79886,51585,63343,14791,25420,913804,837996,74795,69971,182915,176415,52283,65,75
2021-11-25T23:59:59+01:00,16278,15283,68472,63273,74974,70027,82484,82710,102626,104056,112247,110647,75657,82180,52865,65059,15343,26564,11269,10514,60117,56351,67281,62473,75607,75952,96244,97605,107088,105791,73600,79851,51573,63324,14788,25412,911101,836277,74511,69802,182908,176415,52271,65,75
2021-11-24T23:59:59+01:00,15875,14903,68369,63196,74873,69908,82377,82606,102540,103966,112172,110560,75612,82123,52842,65018,15330,26538,11203,10449,59958,56225,67099,62318,75467,75834,96112,97487,106981,105705,73569,79805,51549,63301,14782,25399,909365,834799,74328,69701,182905,176412,52256,65,75
2021-11-23T23:59:59+01:00,15593,14659,68243,63054,74750,69741,82229,82468,102422,103847,112064,110447,75566,82041,52804,64965,15310,26507,11119,10392,59823,56112,66907,62159,75297,75709,95975,97375,106875,105616,73531,79766,51532,63271,14774,25384,907538,833274,74075,69617,182903,176411,52240,65,75
2021-11-22T23:59:59+01:00,15333,14446,68094,62933,74599,69579,82105,82347,102310,103711,111957,110326,75497,81972,52769,64916,15300,26470,11068,10333,59649,56000,66719,62018,75146,75607,95866,97243,106773,105536,73491,79718,51507,63240,14769,25373,905727,831799,73865,69558,182903,176409,52215,65,75
2021-11-21T23:59:59+01:00,15052,14158,67967,62821,74447,69426,81988,82253,102209,103599,111866,110233,75450,81916,52742,64881,15284,26439,11043,10296,59559,55925,66598,61932,75043,75524,95771,97165,106717,105477,73463,79688,51486,63218,14765,25364,903997,830885,73688,69474,182897,176406,52194,65,75
2021-11-20T23:59:59+01:00,14786,13926,67841,62711,74318,69290,81865,82162,102126,103521,111788,110141,75426,81880,52730,64854,15278,26429,11028,10281,59514,55863,66537,61882,74987,75480,95716,97117,106671,105442,73454,79673,51482,63213,14763,25363,902420,830354,73613,69443,182896,176406,52188,65,75
2021-11-19T23:59:59+01:00,14451,13576,67583,62521,74125,69091,81707,81996,101992,103354,111677,110025,75370,81836,52706,64822,15270,26412,10966,10214,59355,55758,66393,61757,74845,75354,95584,97007,106562,105367,73430,79640,51468,63191,14759,25357,899997,828958,73495,69397,182896,176406,52171,65,75
2021-11-18T23:59:59+01:00,14139,13286,67301,62239,73894,68824,81488,81764,101813,103166,111538,109879,75313,81753,52676,64772,15262,26393,10874,10143,59190,55621,66195,61594,74694,75223,95431,96884,106430,105287,73394,79577,51451,63166,14754,25345,897198,827337,73332,69316,182896,176406,52119,65,75
2021-11-17T23:59:59+01:00,13955,13106,67106,62065,73654,68606,81318,81600,101630,103032,111407,109754,75258,81692,52648,64718,15248,26367,10815,10086,59040,55499,66044,61455,74562,75102,95290,96778,106322,105216,73358,79528,51425,63135,14751,25326,895036,825922,73211,69268,182894,176400,52067,65,75
2021-11-16T23:59:59+01:00,13754,12926,66876,61860,73401,68350,81095,81387,101445,102878,111274,109632,75197,81625,52614,64656,15232,26338,10767,10034,58913,55393,65906,61322,74433,74991,95174,96683,106237,105146,73321,79488,51405,63107,14745,25309,892528,824645,73141,69234,182894,176399,52021,65,75
2021-11-15T23:59:59+01:00,13593,12761,66617,61645,73146,68073,80875,81172,101255,102681,111136,109496,75143,81575,52594,64626,15220,26313,10722,9997,58808,55298,65798,61221,74334,74905,95106,96605,106162,105073,73281,79448,51386,63081,14738,25300,890047,823605,73056,69207,182883,176397,51979,65,75
2021-11-14T23:59:59+01:00,13321,12512,66220,61337,72818,67754,80595,80940,101032,102464,110977,109368,75086,81519,52572,64590,15213,26291,10669,9937,58671,55186,65691,61125,74229,74793,95015,96524,106085,104997,73230,79409,51367,63065,14733,25291,886901,822441,72950,69185,182879,176393,51923,65,75
2021-11-13T23:59:59+01:00,13179,12369,65916,61098,72566,67524,80375,80751,100865,102286,110850,109286,75052,81482,52555,64571,15208,26286,10649,9914,58600,55117,65625,61070,74182,74746,94950,96479,106062,104963,73221,79397,51362,63062,14733,25289,884587,821885,72899,69169,182878,176393,51899,65,75
2021-11-12T23:59:59+01:00,13015,12190,65573,60812,72285,67286,80153,80533,100689,102083,110723,109164,75029,81447,52543,64547,15205,26283,10616,9870,58486,55008,65503,60977,74070,74657,94855,96398,106005,104924,73202,79375,51353,63051,14729,25281,882030,820885,72825,69136,182877,176392,51872,65,75
2021-11-11T23:59:59+01:00,12778,11961,65151,60478,71926,66940,79809,80226,100440,101838,110531,108988,74977,81373,52513,64508,15199,26268,10530,9790,58333,54875,65375,60863,73958,74534,94760,96291,105907,104844,73165,79329,51337,63025,14718,25269,878630,819524,72634,69104,182873,176390,51810,65,75
2021-11-10T23:59:59+01:00,12637,11839,64897,60230,71616,66640,79562,80008,100255,101671,110388,108848,74918,81297,52479,64467,15192,26253,10470,9739,58225,54762,65242,60731,73850,74438,94649,96198,105829,104780,73132,79281,51315,63003,14713,25262,876098,818367,72559,69081,182865,176378,51718,65,75
2021-11-09T23:59:59+01:00,12481,11679,64486,59939,71219,66312,79267,79743,99995,101433,110183,108703,74850,81240,52456,64423,15186,26237,10410,9684,58101,54634,65124,60606,73759,74333,94555,96103,105746,104708,73089,79242,51289,62975,14706,25241,872907,817176,72492,69068,182853,176363,51623,65,75
2021-11-08T23:59:59+01:00,12370,11566,64114,59693,70845,66008,78982,79503,99756,101234,110036,108558,74796,81179,52435,64376,15181,26217,10361,9650,57990,54540,65039,60487,73673,74236,94461,96005,105677,104645,73059,79198,51273,62945,14702,25225,870094,816145,72413,69042,182839,176358,51546,65,75
2021-11-07T23:59:59+01:00,12287,11488,63821,59490,70553,65747,78704,79318,99556,101082,109911,108442,74760,81118,52415,64356,15177,26205,10323,9602,57882,54467,64956,60393,73583,74167,94379,95939,105616,104588,73040,79174,51261,62925,14700,25216,867886,815324,72308,69014,182828,176347,51451,65,75
2021-11-06T23:59:59+01:00,12181,11389,63627,59279,70313,65516,78523,79171,99383,100917,109805,108354,74744,81095,52403,64347,15175,26202,10309,9592,57831,54430,64912,60342,73557,74139,94351,95910,105596,104566,73027,79163,51257,62921,14699,25214,865938,814961,72280,69013,182827,176345,51422,65,75
2021-11-05T23:59:59+01:00,12041,11266,63384,59070,70059,65267,78300,78960,99220,100747,109693,108252,74712,81068,52396,64336,15174,26200,10270,9548,57747,54379,64847,60279,73500,74089,94308,95859,105554,104529,73011,79145,51249,62912,14699,25211,863878,814371,72107,68971,182825,176342,51377,65,75
2021-11-04T23:59:59+01:00,11954,11166,63146,58877,69770,65026,78093,78757,99019,100582,109564,108135,74672,81036,52386,64317,15169,26176,10207,9480,57617,54298,64758,60171,73407,74006,94239,95787,105494,104464,72981,79119,51226,62888,14691,25195,861870,813415,71926,68932,182821,176336,51270,65,75
2021-11-03T23:59:59+01:00,11871,11108,62924,58721,69542,64850,77905,78615,98863,100470,109460,108068,74649,81011,52371,64300,15165,26166,10142,9427,57492,54176,64645,60048,73313,73922,94154,95719,105437,104414,72953,79087,51206,62862,14683,25179,860262,812365,71845,68911,182820,176335,51173,65,75
2021-11-02T23:59:59+01:00,11792,11030,62696,58557,69247,64628,77680,78449,98671,100317,109337,107968,74627,80975,52357,64274,15160,26154,10082,9359,57338,54077,64535,59932,73209,73842,94061,95640,105379,104346,72917,79046,51198,62835,14675,25162,858322,811281,71762,68892,182818,176331,51054,65,75
2021-11-01T23:59:59+01:00,11698,10948,62421,58373,68980,64429,77474,78300,98496,100181,109226,107881,74601,80953,52346,64253,15155,26144,10014,9289,57206,53970,64401,59834,73120,73740,93987,95567,105321,104293,72881,79013,51185,62804,14668,25141,856470,810238,71685,68848,182797,176328,50945,64,75
2021-10-31T23:59:59+01:00,11687,10936,62388,58356,68953,64404,77446,78275,98478,100169,109214,107873,74599,80953,52346,64253,15155,26143,9997,9271,57187,53956,64388,59818,73109,73727,93983,95562,105316,104289,72881,79011,51185,62803,14667,25141,856278,810124,71671,68842,182795,176328,50922,64,75
2021-10-30T23:59:59+02:00,11681,10932,62373,58338,68927,64386,77426,78256,98462,100157,109206,107871,74597,80953,52346,64253,15154,26142,9993,9271,57172,53946,64380,59815,73097,73718,93976,95556,105313,104288,72881,79010,51184,62803,14667,25140,856144,810074,71662,68836,182795,176328,50897,64,75
2021-10-29T23:59:59+02:00,11615,10872,62186,58220,68717,64235,77241,78133,98292,100029,109096,107812,74573,80939,52335,64237,15150,26134,9961,9244,57061,53866,64290,59739,73034,73655,93903,95508,105273,104265,72864,78992,51179,62791,14663,25134,854653,809422,71619,68808,182793,176328,50789,64,75
2021-10-28T23:59:59+02:00,11529,10800,61961,58061,68464,64036,77033,77975,98094,99870,108992,107726,74548,80896,52320,64226,15145,26126,9903,9192,56905,53715,64158,59627,72933,73558,93834,95429,105191,104196,72840,78960,51167,62778,14659,25124,852864,808366,71551,68778,182789,176314,50636,64,75
2021-10-27T23:59:59+02:00,11459,10714,61797,57905,68262,63880,76870,77848,97965,99769,108918,107672,74528,80863,52313,64210,15143,26113,9842,9135,56787,53597,64050,59527,72830,73470,93762,95364,105132,104161,72817,78929,51154,62755,14655,25109,851524,807411,71428,68754,182786,176307,50529,64,75
2021-10-26T23:59:59+02:00,11373,10615,61654,57748,68082,63714,76711,77739,97850,99666,108836,107614,74501,80839,52297,64186,15133,26092,9781,9060,56638,53479,63945,59411,72754,73399,93687,95299,105086,104116,72794,78905,51131,62728,14648,25101,850107,806429,71367,68727,182780,176297,50434,64,75
2021-10-25T23:59:59+02:00,11348,10595,61597,57698,68031,63673,76664,77696,97814,99645,108814,107596,74492,80827,52296,64181,15130,26091,9757,9037,56577,53437,63909,59381,72725,73361,93660,95281,105069,104099,72792,78900,51129,62724,14648,25099,849680,806081,71357,68723,182780,176297,50409,64,75
2021-10-24T23:59:59+02:00,11305,10555,61486,57620,67930,63583,76583,77622,97736,99598,108778,107567,74478,80813,52290,64179,15128,26090,9708,8997,56501,53358,63832,59299,72660,73312,93609,95227,105039,104059,72768,78884,51120,62714,14645,25097,848999,805462,71306,68710,182780,176288,50294,64,75
2021-10-23T23:59:59+02:00,11301,10552,61477,57608,67913,63567,76570,77608,97722,99590,108773,107562,74477,80812,52290,64179,15127,26090,9703,8995,56492,53344,63818,59291,72653,73298,93600,95220,105036,104055,72766,78882,51120,62712,14645,25096,848915,805391,71291,68702,182779,176287,50271,64,75
2021-10-22T23:59:59+02:00,11238,10504,61320,57496,67734,63434,76431,77488,97593,99488,108696,107511,74460,80793,52286,64171,15126,26085,9649,8947,56375,53247,63735,59211,72579,73226,93531,95164,104998,104028,72749,78864,51115,62702,14645,25096,847722,804653,71214,68670,182778,176285,50178,64,75
2021-10-21T23:59:59+02:00,11160,10425,61161,57374,67570,63302,76290,77355,97468,99393,108606,107442,74432,80764,52274,64143,15121,26074,9575,8843,56244,53111,63608,59082,72497,73123,93433,95079,104941,103978,72714,78829,51105,62678,14639,25089,846390,803519,71180,68646,182777,176283,50045,64,75
2021-10-20T23:59:59+02:00,11119,10375,61060,57274,67463,63192,76198,77268,97383,99331,108556,107403,74418,80745,52262,64135,15117,26067,9492,8783,56112,52973,63501,58976,72422,73008,93363,95020,104872,103922,72688,78797,51093,62653,14636,25079,845494,802437,71158,68621,182773,176280,49977,64,75
2021-10-19T23:59:59+02:00,11068,10323,60991,57200,67384,63105,76123,77200,97331,99293,108517,107368,74393,80728,52249,64112,15106,26051,9408,8696,55972,52860,63386,58863,72336,72913,93281,94921,104806,103852,72638,78751,51075,62615,14629,25059,844761,801200,71134,68595,182770,176278,49913,64,75
2021-10-18T23:59:59+02:00,11021,10276,60912,57125,67301,63034,76062,77135,97280,99239,108475,107322,74377,80709,52243,64088,15102,26035,9355,8646,55856,52718,63259,58726,72244,72815,93197,94821,104748,103795,72597,78714,51048,62587,14618,25042,844032,800002,71109,68582,182770,176267,49860,64,75
2021-10-17T23:59:59+02:00,10993,10250,60865,57086,67264,62997,76031,77110,97240,99201,108464,107296,74367,80699,52240,64076,15098,26029,9299,8599,55762,52638,63179,58632,72179,72730,93141,94767,104710,103753,72570,78683,51036,62560,14612,25024,843660,799184,71104,68557,182764,176246,49812,64,75
2021-10-16T23:59:59+02:00,10989,10245,60859,57082,67255,62988,76024,77106,97233,99199,108463,107293,74366,80699,52240,64075,15098,26029,9292,8594,55758,52624,63173,58626,72174,72726,93138,94762,104708,103749,72569,78681,51036,62560,14612,25024,843614,799137,71100,68549,182764,176246,49799,64,75
2021-10-15T23:59:59+02:00,10951,10199,60766,57019,67194,62923,75962,77045,97182,99146,108424,107271,74355,80684,52238,64073,15096,26027,9244,8545,55638,52505,63096,58552,72105,72653,93069,94701,104660,103706,72552,78662,51026,62543,14611,25020,842991,798310,71079,68503,182764,176245,49755,64,75
2021-10-14T23:59:59+02:00,10903,10135,60657,56924,67129,62825,75897,76970,97118,99085,108387,107221,74340,80665,52227,64059,15092,26021,9138,8462,55472,52372,62979,58422,72035,72554,92964,94610,104600,103638,72517,78629,51004,62510,14601,25006,842214,797067,71058,68478,182754,176231,49662,64,75
2021-10-13T23:59:59+02:00,10846,10093,60566,56840,67064,62731,75828,76900,97058,99046,108336,107180,74320,80645,52212,64042,15088,26011,9071,8401,55337,52242,62876,58293,71938,72457,92887,94523,104522,103563,72479,78595,50984,62476,14590,24986,841458,795882,71044,68466,182751,176211,49586,64,75
2021-10-12T23:59:59+02:00,10787,10041,60458,56753,66964,62649,75759,76843,97013,98993,108298,107147,74296,80621,52204,64030,15082,26002,8996,8340,55204,52090,62767,58172,71853,72348,92830,94438,104449,103496,72439,78547,50960,62445,14585,24967,840672,794683,71034,68446,182748,176203,49519,64,75
2021-10-11T23:59:59+02:00,10733,9992,60360,56688,66873,62552,75681,76774,96951,98938,108244,107102,74270,80592,52187,64003,15067,25983,8935,8284,55081,51961,62641,58039,71774,72236,92752,94362,104373,103430,72393,78502,50931,62409,14572,24945,839841,793496,71014,68428,182740,176194,49427,64,75
2021-10-10T23:59:59+02:00,10703,9963,60299,56646,66813,62506,75640,76730,96918,98906,108216,107081,74258,80581,52184,63997,15062,25973,8883,8242,54980,51844,62548,57913,71689,72152,92678,94278,104312,103378,72362,78472,50910,62387,14566,24933,839426,792511,71005,68418,182734,176180,49343,64,75
2021-10-09T23:59:59+02:00,10702,9960,60289,56638,66800,62499,75634,76724,96912,98897,108210,107079,74258,80577,52184,63997,15062,25972,8871,8234,54962,51828,62538,57897,71678,72141,92671,94272,104304,103374,72359,78471,50910,62387,14566,24933,839365,792403,70999,68412,182733,176177,49329,64,75
2021-10-08T23:59:59+02:00,10651,9910,60193,56543,66726,62419,75574,76656,96863,98851,108175,107052,74248,80569,52177,63985,15057,25971,8829,8183,54859,51737,62461,57833,71610,72075,92622,94218,104276,103342,72351,78460,50903,62381,14564,24931,838671,791737,70973,68381,182731,176165,49277,64,75
2021-10-07T23:59:59+02:00,10587,9841,60042,56432,66633,62322,75486,76557,96787,98796,108111,106997,74223,80547,52167,63973,15050,25964,8721,8089,54727,51592,62356,57704,71499,71964,92534,94125,104190,103278,72299,78423,50880,62356,14552,24920,837714,790497,70960,68347,182730,176148,49143,64,74
2021-10-06T23:59:59+02:00,10531,9800,59903,56334,66547,62240,75406,76493,96726,98749,108064,106953,74204,80524,52150,63951,15047,25949,8646,8019,54587,51429,62262,57568,71403,71857,92430,94038,104101,103195,72261,78380,50855,62322,14542,24906,836867,789222,70948,68340,182728,176131,49034,64,74
2021-10-05T23:59:59+02:00,10464,9728,59765,56210,66447,62141,75325,76420,96649,98686,108017,106898,74182,80497,52141,63922,15041,25938,8559,7939,54405,51258,62146,57421,71290,71740,92321,93934,104030,103124,72207,78336,50831,62283,14534,24894,835919,787847,70933,68311,182725,176120,48900,64,74
2021-10-04T23:59:59+02:00,10403,9675,59613,56088,66305,62022,75220,76327,96550,98604,107953,106844,74160,80466,52121,63889,15037,25919,8484,7878,54231,51073,62030,57267,71157,71609,92238,93829,103930,103037,72172,78281,50787,62244,14524,24874,834792,786395,70920,68304,182720,176102,48770,64,74
2021-10-03T23:59:59+02:00,10360,9636,59559,56003,66236,61969,75161,76288,96518,98573,107919,106803,74148,80448,52112,63877,15036,25912,8426,7835,54114,50958,61947,57176,71071,71508,92172,93755,103864,102950,72138,78252,50768,62211,14517,24870,834284,785427,70915,68299,182708,176075,48657,64,74
2021-10-02T23:59:59+02:00,10354,9634,59549,55988,66219,61956,75152,76273,96513,98568,107917,106800,74147,80448,52111,63875,15036,25912,8421,7831,54100,50947,61935,57167,71068,71498,92168,93752,103862,102941,72135,78252,50767,62209,14516,24870,834202,785356,70905,68292,182708,176074,48643,64,74
2021-10-01T23:59:59+02:00,10299,9578,59391,55888,66140,61866,75071,76206,96459,98514,107858,106764,74131,80425,52100,63862,15035,25908,8359,7768,53983,50838,61879,57101,71021,71450,92112,93697,103827,102908,72122,78245,50762,62197,14514,24865,833355,784685,70886,68265,182706,176071,48553,64,74
2021-09-30T23:59:59+02:00,10225,9492,59247,55733,66003,61733,74968,76114,96351,98420,107767,106698,74102,80387,52085,63837,15031,25891,8279,7693,53835,50705,61778,56992,70927,71366,92027,93610,103754,102842,72086,78201,50741,62162,14514,24854,832211,783672,70857,68242,182702,176060,48318,64,74
2021-09-29T23:59:59+02:00,10147,9435,59096,55601,65884,61615,74882,76019,96251,98329,107702,106641,74064,80342,52077,63807,15026,25880,8200,7607,53678,50552,61665,56855,70830,71259,91932,93514,103658,102774,72036,78157,50716,62111,14507,24844,831178,782474,70829,68211,182699,176041,48095,64,74
2021-09-28T23:59:59+02:00,10061,9353,58957,55450,65720,61474,74776,75933,96144,98243,107619,106576,74012,80300,52057,63779,15019,25863,8125,7538,53532,50401,61528,56738,70736,71142,91855,93436,103582,102696,71996,78119,50693,62079,14503,24832,830011,781418,70816,68192,182695,176031,47816,64,74
2021-09-27T23:59:59+02:00,10001,9301,58802,55291,65578,61347,74683,75829,96039,98137,107528,106523,73966,80256,52038,63752,15013,25843,8059,7472,53380,50271,61401,56605,70644,71035,91752,93339,103495,102644,71947,78072,50672,62043,14496,24813,828961,780427,70792,68176,182690,175984,47479,64,74
2021-09-26T23:59:59+02:00,9959,9260,58716,55205,65493,61262,74625,75753,95975,98080,107481,106486,73941,80231,52027,63727,15006,25830,8012,7430,53281,50161,61312,56524,70566,70945,91683,93263,103440,102612,71918,78044,50650,62019,14490,24802,828321,779680,70775,68169,182674,175948,47281,64,74
2021-09-25T23:59:59+02:00,9950,9248,58699,55184,65477,61251,74614,75744,95968,98072,107472,106482,73941,80230,52026,63726,15006,25830,8011,7419,53256,50151,61298,56505,70553,70938,91677,93257,103429,102610,71918,78042,50650,62015,14490,24802,828240,779601,70768,68165,182672,175947,47234,64,74
2021-09-24T23:59:59+02:00,9898,9192,58589,55060,65380,61150,74523,75652,95882,97998,107413,106441,73913,80208,52018,63716,15005,25820,7957,7363,53149,50043,61222,56429,70480,70867,91606,93196,103356,102560,71892,78024,50639,61999,14485,24792,827355,778809,70751,68157,182666,175940,47079,64,74
2021-09-23T23:59:59+02:00,9806,9100,58352,54871,65203,60993,74399,75507,95737,97862,107304,106330,73868,80172,51998,63676,14993,25801,7890,7286,52968,49908,61101,56292,70364,70752,91486,93088,103263,102486,71857,77978,50621,61975,14472,24778,825944,777782,70698,68128,182662,175921,46660,64,74
2021-09-22T23:59:59+02:00,9723,9040,58165,54723,65042,60848,74284,75381,95609,97761,107204,106272,73825,80124,51972,63635,14973,25773,7815,7223,52824,49756,60977,56171,70273,70655,91394,92980,103200,102433,71815,77928,50590,61937,14458,24764,824690,776783,70676,68103,182654,175907,46326,64,74
2021-09-21T23:59:59+02:00,9653,8952,58017,54568,64896,60701,74145,75245,95471,97643,107112,106181,73791,80065,51955,63611,14965,25751,7722,7139,52676,49596,60859,56041,70172,70549,91288,92876,103105,102340,71776,77883,50564,61896,14449,24739,823408,775609,70660,68091,182650,175900,45996,64,74
2021-09-20T23:59:59+02:00,9592,8891,57879,54426,64738,60567,74026,75094,95344,97552,107023,106087,73729,80021,51929,63575,14952,25731,7665,7083,52559,49461,60737,55924,70063,70441,91188,92786,103028,102264,71723,77839,50540,61847,14442,24721,822201,774635,70646,68073,182643,175871,45658,64,74
2021-09-19T23:59:59+02:00,9540,8851,57762,54342,64631,60450,73939,74991,95272,97452,106961,106016,73712,79996,51916,63556,14950,25720,7628,7042,52451,49347,60646,55811,69971,70347,91121,92714,102949,102196,71690,77806,50519,61816,14437,24715,821427,773864,70627,68058,182631,175846,45364,64,74
2021-09-18T23:59:59+02:00,9523,8834,57735,54313,64596,60419,73911,74966,95256,97429,106950,105995,73709,79995,51913,63553,14950,25719,7619,7029,52421,49313,60615,55787,69950,70327,91101,92698,102937,102176,71687,77803,50519,61815,14436,24713,821204,773672,70617,68049,182631,175845,45306,64,74
2021-09-17T23:59:59+02:00,9436,8755,57562,54164,64466,60291,73787,74845,95151,97326,106866,105923,73674,79962,51901,63535,14943,25712,7556,6968,52254,49202,60491,55676,69858,70236,91018,92618,102864,102118,71654,77766,50504,61785,14427,24706,820052,772724,70573,68030,182629,175837,45036,64,74
2021-09-16T23:59:59+02:00,9358,8680,57352,54010,64290,60105,73608,74674,95001,97193,106711,105813,73604,79904,51878,63493,14936,25697,7492,6903,52090,49077,60348,55551,69731,70122,90907,92516,102759,102038,71609,77718,50483,61747,14420,24693,818580,771759,70555,68011,182606,175804,44556,64,74
2021-09-15T23:59:59+02:00,9265,8599,57146,53789,64108,59902,73428,74493,94855,97039,106566,105680,73544,79837,51834,63444,14926,25676,7433,6844,51931,48910,60221,55413,69605,70018,90804,92436,102653,101950,71563,77658,50449,61710,14410,24682,816823,770671,70537,67994,182602,175793,44158,64,74
2021-09-14T23:59:59+02:00,9157,8492,56956,53556,63926,59716,73280,74316,94723,96883,106440,105580,73471,79773,51805,63394,14910,25656,7358,6765,51761,48710,60067,55270,69483,69897,90696,92307,102559,101857,71512,77597,50421,61666,14402,24669,815062,769332,70526,67980,182581,175757,43854,63,74
2021-09-13T23:59:59+02:00,9095,8425,56742,53350,63771,59520,73121,74145,94575,96731,106306,105449,73418,79723,51766,63347,14890,25626,7312,6711,51600,48546,59944,55136,69400,69804,90578,92219,102465,101784,71468,77556,50393,61626,14392,24658,813375,768287,70515,67968,182566,175730,43533,63,74
2021-09-12T23:59:59+02:00,9049,8397,56619,53263,63681,59425,73045,74059,94501,96663,106243,105381,73390,79699,51752,63325,14885,25619,7265,6665,51466,48434,59842,55035,69324,69726,90502,92154,102392,101714,71432,77526,50378,61601,14387,24645,812655,767472,70498,67955,182549,175705,43283,63,73
2021-09-11T23:59:59+02:00,9043,8388,56603,53241,63662,59409,73032,74046,94493,96649,106238,105376,73389,79698,51752,63325,14885,25619,7258,6659,51447,48415,59821,55022,69308,69715,90492,92139,102389,101709,71427,77524,50378,61601,14387,24643,812576,767421,70489,67911,182546,175703,43226,63,73
2021-09-10T23:59:59+02:00,8971,8327,56443,53095,63546,59290,72927,73940,94375,96531,106162,105315,73352,79662,51737,63299,14881,25614,7226,6634,51321,48348,59756,54959,69248,69667,90428,92082,102353,101669,71406,77508,50369,61591,14383,24638,811458,766955,70456,67856,182540,175700,43002,63,73
2021-09-09T23:59:59+02:00,8900,8262,56244,52901,63380,59105,72768,73796,94225,96391,106037,105221,73293,79599,51706,63265,14877,25601,7160,6572,51134,48180,59601,54824,69115,69540,90307,91975,102239,101577,71363,77463,50340,61561,14377,24622,810096,765885,70435,67806,182521,175678,42508,62,73
2021-09-08T23:59:59+02:00,8814,8185,56063,52729,63228,58922,72622,73644,94063,96260,105943,105114,73228,79539,51678,63209,14872,25586,7084,6503,50959,48016,59477,54683,68992,69393,90181,91864,102154,101475,71307,77405,50317,61520,14373,24606,808692,764729,70408,67754,182485,175653,42100,62,73
2021-09-07T23:59:59+02:00,8726,8125,55907,52573,63111,58783,72505,73510,93959,96158,105838,105015,73176,79491,51651,63169,14864,25566,7006,6449,50790,47853,59346,54538,68865,69274,90075,91748,102054,101375,71259,77356,50295,61494,14368,24587,807444,763501,70402,67742,182482,175631,41785,62,73
2021-09-06T23:59:59+02:00,8664,8059,55761,52405,62971,58626,72396,73377,93856,96047,105756,104927,73124,79443,51620,63139,14853,25550,6940,6393,50641,47713,59207,54389,68750,69153,89994,91654,101958,101287,71210,77309,50273,61464,14361,24577,806222,762382,70376,67700,182450,175607,41511,62,73
2021-09-05T23:59:59+02:00,8635,8021,55694,52312,62906,58565,72348,73319,93810,95997,105728,104883,73103,79421,51610,63119,14846,25544,6890,6342,50551,47628,59142,54324,68686,69093,89948,91598,101916,101237,71190,77281,50260,61447,14355,24568,805703,761762,70367,67690,182428,175584,41347,62,73
2021-09-04T23:59:59+02:00,8628,8016,55674,52303,62896,58554,72340,73311,93803,95993,105725,104877,73102,79420,51610,63119,14846,25544,6886,6337,50537,47613,59127,54309,68681,69085,89940,91593,101912,101233,71189,77279,50259,61447,14355,24568,805641,761697,70364,67685,182427,175582,41313,62,73
2021-09-03T23:59:59+02:00,8562,7948,55542,52216,62824,58458,72261,73230,93725,95928,105655,104817,73072,79387,51591,63088,14839,25534,6827,6285,50422,47519,59048,54242,68623,69014,89879,91532,101848,101181,71161,77245,50238,61424,14352,24559,804722,760924,70357,67665,182418,175573,41164,62,73
2021-09-02T23:59:59+02:00,8466,7851,55353,52059,62699,58350,72167,73100,93604,95814,105550,104732,73015,79331,51559,63040,14828,25514,6732,6196,50200,47346,58903,54122,68518,68900,89747,91429,101731,101086,71104,77198,50214,61396,14345,24543,803583,759779,70312,67622,182404,175521,40715,62,73
2021-09-01T23:59:59+02:00,8390,7758,55200,51911,62567,58218,72079,72975,93511,95726,105472,104661,72977,79288,51536,63003,14821,25496,6646,6087,50025,47137,58779,53982,68438,68788,89645,91326,101625,100992,71065,77156,50189,61355,14338,24527,802467,758550,70288,67582,182390,175471,40425,62,72
2021-08-31T23:59:59+02:00,8282,7666,55036,51756,62460,58101,71999,72871,93424,95642,105387,104583,72935,79246,51514,62973,14811,25482,6531,5969,49817,46934,58659,53840,68322,68662,89547,91220,101516,100912,71020,77103,50169,61319,14326,24511,801380,757187,70280,67564,182380,175446,40108,62,72
2021-08-30T23:59:59+02:00,8206,7586,54862,51594,62348,57972,71884,72754,93301,95514,105269,104488,72885,79203,51497,62940,14790,25459,6434,5884,49620,46721,58533,53700,68222,68549,89431,91110,101403,100804,70970,77066,50142,61290,14312,24494,800197,755981,70240,67497,182348,175390,39745,62,72
2021-08-29T23:59:59+02:00,8164,7539,54770,51514,62288,57891,71817,72706,93247,95450,105222,104454,72865,79181,51482,62925,14784,25450,6380,5835,49502,46619,58443,53602,68152,68472,89374,91050,101342,100751,70945,77050,50128,61277,14306,24491,799664,755328,70238,67487,182338,175345,39487,62,72
2021-08-28T23:59:59+02:00,8146,7525,54732,51477,62257,57871,71788,72688,93229,95433,105208,104442,72860,79179,51480,62921,14784,25450,6374,5831,49465,46600,58417,53586,68129,68458,89354,91028,101335,100738,70939,77046,50126,61275,14306,24491,799455,755180,70237,67481,182336,175345,39420,62,72
2021-08-27T23:59:59+02:00,8061,7447,54549,51339,62145,57731,71691,72566,93105,95312,105097,104357,72815,79128,51457,62885,14772,25444,6339,5791,49341,46515,58338,53505,68048,68386,89274,90962,101278,100690,70904,77012,50112,61264,14304,24491,798134,754479,70232,67475,182324,175339,39189,62,72
2021-08-26T23:59:59+02:00,7997,7374,54393,51191,62030,57617,71592,72458,93001,95183,104990,104275,72773,79078,51434,62865,14767,25430,6289,5751,49178,46358,58219,53397,67951,68292,89169,90882,101209,100622,70863,76977,50088,61242,14299,24482,797090,753656,70221,67435,182314,175306,38799,62,72
2021-08-25T23:59:59+02:00,7933,7320,54248,51042,61918,57464,71485,72343,92893,95081,104889,104193,72717,79027,51406,62828,14754,25415,6220,5669,48982,46166,58091,53255,67833,68168,89052,90769,101111,100532,70806,76929,50062,61203,14293,24467,796081,752515,70195,67398,182303,175271,38352,62,72
2021-08-24T23:59:59+02:00,7821,7231,54107,50835,61792,57328,71376,72210,92776,94961,104784,104096,72664,78979,51371,62785,14746,25400,6138,5579,48764,45946,57953,53084,67723,68030,88950,90675,101019,100450,70768,76876,50037,61180,14289,24451,794670,751121,70178,67376,182293,175249,38096,62,70
2021-08-23T23:59:59+02:00,7758,7157,53936,50663,61663,57202,71262,72098,92649,94855,104685,103998,72612,78918,51337,62743,14739,25389,6078,5524,48583,45775,57831,52954,67616,67932,88845,90583,100931,100374,70728,76825,50009,61141,14285,24439,793472,750099,70148,67352,182278,175192,37740,62,70
2021-08-22T23:59:59+02:00,7730,7131,53851,50584,61610,57136,71223,72045,92606,94813,104640,103968,72593,78903,51328,62731,14738,25383,6040,5486,48464,45664,57740,52860,67541,67870,88775,90525,100888,100332,70698,76801,49994,61123,14282,24432,793041,749414,70140,67344,182258,175141,37546,62,70
2021-08-21T23:59:59+02:00,7724,7128,53826,50569,61592,57125,71207,72031,92593,94795,104629,103958,72588,78901,51328,62730,14738,25382,6036,5482,48443,45646,57720,52852,67522,67850,88756,90510,100878,100322,70696,76798,49994,61122,14282,24432,792969,749317,70098,67325,182254,175135,37494,62,70
2021-08-20T23:59:59+02:00,7693,7091,53734,50492,61517,57065,71136,71968,92528,94733,104577,103921,72563,78873,51316,62704,14729,25371,6011,5462,48351,45570,57645,52789,67455,67795,88699,90450,100819,100284,70673,76776,49988,61106,14273,24428,792423,748798,70026,67312,182251,175112,37282,62,70
2021-08-19T23:59:59+02:00,7627,7011,53603,50367,61373,56950,71019,71860,92415,94645,104481,103831,72514,78816,51286,62663,14720,25351,5984,5435,48215,45466,57525,52697,67364,67716,88608,90371,100720,100219,70640,76747,49968,61082,14269,24419,791387,748142,69989,67275,182234,175065,36893,62,70
2021-08-18T23:59:59+02:00,7552,6954,53461,50228,61246,56841,70907,71766,92306,94557,104379,103747,72456,78763,51251,62627,14710,25330,5950,5392,48099,45340,57405,52600,67270,67640,88492,90281,100644,100145,70596,76709,49949,61058,14263,24402,790388,747423,69959,67245,182223,175015,36482,62,70
2021-08-17T23:59:59+02:00,7469,6873,53298,50065,61142,56717,70790,71642,92199,94451,104272,103647,72403,78720,51223,62600,14702,25318,5900,5353,47907,45161,57274,52458,67146,67534,88360,90185,100537,100049,70540,76660,49923,61036,14256,24390,789299,746380,69937,67209,182218,174962,36048,62,70
2021-08-16T23:59:59+02:00,7395,6810,53168,49935,61046,56604,70690,71548,92107,94346,104179,103547,72360,78669,51193,62557,14694,25310,5876,5317,47767,45041,57163,52388,67051,67451,88263,90099,100453,99954,70497,76620,49899,61009,14249,24385,788428,745747,69889,67164,182203,174893,35609,62,69
2021-08-15T23:59:59+02:00,7344,6770,53089,49854,60976,56533,70625,71487,92049,94294,104124,103497,72324,78639,51184,62541,14690,25301,5855,5299,47662,44947,57071,52296,66981,67389,88185,90036,100397,99904,70459,76585,49883,60988,14244,24373,787947,745262,69875,67132,182189,174811,35281,62,68
2021-08-14T23:59:59+02:00,7322,6754,53016,49786,60928,56488,70590,71440,92012,94254,104085,103461,72303,78631,51175,62530,14688,25298,5779,5245,47427,44675,56903,52107,66827,67234,88050,89914,100282,99797,70410,76542,49872,60965,14240,24368,787464,743433,69869,67126,182189,174800,35210,62,68
2021-08-13T23:59:59+02:00,7281,6718,52905,49691,60842,56407,70538,71371,91936,94196,104036,103416,72280,78608,51163,62519,14686,25291,5551,5030,46924,44178,56660,51837,66597,66978,87778,89659,100086,99591,70323,76441,49833,60905,14234,24347,786707,739949,69864,67115,182189,174725,35095,62,68
2021-08-12T23:59:59+02:00,7250,6691,52807,49622,60784,56328,70463,71321,91866,94137,103975,103369,72246,78575,51149,62503,14684,25277,5331,4855,46428,43734,56385,51529,66339,66755,87521,89438,99745,99317,70213,76307,49779,60841,14223,24319,786274,736899,69838,67090,182173,174270,34733,62,67
2021-08-11T23:59:59+02:00,7183,6622,52641,49451,60656,56209,70380,71227,91757,94033,103876,103260,72185,78509,51118,62462,14678,25261,5054,4572,45750,43117,56011,51146,66080,66459,87226,89173,99410,98949,70073,76161,49720,60740,14212,24290,785094,732781,69817,67059,182164,173832,34404,62,67
2021-08-10T23:59:59+02:00,7106,6538,52443,49266,60510,56089,70271,71104,91631,93903,103754,103154,72132,78451,51087,62431,14670,25252,4832,4331,44795,42218,55340,50487,65585,66002,86763,88689,98920,98494,69873,75962,49627,60642,14192,24252,783729,726515,69808,67026,182156,173327,34069,62,67
2021-08-09T23:59:59+02:00,7062,6491,52332,49174,60433,56014,70215,71043,91563,93831,103682,103094,72089,78415,51081,62415,14666,25244,4592,4112,43789,41161,54624,49802,65110,65568,86316,88252,98405,98026,69693,75738,49546,60519,14167,24214,783162,720060,69739,66974,182144,172764,33769,62,67
2021-08-08T23:59:59+02:00,7016,6450,52267,49104,60393,55981,70176,71017,91506,93782,103629,103054,72069,78393,51067,62394,14660,25239,4577,4099,43733,41098,54564,49753,65042,65526,86241,88191,98336,97975,69668,75707,49525,60493,14159,24207,782871,719759,69732,66957,182130,172679,33432,62,67
2021-08-07T23:59:59+02:00,6977,6409,52156,48976,60315,55904,70121,70952,91437,93719,103579,103007,72052,78376,51058,62388,14660,25238,4264,3787,42767,40081,54012,49184,64610,65118,85866,87794,98014,97628,69524,75562,49469,60411,14142,24189,782080,713395,69728,66937,182130,172671,33354,62,65
2021-08-06T23:59:59+02:00,6934,6348,52023,48848,60241,55838,70056,70871,91357,93643,103519,102949,72028,78353,51047,62370,14658,25234,3955,3565,42085,39466,53765,48916,64385,64874,85629,87572,97787,97425,69440,75471,49427,60371,14136,24176,781212,709773,69723,66852,182129,172534,33221,62,65
2021-08-05T23:59:59+02:00,6823,6241,51768,48626,60065,55650,69914,70725,91197,93496,103377,102812,71967,78290,51019,62330,14645,25215,3762,3394,41250,38775,53249,48458,64015,64519,85171,87172,97162,96905,69253,75287,49361,60273,14117,24146,779590,705226,69670,66800,182094,171406,32772,62,65
2021-08-04T23:59:59+02:00,6734,6155,51574,48394,59918,55471,69805,70573,91061,93379,103259,102697,71906,78226,50993,62284,14634,25186,3388,3039,40405,37992,52878,48052,63694,64196,84799,86842,96748,96497,69089,75116,49284,60177,14101,24112,778184,700632,69634,66775,182081,170621,32316,62,65
2021-08-03T23:59:59+02:00,6661,6098,51404,48259,59791,55343,69711,70481,90959,93280,103162,102615,71852,78190,50973,62258,14626,25170,3258,2937,39403,37049,52074,47365,63150,63660,84281,86356,96034,95866,68846,74899,49192,60060,14080,24068,777141,694367,69625,66751,182074,169436,31959,62,65
2021-08-02T23:59:59+02:00,6613,6055,51268,48119,59699,55264,69627,70412,90904,93206,103081,102553,71812,78147,50952,62237,14619,25157,3089,2759,38133,35897,51112,46556,62434,63072,83676,85788,95233,95164,68592,74641,49104,59927,14060,24029,776442,686752,69577,66697,182045,168124,31628,61,65
2021-08-01T23:59:59+02:00,6571,6000,51097,47957,59546,55148,69535,70297,90795,93116,102993,102460,71770,78110,50930,62197,14614,25141,3065,2741,37948,35764,50950,46456,62300,62976,83498,85644,94781,94760,68475,74531,49063,59878,14049,24009,775389,686091,69548,66637,182027,166815,31280,61,65
2021-07-31T23:59:59+02:00,6528,5966,51002,47837,59490,55076,69485,70253,90756,93086,102966,102435,71759,78098,50922,62192,14614,25138,2661,2360,36341,34253,50042,45589,61767,62411,82993,85128,94301,94325,68288,74326,48984,59782,14031,23976,774777,676946,69544,66625,182027,166700,31222,61,65
2021-07-30T23:59:59+02:00,6492,5914,50852,47698,59405,54995,69416,70192,90684,93006,102910,102397,71742,78074,50913,62168,14611,25134,2385,2131,34889,32851,49069,44635,61035,61717,82309,84504,93617,93746,68053,74090,48879,59632,14012,23945,774013,667408,69519,66613,182021,166396,31017,61,65
2021-07-29T23:59:59+02:00,6377,5795,50422,47331,59187,54720,69224,70001,90496,92818,102747,102260,71666,77991,50880,62113,14596,25116,2308,2065,34155,32237,48442,44183,60628,61357,81883,84154,92843,93071,67856,73931,48816,59545,13992,23914,771688,663525,69465,66465,181978,164749,30576,61,65
2021-07-28T23:59:59+02:00,6305,5732,50169,47138,59054,54566,69096,69904,90365,92694,102638,102166,71610,77934,50853,62073,14587,25099,2284,2046,33829,31942,48120,43942,60394,61132,81701,83981,92604,92870,67782,73864,48783,59512,13979,23904,770372,661801,69429,66376,181951,164230,30198,61,64
2021-07-27T23:59:59+02:00,6252,5685,50008,46994,58911,54469,69002,69814,90263,92584,102531,102090,71565,77881,50823,62040,14579,25086,2143,1931,32361,30549,46844,42852,59554,60332,81095,83446,91575,92018,67505,73579,48695,59386,13947,23864,769465,653126,69402,66301,181927,162434,29751,60,64
2021-07-26T23:59:59+02:00,6229,5656,49889,46908,58812,54379,68923,69759,90176,92523,102465,102038,71524,77845,50801,62020,14573,25077,2009,1815,30991,29301,45526,41720,58449,59341,80382,82812,90406,90987,67194,73305,48605,59268,13922,23822,768930,644036,69333,66203,181889,160138,29414,59,64
2021-07-25T23:59:59+02:00,6209,5639,49776,46802,58723,54312,68860,69700,90111,92467,102403,101989,71491,77809,50781,61997,14570,25067,1993,1807,30781,29143,45251,41517,58185,59103,80105,82600,89440,90132,66987,73130,48535,59195,13910,23799,768515,642808,69322,66080,181863,157685,28976,58,64
2021-07-24T23:59:59+02:00,6174,5610,49658,46711,58654,54249,68812,69643,90065,92423,102362,101948,71486,77802,50778,61994,14569,25063,1735,1587,29192,27563,44110,40440,57489,58389,79487,82022,88795,89563,66807,72939,48465,59093,13896,23775,767907,632780,69313,66062,181855,157546,28896,58,63
2021-07-23T23:59:59+02:00,6089,5523,49481,46533,58559,54144,68702,69538,89959,92319,102272,101851,71450,77746,50757,61963,14565,25057,1506,1367,27499,26050,42850,39351,56555,57498,78794,81401,88089,88900,66538,72665,48386,58992,13875,23745,766523,622217,69309,65895,181835,157075,28811,58,63
2021-07-22T23:59:59+02:00,5949,5407,49185,46245,58360,53938,68531,69368,89773,92167,102114,101717,71383,77663,50715,61912,14554,25038,1422,1313,26678,25226,41941,38543,55610,56666,78047,80770,86420,87389,66163,72266,48275,58862,13844,23693,764577,613723,69264,65387,181801,155608,28347,58,63
2021-07-21T23:59:59+02:00,5672,5124,48652,45718,58055,53621,68301,69086,89493,91920,101847,101451,71254,77532,50656,61847,14545,25012,1390,1287,26422,25002,41516,38261,55162,56275,77673,80483,85610,86785,65993,72138,48219,58796,13826,23668,760966,611730,69237,65110,181779,153829,27774,58,63
2021-07-20T23:59:59+02:00,5595,5049,48369,45439,57882,53412,68127,68938,89313,91765,101681,101307,71178,77464,50617,61800,14536,24984,1299,1202,25245,23857,40225,37225,53820,55066,76766,79704,84244,85438,65687,71795,48110,58660,13798,23622,759282,601324,69230,64948,181734,152248,27180,58,63
2021-07-19T23:59:59+02:00,5515,4963,48045,45115,57657,53203,67961,68733,89126,91585,101532,101146,71105,77382,50574,61749,14527,24955,1218,1140,24419,23018,38912,36107,52085,53567,75490,78644,83130,84456,65394,71538,48010,58542,13773,23582,757476,591265,69220,64799,181706,150457,26441,58,63
2021-07-18T23:59:59+02:00,5507,4962,47968,45056,57558,53122,67886,68659,89029,91517,101458,101078,71068,77340,50549,61717,14525,24943,1203,1134,24276,22917,38639,35884,51748,53269,75237,78446,82224,83685,65202,71359,47955,58470,13768,23560,757181,590184,69196,64635,181666,148225,25869,58,63
2021-07-17T23:59:59+02:00,5480,4925,47869,44979,57484,53061,67822,68602,88969,91454,101413,101059,71059,77325,50544,61710,14525,24942,1009,946,22895,21461,37258,34582,50501,52073,74629,77887,81588,83087,65072,71211,47888,58408,13759,23540,756614,579308,69191,64608,181657,148085,25730,58,63
2021-07-16T23:59:59+02:00,5377,4846,47627,44748,57356,52951,67703,68489,88830,91357,101306,100956,71013,77274,50521,61691,14519,24936,813,784,21645,20227,35965,33343,49044,50753,73619,76952,80886,82425,64851,70988,47806,58307,13740,23508,755148,567687,69189,64543,181650,147880,25483,58,63
2021-07-15T23:59:59+02:00,5234,4717,47226,44427,57146,52758,67508,68302,88615,91156,101117,100788,70915,77172,50472,61617,14510,24907,754,741,21041,19724,35031,32639,47805,49800,72432,76032,78727,80290,64251,70388,47664,58128,13721,23445,753082,558321,69171,63504,181604,146030,24695,58,63
2021-07-14T23:59:59+02:00,4862,4392,46635,43851,56912,52491,67303,68098,88401,90912,100901,100590,70807,77062,50404,61534,14498,24883,736,724,20838,19578,34765,32480,47430,49496,71892,75640,78059,79753,63927,70108,47581,58045,13698,23410,749631,556495,69152,63314,181551,144123,24167,58,61
2021-07-13T23:59:59+02:00,4771,4312,46438,43696,56749,52330,67140,67948,88243,90784,100754,100462,70734,76999,50366,61487,14494,24867,707,685,20278,19040,33733,31658,45805,48038,70124,73971,76450,78189,63550,69716,47451,57873,13669,23358,748264,545537,69135,62538,181477,142496,23663,58,61
2021-07-12T23:59:59+02:00,4706,4233,46252,43504,56595,52186,66985,67822,88072,90648,100598,100324,70660,76911,50328,61431,14487,24849,683,664,19806,18608,32941,31034,44143,46581,67744,71896,74555,76684,63020,69130,47307,57710,13640,23307,746991,534426,69111,61970,181377,139920,23076,58,61
2021-07-11T23:59:59+02:00,4701,4230,46181,43449,56531,52136,66932,67783,88009,90594,100526,100264,70623,76868,50318,61416,14484,24835,675,659,19596,18464,32588,30783,43692,46205,67284,71535,73773,75987,62619,68751,47236,57621,13624,23274,746836,532621,69100,61645,181311,137444,22595,58,61
2021-07-10T23:59:59+02:00,4575,4095,45895,43142,56346,51937,66785,67608,87875,90455,100424,100157,70567,76811,50297,61389,14481,24826,643,627,19034,17914,31644,29925,41943,44623,65798,70253,73138,75367,62452,68600,47183,57569,13617,23260,744737,522006,69094,61630,181299,137396,22497,58,61
2021-07-09T23:59:59+02:00,4446,3977,45624,42889,56181,51739,66623,67443,87723,90290,100288,100052,70514,76738,50260,61348,14476,24814,596,578,18449,17344,30675,28962,39988,42691,63505,68126,71979,74227,62178,68274,47107,57443,13599,23235,742683,508321,69078,61250,181293,136991,22333,58,61
2021-07-08T23:59:59+02:00,4417,3951,45483,42777,56055,51618,66494,67342,87596,90168,100169,99953,70459,76685,50239,61310,14465,24800,549,534,17510,16547,29275,27928,38268,41237,61373,66301,68617,71071,61279,67300,46863,57099,13554,23139,741956,493064,69019,59172,181222,134407,21740,58,61
2021-07-07T23:59:59+02:00,4405,3945,45416,42735,55970,51563,66407,67298,87540,90129,100125,99902,70442,76662,50229,61292,14461,24790,471,481,16553,15697,27888,26911,36741,40003,59753,64843,65384,67595,60259,66255,46625,56777,13504,23066,741642,477767,68972,57256,181170,132251,21471,58,61
2021-07-06T23:59:59+02:00,4353,3897,45271,42604,55837,51423,66303,67189,87433,90037,100042,99817,70403,76601,50211,61265,14458,24776,404,417,15787,14962,26810,26006,34895,38289,56350,61816,62728,65134,59502,65464,46351,56442,13464,22963,740502,459872,68949,56432,181113,130118,21301,57,61
2021-07-05T23:59:59+02:00,4290,3852,45086,42429,55685,51319,66177,67078,87313,89943,99955,99720,70340,76536,50189,61237,14455,24761,370,365,15124,14343,25860,25194,33659,37154,53253,58840,59950,62667,58661,64650,46096,56130,13419,22885,739303,443791,68905,56079,181034,127623,21067,57,60
2021-07-04T23:59:59+02:00,4282,3846,45037,42395,55616,51282,66131,67049,87274,89911,99923,99692,70316,76515,50183,61222,14449,24750,351,345,14920,14139,25416,24834,33055,36626,52588,58311,58962,61804,57993,64016,45912,55925,13400,22835,739100,439701,68871,55876,180965,124914,20881,57,60
2021-07-03T23:59:59+02:00,4063,3666,44506,41834,55296,50907,65835,66768,87025,89651,99723,99494,70243,76443,50160,61176,14445,24738,333,329,14631,13816,25058,24479,32077,35705,50843,56761,58094,61067,57819,63818,45844,55840,13388,22810,735298,431120,68852,55858,180959,124866,20808,57,60
2021-07-02T23:59:59+02:00,3752,3379,43855,41237,54970,50565,65547,66463,86752,89401,99488,99269,70141,76330,50108,61106,14439,24721,306,292,14214,13369,24356,23861,30918,34639,48211,54590,55954,59279,57422,63387,45684,55680,13372,22773,730960,418592,68831,54805,180946,124130,20731,56,49
2021-07-01T23:59:59+02:00,3614,3269,43500,40886,54766,50387,65387,66299,86595,89259,99333,99149,70072,76262,50077,61072,14431,24706,262,251,13522,12690,23052,22773,29237,33125,46191,52845,53459,56998,55998,61814,45189,55064,13299,22645,728819,405056,68764,52487,180896,120293,20530,56,48
2021-06-30T23:59:59+02:00,3603,3252,43235,40690,54584,50249,65265,66196,86504,89194,99261,99097,70044,76238,50065,61050,14427,24695,200,212,12779,12090,21889,21871,27646,31753,44338,51129,49821,53033,54666,60476,44833,54623,13243,22516,727662,389290,68708,50582,180876,116850,20348,56,48
2021-06-29T23:59:59+02:00,3388,3032,42317,39862,53974,49642,64824,65757,86088,88740,98912,98769,69919,76089,50008,60979,14407,24664,171,160,12181,11490,21086,21103,26274,30544,41714,48714,47946,51483,53695,59366,44425,54087,13148,22363,721667,377242,68654,49055,180860,113471,20135,56,47
2021-06-28T23:59:59+02:00,3170,2848,41361,38869,53305,48989,64359,65362,85707,88346,98579,98425,69779,75928,49943,60879,14389,24640,128,128,11680,11041,20423,20515,25305,29645,39620,46770,46317,50115,52591,58320,44064,53581,13068,22240,715497,367752,68540,48016,180849,109799,19937,56,47
2021-06-27T23:59:59+02:00,3165,2845,41324,38833,53256,48950,64317,65325,85654,88310,98527,98397,69760,75915,49934,60865,14384,24637,110,111,11486,10848,20099,20201,24726,29082,38593,45916,45150,49023,51560,57307,43629,53072,12986,22097,715271,363148,68510,47573,180813,105479,19749,56,47
2021-06-26T23:59:59+02:00,2683,2371,39932,37473,52535,48211,63765,64761,85166,87790,98102,97964,69570,75739,49861,60761,14365,24614,100,100,11371,10745,19931,20047,24526,28865,38115,45477,44780,48669,51446,57162,43582,53024,12981,22083,706576,360193,68481,47568,180813,105458,19738,56,47
2021-06-25T23:59:59+02:00,2278,2035,39088,36667,52182,47851,63439,64436,84886,87478,97853,97698,69466,75622,49814,60699,14351,24592,76,82,11070,10434,19550,19620,23994,28242,35432,43169,42592,46754,51107,56782,43483,52893,12957,22052,701524,348612,68344,47123,180806,104801,19706,56,47
2021-06-24T23:59:59+02:00,2224,1982,38598,36207,51833,47527,63219,64221,84650,87282,97667,97541,69384,75557,49779,60653,14345,24577,63,59,10475,9851,18487,18732,22567,26987,33329,41327,40158,44460,49624,55127,42912,52192,12840,21849,698575,335712,68314,44524,180785,101239,19517,56,47
2021-06-23T23:59:59+02:00,2211,1958,38366,35979,51665,47355,63101,64109,84550,87184,97590,97456,69353,75526,49759,60632,14341,24565,36,33,10020,9416,17858,18171,21633,26124,31388,39689,36194,39989,48327,53764,42526,51684,12758,21683,697328,320153,68277,43892,180769,97928,19273,54,47
2021-06-22T23:59:59+02:00,2132,1897,37379,35055,50911,46676,62616,63660,84175,86772,97223,97143,69204,75383,49692,60551,14328,24532,13,18,9553,8986,16985,17478,20404,25041,28260,36925,33889,38107,47370,52789,42116,51124,12618,21448,691175,307966,68230,41148,180756,94849,19115,54,46
2021-06-21T23:59:59+02:00,1985,1758,36033,33844,49890,45810,61893,62995,83677,86300,96783,96738,69034,75212,49625,60456,14317,24497,9,11,9235,8693,16523,17114,19779,24559,26515,35360,32349,36813,46315,51708,41663,50573,12512,21256,683233,300599,68196,40505,180741,91212,18625,53,46
2021-06-20T23:59:59+02:00,1974,1749,35945,33791,49740,45683,61749,62854,83596,86239,96709,96677,69000,75184,49610,60438,14317,24485,8,10,9085,8590,16306,16942,19463,24299,25698,34707,31408,35858,46119,51505,41632,50521,12503,21235,682566,296809,68153,39910,180723,90878,18246,53,46
2021-06-19T23:59:59+02:00,1606,1449,34336,32245,48842,44867,61264,62350,83126,85764,96303,96325,68853,75018,49544,60357,14302,24461,7,9,9044,8517,16202,16819,19345,24145,25593,34549,31280,35714,46023,51409,41614,50496,12499,21225,673884,295469,68134,39907,180716,90842,18226,53,46
2021-06-18T23:59:59+02:00,1408,1275,32697,30666,47634,43678,60323,61430,82318,85015,95690,95747,68634,74796,49455,60219,14286,24431,7,9,8970,8430,16041,16662,19155,23951,25340,34308,30994,35393,45726,51062,41528,50419,12486,21211,662763,293264,67999,39789,180715,90421,18173,53,45
2021-06-17T23:59:59+02:00,1333,1217,31778,29833,46772,42974,59516,60579,81574,84366,95278,95365,68493,74651,49413,60141,14272,24402,7,9,8431,8064,15349,16106,18325,23120,24231,33181,29515,34033,44399,49556,41042,49809,12366,21022,655848,284314,67883,38958,180684,87758,17490,53,45
2021-06-16T23:59:59+02:00,1250,1153,31089,29137,45967,42224,58597,59700,80796,83593,94854,94986,68358,74491,49355,60049,14252,24376,7,8,7943,7741,14728,15586,17542,22394,23090,32221,28335,32921,42499,47432,40491,49228,12258,20837,648789,274544,67755,38355,180665,85351,16966,53,45
2021-06-15T23:59:59+02:00,1108,1034,29203,27365,44219,40711,57003,58068,79408,82272,94093,94313,68070,74198,49241,59892,14219,24311,7,6,7771,7615,14414,15344,17176,22091,22569,31834,27795,32490,41560,46414,40105,48800,12134,20616,633868,271454,67706,37848,180626,82918,16476,53,45
2021-06-14T23:59:59+02:00,1015,920,27658,25903,42612,39194,55349,56419,78307,81160,93398,93685,67821,73956,49147,59769,14199,24267,6,5,7588,7442,14036,15006,16645,21645,21875,31250,27114,31895,41173,45991,39721,48347,12003,20411,620642,268762,67648,37432,180597,80075,15840,53,44
2021-06-13T23:59:59+02:00,991,895,27457,25723,42227,38857,54799,55893,77960,80850,93205,93495,67731,73876,49110,59710,14184,24242,6,5,7447,7274,13762,14712,16256,21244,21442,30756,26574,31391,40775,45586,39254,47779,11823,20124,617924,266659,67506,37359,180569,76994,15154,53,44
2021-06-12T23:59:59+02:00,862,781,25948,24139,41076,37785,54125,55160,77431,80355,92654,92970,67575,73699,49042,59633,14171,24221,6,5,7399,7224,13635,14601,16122,21129,21259,30606,26452,31286,40757,45569,39244,47768,11823,20123,608424,265864,67500,37357,180563,76654,15089,52,44
2021-06-11T23:59:59+02:00,750,672,24337,22625,39728,36597,52897,53950,76461,79503,92079,92394,67341,73465,48980,59525,14152,24186,6,5,7344,7132,13460,14411,15902,20932,20985,30346,26178,31025,40451,45194,39159,47653,11805,20094,596690,263955,67418,37212,180555,75943,14928,52,44
2021-06-10T23:59:59+02:00,648,583,23339,21622,38511,35420,51288,52446,75142,78306,90471,90847,66986,73069,48854,59351,14127,24133,6,5,7061,6909,12933,13976,15258,20359,20222,29594,25383,30346,39745,44331,38806,47235,11690,19908,583802,260476,66927,37177,180505,72212,13858,52,44
2021-06-09T23:59:59+02:00,578,533,22887,21236,37850,34900,50182,51401,73896,77113,89877,90342,66860,72924,48804,59266,14112,24102,6,5,6789,6600,12343,13371,14469,19544,19303,28572,24396,29183,37178,41410,38239,46591,11540,19669,576636,250147,66469,37104,180468,68674,13239,52,44
2021-06-08T23:59:59+02:00,472,422,21371,19786,36248,33535,48068,49439,71757,75174,88402,88860,66545,72539,48668,59105,14079,24058,6,5,6658,6428,11955,12994,13981,19055,18699,27967,23835,28644,36891,41154,37947,46224,11432,19512,559281,248475,66189,37023,180435,65274,12572,52,43
2021-06-07T23:59:59+02:00,356,328,20366,18819,34706,32204,45795,47416,69621,73291,87424,88012,66321,72271,48594,58970,14059,24021,6,5,6503,6267,11531,12639,13437,18572,17970,27380,23198,28046,36571,40850,37527,45743,11319,19313,544106,246472,66014,36954,180381,61386,12022,52,43
2021-06-06T23:59:59+02:00,333,307,20186,18672,34312,31920,45187,46844,69000,72805,87211,87846,66264,72209,48582,58944,14053,24009,6,5,6373,6093,11204,12225,13006,17999,17329,26569,22500,27236,36104,40375,37044,45192,11163,19043,540984,244019,65688,36900,180335,56879,11626,52,42
2021-06-05T23:59:59+02:00,261,242,18947,17414,32995,30710,43963,45669,68424,72286,86678,87336,66173,72107,48534,58896,14046,23997,6,5,6321,6009,11099,12058,12878,17820,17157,26359,22329,27041,36039,40297,37022,45168,11161,19038,531016,243405,65688,36487,180319,56269,11604,52,42
2021-06-04T23:59:59+02:00,180,172,17760,16268,31690,29425,42410,44172,67083,70969,85871,86583,65986,71895,48458,58804,14030,23968,6,5,6218,5870,10919,11847,12662,17563,16801,25973,21808,26600,35145,39439,36706,44868,11144,19016,518209,241551,65622,36159,180312,53309,11530,52,41
2021-06-03T23:59:59+02:00,125,119,17123,15697,30704,28596,40950,42873,65304,69435,83623,84301,65561,71440,48330,58642,14012,23930,6,5,6046,5659,10607,11491,12344,17095,16344,25310,21257,26018,34478,38646,36532,44664,11111,18966,504424,239204,64921,35771,180273,50469,11096,52,39
2021-06-02T23:59:59+02:00,96,76,16781,15389,30390,28330,40282,42250,63713,68041,82685,83499,65420,71276,48270,58560,14009,23915,6,4,5928,5566,10428,11329,12111,16878,16048,25001,20907,25619,31229,35021,36304,44442,11082,18913,496913,230486,64918,35438,180271,50024,10829,52,39
2021-06-01T23:59:59+02:00,38,41,15994,14723,28889,27228,37914,40186,60140,64861,80255,81178,65069,70912,48142,58370,13975,23862,6,4,5654,5290,9901,10899,11570,16281,15377,24203,20172,24857,30887,34722,36107,44264,11053,18851,478562,229013,63358,34932,180205,46515,9601,51,37
2021-05-31T23:59:59+02:00,30,33,15432,14249,27946,26524,35956,38522,56698,61830,78222,79475,64737,70555,47998,58195,13943,23810,6,3,5490,5086,9491,10533,11138,15796,14837,23515,19545,24150,30601,34467,35922,44071,11018,18794,462792,228317,62634,34544,180140,43027,8538,51,37
2021-05-30T23:59:59+02:00,28,30,15288,14120,27658,26287,35504,38111,55985,61213,77900,79200,64675,70498,47973,58160,13939,23799,6,3,5388,4891,9162,10172,10726,15307,14382,22711,19013,23374,29922,33752,35695,43879,10996,18731,459802,227843,62195,34464,180093,37542,8227,51,34
2021-05-29T23:59:59+02:00,26,29,14891,13728,26809,25476,33747,36523,54502,59915,77309,78635,64525,70348,47920,58107,13932,23785,6,3,5355,4818,9093,10055,10631,15186,14271,22560,18879,23233,29893,33729,35689,43871,10995,18728,449684,227343,62162,34464,180089,36933,8221,51,34
2021-05-28T23:59:59+02:00,23,28,14486,13332,25995,24733,31900,34762,52333,57908,76258,77639,64320,70096,47868,58030,13922,23762,6,3,5270,4704,8914,9910,10472,15012,14108,22321,18666,22931,29823,33680,35672,43854,10994,18723,437744,226660,61693,34457,179998,36004,7909,51,33
2021-05-27T23:59:59+02:00,19,23,13857,12865,24924,24012,30647,33835,50720,56532,73156,74655,63877,69557,47735,57868,13899,23706,6,3,5157,4471,8580,9569,10066,14575,13659,21684,18158,22332,29599,33474,35561,43740,10973,18694,425584,225995,59728,34385,179367,32731,7157,51,33
2021-05-26T23:59:59+02:00,18,21,13372,12445,24009,23364,29721,33131,49633,55605,70196,71461,63262,68944,47600,57698,13868,23660,6,3,5069,4309,8324,9254,9761,14185,13301,21081,17724,21730,29402,33306,35463,43634,10946,18642,414757,225373,57545,34266,178868,29681,6787,51,33
2021-05-25T23:59:59+02:00,18,16,13034,12148,23428,22958,28665,32267,47031,53363,67934,69334,62910,68577,47486,57549,13850,23606,6,3,4990,4188,8107,8992,9507,13807,12989,20559,17335,21176,29241,33149,35379,43529,10919,18587,402895,224801,56476,34183,178244,26938,6508,51,33
2021-05-24T23:59:59+02:00,17,15,12734,11867,22926,22578,28042,31813,44412,50931,65472,67142,62600,68278,47375,57423,13814,23549,6,3,4919,4079,7856,8758,9184,13421,12660,20045,16947,20614,29095,33008,35304,43457,10895,18539,391234,224206,55988,34117,177574,24293,6141,51,33
2021-05-23T23:59:59+02:00,17,15,12672,11800,22829,22493,27962,31734,44154,50703,64883,66593,62520,68190,47350,57405,13812,23547,6,3,4898,4064,7820,8726,9122,13386,12580,19981,16867,20555,29085,32992,35300,43449,10895,18537,389026,223907,55907,34109,177560,24084,6135,51,31
2021-05-22T23:59:59+02:00,17,15,12448,11562,22511,22185,26957,30845,42318,49126,64027,65851,62357,67999,47284,57313,13802,23523,6,3,4882,4009,7792,8660,9079,13319,12548,19894,16837,20485,29074,32982,35296,43443,10894,18536,380533,223812,55896,34109,177555,23682,6105,51,31
2021-05-21T23:59:59+02:00,17,14,12146,11308,21934,21738,26138,30153,39930,47233,62052,64182,62094,67726,47200,57225,13787,23497,6,3,4863,3981,7736,8573,9013,13231,12472,19801,16762,20398,29058,32956,35289,43432,10892,18535,370087,223614,54838,34094,177365,23229,6033,51,31
2021-05-20T23:59:59+02:00,16,14,11537,10736,20808,20838,24983,29125,38423,45955,59704,62107,61273,66826,46999,56965,13753,23441,6,3,4589,3804,7333,8286,8568,12834,12018,19288,16339,19874,28937,32858,35238,43377,10888,18525,359577,223201,52481,33983,176080,20236,5314,51,31
2021-05-19T23:59:59+02:00,16,14,11092,10422,20022,20281,24133,28524,37518,45269,56468,58467,60581,66122,46891,56831,13730,23394,6,3,4436,3646,7077,8040,8290,12502,11683,18854,15966,19452,28837,32745,35195,43301,10877,18510,349085,222706,50861,33864,174950,17992,4828,51,30
2021-05-18T23:59:59+02:00,16,14,10765,10137,19438,19830,23475,27958,36106,44036,55047,57332,60207,65695,46761,56670,13705,23368,6,3,4331,3519,6830,7803,8025,12217,11448,18449,15618,19016,28751,32651,35165,43259,10873,18503,343666,222405,49003,33781,173471,15882,4369,51,30
2021-05-17T23:59:59+02:00,15,13,10545,9961,18999,19539,23038,27645,34906,43044,53731,56290,59956,65447,46697,56571,13689,23334,6,3,4261,3433,6622,7585,7773,11923,11191,18054,15305,18608,28657,32562,35140,43218,10867,18489,339578,222100,48009,33712,171950,14020,3835,48,30
2021-05-16T23:59:59+02:00,15,12,10354,9831,18706,19335,22703,27403,34266,42582,52492,55119,59763,65281,46660,56517,13678,23314,6,3,4193,3359,6405,7420,7484,11668,10920,17699,15009,18243,28591,32500,35124,43200,10860,18485,337134,221841,47126,33651,170336,12259,3388,47,30
2021-05-15T23:59:59+02:00,15,12,10258,9731,18553,19187,22532,27257,33885,42215,52096,54740,59648,65135,46612,56472,13675,23298,6,3,4152,3323,6320,7353,7390,11565,10818,17579,14904,18112,28497,32382,35030,43108,10856,18480,334734,220747,47125,33648,170202,12240,3213,47,30
2021-05-14T23:59:59+02:00,14,12,9975,9529,18124,18947,22129,26967,31538,40435,49946,52883,59426,64906,46564,56387,13658,23277,6,3,4024,3241,6033,7188,7083,11339,10470,17226,14555,17784,27924,31676,34907,42916,10837,18452,325577,217445,47072,33642,169591,12116,2431,46,30
2021-05-13T23:59:59+02:00,14,12,9513,9162,17329,18382,21261,26283,30419,39444,47699,50712,58576,63929,46354,56104,13619,23203,6,3,3525,3048,5692,6934,6770,11028,10057,16836,14179,17346,27021,30475,34480,42395,10806,18392,317071,212829,45209,33084,167567,10927,2123,45,30
2021-05-12T23:59:59+02:00,14,12,9223,8969,16895,18122,20785,25993,29888,39059,44700,47066,58002,63287,46270,55990,13601,23178,6,3,3386,2960,5460,6823,6489,10881,9775,16627,13942,17079,26373,29651,34314,42202,10780,18358,307874,209794,44393,33058,167274,10759,1468,45,30
2021-05-11T23:59:59+02:00,14,12,8789,8694,16122,17602,19917,25372,28149,37614,42761,45560,57625,62838,46186,55855,13580,23150,6,3,3264,2831,5227,6482,6191,10467,9408,16067,13503,16518,24950,27980,33803,41574,10729,18270,302367,203810,41337,32874,164791,9259,1300,45,30
2021-05-10T23:59:59+02:00,14,11,8528,8542,15610,17346,19286,25050,27156,36922,41299,44413,57358,62563,46107,55750,13559,23119,6,2,3154,2705,4998,6244,5937,10143,9083,15589,13140,16094,23902,26648,33314,40989,10693,18212,299053,199153,40430,32844,162119,7839,987,44,30
2021-05-09T23:59:59+02:00,14,11,8372,8457,15307,17162,18905,24792,26486,36493,39520,42747,57061,62284,46051,55692,13551,23099,6,2,3033,2649,4817,6102,5768,9967,8883,15381,12969,15919,23625,26314,33168,40816,10683,18197,296075,197949,40050,32800,159125,6809,711,43,30
2021-05-08T23:59:59+02:00,14,11,8296,8384,15124,17016,18696,24592,26258,36253,39283,42551,56934,62134,46013,55655,13548,23088,6,2,3025,2628,4786,6066,5724,9921,8806,15314,12882,15849,23254,25886,32882,40502,10675,18181,294500,196758,39595,32084,159001,6806,711,43,30
2021-05-07T23:59:59+02:00,13,11,8126,8286,14795,16831,18304,24356,25832,35963,38823,42170,56658,61778,45964,55608,13541,23078,6,2,2726,2493,4437,5879,5453,9661,8490,15002,12486,15451,22155,24506,32233,39666,10647,18131,291949,193285,39163,30583,158668,5213,315,42,28
2021-05-06T23:59:59+02:00,12,11,7477,7928,13896,16226,17245,23500,24484,34850,36676,40503,55529,60457,45720,55302,13506,23011,6,2,2601,2381,4263,5681,5244,9354,8145,14561,12052,14995,20846,22829,31380,38656,10593,18017,281292,187661,37877,29621,156846,4020,278,40,26
2021-05-05T23:59:59+02:00,10,11,6941,7620,13110,15680,16200,22735,23097,33821,34845,39010,53685,58415,45398,54956,13472,22945,6,2,2514,2324,4087,5525,5051,9142,7797,14222,11681,14635,19454,21045,30184,37237,10553,17914,269817,181515,36950,28445,155045,3288,99,40,26
2021-05-04T23:59:59+02:00,10,10,6752,7528,12740,15503,15709,22463,22450,33475,33881,38307,52831,57452,45275,54829,13454,22904,6,2,2459,2254,3932,5353,4874,8888,7453,13811,11255,14174,17802,19113,29081,35902,10457,17794,266027,174677,36079,27504,153382,2358,46,39,25
2021-05-03T23:59:59+02:00,10,9,6606,7379,12361,15282,15198,22152,21737,33068,32726,37415,52528,57132,45179,54721,13439,22872,6,2,2399,2186,3838,5173,4733,8653,7235,13462,10935,13766,16597,17614,28200,34797,10392,17686,262715,169093,35616,27154,151411,1368,34,38,25
2021-05-02T23:59:59+02:00,10,9,6526,7288,12147,15111,14896,21917,21260,32747,31573,36465,52244,56841,45117,54630,13421,22841,6,2,2384,2179,3816,5140,4702,8617,7168,13391,10849,13672,16284,17218,27902,34492,10380,17672,260273,167517,35540,27040,149160,1261,33,37,23
2021-05-01T23:59:59+02:00,10,9,6508,7263,12083,15060,14816,21854,21157,32675,31447,36368,52238,56826,45113,54629,13419,22839,6,2,2381,2171,3792,5123,4661,8593,7130,13354,10788,13616,16086,16995,27787,34355,10377,17662,259695,166551,35539,27013,149010,1259,33,37,23
2021-04-30T23:59:59+02:00,10,9,6470,7225,11990,14966,14710,21733,20961,32487,31206,36176,51967,56466,45068,54576,13413,22827,6,2,2352,2150,3730,5061,4564,8482,6980,13172,10510,13352,15270,15969,26917,33283,10336,17574,257906,163343,35495,25122,148790,1190,32,37,23
2021-04-29T23:59:59+02:00,10,9,6266,7098,11669,14778,14352,21492,20439,32197,30451,35684,51318,55638,44977,54457,13387,22747,6,2,2314,2104,3638,4972,4440,8346,6788,12953,10232,13062,14295,14734,25610,31732,10273,17477,254710,157629,35399,24370,146792,927,31,37,21
2021-04-28T23:59:59+02:00,10,9,6003,6933,11287,14435,13857,21026,19794,31592,29282,34549,48650,52629,44683,54132,13324,22669,6,2,2276,2063,3569,4910,4324,8230,6626,12770,9981,12843,13151,13252,24118,29851,10211,17374,244740,151647,35272,23165,144798,710,17,37,18
2021-04-27T23:59:59+02:00,10,9,5900,6842,11131,14311,13655,20860,19510,31379,28718,34161,48442,52405,44627,54078,13315,22647,6,2,2234,2028,3478,4817,4231,8121,6461,12584,9697,12567,11936,11686,22461,27690,10132,17228,243344,144810,35225,21982,143378,533,17,36,17
2021-04-26T23:59:59+02:00,10,9,5851,6800,11010,14243,13492,20734,19281,31167,27880,33592,48104,52034,44573,54012,13306,22618,6,2,2212,2001,3423,4772,4169,8054,6357,12451,9509,12391,11019,10526,21180,25927,10071,17137,242595,139520,35197,21232,140872,423,17,35,15
2021-04-25T23:59:59+02:00,10,9,5806,6753,10903,14145,13329,20576,19031,30880,27116,32850,47607,51523,44489,53915,13292,22598,6,2,2187,1991,3391,4753,4150,8034,6324,12410,9452,12330,10857,10332,20938,25603,10061,17123,240871,138667,35152,20880,138758,365,17,34,15
2021-04-24T23:59:59+02:00,10,9,5784,6705,10822,14051,13229,20430,18896,30700,26954,32665,47504,51400,44396,53819,13288,22593,6,2,2180,1980,3366,4725,4112,7988,6253,12338,9321,12213,10700,10151,20804,25472,10045,17105,239371,138143,35134,20240,138699,346,17,34,15
2021-04-23T23:59:59+02:00,10,9,5723,6616,10689,13852,13023,20174,18582,30319,26553,32303,46556,50261,44242,53574,13265,22561,6,2,2162,1958,3324,4688,4062,7934,6159,12246,9157,12085,10433,9850,20478,25052,9996,17022,234958,137015,35075,19232,138228,335,17,34,15
2021-04-22T23:59:59+02:00,10,9,5622,6503,10477,13654,12669,19835,18067,29845,25919,31705,44827,48107,43673,52845,13219,22462,5,2,2148,1947,3283,4635,3985,7859,6029,12147,8898,11922,9999,9445,20020,24460,9946,16944,228693,134884,34962,18456,135742,303,17,34,14
2021-04-21T23:59:59+02:00,10,8,5524,6368,10247,13452,12337,19520,17564,29348,25200,30971,40543,43236,43196,52310,13152,22357,5,2,2135,1938,3246,4598,3929,7801,5947,12054,8722,11762,9667,9060,19519,23867,9880,16846,216551,133230,34899,17442,133842,279,17,34,10
2021-04-20T23:59:59+02:00,10,8,5446,6277,10049,13233,12058,19252,17140,28937,24640,30400,38788,41219,42540,51530,13081,22217,5,2,2110,1925,3205,4574,3863,7757,5816,11955,8550,11635,9383,8740,19046,23196,9783,16706,210290,131858,34808,16141,131676,225,17,34,10
2021-04-19T23:59:59+02:00,10,7,5366,6202,9889,13103,11851,19042,16778,28554,24094,29927,37231,39429,41947,50809,13026,22130,5,2,2094,1908,3169,4539,3822,7711,5776,11884,8467,11543,9145,8456,18637,22629,9736,16613,205251,130157,34750,15748,129343,204,17,34,10
2021-04-18T23:59:59+02:00,10,6,5304,6153,9755,13017,11650,18902,16495,28355,23684,29612,35915,38063,41593,50402,12992,22066,5,2,2081,1893,3142,4517,3795,7695,5731,11837,8416,11494,9047,8367,18484,22442,9723,16587,203690,129672,34708,15360,125526,199,17,33,10
2021-04-17T23:59:59+02:00,10,6,5298,6137,9721,12986,11603,18862,16417,28287,23620,29553,35603,37721,41484,50304,12986,22055,5,2,2071,1885,3114,4504,3736,7650,5661,11785,8328,11442,8936,8256,18378,22324,9702,16574,202459,128859,34698,15269,125446,198,17,33,10
2021-04-16T23:59:59+02:00,10,6,5233,6097,9634,12924,11467,18750,16204,28126,23268,29203,34518,36455,41071,49779,12966,22021,5,2,1938,1798,2885,4321,3377,7330,4886,11246,6830,10347,6397,6171,16553,20618,9506,16274,198285,119440,34608,10823,124791,195,16,32,10
2021-04-15T23:59:59+02:00,10,6,5167,6007,9430,12750,11171,18504,15706,27732,22576,28600,32617,34140,40023,48569,12885,21853,5,2,1895,1765,2817,4254,3257,7208,4668,11063,6452,10036,5937,5772,15962,19933,9314,15939,192452,116296,34554,9772,120694,186,16,30,9
2021-04-14T23:59:59+02:00,10,6,5105,5962,9263,12623,10952,18326,15301,27414,21922,28117,30684,31888,38805,47147,12810,21666,5,2,1810,1710,2734,4185,3143,7114,4464,10899,6142,9786,5459,5357,15378,19243,9110,15583,186056,113657,34414,8313,117485,129,16,30,9
2021-04-13T23:59:59+02:00,10,6,5057,5908,9125,12493,10773,18158,14956,27137,21399,27655,28576,29434,37539,45546,12667,21459,5,2,1767,1692,2697,4142,3087,7051,4330,10759,5872,9573,5118,5055,14927,18792,8974,15379,179141,112231,34347,6932,114365,34,16,29,9
2021-04-12T23:59:59+02:00,10,6,4992,5859,9017,12353,10566,18011,14634,26855,20858,27198,26534,27161,36378,44080,12537,21258,5,2,1732,1648,2666,4120,3059,6996,4271,10691,5769,9472,4952,4908,14625,18424,8862,15179,173415,111379,34266,5944,110581,33,16,29,9
2021-04-11T23:59:59+02:00,10,6,4956,5816,8923,12273,10406,17909,14369,26677,20431,26874,25328,25870,35673,43294,12448,21107,5,2,1723,1642,2643,4099,3034,6967,4236,10644,5682,9404,4859,4852,14509,18298,8823,15127,171623,111165,34192,5333,106511,27,15,29,9
2021-04-10T23:59:59+02:00,10,6,4944,5801,8881,12245,10350,17875,14301,26626,20334,26793,25013,25494,35325,42874,12441,21086,5,2,1719,1636,2633,4090,3020,6950,4206,10613,5623,9365,4781,4775,14380,18132,8776,15042,170406,110365,33465,5332,106484,27,15,29,9
2021-04-09T23:59:59+02:00,10,6,4897,5769,8796,12165,10224,17750,14132,26451,20073,26548,24170,24339,34369,41662,12408,21012,4,2,1691,1607,2577,4056,2948,6889,4056,10503,5366,9139,4364,4399,13809,17415,8548,14673,167028,106675,31947,5324,105767,27,11,28,9
2021-04-08T23:59:59+02:00,10,6,4823,5704,8649,12057,10009,17578,13732,26136,19469,26074,22460,22343,32671,39686,12258,20775,4,2,1661,1591,2522,4011,2864,6804,3908,10366,5073,8875,3903,3971,12812,16168,8062,13909,161247,101672,31039,4791,102116,23,11,27,9
2021-04-07T23:59:59+02:00,10,5,4776,5651,8465,11977,9783,17429,13413,25908,18996,25712,20647,20225,30908,37423,12140,20561,4,2,1628,1575,2467,3958,2803,6722,3801,10221,4882,8685,3637,3679,12120,15360,7685,13349,155194,98332,29859,4213,98943,14,10,23,9
2021-04-06T23:59:59+02:00,10,5,4727,5605,8322,11865,9623,17262,13094,25640,18475,25325,18791,18154,28977,34926,11937,20216,4,2,1593,1556,2442,3932,2769,6682,3737,10176,4799,8591,3525,3554,11642,14710,7398,12934,148330,96003,28893,4012,95699,13,10,22,8
2021-04-05T23:59:59+02:00,10,5,4696,5564,8227,11774,9485,17164,12881,25428,18073,24980,17064,16223,27349,32769,11789,19988,4,2,1571,1544,2410,3914,2740,6633,3694,10117,4712,8475,3412,3445,11299,14340,7241,12651,142905,94602,28459,3572,92075,12,10,20,8
2021-04-04T23:59:59+02:00,10,5,4689,5558,8218,11764,9471,17148,12855,25407,18045,24955,16932,16047,27153,32523,11780,19974,4,2,1569,1543,2408,3911,2737,6629,3692,10113,4707,8472,3403,3434,11288,14328,7237,12643,142184,94520,28366,3572,91958,12,8,18,8
2021-04-03T23:59:59+02:00,10,5,4685,5550,8204,11757,9452,17128,12816,25375,17967,24890,16852,15957,27106,32466,11775,19967,4,2,1566,1541,2399,3903,2719,6615,3669,10085,4624,8417,3286,3319,11206,14253,7231,12633,141653,93872,28337,3572,91946,12,8,18,8
2021-04-02T23:59:59+02:00,10,5,4660,5530,8144,11704,9387,17059,12676,25268,17730,24688,16399,15480,26629,31889,11743,19912,4,2,1564,1532,2384,3898,2712,6599,3648,10052,4554,8324,3216,3250,10969,13950,7079,12430,140436,92572,26923,3568,91528,12,8,18,7
2021-04-01T23:59:59+02:00,9,5,4617,5469,8033,11560,9257,16899,12401,24981,17284,24287,15645,14753,25870,30926,11616,19729,4,2,1547,1512,2355,3866,2689,6571,3610,10014,4487,8258,3103,3119,10032,12830,6463,11579,138187,88553,26256,3462,88873,11,8,17,7
2021-03-31T23:59:59+02:00,9,5,4405,5391,7920,11436,9115,16732,12181,24702,16929,23922,14948,13988,25034,29915,11506,19529,4,2,1538,1507,2340,3846,2661,6542,3560,9966,4413,8186,3011,3029,9455,12125,6098,11081,136379,86106,24791,3233,86474,11,7,16,7
2021-03-30T23:59:59+02:00,9,5,4374,5339,7844,11309,9029,16576,12021,24512,16643,23610,14347,13342,24275,28927,11367,19284,4,2,1524,1497,2319,3822,2635,6512,3519,9901,4346,8115,2884,2881,8861,11463,5745,10584,134886,83767,23575,2827,84329,6,7,16,7
2021-03-29T23:59:59+02:00,9,5,4334,5286,7744,11197,8921,16410,11857,24237,16313,23262,13804,12742,23509,27947,11207,19035,4,2,1504,1484,2300,3806,2612,6484,3485,9841,4282,8039,2831,2813,8569,11075,5556,10271,133030,82370,22812,2568,81954,6,7,16,7
2021-03-28T23:59:59+02:00,9,5,4299,5202,7657,11089,8840,16255,11721,24007,16053,22989,13475,12431,22935,27253,11031,18749,4,2,1494,1477,2278,3790,2597,6455,3446,9791,4245,7980,2783,2762,8490,10969,5511,10203,132524,82019,22284,2239,79169,5,7,16,7
2021-03-27T23:59:59+01:00,9,5,4285,5191,7630,11057,8773,16182,11622,23911,15905,22873,13271,12218,22732,27039,10996,18720,4,2,1493,1475,2275,3788,2596,6454,3429,9764,4235,7957,2773,2755,8432,10905,5476,10163,131635,81718,21639,2239,79122,5,7,16,7
2021-03-26T23:59:59+01:00,9,5,4241,5123,7520,10919,8598,15998,11284,23604,15291,22369,12348,11388,21940,26190,10849,18491,2,2,1488,1461,2270,3767,2582,6431,3412,9738,4194,7921,2743,2716,8251,10686,5355,9991,127557,80867,20024,2124,78563,5,7,16,7
2021-03-25T23:59:59+01:00,9,4,4186,4961,7356,10640,8352,15590,10899,22979,14646,21669,11675,10725,21069,25120,10530,17944,2,2,1468,1448,2237,3742,2547,6393,3375,9691,4123,7839,2608,2576,7272,9423,4737,9072,124262,76653,19241,1884,74830,5,6,15,7
2021-03-24T23:59:59+01:00,9,4,4110,4821,7219,10350,8134,15177,10634,22430,14174,21059,11069,10164,20132,24029,10197,17377,2,2,1447,1419,2210,3705,2503,6356,3332,9626,4044,7739,2507,2479,6620,8655,4351,8490,121651,74013,18046,1461,71376,3,3,13,7
2021-03-23T23:59:59+01:00,9,4,4070,4730,7113,10109,7979,14835,10371,21924,13772,20566,10601,9724,19406,23177,9882,16910,2,2,1436,1401,2184,3684,2483,6328,3272,9572,3950,7663,2412,2378,5890,7724,3898,7795,120182,70931,16940,1131,68045,3,2,13,7
2021-03-22T23:59:59+01:00,9,4,4017,4652,6984,9868,7819,14512,10111,21456,13421,20065,10208,9367,18834,22467,9688,16562,2,1,1427,1394,2177,3670,2471,6312,3248,9549,3920,7629,2351,2327,5433,7113,3536,7301,119282,68808,16536,1041,64211,3,2,13,7
2021-03-21T23:59:59+01:00,9,4,3970,4551,6851,9606,7651,14151,9888,20914,13078,19539,9889,9088,18297,21865,9498,16246,2,1,1424,1390,2176,3659,2467,6304,3242,9540,3910,7615,2337,2308,5316,6981,3478,7200,119072,68297,16139,1041,59869,3,2,13,7
2021-03-20T23:59:59+01:00,9,4,3959,4531,6814,9550,7594,14076,9804,20802,12972,19449,9802,8994,18157,21687,9447,16159,2,1,1421,1385,2172,3655,2462,6299,3228,9530,3890,7605,2302,2276,4989,6609,3289,6958,118238,67020,16043,1041,59514,3,2,13,7
2021-03-19T23:59:59+01:00,8,4,3785,4390,6523,9298,7152,13648,8891,20070,11240,18121,6934,6639,15898,19482,9086,15594,2,1,1417,1381,2167,3648,2450,6287,3215,9504,3838,7559,2235,2235,4613,6135,3020,6633,108920,65321,11314,1008,56514,3,2,13,6
2021-03-18T23:59:59+01:00,8,3,3681,4259,6347,8992,6882,13209,8501,19411,10602,17382,6213,5986,14674,18010,8567,14766,2,1,1413,1375,2144,3621,2432,6251,3186,9462,3799,7526,2190,2201,4190,5602,2738,6218,103771,63439,10307,901,53401,3,2,12,6
2021-03-17T23:59:59+01:00,8,3,3602,4185,6218,8844,6710,13032,8203,19101,10198,16991,5805,5600,13853,17082,8166,14177,2,1,1403,1362,2128,3601,2402,6219,3155,9434,3762,7489,2135,2141,3780,5156,2486,5830,100518,61708,8616,767,52630,3,2,12,6
2021-03-16T23:59:59+01:00,8,3,3525,4053,6061,8573,6502,12662,7890,18516,9649,16335,5276,5144,13033,16117,7827,13677,2,1,1394,1353,2119,3584,2386,6204,3139,9415,3737,7463,2108,2104,3260,4515,2145,5317,98181,59472,7204,763,49452,3,2,12,6
2021-03-15T23:59:59+01:00,8,3,3476,3908,5870,8298,6283,12249,7616,17941,9214,15710,4959,4859,12373,15374,7563,13215,2,1,1394,1343,2103,3569,2366,6180,3120,9366,3713,7424,2071,2053,2892,4052,1858,4920,96679,57672,6221,745,46006,3,1,12,6
2021-03-14T23:59:59+01:00,8,3,3430,3776,5641,7969,5992,11802,7306,17224,8753,14957,4635,4584,12084,15117,7514,13116,2,1,1387,1338,2087,3540,2353,6131,3102,9307,3695,7385,2064,2042,2814,3944,1805,4833,96552,57269,5605,551,41741,3,1,12,6
2021-03-13T23:59:59+01:00,8,3,3413,3733,5600,7852,5930,11680,7220,17076,8604,14800,4484,4433,11993,15031,7508,13105,2,1,1387,1338,2087,3540,2352,6131,3101,9305,3694,7385,2061,2034,2761,3888,1771,4778,95857,57056,5605,551,40998,2,1,12,6
2021-03-12T23:59:59+01:00,8,3,3393,3663,5542,7713,5870,11528,7133,16848,8468,14567,4377,4336,11720,14705,7351,12887,2,1,1387,1338,2083,3534,2351,6123,3096,9299,3692,7380,2059,2032,2673,3777,1687,4689,94428,56643,5597,551,40075,2,1,11,6
2021-03-11T23:59:59+01:00,8,3,3315,3470,5332,7421,5639,11109,6792,16180,8029,13926,4032,3999,10640,13441,6692,11975,2,1,1381,1336,2072,3521,2333,6098,3073,9264,3669,7347,2028,2007,2433,3511,1530,4468,90215,55548,5161,518,36615,2,1,11,5
2021-03-10T23:59:59+01:00,8,3,3219,3352,5114,7149,5423,10745,6521,15634,7687,13379,3807,3770,9990,12648,6304,11438,2,1,1376,1325,2046,3483,2303,6008,3025,9141,3612,7227,1984,1930,2217,3274,1397,4272,87735,54331,4785,284,33659,2,1,11,5
2021-03-09T23:59:59+01:00,7,3,3146,3224,4944,6963,5219,10461,6289,15199,7390,12869,3623,3563,9354,11944,5925,10910,2,1,1369,1314,2012,3423,2272,5906,2963,8999,3544,7145,1954,1904,1936,2956,1225,4025,85440,52906,4518,36,31063,2,1,11,5
2021-03-08T23:59:59+01:00,7,3,3080,3068,4714,6699,4976,10107,6027,14685,7028,12282,3422,3370,8960,11501,5727,10593,2,1,1366,1296,1998,3345,2241,5808,2925,8853,3511,7050,1939,1882,1733,2724,1101,3830,83958,51565,4148,34,28132,0,1,10,5
2021-03-07T23:59:59+01:00,7,3,3047,3009,4642,6584,4892,9995,5923,14520,6910,12133,3371,3323,8871,11392,5686,10525,2,1,1360,1291,1992,3333,2233,5783,2918,8814,3499,7031,1931,1870,1678,2656,1050,3761,83594,51163,3969,34,27259,0,1,10,5
2021-03-06T23:59:59+01:00,6,3,3033,2952,4599,6493,4854,9928,5862,14400,6861,12021,3347,3300,8814,11326,5651,10482,2,1,1358,1278,1987,3319,2221,5756,2915,8787,3488,7012,1921,1846,1650,2632,1044,3752,83266,50929,3969,34,26686,0,1,10,5
2021-03-05T23:59:59+01:00,6,3,3010,2862,4540,6381,4790,9830,5799,14247,6758,11868,3302,3245,8628,11098,5528,10305,2,1,1349,1244,1955,3263,2196,5650,2875,8653,3444,6874,1877,1800,1586,2562,1021,3724,82357,50037,3961,34,25872,0,0,10,5
2021-03-04T23:59:59+01:00,4,3,2958,2674,4381,6143,4569,9515,5592,13830,6445,11479,3126,3069,7606,9802,4895,9386,2,1,1330,1195,1918,3140,2164,5468,2829,8376,3386,6641,1805,1710,1549,2510,1016,3706,78184,48708,3687,33,23596,0,0,10,5
2021-03-03T23:59:59+01:00,3,3,2919,2603,4240,5954,4401,9247,5388,13452,6189,11060,3000,2936,6956,9023,4497,8775,2,1,1318,1159,1891,3067,2142,5357,2799,8197,3333,6483,1737,1667,1507,2440,996,3651,75449,47710,3444,33,21743,0,0,10,4
2021-03-02T23:59:59+01:00,3,3,2859,2513,4051,5737,4196,8976,5191,13072,5920,10684,2852,2774,6188,8058,4025,8063,2,1,1285,1117,1864,2995,2118,5215,2749,7924,3284,6285,1662,1607,1441,2360,972,3601,72271,46445,2988,33,19896,0,0,10,4
2021-03-01T23:59:59+01:00,3,2,2820,2450,3888,5587,4010,8757,5002,12753,5682,10291,2750,2659,5693,7401,3659,7551,2,1,1279,1081,1841,2894,2092,5020,2708,7674,3224,6049,1619,1571,1391,2299,942,3558,70098,45208,2680,33,18170,0,0,10,4
2021-02-28T23:59:59+01:00,3,2,2778,2402,3731,5469,3787,8568,4821,12502,5495,9985,2693,2585,5571,7245,3597,7450,2,1,1275,1076,1836,2881,2083,4996,2701,7638,3214,6032,1610,1564,1385,2290,939,3548,69618,45035,2458,32,16598,0,0,10,4
2021-02-27T23:59:59+01:00,3,2,2765,2341,3705,5388,3753,8493,4787,12407,5460,9910,2652,2551,5237,6858,3396,7198,2,1,1268,1068,1829,2869,2070,4961,2682,7573,3198,5976,1592,1554,1379,2279,937,3547,68298,44750,2458,31,16140,0,0,10,4
2021-02-26T23:59:59+01:00,3,2,2745,2300,3663,5299,3687,8390,4724,12296,5373,9822,2575,2498,4852,6375,3117,6864,2,1,1211,1018,1779,2764,2021,4780,2626,7298,3125,5766,1531,1503,1356,2257,923,3538,66475,43465,2331,30,15770,0,0,9,4
2021-02-25T23:59:59+01:00,3,2,2574,2195,3476,5116,3501,8163,4521,12007,5153,9547,2486,2432,4402,5819,2828,6436,2,1,1195,961,1748,2656,1966,4506,2557,6902,3030,5479,1485,1460,1335,2242,920,3529,64606,41943,2004,27,14042,0,0,9,4
2021-02-24T23:59:59+01:00,3,2,2421,2062,3287,4920,3355,7957,4324,11752,4931,9296,2349,2312,3943,5307,2566,6038,1,1,1180,932,1725,2570,1930,4366,2497,6646,2977,5272,1454,1427,1317,2221,916,3506,62827,40915,1526,19,12463,0,0,9,4
2021-02-23T23:59:59+01:00,3,2,2292,1923,3111,4696,3203,7719,4149,11480,4745,9046,2259,2218,3386,4642,2220,5518,1,1,1166,884,1691,2475,1891,4175,2429,6346,2879,5013,1396,1371,1288,2177,900,3479,60605,39542,1173,16,10825,0,0,9,4
2021-02-22T23:59:59+01:00,3,2,2252,1872,3028,4603,3133,7610,4055,11293,4637,8921,2207,2177,3015,4174,1932,5131,1,1,1154,825,1659,2349,1848,3929,2353,5951,2754,4715,1333,1318,1265,2143,892,3454,58920,37934,1086,6,10030,0,0,9,4
2021-02-21T23:59:59+01:00,3,2,2216,1841,2976,4534,3053,7497,3974,11148,4570,8804,2192,2154,2931,4059,1876,5042,1,1,1151,807,1642,2297,1821,3822,2320,5795,2691,4589,1302,1295,1255,2129,885,3439,58485,37232,1053,6,9325,0,0,9,4
2021-02-20T23:59:59+01:00,3,2,2204,1838,2953,4521,3037,7461,3948,11115,4549,8782,2189,2146,2877,4002,1841,4987,1,1,1151,804,1642,2295,1820,3813,2319,5790,2690,4585,1301,1292,1254,2126,884,3438,58269,37196,1052,6,9125,0,0,9,4
2021-02-19T23:59:59+01:00,2,2,2192,1824,2917,4469,3012,7375,3903,11033,4495,8719,2181,2140,2786,3888,1756,4893,1,1,1101,795,1603,2287,1809,3804,2309,5769,2682,4572,1295,1281,1243,2121,879,3431,57847,36974,1020,5,8711,0,0,9,4
2021-02-18T23:59:59+01:00,2,2,2062,1729,2760,4287,2888,7176,3766,10747,4357,8513,2147,2106,2543,3617,1598,4669,1,1,1022,759,1531,2188,1760,3681,2236,5611,2625,4487,1281,1260,1236,2106,865,3413,56772,36055,953,4,7236,0,0,8,4
2021-02-17T23:59:59+01:00,2,2,2018,1681,2668,4155,2778,6963,3614,10406,4216,8269,2088,2022,2325,3388,1470,4476,1,1,870,694,1419,2065,1683,3490,2139,5384,2552,4314,1246,1214,1208,2061,849,3368,55700,34551,807,3,6026,0,0,8,4
2021-02-16T23:59:59+01:00,2,2,1848,1572,2494,3946,2637,6688,3452,10052,4039,7963,2043,1995,2042,3068,1296,4223,1,1,844,671,1349,1986,1613,3349,2044,5210,2455,4180,1182,1167,1142,1968,814,3264,54358,33234,771,2,4225,0,0,8,4
2021-02-15T23:59:59+01:00,2,2,1813,1518,2406,3774,2560,6415,3330,9684,3924,7693,2017,1966,1823,2827,1170,4030,1,1,826,659,1320,1940,1571,3280,1986,5037,2391,4078,1114,1126,1070,1876,792,3159,53248,32222,755,1,2943,0,0,8,4
2021-02-14T23:59:59+01:00,2,2,1725,1488,2358,3713,2518,6320,3259,9580,3878,7615,2006,1956,1765,2767,1120,3970,1,1,811,649,1304,1917,1544,3256,1952,4996,2365,4022,1104,1115,1063,1867,789,3147,52908,31899,727,1,2399,0,0,8,3
2021-02-13T23:59:59+01:00,2,2,1724,1476,2348,3706,2512,6306,3256,9564,3871,7605,1997,1936,1741,2747,1116,3960,1,1,811,649,1304,1917,1544,3256,1952,4996,2365,4022,1104,1115,1063,1867,789,3147,52751,31899,727,1,2383,0,0,8,3
2021-02-12T23:59:59+01:00,2,2,1645,1389,2248,3593,2433,6133,3151,9326,3747,7339,1949,1878,1677,2676,1092,3931,1,1,804,641,1293,1894,1531,3238,1944,4965,2349,4002,1099,1110,1062,1848,789,3116,51806,31684,727,0,1670,0,0,8,3
2021-02-11T23:59:59+01:00,2,2,1449,1255,2066,3380,2305,5841,3000,8891,3589,6991,1876,1776,1635,2612,1072,3908,1,1,775,594,1199,1713,1403,2960,1804,4603,2183,3711,1045,1046,1018,1770,748,2973,50405,29546,685,0,552,0,0,8,1
2021-02-10T23:59:59+01:00,2,2,1356,1208,1981,3253,2236,5669,2918,8612,3478,6759,1806,1729,1587,2545,1053,3845,1,1,564,510,977,1484,1260,2650,1618,4143,1979,3328,925,918,885,1511,656,2632,49227,26041,646,0,159,0,0,7,1
2021-02-09T23:59:59+01:00,2,2,1321,1159,1947,3160,2208,5484,2851,8272,3408,6501,1731,1667,1525,2484,1034,3803,1,1,302,379,761,1216,1074,2272,1412,3603,1729,2871,759,756,711,1204,522,2127,47957,21699,516,0,80,0,0,6,1
2021-02-08T23:59:59+01:00,2,2,1314,1124,1915,3043,2171,5261,2799,7993,3349,6265,1688,1633,1475,2429,1017,3781,1,1,266,340,657,1062,969,2057,1253,3211,1532,2555,657,636,609,1016,450,1841,46830,19112,346,0,79,0,0,6,1
2021-02-07T23:59:59+01:00,2,2,1288,1108,1885,2990,2145,5179,2769,7890,3307,6199,1672,1617,1460,2410,1005,3766,1,1,232,285,609,972,908,1901,1163,2983,1434,2383,616,616,587,982,440,1811,46543,17924,145,0,0,0,0,6,0
2021-02-06T23:59:59+01:00,2,2,1283,1102,1879,2978,2136,5151,2756,7846,3296,6154,1659,1609,1455,2400,1002,3765,1,1,213,254,586,933,881,1836,1119,2865,1377,2300,600,597,580,982,440,1811,46324,17376,145,0,0,0,0,6,0
2021-02-05T23:59:59+01:00,2,2,1224,1050,1830,2872,2084,4955,2695,7550,3219,5938,1596,1554,1438,2376,994,3759,1,1,196,220,550,881,845,1755,1082,2745,1324,2200,566,573,568,958,428,1786,44987,16679,145,0,0,0,0,6,0
2021-02-04T23:59:59+01:00,2,2,1212,987,1789,2725,2012,4643,2613,7103,3119,5609,1551,1521,1421,2359,989,3748,1,1,166,168,476,763,746,1615,969,2506,1210,1985,520,520,520,902,407,1666,43363,15141,37,0,0,0,0,5,0
2021-02-03T23:59:59+01:00,2,2,1194,958,1759,2644,1973,4495,2547,6841,3067,5394,1514,1489,1391,2324,970,3718,1,1,137,140,401,647,629,1377,823,2128,1011,1693,400,384,376,681,287,1258,42240,12374,37,0,0,0,0,5,0
2021-02-02T23:59:59+01:00,2,2,1177,902,1724,2543,1932,4275,2474,6509,2961,5122,1460,1441,1367,2293,960,3693,1,1,114,115,325,524,523,1138,678,1797,821,1384,299,280,295,499,225,946,40795,9965,37,0,0,0,0,5,0
2021-02-01T23:59:59+01:00,1,2,1164,842,1689,2419,1880,4030,2397,6118,2839,4826,1392,1358,1337,2247,947,3664,0,0,82,76,224,354,351,745,431,1160,480,863,186,170,172,298,126,562,39110,6280,37,0,0,0,0,5,0
2021-01-31T23:59:59+01:00,1,2,1160,824,1672,2362,1855,3908,2365,5934,2772,4705,1361,1335,1326,2231,940,3648,0,0,72,70,190,282,273,576,342,906,398,696,160,155,160,289,122,548,38362,5239,34,0,0,0,0,5,0
2021-01-30T23:59:59+01:00,1,2,1160,821,1671,2357,1853,3897,2363,5923,2769,4695,1360,1331,1325,2230,940,3647,0,0,69,63,158,235,245,508,307,788,355,621,159,148,155,285,122,547,38307,4765,33,0,0,0,0,5,0
2021-01-29T23:59:59+01:00,1,2,1109,812,1632,2349,1842,3890,2355,5908,2761,4684,1356,1328,1321,2230,940,3647,0,0,61,45,120,180,201,352,251,641,310,493,148,139,144,275,119,546,38131,4025,31,0,0,0,0,5,0
2021-01-28T23:59:59+01:00,1,2,1034,786,1576,2286,1808,3821,2308,5836,2728,4632,1344,1316,1311,2224,928,3633,0,0,39,20,77,107,132,206,156,385,202,296,115,106,118,221,107,496,37541,2783,28,0,0,0,0,5,0
2021-01-27T23:59:59+01:00,1,2,887,733,1481,2210,1740,3707,2235,5707,2670,4506,1314,1270,1282,2185,912,3597,0,0,30,13,63,89,106,162,122,326,175,250,107,88,105,201,103,459,36416,2399,19,0,0,0,0,4,0
2021-01-26T23:59:59+01:00,1,2,873,713,1417,2135,1678,3577,2147,5535,2581,4394,1255,1230,1232,2111,887,3536,0,0,29,12,60,86,102,156,118,311,174,240,104,82,98,180,92,409,35286,2253,14,0,0,0,0,4,0
2021-01-25T23:59:59+01:00,1,2,861,692,1388,2076,1645,3480,2101,5366,2524,4302,1201,1205,1177,2052,869,3470,0,0,27,12,57,86,99,154,117,309,173,240,103,81,97,179,90,406,34403,2230,5,0,0,0,0,4,0
2021-01-24T23:59:59+01:00,1,2,858,691,1382,2065,1640,3463,2093,5341,2512,4270,1197,1197,1172,2045,868,3464,0,0,27,12,57,86,98,153,117,309,173,239,103,81,97,179,90,405,34253,2226,5,0,0,0,0,3,0
2021-01-23T23:59:59+01:00,1,2,858,691,1382,2065,1639,3463,2093,5341,2512,4270,1197,1197,1172,2045,868,3464,0,0,27,12,57,86,98,153,117,309,172,239,103,81,97,179,90,405,34253,2225,4,0,0,0,0,3,0
2021-01-22T23:59:59+01:00,1,2,857,682,1369,2042,1624,3439,2080,5307,2496,4250,1195,1192,1171,2022,867,3430,0,0,27,12,57,86,98,153,117,309,171,239,103,81,97,179,90,405,34019,2224,4,0,0,0,0,3,0
2021-01-21T23:59:59+01:00,1,2,825,646,1292,1886,1522,3246,1984,5035,2386,4050,1154,1132,1142,1952,829,3309,0,0,25,11,53,81,90,144,107,280,157,216,89,72,86,155,74,345,32389,1985,3,0,0,0,0,1,0
2021-01-20T23:59:59+01:00,1,2,625,548,1098,1667,1384,2973,1806,4628,2181,3708,1025,1013,1012,1711,752,3006,0,0,23,11,52,77,87,143,99,267,146,197,78,65,80,130,62,307,29136,1824,3,0,0,0,0,1,0
2021-01-19T23:59:59+01:00,1,2,340,406,849,1407,1180,2625,1570,4099,1917,3257,851,843,841,1422,630,2564,0,0,19,8,37,53,58,78,73,180,103,134,58,50,52,96,47,238,24801,1284,2,0,0,0,0,1,0
2021-01-18T23:59:59+01:00,1,2,299,370,735,1217,1062,2371,1377,3599,1675,2876,710,691,680,1166,526,2119,0,0,8,4,12,18,20,26,24,52,25,47,13,11,13,33,11,72,21474,389,1,0,0,0,0,1,0
2021-01-17T23:59:59+01:00,1,2,257,318,669,1122,982,2198,1278,3326,1561,2664,664,660,651,1107,498,2052,0,0,0,0,1,0,3,2,2,1,2,2,1,4,1,0,0,1,20009,20,1,0,0,0,0,0,0
2021-01-16T23:59:59+01:00,1,2,240,288,652,1086,959,2136,1236,3216,1510,2590,648,642,643,1107,498,2051,0,0,0,0,0,0,1,2,1,1,1,2,0,1,1,0,0,1,19504,11,1,0,0,0,0,0,0
2021-01-15T23:59:59+01:00,1,2,224,254,622,1033,932,2058,1203,3098,1458,2493,617,616,636,1086,491,2039,0,0,0,0,0,0,0,0,0,0,0,0,0,0,0,0,0,0,18863,0,0,0,0,0,0,0,0
2021-01-14T23:59:59+01:00,1,2,193,206,561,912,843,1915,1108,2876,1343,2307,572,572,596,1040,484,1993,0,0,0,0,0,0,0,0,0,0,0,0,0,0,0,0,0,0,17524,0,0,0,0,0,0,0,0
2021-01-13T23:59:59+01:00,1,2,164,184,512,838,770,1789,1009,2639,1188,2082,456,453,454,823,368,1551,0,0,0,0,0,0,0,0,0,0,0,0,0,0,0,0,0,0,15283,0,0,0,0,0,0,0,0
2021-01-12T23:59:59+01:00,1,2,140,164,481,768,718,1632,920,2436,1079,1850,366,344,354,590,270,1114,0,0,0,0,0,0,0,0,0,0,0,0,0,0,0,0,0,0,13229,0,0,0,0,0,0,0,0
2021-01-11T23:59:59+01:00,0,1,112,127,404,639,628,1378,757,1978,847,1461,228,203,203,358,153,673,0,0,0,0,0,0,0,0,0,0,0,0,0,0,0,0,0,0,10150,0,0,0,0,0,0,0,0
2021-01-10T23:59:59+01:00,0,1,87,92,313,460,472,1000,548,1450,623,1065,190,179,186,344,147,659,0,0,0,0,0,0,0,0,0,0,0,0,0,0,0,0,0,0,7816,0,0,0,0,0,0,0,0
2021-01-09T23:59:59+01:00,0,1,77,84,266,398,401,867,481,1233,547,908,183,169,181,339,147,657,0,0,0,0,0,0,0,0,0,0,0,0,0,0,0,0,0,0,6939,0,0,0,0,0,0,0,0
2021-01-08T23:59:59+01:00,0,1,64,64,193,288,303,585,368,936,440,689,175,164,164,327,145,657,0,0,0,0,0,0,0,0,0,0,0,0,0,0,0,0,0,0,5563,0,0,0,0,0,0,0,0
2021-01-07T23:59:59+01:00,0,0,45,25,83,123,140,231,165,422,222,344,130,128,145,277,131,602,0,0,0,0,0,0,0,0,0,0,0,0,0,0,0,0,0,0,3213,0,0,0,0,0,0,0,0
2021-01-06T23:59:59+01:00,0,0,33,18,71,94,119,180,137,345,193,279,111,99,116,227,112,517,0,0,0,0,0,0,0,0,0,0,0,0,0,0,0,0,0,0,2651,0,0,0,0,0,0,0,0
2021-01-05T23:59:59+01:00,0,0,30,13,60,90,108,166,121,329,179,256,109,94,115,220,109,499,0,0,0,0,0,0,0,0,0,0,0,0,0,0,0,0,0,0,2498,0,0,0,0,0,0,0,0
2021-01-04T23:59:59+01:00,0,0,27,12,57,87,100,158,116,314,177,244,108,90,108,206,99,461,0,0,0,0,0,0,0,0,0,0,0,0,0,0,0,0,0,0,2364,0,0,0,0,0,0,0,0
2021-01-03T23:59:59+01:00,0,0,27,12,57,87,100,158,116,314,177,244,108,90,107,205,99,461,0,0,0,0,0,0,0,0,0,0,0,0,0,0,0,0,0,0,2362,0,0,0,0,0,0,0,0
2021-01-02T23:59:59+01:00,0,0,27,12,57,87,100,158,116,314,176,244,108,90,107,205,99,461,0,0,0,0,0,0,0,0,0,0,0,0,0,0,0,0,0,0,2361,0,0,0,0,0,0,0,0
2021-01-01T23:59:59+01:00,0,0,27,12,57,87,100,158,116,314,174,243,108,90,107,205,99,461,0,0,0,0,0,0,0,0,0,0,0,0,0,0,0,0,0,0,2358,0,0,0,0,0,0,0,0
2020-12-31T23:59:59+01:00,0,0,27,12,57,87,100,158,116,314,174,243,108,90,107,205,99,461,0,0,0,0,0,0,0,0,0,0,0,0,0,0,0,0,0,0,2358,0,0,0,0,0,0,0,0
2020-12-30T23:59:59+01:00,0,0,26,12,57,86,99,155,116,313,174,243,108,90,107,205,99,461,0,0,0,0,0,0,0,0,0,0,0,0,0,0,0,0,0,0,2351,0,0,0,0,0,0,0,0
2020-12-29T23:59:59+01:00,0,0,20,9,42,60,76,91,86,218,128,191,83,77,78,171,80,373,0,0,0,0,0,0,0,0,0,0,0,0,0,0,0,0,0,0,1783,0,0,0,0,0,0,0,0
2020-12-28T23:59:59+01:00,0,0,9,6,18,30,31,45,40,113,53,103,36,42,40,98,43,211,0,0,0,0,0,0,0,0,0,0,0,0,0,0,0,0,0,0,918,0,0,0,0,0,0,0,0
2020-12-27T23:59:59+01:00,0,0,2,2,4,5,7,11,10,24,6,23,6,7,7,25,5,56,0,0,0,0,0,0,0,0,0,0,0,0,0,0,0,0,0,0,200,0,0,0,0,0,0,0,0
