Datum,<15_m,<15_w,15-24_1_m,15-24_1_w,25-34_1_m,25-34_1_w,35-44_1_m,35-44_1_w,45-54_1_m,45-54_1_w,55-64_1_m,55-64_1_w,65-74_1_m,65-74_1_w,75-84_1_m,75-84_1_w,>84_1_m,>84_1_w,<24_2_m,<24_2_w,25-34_2_m,25-34_2_w,35-44_2_m,35-44_2_w,45-54_2_m,45-54_2_w,55-64_2_m,55-64_2_w,65-74_2_m,65-74_2_w,75-84_2_m,75-84_2_w,>84_2_m,>84_2_w,bp_1,bp_2,mo_1,mo_2,az_1,az_2,ja,unb_1,unb_2
2021-09-30T23:59:59+02:00,10166,9464,59387,55925,65891,61570,74728,75889,96162,98243,107609,106543,74027,80292,52071,63843,15043,25899,53915,50863,61615,56800,70675,71138,91815,93392,103525,102601,71942,78038,50640,62056,14491,24788,831401,782123,70634,68065,182552,175779,48192,33,50
2021-09-29T23:59:59+02:00,10097,9407,59259,55802,65773,61454,74651,75798,96069,98156,107546,106490,73988,80251,52063,63814,15038,25889,53766,50713,61504,56667,70583,71034,91725,93300,103432,102538,71896,77995,50617,62005,14484,24778,830440,780963,70608,68046,182551,175760,47972,33,50
2021-09-28T23:59:59+02:00,10018,9329,59122,55656,65613,61313,74546,75712,95964,98071,107468,106425,73938,80209,52041,63787,15030,25868,53617,50563,61369,56553,70493,70920,91650,93222,103360,102461,71855,77956,50594,61973,14480,24767,829291,779918,70597,68027,182547,175751,47699,33,50
2021-09-27T23:59:59+02:00,9959,9276,58970,55498,65474,61185,74456,75609,95860,97964,107379,106371,73893,80166,52022,63760,15022,25848,53465,50435,61247,56418,70400,70814,91548,93125,103276,102409,71807,77909,50572,61937,14473,24748,828248,778934,70580,68012,182542,175705,47361,33,49
2021-09-26T23:59:59+02:00,9918,9236,58886,55410,65396,61104,74400,75532,95797,97908,107332,106334,73867,80141,52008,63731,15012,25831,53367,50322,61164,56340,70324,70726,91477,93049,103222,102377,71778,77881,50551,61912,14467,24736,827605,778189,70562,68004,182526,175670,47169,33,49
2021-09-25T23:59:59+02:00,9910,9224,58868,55391,65380,61094,74390,75523,95791,97900,107322,106330,73867,80140,52007,63730,15012,25831,53341,50314,61150,56322,70313,70718,91471,93043,103212,102375,71778,77879,50551,61909,14467,24736,827526,778113,70555,68000,182524,175669,47124,33,49
2021-09-24T23:59:59+02:00,9858,9169,58756,55267,65280,60994,74301,75431,95706,97827,107263,106289,73839,80118,51999,63720,15011,25821,53237,50208,61077,56248,70240,70647,91402,92982,103139,102325,71752,77861,50540,61893,14462,24726,826643,777333,70537,67993,182518,175663,46969,33,49
2021-09-23T23:59:59+02:00,9771,9076,58518,55076,65105,60836,74176,75288,95565,97694,107154,106180,73794,80083,51979,63680,14999,25803,53059,50074,60959,56112,70124,70535,91287,92875,103046,102253,71718,77817,50522,61868,14449,24710,825240,776328,70484,67965,182514,175645,46552,33,49
2021-09-22T23:59:59+02:00,9687,9016,58332,54928,64945,60691,74056,75164,95439,97594,107054,106122,73751,80036,51952,63635,14979,25777,52918,49925,60839,55992,70031,70438,91194,92769,102983,102201,71677,77770,50493,61831,14435,24696,823984,775346,70465,67942,182504,175631,46218,33,49
2021-09-21T23:59:59+02:00,9619,8928,58186,54774,64800,60546,73922,75032,95303,97476,106962,106031,73717,79977,51933,63609,14971,25755,52774,49765,60722,55863,69930,70333,91087,92665,102889,102107,71638,77725,50466,61791,14426,24671,822722,774181,70448,67930,182500,175624,45884,33,49
2021-09-20T23:59:59+02:00,9559,8867,58049,54636,64642,60411,73804,74880,95174,97385,106875,105938,73653,79933,51906,63573,14958,25734,52651,49630,60598,55743,69822,70226,90987,92575,102813,102032,71586,77682,50441,61742,14419,24653,821519,773203,70434,67913,182493,175595,45544,33,49
2021-09-19T23:59:59+02:00,9507,8827,57930,54547,64531,60295,73714,74775,95100,97284,106813,105866,73636,79908,51893,63553,14955,25723,52542,49516,60505,55631,69728,70132,90919,92505,102734,101963,71553,77649,50419,61711,14412,24647,820731,772434,70415,67899,182481,175570,45243,33,49
2021-09-18T23:59:59+02:00,9491,8810,57904,54518,64497,60264,73689,74751,95084,97262,106801,105845,73633,79907,51890,63550,14955,25722,52512,49481,60475,55608,69708,70112,90899,92489,102721,101943,71549,77646,50419,61710,14411,24645,820515,772242,70405,67890,182481,175569,45185,33,49
2021-09-17T23:59:59+02:00,9405,8731,57732,54371,64365,60136,73564,74632,94980,97160,106717,105773,73598,79875,51878,63532,14948,25715,52345,49371,60351,55498,69617,70022,90818,92410,102648,101884,71516,77609,50404,61680,14402,24638,819366,771297,70362,67872,182479,175562,44917,33,49
2021-09-16T23:59:59+02:00,9330,8658,57518,54219,64189,59952,73387,74466,94831,97027,106563,105662,73527,79816,51856,63490,14941,25700,52179,49245,60199,55377,69491,69908,90709,92309,102543,101803,71471,77561,50382,61642,14395,24625,817906,770327,70345,67853,182456,175530,44437,33,49
2021-09-15T23:59:59+02:00,9238,8577,57315,54000,64005,59751,73208,74289,94683,96876,106417,105527,73467,79749,51811,63439,14931,25680,52019,49079,60071,55242,69366,69804,90608,92230,102435,101714,71424,77504,50348,61604,14385,24614,816160,769247,70326,67836,182452,175518,44037,33,49
2021-09-14T23:59:59+02:00,9130,8471,57125,53768,63824,59565,73063,74111,94552,96720,106292,105427,73395,79684,51781,63389,14913,25658,51847,48880,59919,55101,69244,69684,90499,92103,102343,101622,71372,77444,50320,61559,14378,24601,814406,767921,70314,67823,182432,175483,43728,32,49
2021-09-13T23:59:59+02:00,9068,8404,56902,53563,63669,59372,72906,73941,94400,96567,106156,105297,73341,79633,51742,63342,14893,25629,51677,48716,59793,54970,69164,69593,90380,92014,102248,101550,71326,77403,50291,61517,14366,24590,812710,766864,70303,67810,182417,175456,43407,32,49
2021-09-12T23:59:59+02:00,9023,8376,56783,53476,63582,59278,72830,73855,94327,96501,106092,105229,73313,79608,51727,63319,14889,25623,51545,48606,59693,54870,69089,69516,90305,91949,102175,101480,71290,77373,50276,61492,14361,24578,811995,766056,70286,67796,182400,175431,43162,32,48
2021-09-11T23:59:59+02:00,9019,8369,56766,53454,63564,59264,72819,73843,94322,96487,106087,105224,73312,79607,51727,63319,14889,25623,51525,48586,59672,54858,69074,69506,90297,91934,102173,101475,71286,77371,50276,61492,14361,24576,811918,766006,70279,67752,182399,175429,43111,32,48
2021-09-10T23:59:59+02:00,8948,8308,56604,53308,63450,59144,72712,73738,94204,96372,106010,105163,73276,79571,51714,63293,14885,25618,51398,48522,59609,54795,69011,69459,90232,91877,102137,101437,71265,77355,50267,61482,14357,24570,810801,765544,70247,67697,182397,175426,42885,32,48
2021-09-09T23:59:59+02:00,8877,8244,56407,53117,63287,58961,72555,73593,94057,96234,105885,105070,73217,79509,51683,63259,14881,25605,51216,48357,59454,54664,68878,69333,90113,91771,102021,101344,71221,77309,50237,61452,14350,24551,809455,764480,70226,67647,182378,175404,42394,31,48
2021-09-08T23:59:59+02:00,8792,8170,56230,52945,63137,58781,72413,73441,93902,96104,105789,104960,73149,79447,51653,63205,14876,25590,51041,48192,59329,54526,68753,69181,89990,91665,101936,101242,71168,77251,50209,61408,14346,24534,808066,763317,70199,67597,182342,175381,41987,31,48
2021-09-07T23:59:59+02:00,8704,8110,56068,52790,63020,58642,72297,73312,93796,96004,105682,104859,73096,79399,51627,63165,14869,25568,50872,48029,59200,54381,68631,69067,89884,91550,101837,101142,71121,77206,50186,61382,14342,24515,806810,762105,70194,67583,182338,175359,41676,31,48
2021-09-06T23:59:59+02:00,8641,8044,55920,52622,62883,58487,72194,73183,93696,95894,105602,104772,73044,79350,51595,63137,14858,25552,50723,47890,59062,54232,68514,68947,89803,91454,101741,101057,71072,77158,50162,61353,14335,24504,805600,760980,70167,67540,182310,175338,41406,31,48
2021-09-05T23:59:59+02:00,8612,8006,55852,52529,62820,58428,72147,73126,93647,95844,105575,104728,73019,79326,51585,63117,14851,25546,50631,47807,58997,54168,68455,68888,89760,91397,101700,101007,71050,77130,50147,61336,14329,24494,805076,760358,70158,67530,182288,175319,41245,31,48
2021-09-04T23:59:59+02:00,8606,8001,55832,52520,62810,58419,72139,73118,93640,95840,105572,104722,73018,79325,51585,63117,14851,25546,50617,47792,58981,54154,68451,68879,89753,91392,101696,101003,71049,77128,50146,61336,14329,24494,805017,760293,70155,67525,182287,175318,41211,31,48
2021-09-03T23:59:59+02:00,8540,7932,55701,52433,62738,58322,72060,73038,93563,95778,105502,104661,72988,79291,51566,63086,14844,25536,50502,47697,58902,54087,68390,68807,89692,91331,101631,100950,71020,77095,50124,61310,14326,24485,804100,759508,70147,67507,182280,175309,41061,31,48
2021-09-02T23:59:59+02:00,8446,7838,55509,52277,62613,58217,71966,72910,93444,95663,105396,104577,72931,79236,51535,63039,14833,25516,50278,47528,58758,53968,68286,68690,89557,91223,101515,100851,70962,77047,50100,61282,14318,24469,802967,758345,70104,67466,182266,175260,40616,31,48
2021-09-01T23:59:59+02:00,8370,7745,55359,52132,62483,58085,71877,72786,93349,95573,105318,104506,72893,79192,51514,63004,14826,25498,50104,47321,58632,53828,68206,68578,89455,91120,101411,100757,70921,77004,50073,61241,14311,24453,801854,757115,70082,67428,182254,175207,40327,31,48
2021-08-31T23:59:59+02:00,8262,7651,55197,51977,62378,57971,71800,72686,93265,95490,105236,104427,72852,79151,51492,62975,14816,25484,49897,47120,58512,53689,68092,68455,89358,91015,101302,100678,70875,76951,50051,61205,14299,24436,800780,755753,70075,67412,182245,175181,40017,31,48
2021-08-30T23:59:59+02:00,8186,7571,55016,51812,62266,57843,71686,72569,93141,95361,105116,104332,72801,79110,51475,62941,14795,25461,49700,46908,58390,53550,67993,68344,89240,90903,101187,100569,70823,76916,50024,61176,14285,24419,799590,754550,70035,67346,182212,175126,39651,31,48
2021-08-29T23:59:59+02:00,8145,7525,54926,51734,62208,57765,71618,72521,93089,95297,105068,104297,72781,79088,51460,62925,14789,25452,49582,46805,58301,53450,67921,68270,89185,90842,101127,100517,70796,76900,50010,61163,14279,24416,799065,753895,70033,67336,182202,175082,39394,31,48
2021-08-28T23:59:59+02:00,8127,7511,54887,51696,62178,57744,71591,72504,93071,95281,105054,104286,72776,79086,51458,62921,14789,25452,49544,46786,58274,53434,67900,68256,89165,90819,101120,100504,70790,76896,50008,61161,14279,24416,798859,753747,70032,67329,182200,175082,39327,31,48
2021-08-27T23:59:59+02:00,8044,7433,54705,51558,62064,57607,71494,72381,92949,95160,104944,104200,72731,79036,51435,62885,14777,25446,49419,46701,58196,53352,67818,68184,89087,90752,101062,100456,70754,76861,49994,61150,14277,24416,797542,753044,70027,67323,182190,175074,39096,31,48
2021-08-26T23:59:59+02:00,7980,7360,54544,51411,61941,57497,71396,72275,92846,95032,104838,104119,72689,78984,51412,62865,14772,25432,49257,46545,58074,53248,67718,68090,88983,90673,100995,100387,70713,76825,49970,61128,14272,24406,796489,752216,70017,67284,182180,175041,38711,31,48
2021-08-25T23:59:59+02:00,7917,7306,54400,51261,61830,57345,71290,72159,92739,94931,104736,104033,72630,78933,51384,62829,14759,25418,49061,46354,57949,53108,67600,67966,88870,90559,100894,100298,70656,76777,49943,61088,14265,24391,795484,751082,69991,67251,182169,175003,38260,31,48
2021-08-24T23:59:59+02:00,7808,7218,54260,51057,61705,57208,71184,72030,92622,94811,104631,103935,72577,78886,51350,62784,14751,25402,48841,46131,57811,52937,67491,67831,88768,90466,100803,100216,70618,76724,49918,61062,14261,24374,794087,749684,69974,67229,182159,174981,38003,31,48
2021-08-23T23:59:59+02:00,7746,7144,54077,50884,61573,57085,71070,71919,92496,94704,104533,103836,72525,78826,51316,62742,14744,25391,48657,45957,57694,52811,67385,67734,88665,90375,100716,100137,70577,76673,49890,61023,14257,24362,792879,748666,69944,67203,182144,174926,37648,31,48
2021-08-22T23:59:59+02:00,7718,7118,53994,50806,61520,57022,71030,71866,92453,94662,104491,103807,72504,78810,51307,62729,14743,25385,48538,45848,57604,52718,67310,67674,88594,90317,100674,100095,70548,76649,49875,61005,14254,24355,792456,747987,69936,67195,182123,174876,37454,31,48
2021-08-21T23:59:59+02:00,7712,7115,53967,50791,61501,57011,71015,71852,92440,94644,104481,103797,72499,78808,51307,62728,14743,25384,48518,45831,57583,52711,67293,67655,88576,90302,100664,100085,70547,76646,49875,61004,14254,24355,792385,747897,69893,67176,182119,174870,37402,31,48
2021-08-20T23:59:59+02:00,7681,7078,53877,50715,61427,56950,70945,71789,92375,94582,104428,103761,72475,78780,51295,62702,14735,25373,48425,45756,57512,52648,67224,67599,88518,90243,100604,100047,70524,76623,49869,60988,14245,24351,791844,747381,69821,67163,182116,174846,37191,31,48
2021-08-19T23:59:59+02:00,7615,6998,53744,50595,61277,56834,70828,71683,92261,94494,104336,103671,72426,78724,51266,62662,14726,25353,48293,45654,57396,52555,67134,67521,88427,90165,100508,99981,70491,76595,49849,60964,14241,24342,790812,746738,69785,67129,182100,174801,36800,31,48
2021-08-18T23:59:59+02:00,7540,6942,53596,50459,61150,56723,70717,71591,92153,94406,104235,103588,72367,78671,51231,62626,14716,25332,48174,45527,57278,52457,67044,67447,88309,90076,100430,99905,70443,76553,49827,60936,14233,24325,789812,746011,69757,67090,182089,174749,36389,31,48
2021-08-17T23:59:59+02:00,7457,6861,53433,50295,61042,56598,70601,71470,92048,94301,104128,103488,72316,78628,51203,62600,14708,25321,47981,45349,57146,52318,66924,67340,88179,89980,100320,99808,70387,76504,49802,60915,14226,24313,788734,744980,69736,67056,182084,174694,35948,31,48
2021-08-16T23:59:59+02:00,7385,6798,53303,50166,60945,56484,70501,71375,91955,94196,104035,103388,72272,78577,51174,62555,14700,25313,47841,45231,57038,52248,66829,67256,88078,89893,100233,99714,70340,76463,49775,60884,14218,24308,787864,744353,69688,66992,182069,174627,35505,31,47
2021-08-15T23:59:59+02:00,7336,6758,53225,50085,60877,56414,70435,71315,91897,94145,103980,103340,72237,78548,51166,62539,14696,25304,47735,45136,56946,52160,66760,67194,88000,89828,100178,99668,70302,76426,49761,60863,14213,24296,787391,743866,69674,66963,182056,174546,35180,31,47
2021-08-14T23:59:59+02:00,7314,6742,53152,50015,60828,56370,70400,71268,91861,94106,103941,103304,72216,78540,51157,62528,14694,25301,47496,44862,56779,51972,66608,67040,87866,89706,100062,99561,70252,76383,49750,60840,14209,24291,786908,742034,69667,66957,182056,174535,35110,31,47
2021-08-13T23:59:59+02:00,7273,6706,53042,49919,60743,56290,70347,71199,91785,94050,103890,103259,72193,78518,51145,62517,14692,25294,46992,44363,56539,51704,66378,66785,87593,89453,99865,99357,70165,76281,49711,60780,14203,24270,786154,738555,69663,66947,182056,174461,34993,31,47
2021-08-12T23:59:59+02:00,7242,6679,52941,49848,60684,56211,70273,71150,91714,93991,103829,103213,72159,78486,51131,62501,14690,25280,46493,43918,56263,51402,66117,66563,87333,89229,99514,99081,70050,76142,49652,60716,14192,24241,785717,735501,69638,66891,182040,174007,34631,31,46
2021-08-11T23:59:59+02:00,7177,6611,52775,49679,60554,56092,70189,71056,91606,93887,103729,103106,72098,78421,51099,62459,14683,25264,45816,43299,55892,51020,65855,66266,87038,88964,99177,98713,69910,75996,49591,60613,14180,24212,784543,731386,69619,66854,182031,173572,34296,31,46
2021-08-10T23:59:59+02:00,7100,6527,52576,49492,60409,55972,70082,70934,91481,93757,103606,103001,72046,78364,51068,62428,14675,25255,44860,42392,55221,50368,65359,65812,86578,88480,98683,98256,69705,75797,49491,60512,14159,24173,783184,725119,69610,66803,182025,173069,33957,31,46
2021-08-09T23:59:59+02:00,7057,6480,52465,49401,60332,55897,70024,70874,91413,93685,103535,102942,72003,78328,51062,62412,14671,25247,43854,41329,54507,49678,64884,65380,86133,88046,98166,97787,69515,75573,49398,60386,14131,24133,782619,718657,69540,66724,182014,172506,33658,31,46
2021-08-08T23:59:59+02:00,7012,6440,52401,49333,60292,55865,69986,70850,91356,93638,103482,102901,71982,78306,51048,62391,14665,25242,43798,41266,54444,49632,64822,65342,86061,87989,98101,97737,69491,75543,49376,60359,14123,24126,782338,718370,69533,66709,182000,172427,33321,31,46
2021-08-07T23:59:59+02:00,6973,6399,52291,49206,60214,55789,69928,70785,91286,93576,103432,102853,71965,78289,51039,62385,14665,25241,42831,40243,53889,49060,64387,64937,85687,87591,97781,97390,69348,75400,49320,60277,14106,24108,781553,712001,69529,66692,182000,172419,33236,31,44
2021-08-06T23:59:59+02:00,6930,6338,52156,49079,60142,55723,69863,70703,91206,93500,103373,102797,71942,78266,51028,62366,14663,25237,42150,39630,53646,48793,64164,64696,85452,87369,97552,97189,69264,75309,49278,60236,14100,24095,780685,708386,69525,66610,181999,172282,33105,31,44
2021-08-05T23:59:59+02:00,6820,6231,51904,48856,59966,55534,69722,70558,91045,93354,103231,102661,71881,78203,51000,62326,14650,25218,41316,38934,53126,48333,63791,64348,84995,86969,96929,96671,69077,75125,49212,60138,14081,24064,779070,703842,69472,66559,181966,171153,32653,31,44
2021-08-04T23:59:59+02:00,6731,6146,51708,48624,59819,55356,69609,70407,90909,93240,103113,102544,71820,78141,50974,62280,14639,25189,40472,38147,52756,47930,63469,64028,84624,86642,96518,96264,68914,74953,49135,60040,14065,24030,777663,699252,69437,66540,181952,170365,32198,31,44
2021-08-03T23:59:59+02:00,6658,6089,51539,48487,59694,55227,69518,70316,90810,93141,103016,102463,71767,78106,50954,62254,14631,25173,39475,37201,51961,47246,62926,63495,84106,86158,95804,95634,68670,74738,49043,59923,14044,23985,776629,693003,69428,66517,181945,169184,31842,31,44
2021-08-02T23:59:59+02:00,6610,6046,51404,48347,59603,55148,69434,70247,90755,93068,102937,102401,71728,78065,50933,62231,14624,25160,38202,36038,50996,46435,62209,62907,83500,85592,95004,94933,68416,74481,48955,59789,14023,23946,775934,685368,69380,66466,181917,167872,31511,31,44
2021-08-01T23:59:59+02:00,6568,5991,51234,48185,59450,55033,69341,70133,90647,92977,102849,102308,71687,78028,50911,62191,14619,25144,38017,35904,50838,46335,62078,62814,83322,85450,94552,94530,68299,74371,48916,59740,14012,23926,774887,684725,69351,66407,181899,166562,31160,31,43
2021-07-31T23:59:59+02:00,6526,5957,51140,48064,59395,54961,69292,70089,90608,92947,102822,102284,71676,78016,50903,62187,14619,25141,36408,34393,49927,45467,61541,62247,82818,84937,94071,94096,68110,74166,48837,59645,13994,23893,774278,675566,69347,66398,181899,166447,31104,31,43
2021-07-30T23:59:59+02:00,6490,5904,50990,47924,59313,54880,69223,70030,90534,92867,102766,102246,71659,77992,50894,62164,14616,25137,34947,32989,48955,44515,60810,61556,82133,84316,93388,93520,67876,73929,48733,59495,13975,23862,773517,666033,69322,66387,181893,166142,30898,31,43
2021-07-29T23:59:59+02:00,6375,5784,50559,47555,59098,54610,69031,69840,90345,92679,102604,102108,71584,77910,50861,62109,14601,25119,34211,32375,48330,44066,60407,61201,81709,83965,92615,92844,67681,73771,48670,59408,13955,23832,771200,662168,69268,66241,181850,164496,30455,31,43
2021-07-28T23:59:59+02:00,6303,5720,50304,47361,58965,54455,68903,69744,90218,92555,102497,102014,71528,77853,50834,62069,14592,25102,33886,32080,48010,43827,60176,60977,81530,83792,92376,92644,67607,73704,48637,59375,13942,23822,769883,660459,69235,66152,181822,163974,30078,31,42
2021-07-27T23:59:59+02:00,6251,5673,50141,47221,58823,54359,68810,69655,90116,92445,102389,101937,71483,77800,50804,62035,14584,25088,32419,30673,46736,42733,59343,60182,80925,83260,91352,91796,67331,73419,48549,59248,13910,23781,768977,651786,69209,66081,181798,162180,29631,31,42
2021-07-26T23:59:59+02:00,6228,5644,50022,47132,58725,54271,68734,69602,90029,92384,102324,101886,71443,77763,50780,62015,14578,25079,31051,29413,45415,41608,58241,59194,80215,82625,90186,90766,67023,73146,48457,59131,13886,23739,768442,642702,69143,65986,181760,159884,29296,30,42
2021-07-25T23:59:59+02:00,6208,5627,49908,47027,58635,54205,68670,69543,89964,92327,102265,101839,71409,77727,50762,61992,14575,25069,30844,29256,45142,41413,57985,58963,79943,82418,89225,89911,66816,72973,48389,59058,13874,23715,768031,641518,69131,65868,181734,157429,28858,30,42
2021-07-24T23:59:59+02:00,6173,5598,49788,46939,58566,54143,68622,69487,89918,92284,102224,101798,71403,77720,50759,61989,14574,25065,29246,27664,43986,40326,57287,58248,79323,81844,88581,89344,66636,72782,48318,58956,13860,23691,767425,631443,69122,65851,181726,157289,28779,30,42
2021-07-23T23:59:59+02:00,6088,5511,49614,46761,58471,54039,68513,69384,89813,92180,102134,101702,71367,77663,50738,61958,14570,25059,27549,26143,42725,39237,56355,57359,78631,81228,87872,88680,66366,72510,48240,58855,13839,23661,766047,620879,69118,65685,181707,156817,28695,30,42
2021-07-22T23:59:59+02:00,5948,5398,49317,46476,58271,53834,68341,69217,89629,92027,101980,101568,71301,77581,50696,61907,14559,25040,26727,25314,41813,38423,55411,56530,77887,80601,86206,87172,65991,72111,48130,58724,13808,23609,764109,612382,69073,65183,181676,155345,28234,30,42
2021-07-21T23:59:59+02:00,5672,5115,48784,45947,57968,53521,68109,68939,89350,91779,101710,101302,71173,77451,50636,61842,14550,25014,26471,25091,41392,38141,54970,56139,77517,80319,85397,86566,65824,71983,48074,58658,13790,23584,760500,610409,69048,64904,181653,153569,27663,30,42
2021-07-20T23:59:59+02:00,5595,5041,48498,45668,57798,53313,67932,68794,89170,91624,101544,101158,71097,77384,50597,61795,14541,24986,25294,23935,40098,37107,53626,54935,76613,79545,84034,85221,65517,71641,47966,58521,13762,23538,758814,599997,69041,64749,181609,151987,27073,30,42
2021-07-19T23:59:59+02:00,5515,4955,48172,45341,57577,53104,67767,68591,88982,91446,101394,100997,71024,77302,50554,61744,14532,24957,24463,23098,38786,35986,51898,53437,75347,78491,82921,84240,65222,71385,47866,58403,13737,23498,757012,589958,69031,64603,181580,150195,26333,30,42
2021-07-18T23:59:59+02:00,5507,4954,48100,45284,57480,53025,67696,68517,88889,91379,101322,100933,70987,77260,50528,61711,14530,24945,24325,22999,38515,35764,51565,53147,75095,78296,82018,83471,65029,71206,47809,58330,13732,23476,756735,588894,69008,64440,181539,147966,25767,30,42
2021-07-17T23:59:59+02:00,5480,4917,48000,45206,57406,52965,67635,68460,88828,91318,101279,100914,70979,77245,50523,61705,14530,24944,22936,21537,37126,34459,50322,51955,74491,77739,81383,82875,64900,71058,47742,58268,13723,23456,756173,578011,69003,64414,181533,147827,25626,30,42
2021-07-16T23:59:59+02:00,5377,4838,47758,44974,57282,52860,67518,68346,88689,91222,101172,100810,70933,77193,50500,61686,14524,24937,21679,20297,35829,33212,48866,50634,73479,76804,80682,82216,64680,70835,47660,58167,13704,23423,754719,566366,69001,64352,181526,147624,25374,30,42
2021-07-15T23:59:59+02:00,5235,4709,47358,44648,57072,52664,67325,68160,88478,91021,100984,100642,70835,77092,50451,61612,14515,24908,21073,19796,34901,32513,47629,49686,72293,75885,78529,80081,64080,70237,47516,57988,13685,23360,752652,557008,68984,63322,181479,145782,24587,30,42
2021-07-14T23:59:59+02:00,4861,4385,46766,44072,56839,52398,67117,67957,88264,90780,100766,100445,70728,76982,50383,61529,14503,24884,20867,19650,34639,32353,47256,49383,71761,75494,77863,79546,63756,69961,47432,57904,13662,23326,749201,555199,68968,63135,181427,143880,24056,30,40
2021-07-13T23:59:59+02:00,4770,4304,46565,43918,56675,52240,66955,67809,88106,90653,100620,100317,70655,76919,50345,61482,14499,24868,20305,19117,33614,31532,45635,47928,70004,73831,76259,77988,63380,69569,47303,57732,13633,23274,747832,544272,68951,62363,181353,142261,23557,30,40
2021-07-12T23:59:59+02:00,4705,4226,46377,43727,56523,52098,66800,67682,87933,90514,100463,100176,70579,76831,50307,61426,14492,24850,19827,18681,32827,30909,43973,46471,67622,71758,74366,76484,62850,68982,47158,57570,13605,23223,746558,533165,68928,61794,181253,139688,22963,30,40
2021-07-11T23:59:59+02:00,4700,4223,46306,43673,56461,52049,66749,67643,87871,90461,100391,100115,70541,76788,50297,61411,14489,24836,19618,18537,32476,30661,43524,46095,67160,71399,73587,75784,62450,68602,47086,57480,13589,23190,746410,531366,68917,61468,181188,137213,22482,30,40
2021-07-10T23:59:59+02:00,4574,4087,46022,43366,56275,51852,66599,67466,87737,90321,100289,100008,70485,76731,50276,61385,14486,24827,19054,17986,31532,29798,41773,44514,65676,70117,72951,75163,62285,68453,47033,57428,13582,23176,744309,520746,68911,61452,181176,137167,22383,30,40
2021-07-09T23:59:59+02:00,4445,3969,45747,43114,56107,51657,66437,67301,87585,90156,100156,99903,70432,76658,50240,61344,14481,24815,18462,17412,30558,28835,39819,42584,63378,67990,71791,74024,62012,68128,46957,57303,13565,23151,742253,507047,68897,61071,181170,136762,22220,30,40
2021-07-08T23:59:59+02:00,4416,3943,45602,43000,55982,51539,66305,67201,87460,90035,100035,99805,70378,76604,50218,61305,14470,24802,17519,16605,29154,27800,38098,41130,61246,66168,68434,70867,61114,67153,46710,56961,13520,23056,741521,491773,68837,58991,181099,134182,21628,29,40
2021-07-07T23:59:59+02:00,4404,3937,45536,42958,55898,51485,66222,67157,87408,89994,99991,99754,70363,76582,50209,61287,14466,24792,16559,15751,27761,26787,36570,39899,59628,64712,65203,67388,60096,66111,46474,56640,13470,22984,741217,476469,68791,57079,181047,132034,21359,29,40
2021-07-06T23:59:59+02:00,4352,3889,45390,42830,55772,51343,66117,67047,87299,89901,99910,99670,70325,76524,50191,61259,14463,24778,15788,15010,26682,25878,34723,38187,56227,61689,62552,64928,59342,65322,46201,56305,13429,22881,740083,458566,68771,56261,180988,129904,21190,28,40
2021-07-05T23:59:59+02:00,4289,3844,45214,42654,55620,51240,65993,66938,87182,89806,99825,99572,70262,76459,50169,61232,14460,24763,15129,14383,25732,25062,33490,37053,53125,58716,59776,62462,58503,64510,45948,55993,13384,22804,738894,442480,68733,55905,180908,127417,20959,28,40
2021-07-04T23:59:59+02:00,4280,3838,45167,42623,55554,51207,65951,66913,87143,89775,99793,99544,70238,76438,50163,61217,14454,24752,14924,14179,25293,24706,32892,36525,52459,58187,58790,61597,57841,63877,45764,55788,13365,22755,738703,438401,68701,55699,180838,124715,20780,28,39
2021-07-03T23:59:59+02:00,4060,3660,44633,42059,55237,50830,65654,66636,86897,89514,99593,99348,70165,76366,50140,61171,14450,24740,14638,13857,24939,24351,31914,35604,50715,56639,57921,60861,57667,63679,45697,55703,13353,22730,734891,429823,68686,55681,180832,124667,20716,28,39
2021-07-02T23:59:59+02:00,3751,3373,43980,41464,54911,50493,65371,66332,86623,89261,99357,99122,70061,76253,50088,61101,14444,24723,14220,13408,24243,23744,30755,34535,48082,54469,55787,59072,57272,63248,45537,55545,13337,22692,730550,417309,68669,54630,180819,123936,20643,27,22
2021-07-01T23:59:59+02:00,3613,3263,43625,41114,54709,50318,65211,66168,86469,89121,99203,99002,69990,76185,50057,61067,14436,24708,13531,12723,22941,22663,29076,33021,46068,52724,53293,56791,55848,61675,45043,54929,13264,22565,728406,403772,68605,52317,180769,120103,20452,27,21
2021-06-30T23:59:59+02:00,3602,3246,43361,40917,54525,50184,65094,66071,86376,89054,99133,98949,69963,76161,50045,61045,14432,24697,12786,12121,21772,21764,27487,31651,44215,51007,49656,52829,54519,60340,44687,54491,13208,22437,727261,388007,68553,50414,180748,116670,20267,26,21
2021-06-29T23:59:59+02:00,3385,3026,42445,40082,53918,49584,64655,65643,85965,88602,98786,98622,69838,76012,49988,60974,14412,24666,12185,11514,20973,20996,26122,30445,41590,48594,47784,51281,53549,59229,44280,53953,13114,22284,721283,375965,68501,48889,180732,113286,20061,26,20
2021-06-28T23:59:59+02:00,3167,2846,41489,39083,53252,48932,64192,65252,85583,88213,98453,98278,69698,75852,49923,60874,14394,24643,11683,11063,20315,20405,25153,29547,39496,46654,46159,49915,52440,58182,43918,53445,13034,22163,715117,366476,68390,47853,180723,109608,19868,26,20
2021-06-27T23:59:59+02:00,3162,2843,41452,39051,53206,48897,64154,65218,85531,88177,98400,98251,69679,75839,49914,60860,14389,24640,11489,10869,19989,20088,24575,28985,38470,45804,44995,48821,51407,57169,43484,52938,12952,22021,714908,361869,68361,47410,180687,105294,19681,26,20
2021-06-26T23:59:59+02:00,2680,2370,40057,37681,52481,48152,63602,64654,85045,87658,97975,97818,69488,75664,49841,60756,14370,24617,11374,10766,19819,19933,24376,28767,37990,45365,44627,48468,51293,57024,43438,52890,12947,22006,706192,358909,68334,47405,180687,105276,19670,26,20
2021-06-25T23:59:59+02:00,2273,2037,39203,36869,52129,47793,63273,64329,84764,87348,97723,97551,69384,75548,49794,60694,14355,24595,11075,10456,19437,19507,23849,28144,35301,43060,42442,46554,50955,56645,43340,52759,12923,21975,701120,347334,68198,46959,180680,104626,19638,26,20
2021-06-24T23:59:59+02:00,2219,1985,38714,36408,51778,47465,63056,64120,84530,87155,97535,97395,69302,75482,49759,60648,14349,24579,10477,9873,18374,18629,22426,26888,33201,41222,40009,44259,49473,54995,42770,52058,12806,21772,698174,334451,68169,44355,180659,101074,19451,26,20
2021-06-23T23:59:59+02:00,2206,1960,38483,36176,51615,47296,62942,64010,84432,87060,97458,97311,69271,75451,49741,60627,14345,24568,10022,9442,17748,18073,21497,26032,31269,39589,36041,39798,48180,53631,42384,51551,12726,21606,696938,318927,68137,43733,180644,97766,19209,24,20
2021-06-22T23:59:59+02:00,2127,1899,37497,35248,50864,46624,62461,63562,84056,86649,97094,96999,69122,75308,49674,60546,14332,24535,9550,9009,16879,17385,20273,24952,28143,36822,33735,37922,47222,52659,41974,50994,12586,21372,690798,306746,68092,40992,180631,94697,19052,24,19
2021-06-21T23:59:59+02:00,1980,1760,36145,34025,49843,45756,61740,62900,83560,86178,96654,96593,68953,75137,49608,60451,14320,24500,9231,8711,16418,17021,19647,24473,26398,35256,32197,36627,46172,51579,41521,50445,12479,21180,682840,299387,68064,40349,180616,91058,18560,23,19
2021-06-20T23:59:59+02:00,1969,1751,36058,33972,49700,45635,61603,62765,83480,86120,96585,96534,68919,75109,49593,60433,14320,24489,9083,8608,16200,16853,19331,24215,25580,34602,31255,35677,45977,51376,41490,50393,12470,21160,682205,295599,68025,39757,180598,90727,18184,23,19
2021-06-19T23:59:59+02:00,1601,1451,34441,32423,48790,44815,61114,62260,83009,85643,96176,96180,68770,74943,49527,60351,14305,24465,9043,8533,16097,16730,19211,24062,25475,34443,31125,35536,45881,51280,41472,50368,12466,21150,673479,294258,68008,39754,180591,90692,18163,23,19
2021-06-18T23:59:59+02:00,1406,1278,32792,30835,47583,43625,60176,61341,82203,84896,95560,95602,68551,74721,49438,60212,14289,24435,8968,8448,15938,16575,19023,23869,25222,34204,30842,35216,45587,50933,41388,50291,12453,21136,662342,292064,67874,39639,180590,90271,18114,23,19
2021-06-17T23:59:59+02:00,1331,1220,31867,29992,46715,42916,59370,60491,81461,84250,95148,95219,68408,74577,49396,60136,14275,24406,8427,8082,15247,16019,18195,23043,24119,33077,29361,33855,44261,49430,40903,49679,12333,20948,655407,283118,67760,38812,180558,87614,17430,23,19
2021-06-16T23:59:59+02:00,1248,1156,31176,29290,45911,42170,58445,59612,80683,83478,94725,94840,68270,74417,49339,60044,14255,24380,7939,7757,14632,15504,17417,22315,22978,32122,28182,32747,42366,47313,40358,49100,12225,20763,648334,273378,67636,38212,180538,85215,16908,23,19
2021-06-15T23:59:59+02:00,1106,1037,29285,27500,44164,40648,56857,57974,79296,82158,93967,94169,67983,74124,49225,59887,14222,24314,7764,7630,14323,15264,17056,22013,22460,31737,27650,32318,41431,46297,39974,48674,12101,20542,633382,270308,67588,37705,180500,82791,16423,23,19
2021-06-14T23:59:59+02:00,1013,923,27735,26030,42564,39133,55204,56324,78194,81049,93273,93541,67733,73883,49130,59766,14202,24270,7581,7457,13949,14930,16531,21567,21768,31153,26971,31724,41046,45873,39590,48224,11970,20338,620150,267631,67534,37290,180471,79954,15789,23,18
2021-06-13T23:59:59+02:00,989,898,27536,25850,42180,38800,54660,55803,77848,80742,93080,93351,67643,73803,49093,59708,14187,24245,7439,7289,13676,14636,16142,21167,21340,30662,26433,31221,40648,45469,39128,47659,11791,20053,617451,265537,67393,37221,180443,76881,15106,23,18
2021-06-12T23:59:59+02:00,860,784,26022,24258,41016,37720,53987,55070,77315,80247,92529,92825,67488,73626,49024,59631,14174,24224,7394,7239,13554,14528,16010,21054,21156,30515,26315,31122,40631,45452,39118,47648,11791,20052,607910,264757,67387,37219,180437,76552,15043,23,18
2021-06-11T23:59:59+02:00,746,675,24407,22735,39665,36528,52757,53860,76346,79395,91954,92249,67253,73391,48962,59523,14155,24189,7338,7151,13382,14341,15793,20857,20884,30254,26044,30865,40325,45076,39033,47534,11774,20023,596148,262863,67308,37074,180428,75846,14883,23,18
2021-06-10T23:59:59+02:00,645,585,23410,21727,38445,35346,51152,52356,75028,78199,90347,90703,66898,72996,48835,59349,14130,24134,7057,6926,12856,13905,15154,20285,20124,29498,25252,30189,39620,44215,38681,47116,11660,19839,583251,259400,66826,37040,180374,72118,13811,23,18
2021-06-09T23:59:59+02:00,575,536,22956,21339,37785,34823,50042,51310,73783,77002,89756,90197,66771,72851,48785,59264,14115,24104,6784,6617,12264,13301,14369,19474,19207,28473,24267,29027,37053,41296,38117,46471,11512,19600,576076,249078,66365,36967,180335,68584,13195,23,18
2021-06-08T23:59:59+02:00,469,425,21438,19873,36176,33459,47927,49352,71642,75064,88282,88718,66455,72466,48650,59103,14082,24059,6653,6443,11880,12931,13885,18985,18603,27872,23712,28490,36769,41041,37826,46104,11403,19443,558699,247420,66089,36889,180300,65194,12529,23,18
2021-06-07T23:59:59+02:00,354,331,20431,18901,34631,32130,45652,47330,69507,73187,87306,87870,66231,72200,48576,58968,14062,24023,6498,6282,11455,12580,13342,18502,17875,27283,23078,27892,36448,40735,37408,45622,11291,19245,543521,245424,65918,36819,180247,61304,11981,23,18
2021-06-06T23:59:59+02:00,331,310,20251,18756,34236,31845,45044,46756,68888,72702,87095,87703,66175,72139,48564,58941,14055,24011,6366,6108,11128,12165,12913,17930,17238,26473,22382,27084,35981,40259,36926,45069,11135,18976,540399,242977,65591,36770,180204,56793,11585,23,18
2021-06-05T23:59:59+02:00,259,245,19004,17490,32904,30631,43817,45582,68313,72184,86563,87193,66084,72037,48516,58892,14048,23999,6315,6027,11024,12002,12788,17752,17068,26262,22211,26894,35917,40182,36904,45045,11133,18971,530400,242373,65591,36357,180183,56193,11564,23,18
2021-06-04T23:59:59+02:00,178,175,17810,16339,31595,29338,42264,44085,66968,70868,85753,86441,65897,71823,48439,58800,14032,23970,6212,5885,10850,11792,12574,17496,16711,25877,21691,26456,35032,39329,36588,44745,11116,18948,517560,240532,65524,36030,180176,53241,11492,23,17
2021-06-03T23:59:59+02:00,123,122,17170,15765,30609,28511,40805,42791,65192,69337,83504,84156,65471,71370,48311,58638,14014,23932,6042,5676,10540,11438,12256,17030,16261,25216,21143,25877,34368,38539,36412,44543,11083,18898,503766,238200,64828,35643,180137,50406,11067,23,16
2021-06-02T23:59:59+02:00,94,79,16827,15455,30299,28246,40141,42170,63602,67945,82563,83354,65330,71207,48251,58554,14011,23917,5926,5584,10365,11279,12026,16814,15969,24910,20797,25484,31121,34912,36184,44320,11054,18845,496259,229501,64825,35312,180136,49968,10802,23,16
2021-06-01T23:59:59+02:00,38,44,16035,14783,28800,27141,37778,40109,60038,64760,80131,81033,64980,70843,48123,58364,13977,23863,5652,5304,9847,10845,11489,16220,15304,24114,20059,24728,30777,34615,35988,44143,11025,18783,477899,228038,63268,34807,180067,46458,9584,22,15
2021-05-31T23:59:59+02:00,30,36,15470,14304,27860,26439,35818,38444,56593,61731,78099,79330,64648,70487,47979,58188,13944,23811,5488,5096,9435,10479,11061,15739,14769,23430,19434,24024,30491,34361,35805,43950,10989,18726,462128,227358,62547,34420,180000,42978,8514,22,15
2021-05-30T23:59:59+02:00,28,33,15324,14178,27574,26207,35365,38033,55879,61110,77778,79057,64586,70429,47954,58153,13940,23800,5385,4900,9107,10117,10649,15251,14318,22628,18906,23254,29813,33644,35578,43757,10967,18664,459145,226893,62109,34340,179951,37497,8201,22,15
2021-05-29T23:59:59+02:00,26,32,14926,13785,26726,25391,33606,36441,54396,59814,77189,78491,64436,70280,47901,58100,13933,23786,5353,4825,9044,10004,10555,15133,14209,22479,18775,23115,29784,33621,35572,43749,10966,18661,449018,226411,62076,34340,179947,36891,8196,22,15
2021-05-28T23:59:59+02:00,23,31,14520,13384,25911,24646,31758,34678,52225,57807,76136,77495,64230,70027,47849,58023,13923,23763,5269,4707,8867,9860,10399,14959,14048,22242,18563,22814,29715,33574,35555,43732,10965,18656,437057,225738,61606,34334,179858,35960,7886,22,15
2021-05-27T23:59:59+02:00,19,26,13890,12917,24843,23929,30508,33750,50618,56431,73032,74506,63788,69489,47714,57861,13900,23708,5157,4472,8535,9520,9996,14528,13607,21610,18058,22215,29492,33370,35445,43620,10944,18628,424894,225090,59647,34263,179225,32696,7141,22,15
2021-05-26T23:59:59+02:00,18,24,13402,12494,23929,23285,29587,33047,49532,55505,70072,71313,63174,68879,47579,57690,13869,23662,5069,4309,8280,9203,9696,14139,13248,21009,17624,21615,29296,33204,35347,43515,10917,18576,414070,224477,57472,34145,178728,29649,6769,22,15
2021-05-25T23:59:59+02:00,18,19,13059,12197,23347,22879,28530,32187,46930,53269,67811,69187,62822,68512,47466,57541,13851,23608,4990,4188,8071,8941,9442,13761,12936,20488,17240,21064,29138,33050,35263,43410,10890,18521,402210,223928,56403,34064,178107,26903,6491,22,15
2021-05-24T23:59:59+02:00,17,18,12761,11914,22849,22496,27909,31734,44307,50837,65350,66996,62514,68212,47355,57415,13815,23551,4918,4079,7821,8708,9120,13376,12606,19974,16856,20506,28996,32909,35188,43338,10866,18474,390541,223348,55919,33997,177441,24256,6127,22,15
2021-05-23T23:59:59+02:00,17,18,12699,11845,22754,22411,27829,31655,44050,50610,64762,66448,62434,68124,47330,57397,13813,23549,4897,4064,7786,8677,9061,13342,12527,19913,16777,20451,28987,32896,35184,43331,10866,18472,388337,223066,55838,33990,177427,24047,6121,22,15
2021-05-22T23:59:59+02:00,17,18,12475,11607,22433,22103,26828,30765,42215,49033,63906,65708,62271,67933,47264,57306,13803,23526,4880,4009,7758,8614,9020,13277,12496,19828,16747,20384,28976,32886,35180,43325,10865,18471,379847,222975,55827,33990,177422,23651,6093,22,15
2021-05-21T23:59:59+02:00,17,17,12172,11356,21864,21662,26013,30073,39821,47138,61930,64039,62009,67660,47180,57218,13788,23500,4861,3982,7703,8528,8954,13188,12419,19735,16672,20299,28960,32860,35173,43315,10863,18470,369413,222779,54771,33975,177230,23200,6021,22,15
2021-05-20T23:59:59+02:00,16,17,11559,10783,20735,20769,24861,29043,38314,45859,59585,61965,61190,66759,46979,56959,13754,23444,4584,3804,7302,8237,8513,12793,11963,19223,16252,19779,28839,32764,35122,43262,10859,18460,358905,222373,52417,33864,175949,20214,5298,22,15
2021-05-19T23:59:59+02:00,16,17,11119,10470,19948,20217,24012,28443,37413,45175,56352,58328,60500,66056,46870,56824,13731,23397,4431,3643,7047,7993,8236,12464,11634,18792,15882,19356,28740,32652,35079,43186,10848,18445,348437,221888,50795,33746,174820,17973,4814,22,15
2021-05-18T23:59:59+02:00,16,17,10788,10183,19366,19766,23359,27882,36007,43947,54939,57199,60128,65630,46740,56662,13706,23372,4324,3516,6800,7759,7976,12179,11399,18389,15535,18926,28656,32560,35049,43146,10844,18438,343046,221597,48941,33664,173341,15871,4357,22,15
2021-05-17T23:59:59+02:00,15,16,10568,10002,18928,19476,22923,27569,34804,42954,53629,56163,59879,65383,46676,56563,13690,23339,4253,3431,6592,7542,7725,11885,11142,17993,15224,18520,28564,32472,35024,43105,10838,18425,338962,221299,47946,33596,171820,14006,3827,22,15
2021-05-16T23:59:59+02:00,15,15,10376,9873,18632,19272,22589,27328,34165,42494,52390,54992,59686,65218,46639,56509,13679,23319,4184,3357,6375,7376,7435,11632,10874,17641,14930,18156,28498,32410,35008,43087,10831,18421,336521,221049,47068,33534,170200,12246,3380,22,14
2021-05-15T23:59:59+02:00,15,15,10280,9773,18481,19125,22418,27183,33780,42125,51994,54614,59570,65072,46591,56464,13676,23303,4143,3321,6291,7312,7342,11529,10772,17522,14826,18026,28403,32292,34916,42994,10827,18416,334119,219962,47067,33532,170066,12227,3205,22,14
2021-05-14T23:59:59+02:00,14,15,9997,9569,18051,18882,22016,26896,31428,40346,49842,52757,59350,64843,46543,56379,13660,23281,4014,3238,6005,7148,7037,11305,10427,17171,14480,17699,27831,31586,34793,42802,10809,18387,324956,216672,47014,33526,169454,12104,2424,21,14
2021-05-13T23:59:59+02:00,14,15,9536,9200,17258,18320,21147,26215,30312,39356,47599,50584,58499,63869,46333,56096,13621,23208,3513,3044,5666,6895,6725,10996,10016,16781,14103,17265,26936,30387,34368,42284,10778,18325,316463,212077,45151,32969,167432,10914,2116,20,14
2021-05-12T23:59:59+02:00,14,15,9245,9006,16826,18063,20676,25927,29783,38970,44596,46940,57926,63227,46249,55982,13603,23183,3373,2956,5434,6784,6445,10850,9733,16572,13863,17001,26288,29565,34202,42091,10752,18292,307279,209047,44334,32943,167139,10746,1459,20,14
2021-05-11T23:59:59+02:00,14,13,8808,8727,16053,17545,19814,25307,28045,37528,42661,45439,57549,62781,46165,55847,13582,23155,3254,2825,5201,6442,6147,10437,9365,16015,13424,16440,24865,27895,33691,41463,10701,18204,301795,203066,41275,32760,164653,9248,1290,20,13
2021-05-10T23:59:59+02:00,14,12,8547,8574,15542,17290,19180,24986,27054,36838,41200,44294,57282,62508,46085,55743,13562,23124,3144,2700,4969,6207,5893,10113,9041,15538,13060,16019,23814,26565,33202,40880,10666,18147,298490,198413,40366,32732,161983,7832,977,19,11
2021-05-09T23:59:59+02:00,14,12,8391,8492,15235,17110,18798,24731,26387,36409,39421,42627,56986,62229,46030,55685,13554,23104,3024,2646,4788,6067,5725,9939,8843,15331,12892,15846,23539,26233,33057,40707,10656,18132,295517,197218,39992,32689,158982,6809,705,19,11
2021-05-08T23:59:59+02:00,14,12,8316,8419,15054,16964,18589,24531,26159,36171,39188,42436,56859,62079,45992,55648,13551,23093,3016,2627,4757,6031,5681,9893,8766,15265,12806,15776,23169,25807,32771,40394,10648,18116,293953,196028,39539,31980,158859,6806,705,19,11
2021-05-07T23:59:59+02:00,13,11,8142,8323,14727,16780,18201,24294,25736,35882,38732,42056,56585,61724,45943,55601,13544,23083,2716,2493,4408,5844,5411,9631,8451,14954,12410,15380,22070,24434,32121,39559,10620,18066,291410,192564,39107,30478,158531,5212,310,19,11
2021-05-06T23:59:59+02:00,12,11,7491,7966,13828,16181,17142,23439,24395,34768,36586,40392,55456,60403,45701,55294,13509,23017,2591,2380,4234,5648,5203,9327,8108,14513,11977,14926,20763,22757,31266,38550,10566,17952,280765,186944,37824,29519,156710,4021,273,19,11
2021-05-05T23:59:59+02:00,10,11,6953,7657,13044,15633,16105,22672,23008,33742,34756,38903,53617,58363,45380,54948,13476,22951,2504,2321,4060,5491,5012,9115,7761,14175,11609,14565,19374,20976,30073,37133,10526,17849,269296,180812,36902,28348,154918,3286,94,19,11
2021-05-04T23:59:59+02:00,10,10,6764,7565,12678,15455,15617,22403,22359,33396,33794,38205,52763,57401,45257,54820,13458,22909,2449,2251,3906,5322,4836,8861,7419,13767,11182,14106,17722,19049,28976,35802,10429,17729,265516,173997,36034,27407,153256,2358,40,18,11
2021-05-03T23:59:59+02:00,10,10,6618,7416,12300,15236,15111,22091,21652,32989,32642,37315,52464,57083,45161,54712,13443,22877,2390,2181,3812,5142,4696,8625,7202,13418,10861,13699,16519,17552,28096,34700,10364,17621,262224,168424,35573,27057,151286,1364,29,18,11
2021-05-02T23:59:59+02:00,10,10,6537,7324,12086,15064,14816,21858,21175,32668,31492,36367,52180,56792,45099,54621,13425,22846,2375,2174,3791,5109,4666,8589,7136,13347,10777,13608,16207,17156,27800,34395,10352,17608,259788,166860,35499,26943,149037,1257,28,18,9
2021-05-01T23:59:59+02:00,10,10,6519,7301,12023,15015,14736,21794,21074,32595,31365,36273,52174,56777,45095,54620,13423,22844,2372,2167,3767,5092,4625,8564,7099,13310,10716,13553,16009,16933,27685,34258,10349,17598,259218,165894,35498,26918,148886,1255,28,18,9
2021-04-30T23:59:59+02:00,10,10,6481,7262,11932,14920,14630,21675,20879,32409,31125,36082,51903,56417,45050,54567,13417,22832,2344,2146,3705,5029,4529,8455,6949,13127,10438,13290,15193,15906,26814,33184,10308,17510,257434,162686,35455,25026,148667,1186,27,18,9
2021-04-29T23:59:59+02:00,10,10,6276,7135,11609,14733,14276,21438,20361,32119,30372,35591,51254,55591,44958,54448,13390,22753,2307,2100,3613,4942,4406,8319,6755,12909,10161,13004,14217,14673,25512,31637,10246,17417,254253,156986,35360,24278,146667,926,26,18,9
2021-04-28T23:59:59+02:00,10,10,6012,6971,11232,14397,13783,20970,19720,31511,29204,34459,48587,52586,44663,54123,13327,22675,2269,2059,3546,4881,4291,8202,6595,12725,9914,12787,13076,13191,24020,29759,10184,17314,244301,151018,35232,23074,144675,707,14,18,7
2021-04-27T23:59:59+02:00,10,10,5908,6879,11079,14275,13583,20806,19441,31301,28644,34072,48381,52366,44607,54069,13318,22653,2227,2025,3457,4787,4198,8093,6429,12541,9633,12511,11859,11626,22364,27603,10105,17168,242928,144194,35184,21889,143258,530,14,18,6
2021-04-26T23:59:59+02:00,10,10,5859,6835,10962,14207,13422,20684,19215,31090,27810,33505,48043,51997,44552,54003,13309,22624,2205,1998,3403,4744,4136,8025,6327,12408,9445,12337,10940,10468,21084,25846,10044,17078,242197,138916,35157,21141,140752,420,14,17,4
2021-04-25T23:59:59+02:00,10,10,5813,6788,10857,14112,13262,20528,18968,30806,27049,32766,47545,51485,44468,53904,13295,22604,2179,1988,3373,4725,4118,8006,6294,12366,9388,12276,10778,10275,20841,25523,10034,17064,240485,138062,35114,20793,138640,362,14,17,4
2021-04-24T23:59:59+02:00,10,10,5792,6739,10780,14023,13163,20384,18835,30627,26888,32585,47443,51362,44374,53808,13291,22599,2172,1978,3348,4697,4079,7959,6222,12294,9258,12158,10621,10094,20706,25391,10018,17046,239005,137535,35096,20152,138581,343,14,17,4
2021-04-23T23:59:59+02:00,10,10,5730,6650,10647,13824,12961,20130,18525,30247,26491,32224,46498,50226,44220,53563,13268,22567,2154,1956,3305,4660,4030,7905,6127,12203,9094,12030,10353,9794,20382,24969,9970,16964,234610,136410,35036,19143,138114,332,14,17,4
2021-04-22T23:59:59+02:00,10,10,5628,6536,10437,13625,12608,19794,18013,29774,25861,31631,44769,48071,43648,52834,13222,22466,2140,1945,3266,4607,3953,7832,5999,12103,8835,11865,9919,9387,19926,24378,9920,16887,228355,134286,34924,18364,135627,300,14,17,4
2021-04-21T23:59:59+02:00,10,9,5531,6398,10207,13423,12277,19480,17511,29279,25143,30899,40488,43200,43168,52300,13155,22362,2128,1936,3230,4570,3898,7774,5918,12010,8659,11706,9589,9004,19427,23786,9854,16790,216224,132638,34858,17352,133727,277,14,17,4
2021-04-20T23:59:59+02:00,10,9,5453,6308,10014,13207,12001,19214,17088,28871,24590,30331,38733,41184,42513,51520,13083,22221,2103,1923,3189,4546,3831,7730,5785,11912,8487,11578,9305,8686,18954,23117,9757,16649,209979,131270,34768,16047,131573,223,14,16,4
2021-04-19T23:59:59+02:00,10,8,5374,6230,9853,13077,11796,19004,16725,28489,24044,29860,37177,39390,41921,50798,13028,22132,2087,1906,3154,4511,3791,7686,5745,11843,8402,11486,9067,8402,18546,22549,9710,16557,204938,129574,34710,15653,129240,203,14,14,4
2021-04-18T23:59:59+02:00,10,7,5312,6179,9722,12992,11596,18865,16444,28291,23636,29547,35865,38026,41568,50393,12994,22068,2074,1891,3126,4489,3765,7670,5701,11796,8352,11437,8969,8313,18392,22361,9697,16532,203392,129093,34668,15262,125428,198,14,13,4
2021-04-17T23:59:59+02:00,10,7,5306,6163,9688,12961,11549,18825,16367,28223,23572,29488,35554,37685,41460,50295,12988,22057,2064,1883,3099,4476,3707,7625,5631,11745,8266,11385,8859,8203,18286,22245,9676,16519,202160,128289,34659,15172,125352,196,14,13,4
2021-04-16T23:59:59+02:00,10,7,5241,6124,9599,12900,11415,18713,16156,28063,23219,29140,34470,36423,41047,49768,12968,22022,1931,1797,2869,4297,3347,7308,4862,11212,6777,10298,6344,6142,16478,20553,9481,16221,197986,118957,34568,10755,124704,193,14,13,4
2021-04-15T23:59:59+02:00,9,7,5175,6034,9397,12727,11120,18467,15660,27668,22529,28535,32571,34107,40000,48559,12887,21854,1888,1765,2802,4232,3228,7187,4645,11030,6399,9990,5887,5743,15886,19866,9288,15886,192155,115823,34515,9703,120609,184,14,13,4
2021-04-14T23:59:59+02:00,9,7,5113,5988,9230,12600,10904,18290,15258,27353,21878,28055,30642,31855,38780,47136,12812,21667,1805,1711,2718,4164,3117,7094,4444,10864,6091,9740,5408,5330,15302,19178,9084,15530,185773,113196,34376,8243,117401,129,14,13,4
2021-04-13T23:59:59+02:00,9,7,5066,5934,9093,12472,10727,18122,14915,27077,21355,27592,28536,29403,37516,45537,12668,21460,1761,1694,2681,4121,3061,7033,4310,10724,5821,9529,5065,5027,14851,18730,8948,15326,178874,111774,34310,6863,114278,33,14,13,4
2021-04-12T23:59:59+02:00,9,7,5003,5885,8985,12335,10520,17974,14594,26796,20816,27137,26495,27129,36355,44068,12538,21259,1726,1651,2651,4101,3033,6980,4251,10657,5718,9429,4899,4881,14550,18361,8835,15125,173150,110927,34231,5877,110497,32,14,13,4
2021-04-11T23:59:59+02:00,9,7,4967,5842,8892,12256,10363,17873,14331,26619,20392,26813,25292,25838,35649,43282,12449,21109,1717,1645,2630,4081,3008,6952,4216,10610,5630,9361,4808,4826,14434,18238,8796,15072,171364,110717,34160,5269,106432,26,14,13,4
2021-04-10T23:59:59+02:00,9,7,4956,5829,8850,12228,10308,17838,14263,26570,20296,26733,24976,25463,35302,42863,12442,21088,1712,1639,2621,4073,2994,6935,4186,10579,5571,9322,4730,4749,14305,18072,8749,14987,170151,109918,33435,5268,106408,26,14,13,4
2021-04-09T23:59:59+02:00,9,7,4909,5797,8766,12149,10184,17714,14096,26396,20035,26489,24136,24308,34347,41653,12410,21014,1684,1610,2564,4039,2922,6875,4036,10469,5317,9098,4314,4374,13736,17356,8519,14618,166783,106235,31918,5260,105694,26,11,13,4
2021-04-08T23:59:59+02:00,9,7,4833,5732,8620,12040,9971,17542,13700,26082,19430,26023,22428,22320,32654,39679,12261,20778,1654,1594,2510,3994,2839,6788,3888,10333,5024,8834,3857,3947,12742,16109,8035,13855,161021,101243,31011,4729,102053,21,11,13,4
2021-04-07T23:59:59+02:00,9,6,4786,5679,8437,11962,9744,17392,13382,25855,18959,25661,20619,20204,30891,37415,12143,20564,1621,1579,2456,3942,2778,6707,3781,10188,4836,8646,3594,3655,12053,15305,7658,13294,154972,97917,29834,4155,98883,12,10,9,4
2021-04-06T23:59:59+02:00,9,6,4739,5633,8293,11850,9584,17226,13062,25587,18439,25274,18763,18136,28963,34921,11940,20218,1586,1560,2432,3916,2745,6669,3719,10145,4754,8555,3485,3531,11580,14658,7372,12882,148115,95609,28869,3960,95641,11,10,8,4
2021-04-05T23:59:59+02:00,9,6,4708,5592,8198,11760,9445,17129,12849,25375,18037,24928,17032,16204,27333,32769,11793,19990,1564,1548,2401,3898,2715,6620,3676,10086,4668,8439,3372,3422,11239,14290,7214,12601,142695,94212,28433,3521,92013,11,10,6,4
2021-04-04T23:59:59+02:00,9,6,4701,5586,8190,11749,9431,17114,12823,25354,18009,24903,16900,16028,27137,32523,11784,19976,1563,1547,2399,3895,2712,6616,3674,10082,4665,8436,3363,3411,11227,14278,7211,12593,141976,94133,28339,3521,91896,11,8,4,4
2021-04-03T23:59:59+02:00,9,6,4697,5579,8176,11742,9412,17094,12784,25323,17931,24839,16820,15938,27090,32466,11779,19969,1560,1545,2390,3887,2694,6602,3651,10054,4582,8381,3246,3296,11146,14204,7205,12583,141445,93487,28313,3521,91884,11,8,4,4
2021-04-02T23:59:59+02:00,9,6,4671,5559,8117,11688,9348,17026,12645,25216,17695,24638,16367,15460,26614,31887,11747,19915,1558,1536,2376,3881,2687,6586,3630,10022,4512,8288,3176,3228,10909,13903,7053,12380,140232,92190,26900,3517,91464,11,8,4,4
2021-04-01T23:59:59+02:00,8,6,4628,5498,8005,11546,9218,16866,12373,24930,17250,24237,15616,14733,25855,30924,11620,19732,1541,1516,2347,3848,2665,6557,3591,9983,4444,8222,3064,3097,9973,12785,6439,11529,137989,88174,26236,3412,88810,10,6,4,4
2021-03-31T23:59:59+02:00,8,6,4417,5419,7893,11424,9077,16700,12155,24654,16896,23871,14919,13969,25020,29912,11510,19533,1532,1511,2334,3828,2640,6528,3543,9935,4379,8153,2976,3008,9402,12082,6073,11030,136186,85739,24772,3200,86415,10,6,4,4
2021-03-30T23:59:59+02:00,8,6,4386,5366,7819,11297,8990,16543,11993,24464,16612,23559,14319,13325,24259,28926,11371,19288,1518,1501,2313,3803,2614,6499,3503,9870,4313,8082,2849,2860,8808,11428,5722,10535,134694,83414,23555,2793,84272,6,6,4,4
2021-03-29T23:59:59+02:00,8,6,4346,5311,7719,11185,8883,16380,11834,24191,16284,23212,13774,12723,23493,27949,11211,19039,1500,1488,2294,3787,2592,6470,3468,9811,4249,8007,2796,2792,8519,11041,5532,10223,132846,82025,22795,2533,81897,6,6,4,4
2021-03-28T23:59:59+02:00,8,6,4311,5227,7634,11075,8804,16226,11699,23961,16025,22938,13445,12412,22922,27254,11036,18755,1491,1481,2272,3771,2577,6441,3428,9761,4211,7948,2748,2741,8440,10938,5488,10155,132347,81676,22270,2205,79111,5,6,4,4
2021-03-27T23:59:59+01:00,8,6,4297,5216,7608,11043,8738,16154,11600,23866,15880,22822,13239,12199,22719,27040,11001,18726,1490,1479,2269,3769,2576,6440,3414,9733,4201,7926,2740,2735,8383,10873,5453,10115,131462,81381,21624,2205,79066,5,6,4,4
2021-03-26T23:59:59+01:00,8,6,4254,5149,7498,10909,8562,15969,11265,23562,15266,22319,12317,11370,21928,26198,10854,18498,1485,1465,2264,3748,2563,6417,3397,9707,4160,7889,2710,2696,8202,10654,5332,9945,127401,80531,20011,2091,78510,5,6,4,4
2021-03-25T23:59:59+01:00,8,5,4199,4988,7335,10630,8317,15562,10881,22938,14621,21621,11642,10705,21057,25130,10534,17952,1465,1451,2232,3722,2529,6378,3362,9660,4090,7809,2581,2559,7225,9394,4717,9029,124110,76328,19229,1864,74777,5,5,4,4
2021-03-24T23:59:59+01:00,8,5,4123,4847,7198,10341,8102,15148,10617,22390,14150,21012,11036,10146,20122,24037,10201,17384,1444,1422,2205,3684,2485,6341,3320,9595,4011,7709,2482,2462,6575,8631,4332,8445,121505,73688,18035,1449,71322,3,2,3,4
2021-03-23T23:59:59+01:00,8,5,4083,4755,7092,10103,7947,14807,10355,21884,13747,20521,10569,9704,19395,23186,9887,16917,1433,1404,2179,3663,2466,6313,3261,9541,3921,7633,2389,2363,5848,7698,3881,7755,120039,70612,16929,1131,67993,3,1,3,4
2021-03-22T23:59:59+01:00,8,5,4030,4676,6964,9863,7787,14485,10095,21416,13397,20020,10175,9349,18826,22476,9693,16568,1424,1397,2172,3649,2454,6297,3237,9518,3891,7599,2328,2312,5395,7091,3523,7266,119147,68506,16526,1041,64156,3,1,3,4
2021-03-21T23:59:59+01:00,8,5,3983,4573,6830,9599,7619,14128,9874,20877,13054,19494,9855,9069,18289,21872,9503,16254,1421,1393,2171,3638,2451,6290,3231,9509,3881,7585,2314,2293,5278,6958,3465,7165,118942,67997,16129,1041,59811,2,1,3,4
2021-03-20T23:59:59+01:00,8,5,3972,4553,6795,9545,7561,14055,9790,20768,12948,19405,9768,8976,18149,21694,9451,16167,1418,1388,2167,3635,2446,6285,3218,9499,3862,7575,2279,2261,4950,6585,3276,6923,118108,66721,16034,1041,59464,2,1,3,4
2021-03-19T23:59:59+01:00,7,5,3797,4413,6502,9296,7120,13630,8878,20039,11221,18079,6905,6628,15892,19490,9086,15601,1414,1384,2162,3628,2434,6272,3206,9474,3811,7529,2212,2220,4577,6113,3007,6598,108803,65028,11311,1008,56471,2,1,3,4
2021-03-18T23:59:59+01:00,7,4,3693,4281,6325,8986,6852,13190,8490,19380,10582,17343,6190,5976,14667,18015,8568,14775,1410,1378,2139,3601,2416,6236,3177,9433,3772,7496,2167,2186,4155,5582,2724,6184,103663,63151,10303,900,53354,2,1,3,4
2021-03-17T23:59:59+01:00,7,4,3614,4208,6194,8841,6681,13013,8192,19070,10179,16952,5782,5589,13848,17084,8166,14185,1400,1366,2123,3582,2386,6204,3146,9405,3735,7460,2112,2127,3748,5137,2470,5796,100412,61427,8609,765,52584,2,1,3,4
2021-03-16T23:59:59+01:00,7,4,3535,4074,6041,8572,6474,12644,7878,18488,9631,16297,5254,5134,13029,16120,7827,13685,1391,1358,2114,3565,2370,6189,3130,9386,3710,7434,2085,2091,3231,4495,2131,5283,98082,59197,7195,761,49413,2,1,3,4
2021-03-15T23:59:59+01:00,7,4,3487,3928,5852,8299,6255,12234,7601,17915,9195,15675,4937,4849,12371,15377,7560,13220,1391,1348,2098,3550,2350,6165,3111,9337,3686,7395,2048,2040,2863,4033,1847,4889,96580,57404,6215,743,45968,2,0,3,4
2021-03-14T23:59:59+01:00,7,4,3443,3793,5622,7968,5965,11787,7293,17197,8736,14923,4615,4574,12079,15122,7512,13121,1384,1342,2082,3521,2337,6116,3093,9279,3669,7357,2041,2029,2784,3925,1794,4803,96457,57004,5599,548,41702,2,0,3,4
2021-03-13T23:59:59+01:00,7,4,3427,3753,5581,7852,5906,11665,7208,17049,8587,14768,4464,4424,11989,15036,7506,13110,1384,1342,2082,3521,2336,6116,3092,9278,3668,7357,2038,2021,2732,3870,1760,4750,95763,56795,5599,548,40971,2,0,3,4
2021-03-12T23:59:59+01:00,7,4,3408,3682,5524,7717,5845,11513,7122,16823,8451,14535,4356,4328,11715,14711,7349,12892,1384,1342,2078,3515,2335,6108,3088,9272,3666,7352,2036,2019,2644,3759,1676,4663,94332,56385,5591,548,40056,2,0,3,4
2021-03-11T23:59:59+01:00,7,4,3331,3490,5316,7417,5613,11095,6783,16155,8013,13897,4013,3991,10634,13452,6688,11975,1379,1340,2067,3501,2316,6083,3066,9239,3642,7319,2006,1995,2405,3496,1522,4444,90121,55300,5156,516,36594,2,0,3,4
2021-03-10T23:59:59+01:00,7,4,3234,3372,5098,7146,5400,10733,6513,15609,7675,13350,3790,3763,9987,12660,6298,11436,1375,1329,2040,3463,2287,5993,3018,9117,3585,7200,1962,1918,2189,3259,1388,4250,87642,54087,4779,282,33651,2,0,3,4
2021-03-09T23:59:59+01:00,6,4,3161,3245,4933,6957,5197,10447,6281,15176,7378,12842,3606,3556,9350,11958,5920,10908,1368,1318,2005,3403,2256,5891,2956,8974,3517,7118,1932,1892,1909,2943,1215,4003,85352,52662,4517,34,31053,2,0,3,4
2021-03-08T23:59:59+01:00,6,4,3096,3088,4705,6692,4957,10095,6021,14663,7017,12256,3404,3364,8956,11514,5722,10591,1365,1300,1991,3325,2225,5794,2918,8828,3484,7025,1917,1870,1706,2711,1091,3809,83874,51325,4146,32,28128,0,0,3,4
2021-03-07T23:59:59+01:00,6,4,3064,3029,4632,6577,4873,9982,5916,14499,6900,12110,3353,3318,8869,11407,5682,10522,1359,1295,1985,3313,2217,5769,2912,8789,3472,7006,1909,1858,1651,2643,1039,3740,83516,50923,3970,32,27254,0,0,3,4
2021-03-06T23:59:59+01:00,6,4,3050,2972,4591,6486,4836,9915,5858,14379,6852,11999,3329,3295,8812,11341,5647,10479,1357,1282,1980,3299,2205,5742,2909,8762,3461,6987,1900,1834,1623,2619,1033,3731,83193,50690,3970,32,26685,0,0,3,4
2021-03-05T23:59:59+01:00,6,4,3026,2878,4532,6375,4772,9816,5795,14227,6749,11847,3284,3240,8624,11111,5524,10304,1348,1249,1948,3244,2180,5636,2868,8628,3417,6849,1856,1788,1559,2548,1011,3703,82281,49798,3962,32,25868,0,0,3,4
2021-03-04T23:59:59+01:00,4,4,2973,2687,4375,6139,4554,9503,5588,13811,6436,11459,3109,3064,7602,9811,4888,9384,1329,1200,1910,3121,2149,5453,2822,8351,3362,6617,1784,1699,1522,2496,1006,3685,78103,48473,3688,31,23597,0,0,3,4
2021-03-03T23:59:59+01:00,3,4,2934,2616,4236,5947,4388,9234,5384,13433,6180,11037,2983,2931,6950,9035,4490,8773,1317,1164,1883,3048,2127,5343,2791,8172,3309,6460,1716,1657,1481,2426,985,3631,75367,47478,3445,31,21743,0,0,3,3
2021-03-02T23:59:59+01:00,3,4,2874,2525,4050,5728,4182,8963,5187,13054,5911,10662,2835,2770,6180,8067,4018,8064,1284,1121,1856,2975,2103,5201,2742,7899,3260,6262,1643,1597,1415,2346,961,3580,72189,46213,2989,31,19896,0,0,3,3
2021-03-01T23:59:59+01:00,3,3,2835,2462,3886,5576,3995,8744,4997,12733,5672,10269,2734,2655,5685,7408,3652,7552,1278,1085,1832,2874,2077,5008,2702,7649,3201,6026,1600,1561,1365,2285,931,3537,70014,44979,2680,31,18164,0,0,3,3
2021-02-28T23:59:59+01:00,3,3,2793,2414,3728,5457,3774,8555,4813,12482,5486,9964,2677,2581,5562,7253,3590,7451,1274,1080,1827,2861,2068,4984,2695,7613,3191,6009,1591,1554,1360,2277,928,3527,69534,44808,2458,30,16591,0,0,3,3
2021-02-27T23:59:59+01:00,3,2,2778,2352,3701,5377,3740,8483,4779,12390,5451,9890,2636,2547,5228,6865,3390,7199,1267,1072,1820,2849,2055,4949,2676,7548,3175,5953,1573,1545,1354,2266,926,3526,68215,44524,2458,29,16135,0,0,3,3
2021-02-26T23:59:59+01:00,3,2,2758,2311,3659,5289,3674,8379,4717,12279,5365,9803,2559,2494,4847,6383,3111,6865,1210,1023,1770,2743,2006,4769,2620,7273,3103,5745,1513,1494,1331,2245,913,3517,66397,43246,2331,28,15767,0,0,3,3
2021-02-25T23:59:59+01:00,3,2,2586,2204,3476,5106,3490,8154,4513,11993,5146,9529,2471,2427,4397,5828,2822,6438,1194,965,1739,2634,1952,4494,2552,6880,3008,5459,1467,1451,1310,2230,910,3508,64531,41727,2004,25,14047,0,0,3,3
2021-02-24T23:59:59+01:00,3,2,2434,2071,3286,4912,3343,7950,4317,11738,4926,9279,2334,2307,3936,5316,2560,6039,1179,936,1716,2550,1918,4354,2492,6625,2956,5255,1436,1419,1292,2209,906,3485,62752,40709,1525,17,12473,0,0,3,3
2021-02-23T23:59:59+01:00,3,2,2301,1933,3108,4684,3191,7711,4142,11466,4741,9032,2245,2213,3379,4648,2215,5520,1165,888,1683,2454,1880,4163,2424,6326,2862,4995,1380,1365,1264,2165,890,3458,60530,39346,1172,14,10829,0,0,3,3
2021-02-22T23:59:59+01:00,3,2,2261,1882,3024,4591,3121,7604,4048,11280,4633,8907,2194,2172,3008,4179,1929,5132,1154,829,1651,2330,1838,3917,2348,5932,2737,4698,1318,1311,1241,2132,882,3435,58845,37747,1085,4,10037,0,0,3,3
2021-02-21T23:59:59+01:00,3,2,2225,1851,2972,4522,3041,7490,3967,11134,4567,8790,2179,2149,2923,4064,1872,5044,1151,811,1634,2278,1812,3810,2315,5776,2675,4575,1288,1288,1231,2118,875,3420,58410,37051,1052,4,9330,0,0,3,3
2021-02-20T23:59:59+01:00,3,2,2213,1848,2949,4509,3025,7454,3941,11101,4546,8768,2176,2141,2870,4007,1837,4990,1151,808,1634,2276,1811,3801,2314,5771,2674,4571,1287,1285,1230,2115,874,3419,58196,37015,1051,4,9130,0,0,3,3
2021-02-19T23:59:59+01:00,2,2,2201,1834,2913,4457,3000,7366,3896,11019,4492,8705,2168,2135,2779,3893,1752,4896,1100,799,1595,2268,1801,3792,2304,5750,2666,4558,1281,1274,1219,2110,869,3412,57774,36792,1019,4,8714,0,0,3,3
2021-02-18T23:59:59+01:00,2,2,2070,1739,2757,4274,2876,7168,3759,10734,4353,8500,2134,2101,2537,3622,1597,4673,1022,763,1523,2168,1751,3671,2231,5594,2609,4473,1267,1255,1213,2096,856,3394,56704,35880,951,4,7240,0,0,3,3
2021-02-17T23:59:59+01:00,2,2,2026,1691,2666,4142,2767,6956,3606,10393,4211,8257,2075,2017,2318,3392,1468,4479,870,698,1411,2042,1674,3481,2135,5368,2537,4300,1235,1210,1187,2051,840,3349,55628,34383,805,3,6032,0,0,3,3
2021-02-16T23:59:59+01:00,2,2,1856,1580,2490,3935,2627,6681,3445,10040,4033,7952,2030,1990,2036,3072,1294,4226,843,676,1341,1964,1605,3339,2043,5195,2445,4168,1175,1164,1128,1963,807,3247,54286,33099,769,2,4233,0,0,3,3
2021-02-15T23:59:59+01:00,2,2,1821,1525,2402,3765,2550,6408,3323,9672,3919,7683,2004,1961,1817,2832,1168,4033,825,664,1312,1916,1563,3270,1986,5024,2383,4067,1118,1124,1065,1871,787,3145,53178,32117,753,1,2953,0,0,3,3
2021-02-14T23:59:59+01:00,2,2,1732,1494,2354,3703,2508,6315,3252,9568,3872,7605,1993,1951,1759,2772,1117,3973,810,654,1296,1892,1536,3247,1952,4983,2357,4011,1108,1115,1058,1862,784,3133,52839,31795,724,1,2406,0,0,3,3
2021-02-13T23:59:59+01:00,2,2,1731,1482,2344,3696,2502,6301,3249,9552,3865,7595,1984,1931,1735,2752,1113,3963,810,654,1296,1892,1536,3247,1952,4983,2357,4011,1108,1115,1058,1862,784,3133,52682,31795,724,1,2390,0,0,3,3
2021-02-12T23:59:59+01:00,2,2,1652,1397,2243,3582,2423,6128,3145,9314,3741,7330,1937,1873,1671,2680,1090,3934,803,646,1284,1870,1523,3228,1944,4952,2341,3991,1103,1110,1057,1843,784,3102,51740,31579,724,0,1677,0,0,3,3
2021-02-11T23:59:59+01:00,2,2,1455,1261,2061,3370,2295,5836,2993,8881,3583,6983,1864,1771,1629,2616,1071,3912,774,597,1189,1691,1396,2950,1804,4591,2174,3700,1050,1046,1013,1766,743,2960,50342,29444,683,0,557,0,0,3,1
2021-02-10T23:59:59+01:00,2,2,1361,1214,1976,3241,2227,5663,2911,8602,3472,6752,1794,1724,1582,2549,1052,3850,563,515,967,1467,1257,2639,1619,4130,1970,3318,930,918,880,1508,652,2618,49166,25951,644,0,161,0,0,3,1
2021-02-09T23:59:59+01:00,2,2,1325,1164,1940,3148,2199,5478,2845,8261,3402,6493,1721,1662,1520,2488,1033,3807,302,382,750,1204,1070,2262,1410,3592,1721,2862,760,753,705,1200,521,2121,47894,21615,514,0,80,0,0,2,1
2021-02-08T23:59:59+01:00,2,2,1318,1129,1908,3029,2162,5256,2794,7982,3343,6257,1678,1628,1470,2432,1015,3784,266,342,647,1051,965,2045,1251,3198,1523,2545,654,633,602,1014,449,1836,46764,19021,344,0,79,0,0,2,1
2021-02-07T23:59:59+01:00,2,2,1292,1113,1878,2977,2137,5174,2764,7879,3301,6191,1662,1612,1455,2413,1003,3769,232,287,598,962,906,1889,1160,2972,1426,2373,613,613,581,979,439,1805,46479,17836,143,0,0,0,0,2,0
2021-02-06T23:59:59+01:00,2,2,1287,1107,1872,2965,2128,5146,2751,7835,3290,6146,1649,1604,1450,2403,1000,3768,213,254,576,924,878,1824,1117,2854,1369,2291,597,594,574,979,439,1805,46260,17289,143,0,0,0,0,2,0
2021-02-05T23:59:59+01:00,2,2,1228,1056,1823,2857,2076,4950,2691,7538,3213,5930,1586,1551,1433,2380,992,3762,197,222,540,875,842,1744,1079,2734,1316,2192,563,570,562,955,428,1780,44925,16600,143,0,0,0,0,2,0
2021-02-04T23:59:59+01:00,2,2,1216,992,1782,2709,2004,4637,2608,7092,3113,5602,1541,1518,1416,2363,987,3752,168,169,466,757,743,1604,966,2496,1203,1978,517,517,516,899,407,1661,43300,15068,35,0,0,0,0,1,0
2021-02-03T23:59:59+01:00,2,2,1198,963,1752,2630,1965,4489,2542,6830,3061,5387,1505,1486,1386,2328,968,3722,139,140,393,644,627,1366,820,2119,1010,1688,398,381,373,679,287,1256,42180,12321,35,0,0,0,0,1,0
2021-02-02T23:59:59+01:00,2,2,1180,907,1718,2529,1923,4269,2469,6498,2956,5115,1452,1439,1362,2297,958,3697,117,116,318,524,522,1129,675,1789,820,1378,297,279,292,497,225,945,40737,9924,35,0,0,0,0,1,0
2021-02-01T23:59:59+01:00,1,2,1167,847,1682,2406,1873,4024,2392,6108,2835,4819,1385,1358,1332,2251,945,3668,84,76,219,352,349,738,427,1154,480,857,185,170,171,296,126,562,39059,6246,35,0,0,0,0,1,0
2021-01-31T23:59:59+01:00,1,2,1163,829,1665,2349,1848,3902,2360,5924,2768,4700,1354,1335,1321,2235,938,3652,73,70,186,281,271,572,338,900,398,690,159,155,159,287,122,548,38313,5209,32,0,0,0,0,1,0
2021-01-30T23:59:59+01:00,1,2,1163,826,1664,2344,1846,3891,2358,5913,2765,4690,1353,1331,1320,2234,938,3651,70,63,153,233,243,504,303,782,355,615,158,148,154,283,122,547,38258,4733,31,0,0,0,0,1,0
2021-01-29T23:59:59+01:00,1,2,1111,817,1625,2337,1835,3884,2350,5899,2757,4679,1349,1328,1316,2234,938,3651,62,45,116,178,199,350,248,634,311,487,147,139,143,273,119,546,38083,3997,29,0,0,0,0,1,0
2021-01-28T23:59:59+01:00,1,2,1037,791,1569,2274,1802,3815,2303,5828,2724,4627,1337,1316,1307,2228,926,3637,40,20,74,105,130,204,153,378,203,290,115,106,117,220,107,496,37497,2758,26,0,0,0,0,1,0
2021-01-27T23:59:59+01:00,1,2,889,739,1473,2198,1734,3701,2230,5699,2666,4501,1308,1271,1278,2190,910,3602,31,13,62,87,104,160,120,321,176,245,107,88,105,201,103,459,36374,2382,17,0,0,0,0,1,0
2021-01-26T23:59:59+01:00,1,2,875,719,1410,2122,1673,3571,2143,5527,2578,4389,1250,1231,1228,2117,885,3542,30,12,59,84,100,154,116,306,175,236,104,82,98,180,92,409,35250,2237,12,0,0,0,0,1,0
2021-01-25T23:59:59+01:00,1,2,862,698,1379,2060,1640,3474,2097,5358,2521,4297,1197,1206,1173,2057,867,3476,28,12,56,84,97,152,115,304,174,236,103,81,97,179,90,406,34361,2214,3,0,0,0,0,1,0
2021-01-24T23:59:59+01:00,1,2,859,697,1373,2049,1635,3457,2089,5333,2509,4265,1193,1199,1168,2050,866,3470,28,12,56,84,96,151,115,304,174,235,103,81,97,179,90,405,34211,2210,3,0,0,0,0,1,0
2021-01-23T23:59:59+01:00,1,2,859,697,1373,2049,1635,3457,2089,5333,2509,4265,1193,1199,1168,2050,866,3470,28,12,56,84,96,151,115,304,173,235,103,81,97,179,90,405,34211,2209,3,0,0,0,0,1,0
2021-01-22T23:59:59+01:00,1,2,858,687,1359,2027,1620,3433,2076,5299,2493,4245,1191,1194,1167,2027,865,3436,28,12,56,84,96,151,115,304,172,235,103,81,97,179,90,405,33976,2208,3,0,0,0,0,1,0
2021-01-21T23:59:59+01:00,1,2,827,650,1282,1870,1519,3241,1980,5029,2382,4046,1151,1134,1138,1959,828,3315,26,11,52,79,88,142,105,275,158,212,89,72,86,155,74,345,32350,1969,3,0,0,0,0,1,0
2021-01-20T23:59:59+01:00,1,2,626,553,1088,1654,1383,2966,1804,4623,2178,3705,1023,1015,1008,1719,752,3011,24,11,51,75,85,141,97,262,147,193,78,65,80,130,62,307,29107,1808,3,0,0,0,0,1,0
2021-01-19T23:59:59+01:00,1,2,341,409,837,1397,1180,2619,1568,4094,1914,3254,848,843,835,1424,630,2564,20,8,36,53,56,76,71,175,103,130,58,50,52,96,47,238,24757,1269,2,0,0,0,0,1,0
2021-01-18T23:59:59+01:00,1,2,300,373,725,1210,1061,2366,1375,3594,1673,2872,708,689,675,1168,526,2119,8,4,12,18,19,26,23,51,25,46,13,11,13,33,11,72,21435,385,1,0,0,0,0,1,0
2021-01-17T23:59:59+01:00,1,2,258,319,659,1115,982,2195,1277,3322,1559,2660,662,659,646,1108,498,2051,0,0,1,0,3,2,2,1,2,2,1,4,1,0,0,1,19972,20,1,0,0,0,0,0,0
2021-01-16T23:59:59+01:00,1,2,241,288,643,1080,958,2133,1236,3211,1508,2586,646,641,638,1108,498,2050,0,0,0,0,1,2,1,1,1,2,0,1,1,0,0,1,19467,11,1,0,0,0,0,0,0
2021-01-15T23:59:59+01:00,1,2,226,254,613,1030,931,2055,1202,3094,1456,2490,615,615,631,1087,491,2038,0,0,0,0,0,0,0,0,0,0,0,0,0,0,0,0,18831,0,0,0,0,0,0,0,0
2021-01-14T23:59:59+01:00,1,2,196,204,552,909,842,1911,1107,2873,1341,2305,571,571,593,1041,484,1992,0,0,0,0,0,0,0,0,0,0,0,0,0,0,0,0,17495,0,0,0,0,0,0,0,0
2021-01-13T23:59:59+01:00,1,2,166,185,504,838,770,1786,1008,2636,1187,2082,455,452,451,824,368,1551,0,0,0,0,0,0,0,0,0,0,0,0,0,0,0,0,15266,0,0,0,0,0,0,0,0
2021-01-12T23:59:59+01:00,1,2,143,164,474,769,719,1631,919,2433,1079,1849,365,343,351,592,270,1114,0,0,0,0,0,0,0,0,0,0,0,0,0,0,0,0,13218,0,0,0,0,0,0,0,0
2021-01-11T23:59:59+01:00,0,1,114,127,398,638,629,1377,755,1976,847,1459,227,202,201,357,153,673,0,0,0,0,0,0,0,0,0,0,0,0,0,0,0,0,10134,0,0,0,0,0,0,0,0
2021-01-10T23:59:59+01:00,0,1,88,92,308,459,473,998,546,1448,623,1062,189,178,184,343,147,659,0,0,0,0,0,0,0,0,0,0,0,0,0,0,0,0,7798,0,0,0,0,0,0,0,0
2021-01-09T23:59:59+01:00,0,1,78,84,261,396,402,866,479,1231,547,904,183,168,179,338,147,657,0,0,0,0,0,0,0,0,0,0,0,0,0,0,0,0,6921,0,0,0,0,0,0,0,0
2021-01-08T23:59:59+01:00,0,1,65,64,188,288,304,585,365,933,441,685,175,163,163,326,145,657,0,0,0,0,0,0,0,0,0,0,0,0,0,0,0,0,5548,0,0,0,0,0,0,0,0
2021-01-07T23:59:59+01:00,0,0,46,24,81,121,139,231,163,419,223,340,130,127,144,276,131,602,0,0,0,0,0,0,0,0,0,0,0,0,0,0,0,0,3197,0,0,0,0,0,0,0,0
2021-01-06T23:59:59+01:00,0,0,34,18,70,92,118,180,135,342,194,276,111,98,116,227,112,517,0,0,0,0,0,0,0,0,0,0,0,0,0,0,0,0,2640,0,0,0,0,0,0,0,0
2021-01-05T23:59:59+01:00,0,0,31,13,60,88,107,166,120,328,180,253,109,94,115,220,109,499,0,0,0,0,0,0,0,0,0,0,0,0,0,0,0,0,2492,0,0,0,0,0,0,0,0
2021-01-04T23:59:59+01:00,0,0,28,12,57,85,99,158,115,313,178,241,108,90,108,206,99,461,0,0,0,0,0,0,0,0,0,0,0,0,0,0,0,0,2358,0,0,0,0,0,0,0,0
2021-01-03T23:59:59+01:00,0,0,28,12,57,85,99,158,115,313,178,241,108,90,107,205,99,461,0,0,0,0,0,0,0,0,0,0,0,0,0,0,0,0,2356,0,0,0,0,0,0,0,0
2021-01-02T23:59:59+01:00,0,0,28,12,57,85,99,158,115,313,177,241,108,90,107,205,99,461,0,0,0,0,0,0,0,0,0,0,0,0,0,0,0,0,2355,0,0,0,0,0,0,0,0
2021-01-01T23:59:59+01:00,0,0,28,12,57,85,99,158,115,313,175,240,108,90,107,205,99,461,0,0,0,0,0,0,0,0,0,0,0,0,0,0,0,0,2352,0,0,0,0,0,0,0,0
2020-12-31T23:59:59+01:00,0,0,28,12,57,85,99,158,115,313,175,240,108,90,107,205,99,461,0,0,0,0,0,0,0,0,0,0,0,0,0,0,0,0,2352,0,0,0,0,0,0,0,0
2020-12-30T23:59:59+01:00,0,0,27,12,57,84,98,155,115,312,175,240,108,90,107,205,99,461,0,0,0,0,0,0,0,0,0,0,0,0,0,0,0,0,2345,0,0,0,0,0,0,0,0
2020-12-29T23:59:59+01:00,0,0,20,9,42,60,75,91,85,217,128,188,83,77,78,171,80,373,0,0,0,0,0,0,0,0,0,0,0,0,0,0,0,0,1777,0,0,0,0,0,0,0,0
2020-12-28T23:59:59+01:00,0,0,9,6,18,30,31,45,40,112,53,101,36,42,40,98,43,211,0,0,0,0,0,0,0,0,0,0,0,0,0,0,0,0,915,0,0,0,0,0,0,0,0
2020-12-27T23:59:59+01:00,0,0,2,2,4,5,7,11,10,24,6,22,6,7,7,25,5,56,0,0,0,0,0,0,0,0,0,0,0,0,0,0,0,0,199,0,0,0,0,0,0,0,0
