Datum,<24_1_m,<24_1_w,25-34_1_m,25-34_1_w,35-44_1_m,35-44_1_w,45-54_1_m,45-54_1_w,55-64_1_m,55-64_1_w,65-74_1_m,65-74_1_w,75-84_1_m,75-84_1_w,>84_1_m,>84_1_w,<24_2_m,<24_2_w,25-34_2_m,25-34_2_w,35-44_2_m,35-44_2_w,45-54_2_m,45-54_2_w,55-64_2_m,55-64_2_w,65-74_2_m,65-74_2_w,75-84_2_m,75-84_2_w,>84_2_m,>84_2_w,bp_1,bp_2,mo_1,mo_2,az_1,az_2,ja
2021-05-27T23:59:59+02:00,15689,15062,24586,23461,30264,34288,53416,59114,70809,72113,60607,66675,45242,55573,11028,19765,5819,5296,8423,9348,9726,14720,13848,21974,17856,21150,30179,34518,33762,41874,8710,15548,415419,221033,58531,33722,176900,31154,6842
2021-05-26T23:59:59+02:00,15298,14773,23961,22994,29583,33815,52530,58413,69083,70268,60422,66468,45171,55491,11012,19745,5738,5139,8206,9097,9481,14360,13518,21415,17499,20657,30041,34386,33676,41789,8692,15512,409265,220556,56812,33687,176407,28420,6543
2021-05-25T23:59:59+02:00,14903,14423,23401,22607,28417,32869,49711,55957,67111,68418,60172,66207,45072,55353,11000,19705,5653,4999,7993,8853,9242,13988,13202,20884,17135,20168,29909,34262,33605,41697,8675,15471,397491,220073,55753,33612,175794,25763,6288
2021-05-24T23:59:59+02:00,14549,14101,22922,22235,27805,32403,46614,53072,65154,66698,59914,65946,44974,55233,10973,19660,5577,4883,7751,8652,8948,13644,12912,20419,16799,19676,29801,34161,33542,41636,8658,15432,385898,219572,55270,33552,175138,23420,5947
2021-05-23T23:59:59+02:00,14477,14026,22831,22152,27733,32328,46321,52797,64600,66181,59843,65883,44954,55216,10971,19659,5554,4862,7714,8628,8888,13606,12841,20366,16734,19626,29795,34152,33539,41631,8658,15431,383712,219322,55193,33546,175126,23216,5941
2021-05-22T23:59:59+02:00,14223,13771,22525,21826,26592,31336,44494,51250,63891,65554,59696,65704,44898,55133,10962,19640,5532,4801,7691,8570,8852,13546,12810,20276,16710,19573,29790,34142,33534,41627,8658,15430,375274,219248,55180,33546,175124,22831,5917
2021-05-21T23:59:59+02:00,13876,13470,21940,21390,25693,30602,41911,49186,62222,64115,59504,65500,44823,55049,10950,19622,5510,4762,7637,8486,8790,13468,12736,20181,16638,19494,29781,34126,33529,41617,8656,15429,364950,219076,54122,33534,174936,22385,5845
2021-05-20T23:59:59+02:00,13166,12821,20820,20521,24591,29602,40360,47843,59896,62031,58846,64781,44647,54817,10924,19574,5185,4560,7248,8208,8400,13097,12286,19677,16274,19068,29683,34055,33485,41570,8654,15421,354608,218707,51828,33431,173668,19597,5136
2021-05-19T23:59:59+02:00,12668,12452,20029,19984,23763,29014,39473,47149,56382,58087,58527,64476,44555,54690,10906,19534,5013,4378,7018,7964,8120,12788,11954,19252,15945,18693,29605,33963,33446,41501,8646,15411,344246,218262,50250,33322,172547,17467,4646
2021-05-18T23:59:59+02:00,12293,12119,19455,19542,23136,28451,37913,45802,55169,57103,58203,64099,44437,54547,10885,19513,4898,4226,6773,7743,7883,12506,11723,18876,15635,18304,29547,33902,33418,41468,8643,15404,338950,217993,48425,33253,171097,15508,4195
2021-05-17T23:59:59+02:00,12034,11903,19025,19272,22706,28144,36553,44667,54039,56217,58007,63892,44379,54452,10874,19486,4817,4121,6555,7531,7636,12221,11477,18507,15345,17939,29480,33848,33398,41432,8637,15392,334936,217725,47453,33188,169590,13752,3671
2021-05-16T23:59:59+02:00,11817,11746,18732,19074,22376,27897,35859,44165,52815,55061,57898,63792,44344,54403,10865,19467,4737,4040,6323,7364,7376,11972,11212,18159,15087,17634,29431,33809,33384,41414,8630,15389,332527,217489,46580,33131,167980,12117,3224
2021-05-15T23:59:59+02:00,11711,11632,18574,18931,22213,27756,35419,43745,52467,54728,57796,63667,44304,54357,10862,19454,4690,3998,6233,7297,7285,11864,11114,18044,14982,17510,29331,33687,33311,41335,8626,15385,330145,216415,46580,33130,167845,12101,3046
2021-05-14T23:59:59+02:00,11393,11403,18150,18695,21820,27480,32670,41647,50717,53173,57644,63513,44257,54285,10850,19435,4539,3907,5940,7125,6982,11636,10767,17691,14635,17187,28805,33002,33199,41182,8613,15360,321098,213187,46527,33126,167233,11983,2274
2021-05-13T23:59:59+02:00,10877,10968,17337,18140,20949,26797,31535,40640,48422,50897,56945,62741,44075,54027,10819,19370,3978,3684,5628,6871,6683,11332,10356,17311,14241,16720,27924,31825,32843,40740,8587,15310,312670,208674,44668,32574,165231,10815,1970
2021-05-12T23:59:59+02:00,10557,10745,16925,17894,20490,26514,31031,40249,45141,46887,56717,62523,43996,53926,10805,19350,3830,3585,5412,6766,6425,11184,10104,17107,14000,16431,27328,31061,32704,40586,8564,15279,303554,205758,43847,32553,164943,10649,1406
2021-05-11T23:59:59+02:00,10068,10424,16133,17361,19647,25899,29060,38674,43434,45491,56421,62168,43916,53804,10790,19325,3687,3428,5188,6421,6125,10773,9739,16525,13531,15855,25923,29400,32259,40050,8527,15205,298101,199835,40793,32374,162472,9178,1249
2021-05-10T23:59:59+02:00,9765,10251,15613,17107,19051,25579,28009,37936,42035,44370,56246,61973,43845,53703,10772,19301,3565,3280,4960,6184,5884,10465,9410,16035,13136,15415,24896,28059,31834,39558,8496,15155,294880,195235,39891,32351,159820,7781,965
2021-05-09T23:59:59+02:00,9576,10158,15324,16919,18669,25336,27289,37465,40183,42636,56115,61848,43801,53649,10765,19284,3425,3218,4783,6046,5724,10291,9218,15825,12961,15252,24622,27729,31716,39401,8488,15146,291960,194063,39524,32312,156843,6780,690
2021-05-08T23:59:59+02:00,9484,10065,15149,16782,18464,25125,27058,37227,39960,42450,56003,61726,43768,53611,10762,19275,3415,3196,4749,6012,5680,10242,9136,15759,12863,15169,24232,27276,31480,39138,8481,15131,290423,192879,39074,31612,156722,6778,690
2021-05-07T23:59:59+02:00,9284,9952,14808,16601,18100,24894,26644,36940,39528,42068,55742,61407,43728,53564,10757,19268,3076,3036,4402,5839,5426,9966,8803,15453,12439,14724,23128,25885,30937,38430,8460,15097,287943,189500,38647,30120,156398,5184,297
2021-05-06T23:59:59+02:00,8594,9552,13930,15984,17044,24037,25264,35813,37405,40343,54759,60254,43513,53282,10727,19216,2929,2910,4230,5633,5217,9654,8435,15006,11997,14230,21780,24174,30214,37572,8416,14996,277447,183976,37378,29165,154633,3993,259
2021-05-05T23:59:59+02:00,8013,9200,13144,15436,16019,23253,23838,34778,35587,38769,53088,58401,43238,52978,10700,19158,2824,2840,4065,5482,5025,9433,8085,14651,11636,13840,20288,22302,29235,36395,8385,14915,266179,178059,36473,28002,152867,3259,81
2021-05-04T23:59:59+02:00,7818,9089,12791,15257,15517,22985,23207,34428,34599,38018,52351,57547,43126,52855,10689,19124,2754,2757,3912,5311,4844,9173,7742,14219,11178,13335,18596,20339,28300,35280,8312,14820,262539,171440,35610,27075,151223,2328,29
2021-05-03T23:59:59+02:00,7636,8923,12401,15049,15011,22666,22502,34009,33452,37110,52132,57304,43035,52760,10680,19096,2688,2677,3818,5130,4699,8924,7519,13857,10841,12915,17344,18771,27526,34316,8258,14729,259323,165924,35151,26726,149273,1343,19
2021-05-02T23:59:59+02:00,7549,8813,12175,14885,14701,22436,22017,33676,32260,36117,51952,57093,42979,52680,10665,19068,2676,2669,3796,5097,4669,8885,7450,13784,10753,12813,17006,18367,27280,34047,8246,14718,256928,164380,35079,26615,147041,1243,18
2021-05-01T23:59:59+02:00,7523,8784,12117,14834,14621,22384,21921,33603,32143,36029,51947,57084,42976,52679,10663,19066,2669,2659,3773,5079,4628,8858,7407,13749,10692,12748,16799,18134,27182,33932,8243,14708,256388,163414,35079,26587,146889,1241,18
2021-04-30T23:59:59+02:00,7481,8738,12021,14755,14509,22261,21725,33431,31911,35816,51697,56756,42933,52628,10658,19058,2634,2634,3712,5013,4533,8750,7254,13549,10388,12471,15907,16998,26448,33019,8212,14635,254651,160261,35036,24706,146673,1172,18
2021-04-29T23:59:59+02:00,7247,8600,11722,14574,14154,22024,21196,33132,31156,35290,51116,56012,42847,52515,10637,18991,2593,2580,3613,4922,4404,8612,7057,13335,10105,12170,14783,15575,25340,31715,8159,14550,251538,154615,34948,23962,144709,918,18
2021-04-28T23:59:59+02:00,6945,8410,11336,14238,13673,21551,20567,32520,29835,33988,48625,53239,42593,52220,10588,18924,2552,2534,3542,4861,4292,8495,6884,13143,9851,11940,13457,13856,24088,30148,8115,14465,241685,148752,34830,22762,142729,701,8
2021-04-27T23:59:59+02:00,6837,8308,11182,14115,13488,21400,20280,32308,29279,33584,48460,53061,42542,52171,10581,18906,2507,2493,3444,4773,4206,8383,6700,12943,9566,11643,12029,12028,22674,28298,8054,14347,240375,141982,34784,21575,141335,523,8
2021-04-26T23:59:59+02:00,6780,8260,11071,14048,13329,21283,20042,32081,28426,32979,48180,52760,42493,52115,10576,18879,2484,2460,3391,4732,4140,8310,6593,12806,9369,11452,10942,10634,21601,26811,8004,14274,239685,136748,34761,20834,138848,413,8
2021-04-25T23:59:59+02:00,6728,8208,10960,13950,13171,21131,19784,31786,27601,32189,47783,52320,42419,52029,10563,18862,2455,2448,3361,4712,4122,8288,6559,12765,9307,11395,10755,10406,21392,26529,7999,14262,238007,135903,34719,20491,136750,353,8
2021-04-24T23:59:59+02:00,6702,8150,10881,13868,13079,20984,19646,31617,27446,32017,47679,52197,42344,51950,10559,18858,2448,2438,3335,4681,4081,8243,6479,12687,9176,11274,10596,10225,21271,26404,7987,14246,236569,135381,34703,19847,136697,335,8
2021-04-23T23:59:59+02:00,6629,8045,10746,13667,12885,20729,19325,31241,27037,31633,46790,51097,42198,51747,10544,18828,2430,2416,3290,4647,4029,8186,6381,12591,9011,11139,10305,9893,20984,26021,7946,14182,232238,134267,34648,18852,136247,324,8
2021-04-22T23:59:59+02:00,6513,7922,10523,13454,12539,20389,18792,30757,26358,30963,45094,48967,41703,51117,10507,18745,2412,2397,3244,4599,3954,8107,6255,12491,8733,10972,9839,9433,20582,25487,7908,14121,226032,132161,34540,18073,133763,292,8
2021-04-21T23:59:59+02:00,6409,7760,10288,13257,12197,20066,18285,30251,25432,29972,41057,44370,41279,50646,10451,18650,2401,2385,3200,4566,3906,8049,6166,12395,8559,10815,9470,9010,20132,24947,7857,14038,214006,130542,34475,17073,131881,273,8
2021-04-20T23:59:59+02:00,6309,7657,10084,13041,11922,19798,17859,29822,24814,29343,39323,42364,40712,49973,10391,18528,2376,2369,3157,4541,3840,8002,6026,12302,8401,10687,9160,8627,19678,24338,7784,13921,207816,129203,34389,15778,129727,220,8
2021-04-19T23:59:59+02:00,6228,7571,9930,12915,11713,19599,17467,29403,24222,28817,37815,40589,40191,49339,10343,18452,2359,2347,3122,4508,3797,7955,5987,12234,8315,10595,8883,8285,19313,23831,7750,13843,202831,127528,34335,15386,127420,202,8
2021-04-18T23:59:59+02:00,6152,7509,9801,12838,11521,19451,17181,29204,23766,28432,36555,39291,39879,48967,10316,18404,2346,2327,3091,4489,3770,7938,5941,12187,8265,10549,8775,8171,19171,23668,7736,13823,201316,127045,34298,14996,123645,198,8
2021-04-17T23:59:59+02:00,6145,7492,9764,12805,11478,19407,17099,29140,23688,28361,36257,38954,39783,48887,10311,18394,2334,2317,3065,4474,3706,7896,5867,12134,8186,10498,8664,8058,19075,23564,7718,13811,200092,126256,34290,14907,123575,196,8
2021-04-16T23:59:59+02:00,6078,7442,9681,12755,11350,19283,16881,28988,23280,27935,35229,37730,39424,48440,10295,18366,2185,2214,2841,4307,3345,7575,5069,11572,6665,9390,6223,6050,17490,22052,7565,13567,195996,117302,34206,10606,122947,194,8
2021-04-15T23:59:59+02:00,5998,7341,9477,12574,11042,19033,16362,28588,22543,27241,33318,35401,38531,47386,10226,18224,2137,2175,2778,4242,3226,7459,4826,11374,6304,9080,5750,5647,16917,21352,7412,13290,190197,114214,34154,9560,118926,187,8
2021-04-14T23:59:59+02:00,5926,7284,9312,12449,10806,18845,15948,28250,21847,26690,31328,33085,37491,46146,10164,18066,2046,2111,2700,4181,3113,7369,4613,11199,5979,8831,5272,5225,16346,20642,7241,12997,183841,111624,34015,8101,115773,132,8
2021-04-13T23:59:59+02:00,5867,7216,9172,12321,10628,18671,15586,27954,21259,26125,29176,30566,36363,44728,10049,17900,1997,2092,2663,4142,3056,7303,4476,11047,5711,8627,4925,4904,15890,20188,7142,12835,176961,110226,33953,6729,112659,35,8
2021-04-12T23:59:59+02:00,5800,7160,9058,12182,10424,18515,15247,27660,20649,25590,27120,28243,35336,43427,9943,17734,1963,2050,2634,4122,3032,7247,4406,10978,5608,8533,4768,4758,15581,19797,7052,12669,171263,109406,33880,5750,108937,34,8
2021-04-11T23:59:59+02:00,5754,7113,8969,12104,10260,18411,14962,27469,20181,25212,25922,26963,34713,42715,9876,17611,1952,2043,2611,4100,3013,7221,4370,10934,5527,8468,4670,4705,15467,19673,7021,12624,169491,109214,33811,5148,104925,29,8
2021-04-10T23:59:59+02:00,5735,7096,8934,12079,10201,18375,14892,27420,20082,25123,25565,26546,34426,42353,9869,17590,1949,2038,2602,4090,2997,7205,4337,10906,5468,8424,4594,4627,15338,19505,6984,12550,168282,108429,33091,5148,104905,29,8
2021-04-09T23:59:59+02:00,5677,7061,8851,11996,10076,18254,14719,27229,19805,24869,24623,25250,33623,41324,9844,17531,1917,2006,2550,4052,2917,7143,4176,10780,5211,8192,4170,4245,14768,18772,6795,12243,164937,104759,31583,5141,104204,29,8
2021-04-08T23:59:59+02:00,5593,6988,8702,11879,9853,18074,14302,26908,19180,24346,22771,23098,32153,39604,9723,17331,1882,1986,2494,4003,2841,7057,4015,10629,4909,7926,3704,3802,13743,17468,6409,11625,159200,99852,30677,4609,100620,24,8
2021-04-07T23:59:59+02:00,5530,6925,8525,11809,9623,17915,13967,26661,18679,23952,20793,20726,30639,37668,9630,17155,1845,1969,2438,3948,2777,6979,3902,10468,4721,7718,3433,3521,13026,16622,6100,11152,153191,96559,29504,4039,97494,13,8
2021-04-06T23:59:59+02:00,5469,6873,8383,11705,9464,17742,13613,26384,18141,23513,18748,18400,28965,35481,9469,16869,1807,1948,2413,3922,2744,6939,3838,10424,4641,7630,3328,3393,12507,15933,5865,10805,146377,94268,28550,3849,94284,12,8
2021-04-05T23:59:59+02:00,5429,6827,8290,11611,9327,17643,13378,26157,17692,23121,16889,16259,27559,33595,9346,16682,1783,1939,2386,3905,2717,6891,3796,10364,4552,7522,3221,3285,12152,15536,5730,10563,140975,92903,28116,3419,90706,12,8
2021-04-04T23:59:59+02:00,5421,6822,8282,11597,9310,17634,13356,26134,17662,23097,16733,16057,27391,33379,9341,16671,1782,1937,2385,3903,2715,6888,3794,10360,4546,7520,3213,3272,12140,15525,5728,10555,140260,92824,28023,3419,90596,12,8
2021-04-03T23:59:59+02:00,5417,6814,8266,11587,9289,17615,13311,26102,17590,23031,16652,15969,27351,33323,9337,16667,1779,1933,2374,3897,2696,6872,3765,10334,4467,7455,3087,3159,12070,15460,5723,10545,139734,92177,27994,3419,90585,12,8
2021-04-02T23:59:59+02:00,5388,6792,8212,11530,9218,17545,13160,25989,17353,22817,16176,15437,26925,32823,9312,16622,1776,1923,2363,3891,2686,6857,3739,10293,4402,7369,3018,3089,11795,15141,5614,10371,138538,90892,26582,3415,90171,12,8
2021-04-01T23:59:59+02:00,5333,6714,8096,11393,9085,17379,12877,25689,16892,22418,15381,14650,26250,31940,9213,16473,1751,1891,2340,3869,2658,6826,3705,10255,4334,7303,2895,2950,10780,13899,5109,9664,136307,86903,25916,3309,87554,11,6
2021-03-31T23:59:59+02:00,5110,6617,7983,11281,8953,17212,12643,25392,16542,22056,14635,13826,25490,31006,9128,16316,1740,1885,2327,3846,2636,6800,3651,10200,4263,7238,2805,2860,10143,13125,4822,9257,134524,84497,24462,3084,85198,11,6
2021-03-30T23:59:59+02:00,5076,6550,7906,11154,8870,17060,12477,25194,16250,21729,14004,13116,24774,30106,9019,16114,1727,1870,2308,3828,2610,6776,3612,10137,4194,7160,2680,2723,9508,12409,4538,8836,133053,82199,23249,2703,83091,8,6
2021-03-29T23:59:59+02:00,5030,6478,7800,11048,8764,16893,12308,24901,15915,21390,13428,12446,24073,29212,8894,15908,1715,1860,2291,3815,2594,6751,3577,10081,4140,7090,2628,2657,9185,11985,4393,8575,131227,80831,22494,2492,80761,8,6
2021-03-28T23:59:59+02:00,4986,6383,7711,10942,8693,16736,12162,24665,15648,21116,13092,12107,23514,28539,8756,15674,1706,1855,2280,3804,2587,6728,3540,10037,4107,7037,2586,2609,9104,11872,4354,8522,130731,80499,21969,2215,78018,8,6
2021-03-27T23:59:59+01:00,4972,6369,7684,10912,8622,16662,12059,24564,15500,20998,12883,11890,23329,28344,8728,15648,1705,1853,2277,3802,2585,6727,3527,10011,4096,7020,2577,2601,9039,11800,4329,8490,129858,80210,21321,2215,77979,8,6
2021-03-26T23:59:59+01:00,4922,6288,7565,10794,8449,16462,11702,24241,14866,20478,11951,11060,22609,27553,8621,15463,1697,1835,2273,3784,2572,6702,3505,9985,4054,6984,2554,2565,8832,11556,4239,8351,125860,79373,19722,2101,77436,8,6
2021-03-25T23:59:59+01:00,4857,6103,7395,10506,8201,16049,11292,23599,14250,19810,11255,10389,21748,26471,8374,15014,1675,1817,2242,3756,2536,6668,3467,9932,3979,6901,2416,2432,7799,10196,3747,7641,122602,75325,18946,1866,73760,8,5
2021-03-24T23:59:59+01:00,4773,5934,7244,10215,7999,15631,11016,23052,13793,19237,10630,9814,20836,25367,8101,14527,1651,1785,2215,3720,2494,6628,3411,9860,3913,6806,2313,2334,7101,9351,3437,7165,120021,72728,17758,1447,70388,7,2
2021-03-23T23:59:59+01:00,4727,5818,7130,9987,7848,15283,10746,22531,13392,18770,10163,9363,20087,24489,7862,14141,1638,1768,2191,3698,2471,6600,3351,9802,3821,6733,2216,2236,6308,8317,3069,6599,118578,69692,16660,1118,67098,7,1
2021-03-22T23:59:59+01:00,4667,5721,6999,9743,7689,14961,10482,22055,13048,18298,9782,9010,19521,23770,7715,13856,1627,1760,2184,3683,2457,6587,3329,9776,3783,6700,2163,2186,5795,7637,2780,6193,117708,67603,16259,1029,63349,7,1
2021-03-21T23:59:59+01:00,4612,5586,6863,9476,7527,14589,10242,21506,12718,17818,9454,8726,18999,23155,7559,13594,1624,1755,2183,3674,2454,6581,3322,9764,3773,6690,2147,2166,5666,7490,2738,6110,117513,67100,15862,1029,59048,7,1
2021-03-20T23:59:59+01:00,4601,5560,6827,9415,7463,14526,10149,21396,12618,17728,9371,8632,18861,22979,7518,13517,1621,1752,2179,3671,2449,6575,3309,9754,3748,6681,2114,2130,5305,7082,2592,5908,116689,65833,15768,1029,58703,7,1
2021-03-19T23:59:59+01:00,4400,5391,6540,9165,6985,14086,9167,20618,10813,16324,6489,6263,16811,20901,7223,13047,1615,1747,2174,3663,2438,6563,3297,9726,3690,6636,2050,2091,4880,6561,2385,5639,107418,64150,11064,997,55740,7,1
2021-03-18T23:59:59+01:00,4281,5221,6349,8863,6733,13625,8755,19951,10172,15618,5776,5602,15566,19366,6803,12365,1608,1739,2154,3636,2419,6525,3265,9690,3649,6602,2011,2060,4397,5965,2168,5301,102308,62293,10058,889,52679,6,1
2021-03-17T23:59:59+01:00,4190,5131,6222,8722,6556,13450,8452,19608,9760,15240,5370,5216,14727,18391,6468,11866,1596,1724,2139,3617,2388,6493,3230,9661,3611,6565,1957,2003,3951,5463,1963,4975,99071,60573,8374,756,51923,6,1
2021-03-16T23:59:59+01:00,4098,4973,6069,8456,6346,13063,8115,19027,9223,14608,4853,4759,13895,17398,6199,11449,1587,1715,2130,3601,2371,6481,3218,9639,3584,6537,1928,1965,3358,4751,1706,4551,96763,58364,6966,752,48801,5,1
2021-03-15T23:59:59+01:00,4029,4801,5876,8185,6141,12632,7828,18457,8793,14020,4558,4487,13212,16637,5982,11045,1586,1705,2115,3585,2350,6456,3196,9586,3562,6499,1894,1915,2949,4249,1478,4211,95297,56595,5993,737,45393,4,0
2021-03-14T23:59:59+01:00,3972,4632,5627,7868,5878,12163,7499,17717,8359,13329,4246,4232,12948,16396,5945,10960,1578,1695,2099,3555,2336,6404,3179,9525,3545,6469,1886,1904,2865,4132,1434,4137,95184,56195,5385,544,41202,4,0
2021-03-13T23:59:59+01:00,3957,4601,5593,7782,5822,12077,7423,17605,8233,13202,4093,4094,12869,16320,5940,10949,1578,1695,2099,3555,2335,6404,3178,9524,3544,6469,1881,1895,2806,4071,1409,4090,94501,55985,5385,544,40674,4,0
2021-03-12T23:59:59+01:00,3932,4511,5544,7651,5756,11934,7336,17366,8102,12994,3988,3998,12562,15976,5830,10761,1578,1695,2095,3548,2333,6396,3175,9517,3543,6465,1879,1893,2698,3942,1348,4025,93087,55582,5377,544,39777,4,0
2021-03-11T23:59:59+01:00,3830,4266,5331,7393,5530,11493,6983,16676,7685,12417,3655,3653,11403,14604,5289,10001,1572,1690,2085,3535,2314,6373,3153,9479,3518,6434,1852,1869,2431,3653,1225,3837,88909,54503,4949,513,36351,4,0
2021-03-10T23:59:59+01:00,3720,4124,5117,7127,5316,11118,6707,16100,7358,11929,3451,3435,10693,13733,4981,9560,1565,1671,2060,3496,2285,6286,3102,9350,3462,6324,1811,1798,2189,3388,1123,3677,86446,53305,4581,278,33442,4,0
2021-03-09T23:59:59+01:00,3639,3972,4946,6938,5132,10830,6473,15642,7059,11453,3281,3255,10009,12966,4677,9109,1555,1655,2026,3437,2252,6181,3033,9205,3403,6253,1784,1772,1887,3032,983,3475,84175,51898,4325,31,30881,4,0
2021-03-08T23:59:59+01:00,3562,3790,4716,6680,4892,10460,6209,15122,6703,10884,3096,3088,9595,12488,4525,8841,1552,1632,2009,3356,2222,6088,2991,9061,3375,6170,1769,1749,1663,2776,887,3311,82706,50581,3962,30,27983,0,0
2021-03-07T23:59:59+01:00,3528,3719,4640,6570,4807,10347,6110,14961,6590,10754,3047,3044,9510,12377,4492,8785,1544,1626,2004,3344,2213,6058,2984,9023,3363,6156,1763,1736,1595,2699,847,3255,82363,50180,3793,30,27125,0,0
2021-03-06T23:59:59+01:00,3510,3647,4597,6487,4771,10276,6052,14846,6544,10660,3029,3023,9445,12304,4468,8751,1542,1610,1997,3332,2203,6030,2981,8995,3352,6137,1755,1715,1563,2675,845,3247,82050,49949,3793,30,26567,0,0
2021-03-05T23:59:59+01:00,3481,3542,4535,6387,4712,10171,5986,14687,6444,10521,2995,2980,9234,12042,4375,8608,1532,1569,1968,3275,2176,5922,2939,8859,3310,6003,1713,1677,1497,2606,826,3222,81149,49064,3785,30,25766,0,0
2021-03-04T23:59:59+01:00,3412,3324,4365,6151,4510,9862,5761,14244,6141,10167,2820,2813,8125,10596,3854,7858,1510,1512,1933,3151,2148,5728,2893,8591,3259,5789,1647,1595,1463,2559,822,3207,76988,47778,3512,29,23503,0,0
2021-03-03T23:59:59+01:00,3363,3242,4223,5961,4345,9591,5545,13862,5906,9773,2697,2701,7427,9732,3527,7355,1496,1469,1905,3075,2126,5618,2863,8410,3203,5644,1580,1551,1422,2487,804,3160,74269,46784,3298,29,21683,0,0
2021-03-02T23:59:59+01:00,3304,3134,4031,5759,4146,9317,5345,13477,5653,9420,2562,2559,6584,8653,3143,6775,1461,1420,1877,3003,2100,5465,2817,8137,3153,5467,1509,1493,1360,2407,784,3121,71114,45545,2899,29,19849,0,0
2021-03-01T23:59:59+01:00,3262,3056,3855,5612,3972,9094,5158,13156,5425,9047,2474,2465,6032,7921,2849,6356,1453,1377,1856,2891,2069,5277,2772,7862,3100,5264,1468,1463,1314,2346,758,3085,68959,44326,2648,29,18127,0,0
2021-02-28T23:59:59+01:00,3212,2999,3680,5495,3771,8890,4965,12896,5244,8764,2430,2403,5895,7752,2803,6272,1448,1371,1853,2878,2058,5251,2767,7827,3090,5249,1460,1456,1308,2336,755,3078,68487,44156,2430,29,16554,0,0
2021-02-27T23:59:59+01:00,3193,2922,3654,5420,3740,8825,4928,12800,5206,8702,2391,2362,5524,7333,2648,6062,1441,1361,1843,2866,2047,5206,2747,7768,3075,5198,1445,1448,1300,2326,754,3077,67175,43874,2430,28,16105,0,0
2021-02-26T23:59:59+01:00,3168,2867,3609,5337,3681,8725,4867,12691,5114,8623,2318,2312,5089,6801,2434,5785,1372,1295,1798,2764,1999,5015,2688,7482,3004,5016,1388,1407,1278,2303,741,3069,65369,42592,2305,27,15747,0,0
2021-02-25T23:59:59+01:00,2979,2737,3423,5158,3505,8500,4650,12387,4909,8375,2239,2261,4578,6178,2211,5435,1355,1232,1762,2653,1955,4712,2610,7092,2914,4772,1348,1367,1261,2288,739,3060,63508,41096,1982,24,14035,0,0
2021-02-24T23:59:59+01:00,2796,2577,3252,4962,3348,8302,4446,12104,4697,8163,2110,2145,4089,5610,1998,5104,1334,1195,1742,2572,1917,4556,2553,6831,2861,4591,1322,1339,1242,2267,737,3040,61740,40082,1509,17,12454,0,0
2021-02-23T23:59:59+01:00,2641,2416,3075,4730,3200,8074,4262,11826,4524,7935,2028,2058,3462,4870,1738,4675,1319,1140,1711,2471,1876,4351,2482,6532,2764,4356,1271,1287,1219,2226,724,3016,59540,38731,1158,14,10816,0,0
2021-02-22T23:59:59+01:00,2591,2355,2994,4636,3127,7967,4166,11633,4420,7821,1988,2019,3044,4364,1509,4343,1305,1073,1677,2334,1831,4093,2400,6140,2641,4087,1218,1240,1198,2198,720,2994,57877,37145,1072,4,10028,0,0
2021-02-21T23:59:59+01:00,2552,2318,2938,4558,3050,7851,4079,11478,4360,7724,1973,1997,2954,4241,1462,4266,1299,1050,1661,2276,1803,3978,2366,5984,2584,3976,1186,1224,1190,2182,713,2981,57444,36449,1039,4,9318,0,0
2021-02-20T23:59:59+01:00,2540,2314,2916,4543,3034,7817,4049,11444,4344,7705,1968,1988,2893,4178,1436,4218,1299,1047,1661,2274,1801,3968,2366,5980,2583,3973,1185,1221,1189,2178,712,2981,57229,36414,1038,4,9120,0,0
2021-02-19T23:59:59+01:00,2524,2297,2883,4488,3005,7729,4006,11358,4291,7651,1962,1983,2782,4045,1375,4147,1239,1037,1630,2267,1790,3955,2357,5958,2572,3963,1181,1213,1177,2173,708,2974,56814,36190,1007,4,8705,0,0
2021-02-18T23:59:59+01:00,2367,2182,2740,4306,2883,7523,3860,11061,4163,7477,1936,1951,2512,3747,1251,3956,1146,988,1564,2175,1740,3833,2282,5793,2523,3892,1168,1197,1174,2158,697,2958,55750,35284,941,4,7224,0,0
2021-02-17T23:59:59+01:00,2314,2121,2649,4172,2772,7302,3701,10700,4033,7261,1885,1880,2271,3488,1149,3795,978,906,1456,2058,1672,3631,2188,5563,2451,3749,1139,1153,1148,2112,681,2919,54680,33801,796,3,6017,0,0
2021-02-16T23:59:59+01:00,2113,1990,2492,3962,2633,7011,3538,10333,3870,7003,1844,1854,1967,3130,1008,3587,945,879,1387,1978,1599,3483,2090,5383,2361,3640,1079,1102,1091,2020,647,2829,53350,32511,760,2,4225,0,0
2021-02-15T23:59:59+01:00,2074,1922,2405,3797,2555,6727,3410,9953,3765,6772,1820,1827,1723,2862,911,3429,926,862,1356,1930,1560,3409,2032,5215,2296,3542,1017,1061,1024,1929,632,2740,52252,31530,746,1,2954,0,0
2021-02-14T23:59:59+01:00,1981,1884,2361,3736,2509,6632,3345,9846,3719,6706,1811,1819,1654,2795,874,3378,911,852,1337,1902,1533,3388,2002,5171,2272,3491,1007,1051,1017,1918,629,2731,51919,31211,717,1,2414,0,0
2021-02-13T23:59:59+01:00,1980,1869,2350,3731,2504,6617,3341,9831,3712,6694,1803,1801,1627,2775,873,3369,911,852,1337,1902,1533,3388,2002,5171,2272,3491,1007,1051,1017,1918,629,2731,51763,31211,717,1,2397,0,0
2021-02-12T23:59:59+01:00,1887,1769,2258,3617,2422,6440,3233,9591,3596,6436,1759,1759,1564,2705,852,3343,903,844,1325,1881,1520,3367,1992,5141,2257,3473,1003,1046,1016,1896,629,2705,50826,30997,717,1,1688,0,0
2021-02-11T23:59:59+01:00,1659,1612,2087,3402,2296,6129,3082,9164,3445,6119,1693,1665,1520,2650,841,3323,872,775,1221,1706,1399,3087,1851,4761,2101,3233,956,985,974,1815,599,2580,49447,28914,677,1,563,0,0
2021-02-10T23:59:59+01:00,1551,1550,2002,3272,2234,5959,2986,8882,3345,5903,1625,1620,1475,2581,825,3270,625,664,1018,1486,1256,2768,1661,4276,1911,2910,839,863,848,1551,531,2278,48283,25485,637,0,160,0,0
2021-02-09T23:59:59+01:00,1511,1488,1968,3182,2203,5763,2921,8532,3274,5675,1552,1562,1418,2521,811,3240,343,499,807,1220,1065,2389,1445,3723,1666,2501,686,696,670,1233,424,1854,47033,21221,509,0,79,0,0
2021-02-08T23:59:59+01:00,1501,1443,1939,3052,2162,5541,2868,8234,3217,5476,1513,1534,1375,2464,795,3223,299,439,701,1061,964,2164,1273,3316,1477,2219,584,583,566,1036,369,1621,45919,18672,339,0,79,0,0
2021-02-07T23:59:59+01:00,1470,1421,1911,3004,2136,5455,2835,8134,3179,5415,1500,1520,1361,2444,782,3210,263,377,652,967,904,2002,1184,3093,1379,2067,547,564,546,1004,361,1593,45639,17503,138,0,0,0,0
2021-02-06T23:59:59+01:00,1465,1413,1903,2992,2128,5423,2822,8091,3168,5374,1489,1512,1354,2435,781,3209,241,339,628,929,876,1935,1144,2973,1325,1989,531,552,540,1004,361,1593,45421,16960,138,0,0,0,0
2021-02-05T23:59:59+01:00,1394,1345,1859,2886,2076,5211,2755,7787,3095,5181,1431,1467,1336,2410,774,3203,224,302,591,891,841,1848,1105,2854,1272,1896,498,532,532,979,350,1571,44072,16286,138,0,0,0,0
2021-02-04T23:59:59+01:00,1381,1267,1813,2737,2009,4873,2664,7338,3000,4906,1392,1436,1319,2394,771,3193,191,233,512,775,751,1706,991,2603,1162,1706,456,487,491,920,332,1462,42462,14778,31,0,0,0,0
2021-02-03T23:59:59+01:00,1357,1230,1784,2657,1969,4704,2597,7067,2950,4717,1357,1406,1288,2356,757,3168,156,194,433,656,632,1460,839,2224,978,1440,337,358,353,696,228,1101,41333,12085,31,0,0,0,0
2021-02-02T23:59:59+01:00,1339,1167,1752,2550,1922,4471,2522,6731,2840,4472,1316,1362,1267,2327,748,3144,133,159,349,534,523,1209,685,1882,796,1167,249,259,276,509,176,824,39899,9730,31,0,0,0,0
2021-02-01T23:59:59+01:00,1322,1097,1714,2412,1869,4208,2444,6341,2723,4198,1252,1290,1241,2287,739,3119,97,99,237,365,347,779,426,1215,466,725,155,155,168,310,93,471,38225,6108,31,0,0,0,0
2021-01-31T23:59:59+01:00,1316,1074,1697,2347,1842,4086,2410,6151,2667,4093,1222,1273,1232,2271,733,3106,83,88,198,293,275,608,336,937,387,596,131,141,160,302,89,458,37489,5082,31,0,0,0,0
2021-01-30T23:59:59+01:00,1316,1071,1696,2342,1839,4073,2409,6140,2664,4085,1221,1269,1231,2269,733,3106,78,76,165,243,246,538,301,814,348,534,130,135,155,299,89,457,37434,4608,30,0,0,0,0
2021-01-29T23:59:59+01:00,1255,1062,1665,2335,1827,4064,2402,6128,2655,4073,1218,1267,1227,2269,733,3106,69,56,122,184,203,377,246,661,306,426,122,126,143,290,86,456,37258,3873,28,0,0,0,0
2021-01-28T23:59:59+01:00,1168,1031,1620,2280,1794,3994,2353,6049,2625,4029,1207,1256,1222,2263,723,3092,44,27,77,110,129,218,154,387,204,259,91,100,115,234,78,417,36681,2644,25,0,0,0,0
2021-01-27T23:59:59+01:00,1003,968,1529,2213,1732,3871,2286,5912,2566,3921,1183,1213,1197,2224,710,3063,32,19,66,87,104,174,123,331,178,218,83,84,105,212,75,388,35574,2279,17,0,0,0,0
2021-01-26T23:59:59+01:00,984,942,1467,2135,1666,3731,2194,5734,2485,3834,1125,1170,1153,2154,687,3013,31,18,63,84,100,167,119,316,177,210,80,80,96,188,66,344,34463,2139,11,0,0,0,0
2021-01-25T23:59:59+01:00,969,915,1434,2075,1634,3627,2142,5576,2434,3747,1076,1144,1102,2100,672,2956,29,18,60,84,97,164,118,315,175,209,80,80,95,187,64,341,33601,2116,2,0,0,0,0
2021-01-24T23:59:59+01:00,966,913,1427,2062,1629,3610,2135,5550,2422,3717,1073,1136,1097,2095,671,2951,29,18,60,84,96,163,118,315,175,208,80,80,95,187,64,341,33452,2113,2,0,0,0,0
2021-01-23T23:59:59+01:00,966,913,1427,2062,1629,3610,2135,5550,2422,3717,1073,1136,1096,2095,671,2951,29,18,60,84,96,163,118,315,174,208,80,80,95,187,64,341,33451,2112,2,0,0,0,0
2021-01-22T23:59:59+01:00,965,903,1410,2037,1618,3584,2119,5518,2410,3699,1071,1132,1095,2066,670,2924,29,18,60,84,96,163,118,315,174,208,80,80,95,187,64,341,33219,2112,2,0,0,0,0
2021-01-21T23:59:59+01:00,929,852,1328,1885,1524,3395,2017,5224,2306,3529,1033,1074,1060,1976,636,2804,27,17,54,79,89,154,109,284,160,188,67,72,84,162,51,292,31570,1889,2,0,0,0,0
2021-01-20T23:59:59+01:00,696,729,1146,1673,1386,3106,1840,4805,2108,3235,912,956,939,1735,580,2544,26,17,53,74,86,154,101,267,149,172,57,65,75,137,45,259,28388,1737,2,0,0,0,0
2021-01-19T23:59:59+01:00,389,556,903,1415,1178,2762,1600,4260,1854,2825,758,786,772,1431,484,2162,21,12,35,51,60,85,74,180,104,117,43,50,54,104,35,197,24134,1222,1,0,0,0,0
2021-01-18T23:59:59+01:00,337,492,791,1224,1056,2492,1396,3739,1617,2491,632,644,622,1159,408,1799,8,6,11,17,22,30,23,49,24,39,11,10,14,34,7,62,20899,367,0,0,0,0,0
2021-01-17T23:59:59+01:00,293,425,721,1129,982,2318,1300,3456,1502,2300,592,614,592,1102,387,1740,1,0,0,0,3,3,1,0,2,2,1,4,0,0,0,1,19453,18,0,0,0,0,0
2021-01-16T23:59:59+01:00,273,391,704,1094,957,2255,1260,3344,1454,2231,576,602,586,1102,387,1739,0,0,0,0,2,3,0,0,1,2,0,1,0,0,0,1,18955,10,0,0,0,0,0
2021-01-15T23:59:59+01:00,258,348,673,1058,929,2167,1225,3228,1401,2140,548,580,580,1080,380,1730,0,0,0,0,0,0,0,0,0,0,0,0,0,0,0,0,18325,0,0,0,0,0,0
2021-01-14T23:59:59+01:00,224,281,606,939,849,2019,1128,3001,1286,1977,510,542,546,1033,376,1694,0,0,0,0,0,0,0,0,0,0,0,0,0,0,0,0,17011,0,0,0,0,0,0
2021-01-13T23:59:59+01:00,189,256,555,866,777,1887,1021,2761,1138,1768,387,428,418,818,276,1299,0,0,0,0,0,0,0,0,0,0,0,0,0,0,0,0,14844,0,0,0,0,0,0
2021-01-12T23:59:59+01:00,165,230,523,794,723,1721,931,2544,1033,1569,303,316,325,582,197,921,0,0,0,0,0,0,0,0,0,0,0,0,0,0,0,0,12877,0,0,0,0,0,0
2021-01-11T23:59:59+01:00,134,179,444,655,629,1460,756,2053,804,1230,182,185,183,345,105,527,0,0,0,0,0,0,0,0,0,0,0,0,0,0,0,0,9871,0,0,0,0,0,0
2021-01-10T23:59:59+01:00,102,125,346,480,469,1060,542,1494,595,901,156,166,169,330,100,516,0,0,0,0,0,0,0,0,0,0,0,0,0,0,0,0,7551,0,0,0,0,0,0
2021-01-09T23:59:59+01:00,90,116,297,409,399,914,473,1270,524,770,151,158,164,326,100,514,0,0,0,0,0,0,0,0,0,0,0,0,0,0,0,0,6675,0,0,0,0,0,0
2021-01-08T23:59:59+01:00,74,91,216,291,301,633,360,960,427,587,144,150,148,317,98,514,0,0,0,0,0,0,0,0,0,0,0,0,0,0,0,0,5311,0,0,0,0,0,0
2021-01-07T23:59:59+01:00,50,32,86,125,135,246,163,434,225,301,108,123,135,285,95,489,0,0,0,0,0,0,0,0,0,0,0,0,0,0,0,0,3032,0,0,0,0,0,0
2021-01-06T23:59:59+01:00,35,24,75,95,116,192,137,355,195,243,86,96,111,233,80,419,0,0,0,0,0,0,0,0,0,0,0,0,0,0,0,0,2492,0,0,0,0,0,0
2021-01-05T23:59:59+01:00,32,19,64,89,105,179,122,339,183,224,84,91,109,226,78,401,0,0,0,0,0,0,0,0,0,0,0,0,0,0,0,0,2345,0,0,0,0,0,0
2021-01-04T23:59:59+01:00,29,18,61,85,97,170,117,321,181,215,83,89,100,209,70,372,0,0,0,0,0,0,0,0,0,0,0,0,0,0,0,0,2217,0,0,0,0,0,0
2021-01-03T23:59:59+01:00,29,18,61,85,97,170,117,321,181,215,83,89,99,208,70,372,0,0,0,0,0,0,0,0,0,0,0,0,0,0,0,0,2215,0,0,0,0,0,0
2021-01-02T23:59:59+01:00,29,18,61,85,97,170,117,321,180,215,83,89,99,208,70,372,0,0,0,0,0,0,0,0,0,0,0,0,0,0,0,0,2214,0,0,0,0,0,0
2021-01-01T23:59:59+01:00,29,18,61,85,97,170,117,321,179,214,83,89,99,208,70,372,0,0,0,0,0,0,0,0,0,0,0,0,0,0,0,0,2212,0,0,0,0,0,0
2020-12-31T23:59:59+01:00,29,18,61,85,97,170,117,321,179,214,83,89,99,208,70,372,0,0,0,0,0,0,0,0,0,0,0,0,0,0,0,0,2212,0,0,0,0,0,0
2020-12-30T23:59:59+01:00,28,18,61,83,96,168,117,320,179,214,83,89,99,208,70,372,0,0,0,0,0,0,0,0,0,0,0,0,0,0,0,0,2205,0,0,0,0,0,0
2020-12-29T23:59:59+01:00,23,12,42,59,76,102,86,226,131,166,64,75,75,174,56,297,0,0,0,0,0,0,0,0,0,0,0,0,0,0,0,0,1664,0,0,0,0,0,0
2020-12-28T23:59:59+01:00,9,7,19,28,34,51,40,119,49,85,29,43,43,101,29,172,0,0,0,0,0,0,0,0,0,0,0,0,0,0,0,0,858,0,0,0,0,0,0
2020-12-27T23:59:59+01:00,3,4,3,4,10,14,8,24,5,18,6,6,6,25,4,50,0,0,0,0,0,0,0,0,0,0,0,0,0,0,0,0,190,0,0,0,0,0,0
