Datum,<15_1_m,<15_1_w,15-24_1_m,15-24_1_w,25-34_1_m,25-34_1_w,35-44_1_m,35-44_1_w,45-54_1_m,45-54_1_w,55-64_1_m,55-64_1_w,65-74_1_m,65-74_1_w,75-84_1_m,75-84_1_w,>84_1_m,>84_1_w,<15_2_m,<15_2_w,15-24_2_m,15-24_2_w,25-34_2_m,25-34_2_w,35-44_2_m,35-44_2_w,45-54_2_m,45-54_2_w,55-64_2_m,55-64_2_w,65-74_2_m,65-74_2_w,75-84_2_m,75-84_2_w,>84_2_m,>84_2_w,bp_1,bp_2,mo_1,mo_2,az_1,az_2,ja,unb_1,unb_2
2021-11-26T23:59:59+01:00,16770,15698,68655,63456,74991,70066,82494,82709,102648,104093,112267,110648,75653,82193,52864,65064,15343,26566,11328,10583,60400,56579,67397,62571,75672,76026,96336,97668,107108,105808,73589,79842,51556,63317,14780,25402,912519,837413,74620,69899,182868,176353,52222,63,75
2021-11-25T23:59:59+01:00,16245,15263,68562,63367,74894,69942,82402,82614,102567,103994,112193,110569,75622,82139,52849,65033,15334,26553,11257,10506,60242,56465,67221,62430,75544,75883,96209,97561,107031,105714,73564,79811,51546,63299,14778,25394,910727,836054,74390,69761,182861,176353,52212,63,75
2021-11-24T23:59:59+01:00,15845,14884,68465,63290,74793,69826,82300,82511,102481,103906,112118,110483,75577,82083,52826,64992,15321,26527,11191,10440,60090,56342,67041,62276,75403,75767,96077,97445,106925,105629,73533,79763,51522,63276,14772,25383,909006,834588,74214,69664,182858,176350,52198,63,75
2021-11-23T23:59:59+01:00,15566,14642,68336,63150,74667,69663,82151,82372,102362,103789,112012,110373,75530,82000,52788,64939,15302,26496,11108,10382,59955,56228,66848,62118,75231,75642,95941,97335,106819,105540,73495,79724,51505,63245,14764,25368,907184,833061,73965,69582,182856,176349,52181,63,75
2021-11-22T23:59:59+01:00,15308,14429,68191,63034,74516,69505,82026,82253,102250,103654,111906,110254,75461,81931,52753,64890,15292,26459,11057,10324,59783,56116,66659,61978,75080,75539,95833,97203,106718,105460,73455,79676,51480,63213,14759,25357,905395,831590,73753,69522,182856,176347,52156,63,75
2021-11-21T23:59:59+01:00,15031,14141,68064,62923,74365,69356,81911,82160,102153,103541,111816,110162,75416,81877,52726,64856,15276,26428,11032,10287,59693,56037,66538,61893,74979,75455,95740,97129,106662,105401,73426,79646,51459,63191,14755,25348,903686,830679,73576,69438,182852,176344,52135,63,75
2021-11-20T23:59:59+01:00,14765,13909,67946,62813,74234,69222,81787,82069,102071,103463,111738,110071,75392,81841,52714,64829,15270,26418,11017,10272,59649,55975,66477,61844,74923,75411,95685,97084,106615,105366,73417,79631,51455,63186,14753,25347,902117,830152,73502,69407,182851,176344,52129,63,75
2021-11-19T23:59:59+01:00,14430,13561,67696,62619,74046,69023,81629,81902,101940,103297,111627,109957,75337,81797,52690,64797,15262,26401,10956,10206,59488,55870,66335,61721,74780,75285,95554,96974,106507,105291,73393,79598,51441,63164,14749,25341,899711,828761,73384,69361,182851,176344,52112,63,75
2021-11-18T23:59:59+01:00,14119,13272,67414,62340,73814,68758,81408,81671,101760,103108,111487,109811,75280,81714,52660,64748,15254,26383,10865,10135,59321,55734,66136,61558,74627,75154,95403,96854,106378,105213,73356,79537,51424,63139,14744,25329,896917,827148,73220,69280,182851,176344,52060,63,75
2021-11-17T23:59:59+01:00,13935,13093,67219,62167,73572,68540,81239,81506,101578,102974,111356,109684,75225,81653,52631,64694,15239,26357,10806,10078,59172,55612,65985,61419,74494,75033,95262,96749,106272,105143,73319,79487,51400,63108,14741,25310,894753,825736,73098,69233,182849,176338,52008,63,75
2021-11-16T23:59:59+01:00,13736,12914,66989,61962,73317,68284,81016,81294,101396,102821,111223,109562,75164,81586,52597,64632,15224,26327,10757,10026,59045,55507,65848,61287,74366,74923,95145,96653,106187,105073,73283,79447,51380,63080,14735,25293,892250,824460,73028,69200,182849,176337,51963,63,75
2021-11-15T23:59:59+01:00,13575,12748,66729,61751,73065,68010,80799,81080,101207,102628,111085,109426,75110,81536,52577,64602,15212,26302,10712,9989,58938,55411,65740,61189,74266,74836,95077,96575,106112,105000,73243,79407,51361,63054,14728,25284,889785,823418,72944,69173,182838,176335,51921,63,75
2021-11-14T23:59:59+01:00,13304,12500,66337,61440,72740,67693,80520,80848,100984,102410,110926,109298,75054,81479,52555,64566,15205,26280,10659,9929,58800,55300,65633,61094,74162,74724,94986,96494,106035,104924,73192,79368,51342,63038,14723,25275,886647,822254,72838,69151,182834,176332,51866,63,75
2021-11-13T23:59:59+01:00,13162,12357,66036,61200,72493,67462,80299,80659,100816,102232,110799,109216,75020,81442,52538,64547,15200,26275,10639,9906,58729,55230,65569,61038,74115,74677,94921,96449,106012,104890,73183,79356,51337,63035,14723,25273,884336,821698,72787,69134,182833,176332,51843,63,75
2021-11-12T23:59:59+01:00,12998,12177,65695,60916,72210,67226,80079,80441,100643,102031,110672,109095,74997,81407,52526,64523,15197,26272,10606,9862,58614,55121,65449,60944,74002,74588,94827,96369,105954,104851,73165,79334,51328,63023,14719,25265,881785,820697,72717,69101,182832,176331,51817,63,75
2021-11-11T23:59:59+01:00,12762,11948,65285,60585,71849,66882,79732,80135,100395,101786,110480,108919,74946,81333,52496,64484,15191,26257,10521,9783,58460,54988,65319,60830,73893,74465,94732,96263,105856,104772,73128,79288,51312,62997,14708,25253,878400,819340,72527,69069,182828,176329,51755,63,75
2021-11-10T23:59:59+01:00,12620,11826,65034,60338,71540,66583,79485,79916,100209,101619,110339,108779,74887,81258,52462,64443,15184,26242,10460,9732,58354,54874,65185,60699,73785,74369,94620,96170,105778,104709,73095,79239,51290,62975,14703,25246,875875,818183,72452,69046,182820,176317,51662,63,75
2021-11-09T23:59:59+01:00,12464,11669,64622,60047,71151,66261,79187,79650,99948,101381,110134,108633,74819,81202,52439,64400,15178,26226,10400,9677,58228,54748,65066,60573,73696,74266,94526,96075,105695,104637,73052,79200,51265,62947,14696,25225,872695,816995,72386,69033,182808,176302,51567,63,75
2021-11-08T23:59:59+01:00,12354,11560,64245,59800,70775,65957,78907,79411,99711,101185,109985,108488,74767,81141,52418,64353,15173,26206,10352,9643,58117,54654,64980,60454,73610,74170,94432,95977,105626,104575,73022,79156,51249,62917,14692,25209,869890,815968,72309,69007,182794,176297,51488,63,75
2021-11-07T23:59:59+01:00,12274,11481,63955,59601,70483,65704,78635,79232,99515,101034,109860,108374,74731,81081,52398,64333,15169,26194,10314,9595,58009,54580,64895,60359,73520,74101,94353,95911,105565,104518,73003,79132,51237,62897,14690,25200,867717,815147,72204,68979,182786,176286,51392,63,75
2021-11-06T23:59:59+01:00,12169,11382,63760,59391,70243,65473,78455,79084,99343,100870,109753,108285,74716,81058,52386,64324,15167,26191,10300,9585,57957,54544,64851,60308,73494,74073,94325,95882,105545,104496,72991,79121,51233,62893,14689,25198,865769,814783,72176,68978,182785,176284,51365,63,75
2021-11-05T23:59:59+01:00,12030,11261,63525,59183,69993,65230,78234,78876,99180,100704,109645,108186,74685,81032,52380,64313,15166,26189,10261,9541,57871,54493,64786,60246,73439,74023,94282,95831,105505,104459,72975,79103,51225,62884,14689,25195,863750,814194,72000,68935,182783,176281,51323,63,75
2021-11-04T23:59:59+01:00,11942,11163,63291,58989,69708,64991,78031,78673,98984,100540,109517,108068,74645,81001,52370,64294,15161,26165,10198,9473,57741,54411,64697,60139,73348,73941,94213,95759,105445,104394,72946,79077,51202,62860,14681,25179,861749,813240,71831,68896,182779,176275,51218,63,75
2021-11-03T23:59:59+01:00,11860,11103,63069,58833,69481,64814,77841,78531,98828,100429,109413,108001,74622,80976,52356,64276,15157,26155,10133,9420,57613,54290,64583,60017,73254,73858,94128,95691,105388,104345,72918,79044,51182,62833,14673,25163,860139,812191,71751,68873,182778,176274,51120,63,75
2021-11-02T23:59:59+01:00,11780,11025,62844,58672,69190,64592,77618,78367,98635,100278,109289,107902,74600,80939,52342,64251,15151,26144,10073,9352,57458,54191,64472,59903,73151,73778,94036,95612,105331,104277,72882,79003,51174,62806,14664,25147,858213,811110,71668,68854,182776,176270,51001,63,75
2021-11-01T23:59:59+01:00,11686,10942,62568,58490,68925,64398,77411,78219,98464,100146,109180,107815,74573,80916,52331,64230,15146,26134,10005,9282,57327,54084,64337,59807,73060,73676,93962,95539,105273,104224,72846,78970,51161,62775,14657,25126,856374,810066,71592,68810,182755,176267,50893,62,75
2021-10-31T23:59:59+01:00,11675,10930,62535,58473,68901,64375,77385,78194,98446,100136,109168,107807,74571,80916,52331,64230,15146,26133,9988,9264,57308,54069,64325,59791,73049,73663,93958,95534,105268,104220,72846,78968,51161,62774,14656,25126,856191,809952,71578,68804,182753,176267,50870,62,75
2021-10-30T23:59:59+02:00,11669,10926,62519,58455,68875,64358,77367,78174,98430,100124,109161,107805,74569,80916,52331,64230,15145,26132,9984,9264,57294,54060,64318,59788,73038,73654,93951,95528,105265,104219,72846,78967,51160,62774,14656,25125,856057,809904,71569,68798,182753,176267,50847,62,75
2021-10-29T23:59:59+02:00,11603,10867,62330,58335,68666,64209,77183,78051,98259,99998,109051,107746,74546,80902,52320,64214,15141,26124,9952,9237,57183,53979,64228,59711,72975,73592,93879,95483,105225,104196,72829,78949,51155,62762,14652,25119,854566,809254,71528,68770,182751,176267,50740,62,75
2021-10-28T23:59:59+02:00,11518,10795,62102,58178,68415,64012,76975,77894,98066,99841,108947,107661,74521,80859,52305,64203,15136,26116,9894,9185,57024,53829,64095,59600,72874,73495,93811,95406,105143,104127,72805,78917,51143,62749,14648,25109,852788,808197,71460,68740,182747,176253,50589,62,75
2021-10-27T23:59:59+02:00,11448,10711,61937,58022,68214,63857,76812,77768,97937,99740,108875,107607,74501,80826,52298,64187,15134,26103,9833,9128,56906,53712,63988,59501,72770,73407,93739,95341,105082,104092,72782,78886,51130,62726,14644,25094,851445,807240,71344,68717,182744,176245,50484,62,75
2021-10-26T23:59:59+02:00,11362,10612,61795,57866,68035,63690,76653,77659,97821,99637,108793,107549,74474,80802,52282,64163,15124,26082,9772,9053,56755,53594,63884,59385,72696,73336,93664,95276,105036,104047,72759,78862,51107,62699,14637,25086,850029,806259,71283,68690,182738,176235,50389,62,75
2021-10-25T23:59:59+02:00,11338,10592,61738,57816,67984,63650,76606,77616,97785,99616,108771,107531,74465,80790,52281,64158,15121,26081,9748,9030,56694,53552,63848,59356,72668,73298,93637,95257,105019,104030,72757,78857,51105,62695,14637,25084,849604,805913,71273,68685,182738,176235,50364,62,75
2021-10-24T23:59:59+02:00,11295,10552,61626,57738,67882,63560,76525,77542,97707,99569,108735,107502,74451,80776,52275,64156,15119,26080,9699,8990,56618,53473,63770,59274,72604,73250,93586,95203,104989,103991,72733,78841,51096,62685,14634,25082,848922,805297,71222,68672,182738,176226,50248,62,75
2021-10-23T23:59:59+02:00,11291,10549,61616,57725,67864,63544,76513,77528,97693,99561,108730,107497,74450,80775,52275,64156,15119,26080,9694,8988,56609,53460,63756,59266,72597,73236,93577,95196,104986,103987,72731,78839,51096,62683,14634,25081,848836,805227,71208,68664,182737,176225,50225,62,75
2021-10-22T23:59:59+02:00,11228,10501,61459,57612,67683,63410,76371,77408,97565,99460,108653,107446,74433,80756,52271,64148,15118,26075,9640,8940,56494,53363,63673,59186,72522,73164,93508,95140,104949,103960,72714,78821,51091,62673,14634,25081,847637,804490,71131,68632,182736,176223,50133,62,75
2021-10-21T23:59:59+02:00,11150,10422,61297,57490,67520,63279,76233,77275,97440,99366,108563,107377,74405,80727,52258,64120,15113,26064,9566,8836,56363,53227,63545,59056,72440,73061,93410,95056,104892,103910,72679,78786,51081,62649,14628,25074,846306,803354,71097,68608,182735,176221,50001,62,75
2021-10-20T23:59:59+02:00,11108,10372,61195,57390,67413,63173,76141,77188,97355,99305,108513,107338,74391,80708,52247,64112,15109,26057,9483,8776,56231,53087,63438,58951,72364,72946,93340,94997,104823,103854,72653,78754,51068,62624,14625,25064,845414,802269,71075,68583,182731,176218,49933,62,75
2021-10-19T23:59:59+02:00,11057,10321,61124,57318,67335,63088,76067,77120,97303,99267,108473,107303,74366,80691,52234,64089,15098,26041,9399,8689,56091,52974,63323,58839,72277,72851,93258,94898,104756,103784,72604,78708,51050,62586,14618,25044,844686,801034,71052,68557,182728,176216,49867,62,75
2021-10-18T23:59:59+02:00,11011,10274,61046,57243,67250,63018,76006,77055,97252,99213,108431,107257,74350,80672,52228,64065,15094,26025,9346,8639,55973,52829,63196,58702,72186,72752,93174,94798,104699,103727,72562,78670,51023,62558,14607,25027,843958,799832,71027,68542,182728,176205,49814,62,75
2021-10-17T23:59:59+02:00,10983,10248,60997,57204,67214,62978,75975,77030,97211,99174,108420,107231,74340,80662,52225,64053,15090,26019,9290,8592,55877,52748,63115,58608,72122,72666,93116,94743,104661,103685,72535,78639,51011,62531,14601,25009,843584,799010,71021,68517,182722,176184,49763,62,75
2021-10-16T23:59:59+02:00,10979,10243,60991,57200,67205,62969,75968,77026,97204,99172,108419,107228,74339,80662,52225,64052,15090,26019,9283,8587,55873,52734,63109,58602,72117,72662,93113,94738,104659,103681,72534,78637,51011,62531,14601,25009,843538,798963,71017,68509,182722,176184,49750,62,75
2021-10-15T23:59:59+02:00,10941,10197,60898,57137,67144,62905,75906,76965,97153,99119,108380,107206,74328,80647,52223,64050,15088,26017,9235,8538,55752,52615,63032,58528,72048,72589,93044,94677,104611,103638,72517,78618,51001,62514,14600,25005,842916,798135,70996,68463,182722,176183,49706,62,75
2021-10-14T23:59:59+02:00,10893,10133,60787,57041,67079,62807,75841,76890,97089,99058,108344,107158,74313,80628,52212,64036,15084,26011,9129,8455,55586,52482,62915,58398,71977,72491,92940,94586,104551,103569,72482,78585,50979,62480,14590,24991,842140,796892,70975,68438,182712,176169,49612,62,75
2021-10-13T23:59:59+02:00,10836,10091,60696,56957,67011,62713,75771,76820,97030,99019,108293,107118,74293,80608,52197,64018,15080,26001,9061,8394,55451,52352,62812,58271,71880,72394,92864,94500,104473,103494,72444,78552,50959,62446,14579,24971,841381,795711,70961,68426,182709,176149,49536,62,75
2021-10-12T23:59:59+02:00,10777,10039,60588,56872,66909,62631,75702,76763,96985,98966,108255,107084,74269,80585,52189,64006,15074,25992,8986,8333,55319,52200,62702,58150,71795,72287,92807,94415,104400,103427,72404,78505,50935,62415,14574,24952,840594,794515,70951,68405,182706,176141,49470,62,75
2021-10-11T23:59:59+02:00,10723,9990,60487,56808,66818,62532,75625,76694,96923,98911,108202,107039,74243,80556,52172,63978,15059,25972,8925,8277,55195,52071,62574,58017,71716,72178,92729,94339,104324,103361,72358,78460,50906,62379,14561,24930,839758,793329,70931,68386,182699,176132,49378,62,75
2021-10-10T23:59:59+02:00,10693,9961,60425,56766,66758,62486,75583,76650,96890,98879,108175,107018,74231,80545,52169,63972,15054,25962,8873,8235,55094,51953,62481,57892,71632,72094,92655,94255,104263,103309,72327,78430,50885,62357,14555,24918,839341,792344,70922,68376,182693,176118,49295,62,75
2021-10-09T23:59:59+02:00,10692,9958,60415,56758,66745,62479,75577,76644,96885,98870,108170,107016,74231,80541,52169,63972,15054,25961,8861,8227,55076,51937,62470,57876,71621,72084,92648,94249,104256,103305,72324,78429,50885,62357,14555,24918,839280,792236,70917,68370,182692,176115,49282,62,75
2021-10-08T23:59:59+02:00,10641,9908,60319,56662,66670,62399,75517,76577,96836,98825,108135,106989,74221,80533,52162,63960,15049,25960,8819,8176,54973,51846,62392,57812,71553,72018,92599,94194,104228,103273,72316,78418,50878,62351,14553,24916,838588,791568,70890,68338,182690,176105,49229,62,75
2021-10-07T23:59:59+02:00,10577,9839,60168,56550,66577,62302,75429,76478,96762,98770,108071,106934,74196,80511,52152,63948,15042,25953,8711,8082,54841,51702,62288,57683,71442,71909,92512,94102,104142,103209,72264,78381,50855,62326,14541,24905,837632,790333,70877,68305,182689,176088,49095,62,74
2021-10-06T23:59:59+02:00,10521,9798,60029,56453,66492,62222,75350,76415,96701,98723,108023,106888,74177,80487,52135,63925,15039,25937,8636,8012,54701,51539,62194,57548,71346,71803,92407,94015,104052,103126,72226,78338,50830,62292,14531,24891,836784,789058,70866,68298,182687,176071,48986,62,74
2021-10-05T23:59:59+02:00,10454,9726,59890,56330,66390,62124,75269,76342,96625,98660,107976,106833,74155,80460,52126,63896,15033,25926,8549,7933,54516,51368,62080,57403,71233,71686,92298,93912,103981,103055,72172,78293,50806,62253,14523,24878,835835,787683,70851,68269,182684,176060,48853,62,74
2021-10-04T23:59:59+02:00,10393,9673,59737,56206,66247,62006,75163,76248,96527,98578,107912,106779,74134,80429,52106,63863,15029,25907,8474,7872,54340,51183,61964,57249,71101,71555,92215,93806,103883,102968,72137,78238,50761,62214,14513,24858,834707,786232,70838,68262,182679,176042,48721,62,74
2021-10-03T23:59:59+02:00,10350,9634,59683,56120,66178,61954,75104,76209,96496,98547,107878,106739,74122,80411,52096,63851,15028,25900,8417,7829,54224,51069,61880,57156,71014,71454,92149,93732,103818,102882,72103,78209,50742,62181,14506,24854,834200,785265,70833,68257,182667,176015,48608,62,74
2021-10-02T23:59:59+02:00,10344,9632,59673,56104,66162,61942,75095,76195,96491,98542,107876,106736,74121,80411,52095,63849,15028,25900,8412,7825,54209,51058,61868,57147,71011,71444,92145,93729,103816,102873,72100,78209,50741,62179,14505,24854,834121,785193,70822,68250,182667,176014,48594,62,74
2021-10-01T23:59:59+02:00,10289,9576,59514,56004,66083,61853,75015,76128,96437,98489,107817,106700,74105,80388,52084,63836,15027,25896,8350,7762,54093,50949,61813,57082,70964,71396,92090,93674,103781,102840,72087,78202,50736,62167,14503,24849,833276,784526,70803,68223,182665,176011,48504,62,74
2021-09-30T23:59:59+02:00,10215,9490,59370,55850,65948,61721,74911,76036,96330,98395,107726,106634,74076,80350,52069,63811,15023,25879,8271,7687,53943,50816,61716,56973,70870,71312,92005,93587,103708,102774,72051,78158,50715,62132,14503,24838,832134,783514,70774,68200,182661,176000,48271,62,74
2021-09-29T23:59:59+02:00,10137,9433,59217,55717,65828,61603,74825,75941,96230,98304,107661,106577,74038,80305,52061,63782,15018,25868,8192,7601,53784,50663,61604,56835,70773,71205,91910,93493,103612,102706,72001,78114,50690,62081,14496,24828,831101,782318,70745,68169,182658,175981,48046,62,74
2021-09-28T23:59:59+02:00,10052,9351,59076,55566,65665,61463,74718,75855,96123,98218,107579,106512,73987,80263,52041,63754,15011,25851,8117,7532,53632,50512,61467,56718,70679,71088,91833,93415,103536,102627,71961,78076,50667,62048,14492,24817,829938,781257,70732,68150,182654,175971,47765,62,74
2021-09-27T23:59:59+02:00,9992,9299,58919,55406,65523,61335,74627,75751,96018,98112,107488,106459,73941,80219,52022,63727,15005,25831,8051,7465,53479,50384,61340,56584,70586,70981,91730,93318,103449,102575,71912,78029,50645,62012,14485,24798,828887,780265,70709,68134,182649,175924,47426,62,74
2021-09-26T23:59:59+02:00,9950,9258,58832,55319,65438,61249,74569,75675,95954,98055,107441,106422,73916,80194,52010,63702,14998,25818,8003,7423,53380,50273,61251,56502,70508,70891,91658,93242,103394,102543,71883,78001,50623,61988,14479,24787,828245,779514,70691,68126,182633,175888,47227,62,74
2021-09-25T23:59:59+02:00,9941,9246,58815,55299,65421,61238,74558,75666,95947,98047,107432,106418,73916,80193,52009,63701,14998,25818,8002,7412,53354,50263,61237,56482,70495,70883,91652,93236,103383,102541,71883,77999,50623,61984,14479,24787,828165,779433,70684,68122,182631,175887,47179,62,74
2021-09-24T23:59:59+02:00,9889,9190,58704,55175,65323,61138,74467,75573,95860,97973,107373,106377,73887,80171,52001,63691,14997,25808,7948,7356,53248,50156,61161,56407,70422,70812,91581,93175,103310,102491,71856,77981,50612,61968,14474,24777,827278,778643,70666,68114,182625,175881,47023,62,74
2021-09-23T23:59:59+02:00,9798,9098,58465,54986,65148,60980,74343,75427,95715,97836,107264,106266,73841,80134,51981,63651,14985,25789,7881,7281,53067,50021,61042,56271,70306,70701,91463,93065,103217,102417,71821,77935,50594,61944,14461,24763,825862,777624,70613,68085,182621,175862,46605,62,74
2021-09-22T23:59:59+02:00,9714,9038,58277,54838,64987,60835,74228,75301,95587,97735,107164,106208,73798,80086,51955,63608,14965,25761,7806,7217,52922,49870,60922,56151,70215,70604,91370,92957,103154,102364,71779,77885,50563,61907,14447,24749,824605,776629,70591,68060,182612,175848,46271,62,74
2021-09-21T23:59:59+02:00,9644,8950,58127,54683,64839,60688,74089,75166,95449,97617,107072,106116,73764,80027,51938,63584,14957,25739,7713,7132,52774,49710,60803,56020,70114,70498,91263,92853,103059,102271,71740,77840,50537,61866,14438,24724,823322,775453,70574,68048,182608,175841,45939,62,74
2021-09-20T23:59:59+02:00,9583,8889,57989,54541,64681,60554,73970,75016,95322,97526,106983,106022,73702,79983,51912,63548,14944,25719,7657,7076,52654,49575,60680,55903,70005,70390,91163,92763,102982,102195,71687,77796,50513,61817,14431,24706,822115,774475,70560,68030,182601,175812,45602,62,74
2021-09-19T23:59:59+02:00,9531,8849,57870,54455,64572,60438,73882,74912,95250,97426,106921,105951,73685,79958,51899,63529,14942,25708,7621,7035,52545,49460,60589,55790,69912,70296,91096,92691,102903,102127,71653,77762,50492,61786,14426,24700,821335,773701,70541,68015,182589,175787,45307,62,74
2021-09-18T23:59:59+02:00,9514,8832,57843,54425,64537,60407,73854,74888,95234,97403,106909,105930,73682,79957,51896,63526,14942,25707,7612,7022,52515,49425,60558,55766,69891,70276,91076,92675,102890,102107,71650,77759,50492,61785,14425,24698,821113,773509,70531,68006,182589,175786,45247,62,74
2021-09-17T23:59:59+02:00,9427,8753,57673,54276,64407,60279,73729,74769,95130,97299,106825,105858,73647,79924,51884,63508,14935,25700,7549,6961,52349,49314,60436,55655,69799,70185,90994,92595,102817,102050,71617,77722,50477,61755,14416,24691,819964,772564,70486,67987,182588,175779,44978,62,74
2021-09-16T23:59:59+02:00,9349,8678,57462,54124,64233,60093,73550,74601,94981,97166,106671,105747,73577,79866,51861,63466,14928,25685,7485,6896,52184,49189,60290,55529,69672,70072,90883,92493,102713,101969,71572,77674,50456,61717,14409,24678,818496,771593,70469,67968,182565,175746,44500,62,74
2021-09-15T23:59:59+02:00,9256,8597,57257,53903,64050,59890,73369,74420,94835,97013,106525,105614,73517,79799,51816,63417,14918,25664,7426,6837,52025,49022,60162,55391,69546,69967,90780,92413,102607,101881,71526,77614,50422,61680,14399,24667,816738,770504,70451,67951,182561,175735,44101,62,74
2021-09-14T23:59:59+02:00,9148,8491,57067,53670,63871,59703,73222,74243,94703,96856,106400,105514,73444,79735,51787,63367,14902,25643,7351,6758,51854,48822,60008,55250,69424,69846,90671,92284,102513,101788,71475,77553,50394,61636,14391,24654,814982,769165,70439,67937,182540,175700,43796,61,74
2021-09-13T23:59:59+02:00,9086,8424,56850,53464,63714,59508,73063,74072,94554,96703,106265,105383,73391,79685,51748,63320,14882,25613,7305,6704,51688,48658,59880,55116,69342,69754,90553,92196,102418,101715,71431,77512,50366,61596,14381,24643,813290,768113,70428,67925,182525,175673,43473,61,74
2021-09-12T23:59:59+02:00,9040,8396,56728,53377,63624,59413,72986,73986,94480,96635,106203,105315,73363,79660,51734,63298,14877,25606,7258,6658,51556,48545,59778,55015,69266,69675,90477,92130,102345,101645,71395,77482,50351,61571,14376,24630,812569,767297,70411,67911,182508,175648,43224,61,73
2021-09-11T23:59:59+02:00,9034,8387,56711,53355,63606,59397,72973,73973,94472,96621,106198,105310,73362,79659,51734,63298,14877,25606,7251,6652,51536,48525,59758,55002,69250,69664,90467,92115,102342,101640,71390,77480,50351,61571,14376,24628,812490,767247,70403,67866,182505,175646,43166,61,73
2021-09-10T23:59:59+02:00,8962,8326,56551,53209,63492,59279,72866,73867,94354,96503,106122,105249,73325,79623,51719,63272,14873,25601,7219,6627,51409,48459,59694,54939,69189,69616,90402,92058,102305,101602,71369,77464,50342,61561,14372,24623,811373,766781,70370,67811,182499,175643,42942,61,73
2021-09-09T23:59:59+02:00,8891,8261,56351,53016,63326,59095,72708,73723,94205,96363,105997,105155,73266,79560,51688,63238,14869,25588,7153,6568,51222,48292,59539,54804,69055,69490,90282,91951,102190,101510,71326,77419,50314,61531,14366,24607,810014,765716,70349,67761,182480,175621,42448,60,73
2021-09-08T23:59:59+02:00,8805,8184,56170,52843,63173,58913,72563,73571,94043,96232,105903,105049,73201,79500,51660,63182,14864,25573,7077,6499,51046,48125,59414,54664,68930,69341,90156,91840,102105,101408,71270,77361,50291,61490,14362,24591,808612,764552,70321,67709,182444,175596,42040,60,73
2021-09-07T23:59:59+02:00,8718,8124,56005,52687,63055,58774,72446,73439,93938,96130,105798,104950,73150,79453,51633,63142,14856,25553,6999,6445,50877,47962,59282,54519,68804,69223,90051,91724,102005,101308,71222,77312,50269,61464,14357,24572,807358,763326,70315,67697,182441,175574,41725,60,73
2021-09-06T23:59:59+02:00,8656,8058,55857,52518,62917,58617,72337,73307,93835,96019,105716,104862,73098,79405,51601,63112,14845,25537,6933,6389,50728,47820,59143,54369,68689,69102,89969,91629,101909,101220,71173,77265,50247,61434,14350,24562,806135,762202,70289,67655,182409,175550,41451,60,73
2021-09-05T23:59:59+02:00,8626,8020,55789,52424,62854,58556,72289,73249,93788,95969,105688,104818,73077,79383,51591,63092,14838,25531,6884,6337,50637,47735,59079,54304,68626,69042,89923,91573,101867,101170,71153,77237,50234,61417,14344,24553,805612,761581,70280,67645,182387,175527,41289,60,73
2021-09-04T23:59:59+02:00,8619,8015,55769,52415,62845,58545,72281,73241,93781,95965,105685,104812,73076,79382,51591,63092,14838,25531,6880,6332,50623,47720,59063,54289,68621,69034,89915,91568,101863,101166,71152,77235,50233,61417,14344,24553,805551,761515,70277,67640,182386,175525,41255,60,73
2021-09-03T23:59:59+02:00,8553,7947,55634,52328,62773,58449,72202,73160,93703,95901,105615,104752,73046,79349,51572,63061,14831,25521,6821,6280,50507,47626,58984,54222,68562,68963,89854,91506,101799,101114,71124,77201,50212,61394,14341,24544,804629,760739,70270,67621,182379,175516,41105,60,73
2021-09-02T23:59:59+02:00,8458,7851,55442,52171,62649,58342,72108,73031,93582,95787,105510,104667,72989,79293,51540,63013,14820,25501,6726,6190,50283,47453,58838,54103,68458,68848,89721,91402,101682,101019,71067,77154,50188,61366,14334,24528,803494,759590,70225,67578,182365,175465,40654,60,73
2021-09-01T23:59:59+02:00,8382,7757,55289,52023,62517,58209,72020,72906,93489,95699,105432,104596,72951,79250,51517,62976,14813,25483,6640,6081,50108,47244,58713,53963,68378,68736,89619,91299,101577,100925,71028,77112,50163,61325,14327,24512,802376,758360,70201,67539,182351,175415,40364,60,72
2021-08-31T23:59:59+02:00,8274,7664,55127,51869,62411,58092,71940,72803,93401,95615,105347,104518,72909,79208,51495,62946,14803,25469,6525,5963,49901,47042,58593,53819,68263,68610,89521,91193,101468,100845,70983,77059,50143,61289,14315,24496,801290,756996,70193,67521,182341,175390,40049,60,72
2021-08-30T23:59:59+02:00,8198,7584,54951,51708,62299,57964,71825,72686,93278,95487,105229,104423,72859,79165,51478,62913,14782,25446,6428,5878,49703,46829,58468,53680,68164,68497,89405,91082,101355,100738,70932,77023,50116,61260,14301,24479,800106,755789,70153,67455,182309,175335,39687,60,72
2021-08-29T23:59:59+02:00,8156,7537,54859,51628,62240,57884,71758,72638,93224,95423,105181,104388,72839,79143,51463,62898,14776,25437,6374,5830,49585,46728,58379,53582,68094,68420,89348,91022,101294,100685,70907,77007,50102,61247,14295,24476,799571,755137,70151,67445,182299,175290,39431,60,72
2021-08-28T23:59:59+02:00,8138,7523,54821,51590,62209,57864,71731,72621,93206,95406,105167,104376,72834,79141,51461,62894,14776,25437,6368,5826,49547,46708,58353,53566,68073,68406,89328,90999,101287,100672,70901,77003,50100,61245,14295,24476,799363,754988,70150,67438,182297,175290,39365,60,72
2021-08-27T23:59:59+02:00,8053,7445,54638,51452,62097,57724,71634,72499,93083,95285,105056,104291,72789,79090,51438,62858,14764,25431,6333,5786,49422,46624,58274,53485,67991,68334,89248,90933,101230,100624,70866,76968,50086,61234,14293,24476,798045,754287,70145,67432,182285,175284,39132,60,72
2021-08-26T23:59:59+02:00,7989,7372,54483,51305,61979,57612,71535,72390,92978,95156,104949,104209,72747,79040,51415,62838,14759,25417,6283,5745,49259,46468,58154,53380,67894,68239,89142,90853,101161,100555,70825,76933,50062,61212,14288,24467,797000,753462,70134,67393,182275,175251,38742,60,72
2021-08-25T23:59:59+02:00,7925,7318,54338,51156,61868,57460,71427,72274,92870,95055,104848,104127,72691,78989,51387,62801,14746,25402,6214,5663,49063,46276,58029,53239,67775,68114,89026,90740,101063,100465,70768,76885,50036,61173,14282,24452,795993,752324,70108,67357,182264,175216,38294,60,72
2021-08-24T23:59:59+02:00,7813,7229,54197,50951,61742,57323,71320,72143,92753,94936,104743,104030,72638,78941,51352,62757,14738,25387,6132,5573,48844,46054,57891,53067,67665,67976,88924,90646,100971,100384,70730,76833,50011,61149,14278,24436,794585,750924,70091,67335,182254,175194,38040,60,71
2021-08-23T23:59:59+02:00,7751,7155,54022,50779,61612,57198,71206,72032,92626,94829,104644,103931,72586,78880,51318,62715,14731,25376,6072,5518,48662,45880,57771,52939,67558,67878,88819,90554,100884,100307,70690,76782,49983,61110,14274,24424,793383,749901,70061,67311,182239,175138,37684,60,71
2021-08-22T23:59:59+02:00,7723,7129,53938,50700,61559,57133,71167,71978,92583,94787,104598,103901,72566,78865,51309,62703,14730,25370,6034,5480,48543,45770,57680,52845,67483,67816,88749,90495,100840,100265,70660,76758,49968,61092,14271,24417,792952,749214,70053,67303,182218,175088,37490,60,71
2021-08-21T23:59:59+02:00,7717,7126,53913,50685,61541,57122,71151,71964,92570,94769,104587,103891,72561,78863,51309,62702,14730,25369,6029,5476,48524,45752,57659,52837,67464,67796,88731,90480,100830,100255,70658,76755,49968,61091,14271,24417,792880,749118,70011,67284,182214,175082,37438,60,71
2021-08-20T23:59:59+02:00,7686,7089,53821,50609,61467,57061,71080,71901,92505,94707,104535,103855,72536,78835,51297,62676,14721,25358,6006,5457,48432,45677,57584,52774,67396,67741,88674,90420,100771,100217,70635,76733,49962,61075,14262,24413,792335,748601,69939,67271,182211,175059,37227,60,71
2021-08-19T23:59:59+02:00,7620,7009,53689,50486,61316,56944,70962,71793,92391,94619,104439,103765,72487,78778,51267,62635,14712,25338,5979,5431,48298,45574,57465,52681,67304,67662,88583,90341,100673,100152,70602,76705,49942,61051,14258,24404,791291,747949,69902,67235,182194,175014,36836,60,71
2021-08-18T23:59:59+02:00,7545,6952,53545,50347,61189,56834,70851,71699,92282,94531,104337,103681,72429,78725,51232,62599,14702,25317,5945,5388,48180,45447,57346,52585,67214,67587,88467,90251,100597,100079,70558,76667,49923,61027,14252,24387,790288,747231,69872,67207,182183,174964,36427,60,71
2021-08-17T23:59:59+02:00,7462,6871,53382,50183,61084,56709,70735,71577,92177,94425,104229,103581,72376,78682,51204,62572,14694,25305,5895,5349,47986,45268,57216,52444,67090,67481,88336,90155,100488,99983,70502,76618,49898,61006,14245,24375,789203,746192,69850,67172,182178,174910,35990,60,71
2021-08-16T23:59:59+02:00,7388,6808,53253,50051,60987,56594,70634,71482,92084,94320,104136,103481,72333,78631,51174,62528,14686,25297,5871,5314,47846,45148,57108,52375,66994,67397,88238,90067,100404,99888,70459,76578,49874,60978,14238,24370,788328,745561,69802,67127,182163,174842,35547,60,70
2021-08-15T23:59:59+02:00,7339,6768,53173,49970,60918,56523,70568,71422,92026,94268,104081,103433,72298,78601,51165,62512,14682,25288,5850,5296,47741,45054,57016,52285,66924,67335,88160,90003,100348,99839,70422,76543,49858,60957,14233,24358,787850,745076,69788,67096,182149,174760,35221,60,69
2021-08-14T23:59:59+02:00,7317,6752,53100,49900,60869,56478,70532,71375,91989,94228,104042,103397,72277,78593,51156,62501,14680,25285,5774,5242,47503,44781,56848,52096,66770,67181,88025,89881,100233,99732,70373,76500,49847,60934,14229,24353,787365,743245,69781,67090,182149,174749,35149,60,69
2021-08-13T23:59:59+02:00,7276,6716,52989,49805,60785,56397,70480,71306,91913,94171,103992,103352,72254,78570,51144,62490,14678,25278,5546,5027,46998,44284,56607,51828,66541,66926,87752,89628,100037,99526,70286,76399,49808,60874,14223,24332,786608,739763,69777,67080,182149,174675,35035,60,69
2021-08-12T23:59:59+02:00,7245,6689,52890,49736,60727,56318,70405,71256,91843,94112,103931,103305,72220,78537,51130,62474,14676,25264,5326,4853,46501,43838,56332,51520,66282,66703,87496,89405,99697,99251,70176,76265,49754,60810,14212,24304,786174,736709,69751,67055,182133,174220,34673,60,68
2021-08-11T23:59:59+02:00,7178,6620,52723,49565,60597,56199,70322,71162,91734,94008,103832,103196,72159,78471,51098,62433,14670,25248,5050,4570,45822,43219,55958,51136,66020,66405,87201,89140,99361,98882,70036,76119,49694,60709,14201,24275,784992,732583,69730,67022,182124,173783,34342,60,68
2021-08-10T23:59:59+02:00,7101,6536,52525,49380,60450,56079,70213,71039,91609,93877,103709,103090,72106,78413,51067,62402,14662,25239,4827,4329,44865,42317,55287,50478,65523,65951,86738,88655,98868,98426,69831,75920,49594,60608,14180,24237,783628,726315,69721,66969,182116,173278,34004,60,68
2021-08-09T23:59:59+02:00,7057,6489,52414,49288,60372,56004,70155,70979,91540,93804,103637,103031,72063,78377,51061,62386,14658,25231,4587,4112,43858,41257,54570,49789,65046,65518,86291,88219,98352,97957,69643,75696,49504,60482,14152,24198,783060,719851,69651,66894,182104,172715,33703,60,68
2021-08-08T23:59:59+02:00,7011,6448,52349,49219,60333,55971,70117,70953,91482,93755,103584,102991,72043,78355,51047,62365,14652,25226,4572,4099,43803,41193,54510,49741,64979,65477,86218,88159,98284,97907,69618,75665,49483,60456,14144,24191,782770,719556,69644,66877,182090,172631,33367,60,68
2021-08-07T23:59:59+02:00,6972,6407,52238,49092,60252,55894,70059,70888,91413,93692,103534,102943,72026,78338,51038,62359,14652,25225,4259,3787,42836,40175,53955,49170,64544,65070,85842,87760,97962,97559,69474,75521,49427,60374,14127,24173,781978,713184,69640,66858,182090,172623,33284,60,66
2021-08-06T23:59:59+02:00,6929,6345,52105,48964,60178,55828,69993,70807,91333,93615,103474,102886,72002,78315,51027,62341,14650,25221,3951,3565,42152,39562,53710,48902,64320,64827,85605,87537,97733,97357,69390,75430,49385,60334,14121,24160,781106,709563,69635,66774,182089,172485,33153,60,66
2021-08-05T23:59:59+02:00,6818,6237,51850,48740,60002,55639,69850,70660,91171,93467,103332,102749,71941,78252,51000,62301,14637,25202,3758,3394,41316,38870,53192,48440,63949,64475,85146,87136,97109,96838,69203,75246,49319,60236,14102,24130,779480,705015,69582,66722,182054,171356,32700,60,66
2021-08-04T23:59:59+02:00,6729,6151,51654,48508,59855,55459,69741,70509,91035,93350,103214,102633,71880,78188,50974,62255,14626,25173,3383,3039,40471,38086,52821,48034,63629,64153,84774,86807,96697,96431,69039,75075,49242,60140,14086,24096,778072,700423,69546,66701,182041,170570,32243,60,66
2021-08-03T23:59:59+02:00,6656,6094,51484,48371,59730,55330,69649,70416,90934,93250,103117,102552,71826,78152,50955,62229,14618,25157,3253,2937,39468,37139,52021,47348,63085,63617,84255,86321,95983,95801,68796,74858,49150,60023,14065,24052,777031,694158,69537,66677,182034,169385,31886,60,66
2021-08-02T23:59:59+02:00,6608,6051,51348,48231,59638,55251,69565,70347,90879,93176,103037,102490,71786,78110,50934,62207,14611,25144,3084,2759,38195,35984,51059,46537,62371,63031,83649,85755,95182,95098,68543,74600,49062,59890,14045,24013,776330,686538,69489,66623,182005,168073,31557,60,66
2021-08-01T23:59:59+02:00,6565,5996,51178,48069,59485,55136,69471,70232,90771,93085,102948,102397,71744,78073,50912,62167,14606,25128,3060,2741,38010,35850,50900,46438,62240,62936,83471,85611,94729,94693,68426,74490,49023,59841,14034,23993,775276,685887,69460,66563,181987,166762,31208,60,66
2021-07-31T23:59:59+02:00,6522,5962,51083,47949,59429,55064,69421,70188,90731,93056,102921,102372,71733,78061,50904,62163,14606,25125,2656,2359,36399,34338,49990,45566,61703,62370,82967,85095,94249,94259,68239,74285,48944,59746,14016,23960,774664,676725,69456,66552,181987,166647,31151,60,66
2021-07-30T23:59:59+02:00,6486,5909,50933,47809,59343,54983,69352,70127,90658,92976,102865,102334,71716,78037,50895,62139,14603,25121,2380,2130,34944,32932,49018,44617,60971,61675,82279,84471,93567,93682,68004,74049,48839,59596,13997,23929,773897,667187,69431,66540,181981,166342,30945,60,66
2021-07-29T23:59:59+02:00,6371,5789,50502,47440,59124,54710,69161,69936,90470,92787,102702,102197,71641,77954,50862,62084,14588,25103,2303,2064,34211,32315,48391,44166,60564,61319,81853,84121,92793,93007,67808,73891,48776,59509,13977,23898,771571,663309,69377,66393,181938,164695,30503,60,66
2021-07-28T23:59:59+02:00,6299,5726,50248,47245,58991,54555,69033,69839,90339,92663,102593,102103,71585,77897,50835,62044,14579,25086,2279,2045,33884,32016,48067,43926,60330,61093,81671,83950,92554,92807,67734,73824,48743,59476,13964,23888,770252,661584,69341,66304,181911,164174,30124,60,65
2021-07-27T23:59:59+02:00,6246,5679,50087,47101,58847,54457,68938,69749,90237,92553,102487,102027,71540,77844,50805,62011,14571,25073,2138,1930,32413,30619,46789,42832,59494,60295,81066,83416,91528,91956,67458,73539,48655,59350,13932,23848,769341,652904,69314,66232,181887,162378,29679,59,65
2021-07-26T23:59:59+02:00,6223,5650,49968,47014,58748,54368,68859,69694,90149,92492,102421,101975,71499,77808,50783,61991,14565,25064,2004,1814,31042,29364,45466,41704,58389,59305,80354,82781,90361,90923,67147,73265,48565,59233,13908,23806,768804,643811,69247,66134,181849,160080,29341,58,65
2021-07-25T23:59:59+02:00,6203,5633,49855,46909,58658,54301,68796,69635,90084,92435,102359,101926,71466,77772,50764,61968,14562,25054,1988,1806,30831,29205,45193,41504,58126,59069,80079,82569,89395,90068,66940,73091,48496,59160,13896,23782,768390,642594,69235,66011,181823,157625,28903,57,65
2021-07-24T23:59:59+02:00,6168,5604,49735,46818,58589,54238,68748,69578,90038,92391,102318,101885,71461,77765,50761,61965,14561,25050,1730,1587,29238,27619,44048,40418,57429,58353,79462,81991,88749,89500,66760,72900,48425,59058,13882,23758,767780,632541,69226,65993,181815,157486,28823,57,64
2021-07-23T23:59:59+02:00,6083,5517,49559,46641,58494,54133,68638,69474,89932,92287,102228,101788,71425,77709,50740,61934,14557,25044,1501,1367,27542,26100,42790,39326,56494,57463,78770,81370,88041,88836,66490,72626,48346,58957,13861,23728,766399,621965,69222,65827,181795,157014,28738,57,64
2021-07-22T23:59:59+02:00,5943,5403,49264,46354,58297,53929,68467,69305,89746,92134,102072,101654,71358,77626,50698,61883,14546,25025,1417,1312,26721,25276,41881,38515,55550,56632,78024,80741,86374,87326,66115,72225,48235,58827,13830,23676,764460,613470,69177,65322,181762,155545,28276,57,64
2021-07-21T23:59:59+02:00,5667,5120,48729,45825,57993,53613,68236,69024,89468,91887,101804,101387,71231,77495,50639,61818,14537,24999,1385,1286,26466,25052,41456,38231,55105,56239,77650,80456,85565,86722,65946,72097,48179,58761,13812,23651,760848,611479,69151,65043,181740,153769,27704,57,64
2021-07-20T23:59:59+02:00,5590,5046,48446,45546,57821,53403,68061,68876,89288,91732,101638,101243,71155,77427,50600,61771,14528,24971,1294,1201,25286,23905,40163,37193,53763,55034,76740,79678,84198,85377,65639,71754,48070,58624,13784,23605,759165,601068,69144,64882,181695,152185,27109,57,64
2021-07-19T23:59:59+02:00,5510,4960,48121,45221,57597,53195,67894,68672,89101,91552,101490,101082,71082,77345,50557,61720,14519,24942,1214,1139,24459,23065,38850,36072,52029,53533,75467,78619,83083,84395,65345,71497,47970,58506,13759,23565,757360,591006,69134,64734,181667,150393,26370,57,64
2021-07-18T23:59:59+02:00,5502,4959,48046,45162,57499,53115,67821,68598,89006,91484,101416,101015,71045,77303,50532,61688,14517,24930,1199,1133,24316,22964,38577,35848,51693,53241,75215,78422,82177,83624,65153,71317,47915,58434,13754,23543,757073,589930,69110,64571,181627,148161,25799,57,64
2021-07-17T23:59:59+02:00,5475,4922,47947,45085,57425,53055,67758,68541,88946,91422,101371,100996,71036,77288,50527,61681,14517,24929,1005,945,22931,21503,37192,34547,50448,52046,74608,77865,81542,83027,65023,71169,47848,58372,13745,23523,756507,579048,69105,64544,181618,148021,25662,57,64
2021-07-16T23:59:59+02:00,5373,4843,47705,44853,57298,52948,67639,68428,88808,91325,101263,100893,70990,77237,50504,61662,14511,24923,809,783,21678,20265,35898,33303,48991,50725,73598,76930,80841,82366,64802,70946,47766,58271,13726,23491,755046,567413,69103,64480,181611,147818,25414,57,64
2021-07-15T23:59:59+02:00,5231,4714,47306,44532,57088,52753,67443,68242,88594,91125,101075,100724,70893,77135,50455,61588,14502,24894,750,740,21073,19761,34964,32601,47752,49776,72412,76011,78684,80232,64203,70348,47624,58092,13707,23428,752982,558045,69085,63449,181565,145972,24628,57,64
2021-07-14T23:59:59+02:00,4858,4390,46716,43956,56854,52486,67237,68037,88379,90881,100858,100527,70785,77025,50387,61505,14490,24870,734,724,20867,19616,34699,32440,47379,49473,71877,75619,78017,79695,63879,70070,47541,58009,13684,23394,749529,556228,69067,63260,181513,144069,24098,57,62
2021-07-13T23:59:59+02:00,4767,4310,46517,43802,56689,52327,67074,67890,88221,90754,100711,100400,70712,76963,50350,61458,14486,24854,705,685,20304,19079,33672,31620,45756,48017,70109,73951,76407,78131,63502,69678,47412,57837,13655,23342,748166,545274,69050,62484,181439,142446,23596,57,62
2021-07-12T23:59:59+02:00,4702,4232,46330,43610,56538,52184,66919,67764,88049,90615,100554,100260,70637,76875,50312,61402,14479,24836,681,664,19829,18647,32886,30997,44091,46560,67728,71877,74513,76626,62972,69092,47267,57674,13627,23291,746893,534165,69026,61916,181338,139873,23006,57,62
2021-07-11T23:59:59+02:00,4697,4229,46259,43557,56474,52134,66867,67725,87986,90561,100482,100200,70600,76832,50302,61387,14476,24822,673,659,19619,18502,32533,30752,43641,46182,67266,71516,73732,75928,62570,68713,47196,57585,13611,23258,746740,532361,69015,61591,181272,137396,22526,57,62
2021-07-10T23:59:59+02:00,4571,4093,45973,43249,56289,51936,66718,67549,87852,90421,100380,100094,70545,76775,50281,61361,14473,24813,641,627,19055,17953,31585,29892,41887,44600,65780,70233,73096,75308,62403,68562,47143,57533,13604,23244,744640,521734,69009,61576,181260,137347,22427,57,62
2021-07-09T23:59:59+02:00,4442,3975,45700,42996,56122,51740,66556,67383,87700,90256,100245,99989,70492,76702,50244,61320,14468,24801,594,578,18465,17380,30614,28928,39931,42668,63485,68106,71935,74167,62129,68236,47067,57407,13586,23219,742583,508035,68995,61195,181254,136941,22262,57,62
2021-07-08T23:59:59+02:00,4413,3949,45557,42881,55998,51620,66425,67282,87574,90133,100126,99892,70437,76649,50222,61282,14457,24787,547,534,17526,16577,29215,27892,38214,41213,61353,66281,68568,71012,61229,67262,46821,57064,13541,23123,741849,492764,68935,59117,181184,134356,21673,57,62
2021-07-07T23:59:59+02:00,4401,3943,45490,42837,55913,51564,66339,67237,87519,90093,100082,99841,70420,76626,50212,61264,14453,24777,469,481,16568,15724,27822,26878,36686,39977,59730,64822,65336,67533,60211,66217,46583,56742,13491,23050,741535,477452,68886,57201,181132,132203,21402,57,62
2021-07-06T23:59:59+02:00,4349,3895,45345,42706,55783,51424,66235,67128,87412,90001,99999,99756,70381,76565,50194,61237,14450,24763,402,417,15796,14986,26742,25967,34835,38262,56326,61796,62680,65070,59455,65427,46309,56407,13451,22947,740397,459539,68865,56374,181074,130068,21232,56,62
2021-07-05T23:59:59+02:00,4286,3850,45162,42530,55629,51320,66112,67017,87291,89907,99912,99657,70318,76501,50172,61209,14447,24748,368,365,15134,14365,25791,25152,33600,37127,53225,58819,59903,62605,58615,64615,46056,56095,13406,22869,739198,443449,68822,56025,180994,127575,20999,56,62
2021-07-04T23:59:59+02:00,4277,3844,45114,42496,55561,51285,66066,66989,87252,89875,99880,99630,70294,76480,50166,61194,14441,24737,349,345,14930,14160,25349,24792,32999,36599,52560,58290,58915,61742,57947,63981,45872,55891,13387,22819,738996,439359,68789,55823,180925,124867,20816,56,62
2021-07-03T23:59:59+02:00,4058,3665,44582,41934,55243,50909,65768,66709,87005,89614,99679,99434,70221,76408,50143,61148,14437,24725,331,329,14643,13837,24993,24437,32019,35679,50814,56740,58046,61006,57773,63783,45804,55806,13375,22794,735188,430774,68771,55805,180919,124819,20749,56,62
2021-07-02T23:59:59+02:00,3748,3379,43929,41338,54915,50570,65480,66404,86731,89364,99443,99208,70118,76295,50091,61078,14431,24708,304,292,14225,13391,24295,23824,30857,34612,48180,54569,55907,59216,57379,63352,45644,55647,13359,22756,730844,418245,68752,54753,180906,124088,20674,55,49
2021-07-01T23:59:59+02:00,3610,3269,43574,40989,54713,50394,65320,66240,86575,89222,99289,99087,70049,76227,50060,61044,14423,24693,261,251,13534,12708,22990,22741,29180,33097,46161,52823,53412,56935,55953,61778,45150,55031,13286,22628,728701,404700,68687,52439,180856,120252,20480,55,48
2021-06-30T23:59:59+02:00,3599,3252,43310,40792,54531,50258,65200,66140,86483,89157,99218,99036,70021,76203,50048,61022,14419,24682,199,212,12790,12106,21825,21841,27592,31726,44305,51108,49773,52971,54620,60441,44795,54591,13230,22499,727547,388935,68635,50532,180836,116810,20299,55,48
2021-06-29T23:59:59+02:00,3383,3032,42389,39962,53920,49652,64759,65707,86069,88703,98869,98708,69896,76054,49991,60951,14399,24652,170,160,12188,11506,21024,21072,26225,30517,41682,48693,47897,51422,53649,59330,44386,54054,13136,22346,721550,376883,68581,49007,180820,113429,20091,55,47
2021-06-28T23:59:59+02:00,3165,2852,41433,38969,53252,48997,64292,65315,85686,88311,98535,98364,69756,75893,49926,60851,14381,24628,127,128,11685,11054,20363,20483,25256,29619,39584,46748,46270,50054,52545,58285,44025,53547,13056,22223,715380,367387,68469,47968,180809,109756,19894,55,47
2021-06-27T23:59:59+02:00,3160,2849,41396,38933,53206,48958,64253,65279,85634,88276,98483,98336,69737,75880,49917,60837,14376,24625,109,111,11491,10860,20039,20168,24677,29054,38558,45895,45103,48960,51514,57272,43590,53038,12974,22080,715162,362782,68439,47525,180773,105432,19707,55,47
2021-06-26T23:59:59+02:00,2678,2375,40003,37570,52484,48215,63701,64715,85146,87755,98058,97903,69546,75705,49844,60733,14357,24602,99,100,11376,10758,19870,20012,24477,28837,38079,45457,44735,48608,51400,57127,43543,52990,12969,22065,706457,359826,68410,47520,180773,105413,19696,55,47
2021-06-25T23:59:59+02:00,2273,2039,39156,36761,52132,47856,63376,64390,84866,87444,97808,97637,69442,75588,49797,60671,14343,24580,75,82,11075,10447,19487,19585,23947,28213,35397,43151,42549,46693,51061,56748,43444,52859,12945,22034,701402,348248,68273,47074,180766,104759,19664,55,47
2021-06-24T23:59:59+02:00,2219,1986,38668,36302,51782,47528,63158,64179,84632,87249,97621,97480,69360,75523,49762,60625,14337,24565,62,59,10478,9864,18427,18698,22523,26958,33297,41311,40117,44398,49578,55096,42874,52158,12828,21831,698456,335351,68244,44475,180745,101207,19477,55,47
2021-06-23T23:59:59+02:00,2206,1962,38438,36076,51618,47357,63042,64068,84532,87153,97545,97396,69329,75492,49742,60604,14333,24554,35,33,10023,9432,17800,18139,21589,26098,31361,39673,36152,39929,48283,53732,42488,51650,12746,21665,697220,319802,68210,43849,180729,97894,19236,53,47
2021-06-22T23:59:59+02:00,2127,1901,37453,35147,50865,46683,62560,63620,84156,86742,97180,97084,69180,75349,49675,60523,14320,24521,13,18,9555,9002,16928,17447,20362,25019,28234,36911,33850,38050,47327,52759,42080,51091,12606,21430,691075,307626,68164,41110,180717,94822,19078,53,46
2021-06-21T23:59:59+02:00,1980,1762,36103,33931,49842,45816,61839,62957,83658,86270,96740,96677,69010,75178,49609,60428,14309,24486,9,11,9237,8707,16468,17083,19737,24537,26487,35345,32309,36757,46273,51676,41627,50542,12500,21238,683123,300257,68130,40469,180702,91182,18589,52,46
2021-06-20T23:59:59+02:00,1969,1753,36015,33878,49697,45693,61698,62819,83578,86208,96666,96616,68976,75150,49594,60410,14309,24475,8,10,9089,8604,16250,16914,19420,24278,25670,34693,31368,35804,46077,51473,41596,50490,12491,21218,682469,296472,68088,39875,180684,90848,18212,52,46
2021-06-19T23:59:59+02:00,1601,1453,34400,32331,48796,44870,61210,62314,83107,85732,96260,96264,68828,74984,49529,60329,14294,24451,7,9,9048,8530,16147,16791,19301,24125,25565,34534,31240,35661,45982,51377,41578,50465,12487,21208,673764,295133,68069,39872,180677,90812,18192,52,46
2021-06-18T23:59:59+02:00,1405,1280,32757,30748,47594,43684,60269,61394,82301,84983,95648,95686,68609,74762,49440,60191,14278,24421,7,9,8973,8444,15987,16635,19111,23931,25312,34293,30955,35341,45686,51030,41492,50388,12474,21194,662648,292929,67935,39755,180676,90393,18140,52,45
2021-06-17T23:59:59+02:00,1330,1222,31836,29910,46729,42977,59463,60544,81559,84335,95236,95304,68468,74618,49398,60114,14264,24392,7,9,8432,8078,15297,16079,18280,23103,24208,33166,29475,33980,44359,49526,41006,49778,12354,21005,655726,283984,67819,38926,180645,87729,17458,52,45
2021-06-16T23:59:59+02:00,1247,1158,31147,29212,45926,42227,58539,59664,80779,83564,94812,94924,68333,74458,49340,60022,14244,24366,7,8,7944,7754,14684,15562,17502,22374,23066,32207,28295,32868,42459,47405,40457,49199,12247,20820,648657,274223,67692,38327,180626,85327,16936,52,45
2021-06-15T23:59:59+02:00,1105,1039,29254,27436,44178,40706,56945,58031,79390,82246,94052,94251,68045,74165,49227,59865,14211,24301,7,6,7771,7627,14374,15322,17138,22072,22545,31820,27758,32437,41520,46388,40070,48772,12123,20599,633716,271141,67643,37820,180588,82894,16449,52,45
2021-06-14T23:59:59+02:00,1012,925,27707,25969,42573,39189,55289,56380,78290,81134,93357,93623,67796,73923,49133,59743,14191,24257,6,5,7588,7454,13997,14985,16608,21626,21851,31236,27076,31843,41134,45965,39686,48320,11992,20394,620481,268452,67587,37404,180559,80053,15813,52,44
2021-06-13T23:59:59+02:00,988,900,27505,25789,42189,38851,54742,55858,77944,80825,93164,93433,67706,73843,49096,59685,14176,24232,6,5,7447,7286,13725,14690,16219,21227,21421,30743,26536,31339,40736,45560,39220,47753,11814,20107,617769,266354,67445,37333,180531,76973,15130,52,44
2021-06-12T23:59:59+02:00,859,786,25994,24202,41035,37773,54068,55123,77414,80330,92613,92908,67550,73666,49027,59608,14163,24211,6,5,7401,7235,13599,14580,16087,21114,21237,30596,26416,31237,40718,45543,39210,47742,11814,20106,608251,265567,67439,37331,180525,76639,15065,51,44
2021-06-11T23:59:59+02:00,747,677,24381,22682,39688,36582,52840,53913,76445,79478,92039,92331,67316,73432,48965,59500,14144,24176,6,5,7346,7147,13427,14391,15868,20918,20964,30336,26142,30978,40412,45168,39125,47627,11796,20077,596506,263667,67359,37186,180517,75932,14904,51,44
2021-06-10T23:59:59+02:00,646,587,23384,21676,38469,35403,51232,52408,75126,78281,90432,90786,66961,73036,48839,59326,14119,24122,6,5,7063,6923,12901,13954,15226,20344,20199,29581,25349,30301,39706,44305,38772,47209,11681,19892,583609,260187,66875,37152,180466,72201,13833,51,44
2021-06-09T23:59:59+02:00,576,537,22932,21291,37807,34881,50126,51362,73881,77088,89840,90282,66835,72891,48789,59241,14104,24091,6,5,6793,6614,12310,13354,14441,19530,19281,28557,24364,29136,37139,41384,38205,46564,11533,19653,576444,249862,66413,37079,180429,68666,13218,51,44
2021-06-08T23:59:59+02:00,470,426,21411,19839,36205,33516,48014,49400,71743,75148,88364,88801,66520,72506,48653,59080,14072,24047,6,5,6662,6443,11924,12980,13957,19041,18678,27956,23805,28597,36852,41130,37913,46197,11426,19496,559079,248200,66135,37000,180397,65270,12554,51,44
2021-06-07T23:59:59+02:00,355,332,20405,18868,34660,32183,45738,47377,69606,73267,87385,87953,66296,72240,48579,58945,14052,24010,6,5,6507,6279,11499,12627,13412,18558,17949,27368,23169,28000,36533,40826,37494,45715,11313,19297,543891,246203,65963,36930,180344,61377,12003,51,44
2021-06-06T23:59:59+02:00,332,311,20225,18721,34266,31900,45130,46804,68986,72781,87172,87787,66239,72178,48567,58919,14046,23998,6,5,6375,6106,11173,12211,12980,17986,17310,26555,22472,27190,36065,40352,37012,45164,11157,19030,540768,243750,65636,36877,180299,56870,11609,51,43
2021-06-05T23:59:59+02:00,260,246,18983,17459,32944,30687,43906,45632,68412,72263,86639,87278,66148,72076,48519,58871,14039,23986,6,5,6323,6025,11070,12045,12852,17807,17137,26345,22301,27000,36000,40275,36990,45140,11155,19025,530793,243141,65636,36464,180282,56266,11587,51,43
2021-06-04T23:59:59+02:00,179,176,17791,16310,31637,29397,42354,44135,67070,70947,85832,86525,65961,71864,48443,58779,14023,23957,6,5,6220,5885,10893,11833,12636,17551,16781,25960,21781,26561,35108,39418,36674,44840,11138,19003,517970,241290,65570,36137,180275,53309,11515,51,42
2021-06-03T23:59:59+02:00,124,123,17152,15737,30652,28568,40895,42839,65295,69414,83581,84241,65536,71410,48315,58617,14005,23919,6,5,6050,5674,10583,11474,12318,17083,16328,25297,21229,25980,34442,38626,36498,44636,11105,18953,504179,238945,64872,35749,180238,50469,11084,51,40
2021-06-02T23:59:59+02:00,95,80,16809,15428,30338,28302,40227,42217,63703,68020,82642,83439,65395,71246,48255,58535,14002,23904,6,4,5932,5582,10405,11314,12088,16865,16032,24990,20882,25583,31193,34999,36270,44414,11076,18900,496665,230232,64868,35416,180236,50029,10818,51,40
2021-06-01T23:59:59+02:00,38,45,16018,14760,28842,27196,37858,40152,60132,64836,80210,81117,65044,70882,48127,58346,13968,23850,6,4,5658,5305,9880,10883,11549,16269,15362,24194,20147,24820,30850,34700,36073,44236,11047,18838,478299,228759,63309,34910,180170,46521,9593,50,38
2021-05-31T23:59:59+02:00,30,37,15454,14286,27903,26495,35897,38488,56689,61805,78178,79414,64712,70525,47983,58171,13936,23798,6,3,5495,5101,9473,10518,11117,15786,14824,23506,19521,24114,30564,34445,35888,44043,11012,18781,462528,228069,62586,34523,180105,43035,8532,50,38
2021-05-30T23:59:59+02:00,28,34,15310,14157,27615,26260,35446,38078,55976,61188,77857,79140,64650,70468,47958,58136,13932,23787,6,3,5393,4903,9144,10156,10705,15297,14370,22700,18991,23339,29884,33730,35661,43850,10990,18718,459541,227596,62148,34443,180059,37544,8222,50,35
2021-05-29T23:59:59+02:00,26,33,14913,13766,26765,25448,33685,36490,54492,59890,77268,78575,64500,70318,47905,58083,13925,23773,6,3,5360,4828,9078,10040,10611,15178,14259,22549,18860,23199,29855,33707,35655,43842,10989,18715,449418,227103,62115,34443,180055,36936,8217,50,35
2021-05-28T23:59:59+02:00,23,32,14506,13366,25953,24706,31833,34730,52321,57883,76217,77579,64295,70066,47853,58006,13915,23750,6,3,5274,4713,8899,9896,10453,15005,14097,22310,18647,22898,29785,33660,35638,43825,10988,18710,437467,226425,61647,34437,179965,36005,7905,50,35
2021-05-27T23:59:59+02:00,19,27,13875,12897,24884,23985,30582,33801,50709,56506,73111,74593,63853,69528,47719,57844,13892,23694,6,3,5161,4479,8565,9555,10048,14569,13649,21672,18140,22300,29562,33455,35527,43712,10967,18681,425299,225765,59683,34366,179335,32733,7152,50,35
2021-05-26T23:59:59+02:00,18,25,13388,12474,23971,23337,29659,33097,49621,55579,70151,71399,63238,68917,47584,57674,13861,23648,6,3,5073,4317,8309,9240,9744,14181,13291,21070,17707,21697,29366,33287,35430,43606,10940,18629,414470,225147,57502,34249,178836,29682,6783,50,35
2021-05-25T23:59:59+02:00,18,20,13045,12176,23391,22929,28600,32233,47019,53339,67888,69272,62886,68550,47470,57525,13843,23594,6,3,4994,4195,8096,8977,9489,13803,12979,20548,17320,21145,29206,33130,35346,43500,10913,18574,402600,224583,56432,34167,178212,26935,6504,50,35
2021-05-24T23:59:59+02:00,17,19,12748,11895,22892,22549,27978,31780,44398,50907,65427,67081,62577,68251,47359,57399,13807,23537,6,3,4923,4086,7845,8742,9169,13418,12649,20034,16933,20584,29060,32988,35271,43428,10889,18525,390940,223992,55949,34101,177543,24286,6139,50,35
2021-05-23T23:59:59+02:00,17,19,12686,11827,22796,22464,27898,31700,44141,50679,64838,66532,62497,68163,47334,57381,13805,23535,6,3,4901,4071,7810,8711,9107,13383,12568,19971,16854,20528,29051,32973,35267,43420,10889,18523,388732,223702,55868,34093,177529,24075,6133,50,33
2021-05-22T23:59:59+02:00,17,19,12462,11589,22475,22155,26895,30812,42304,49102,63982,65791,62334,67972,47268,57290,13795,23512,6,3,4885,4016,7782,8646,9065,13317,12536,19885,16824,20459,29040,32963,35263,43414,10888,18522,380239,223607,55857,34093,177524,23677,6104,50,33
2021-05-21T23:59:59+02:00,17,18,12160,11337,21903,21711,26077,30120,39912,47207,62007,64122,62071,67699,47184,57202,13780,23486,6,3,4866,3988,7725,8560,8999,13229,12460,19792,16749,20372,29024,32937,35256,43403,10886,18521,369798,223408,54801,34078,177332,23225,6032,50,33
2021-05-20T23:59:59+02:00,16,18,11550,10765,20776,20809,24925,29091,38403,45928,59659,62049,61248,66799,46983,56942,13746,23430,6,3,4591,3810,7322,8270,8557,12832,12007,19280,16326,19849,28903,32839,35205,43349,10882,18511,359285,222998,52446,33967,176047,20235,5309,50,33
2021-05-19T23:59:59+02:00,16,18,11106,10450,19990,20255,24076,28492,37499,45242,56425,58410,60557,66096,46875,56808,13723,23383,6,3,4438,3652,7068,8028,8280,12502,11673,18847,15955,19428,28803,32727,35162,43273,10871,18496,348805,222509,50823,33849,174919,17998,4824,50,32
2021-05-18T23:59:59+02:00,16,18,10776,10165,19409,19804,23420,27931,36088,44009,55009,57279,60184,65669,46745,56647,13698,23358,6,3,4333,3525,6820,7791,8016,12218,11438,18443,15607,18995,28718,32635,35132,43232,10867,18489,343400,222214,48968,33767,173440,15888,4367,50,32
2021-05-17T23:59:59+02:00,15,17,10556,9984,18970,19513,22984,27618,34887,43016,53695,56238,59934,65422,46681,56548,13683,23324,6,3,4263,3438,6611,7572,7764,11922,11181,18047,15294,18587,28626,32546,35107,43191,10861,18475,339309,221909,47973,33698,171922,14022,3833,48,32
2021-05-16T23:59:59+02:00,15,16,10366,9855,18675,19309,22651,27377,34247,42555,52456,55067,59741,65257,46644,56494,13672,23304,6,3,4195,3365,6394,7406,7476,11666,10912,17694,14998,18223,28560,32484,35091,43173,10854,18471,336868,221654,47093,33637,170305,12260,3388,47,32
2021-05-15T23:59:59+02:00,15,16,10270,9755,18523,19161,22479,27232,33865,42187,52060,54689,59626,65111,46596,56449,13669,23288,6,3,4154,3329,6310,7340,7383,11563,10810,17574,14893,18092,28466,32366,34997,43080,10850,18466,334467,220561,47092,33634,170171,12241,3214,47,32
2021-05-14T23:59:59+02:00,14,16,9987,9552,18096,18921,22076,26943,31517,40407,49910,52834,59404,64882,46548,56364,13652,23267,6,3,4026,3246,6024,7175,7076,11338,10462,17222,14544,17764,27893,31660,34874,42888,10831,18438,325313,217260,47039,33628,169560,12118,2432,46,32
2021-05-13T23:59:59+02:00,14,16,9525,9183,17302,18355,21208,26259,30397,39416,47666,50661,58555,63907,46338,56081,13613,23193,6,3,3526,3052,5685,6922,6763,11027,10049,16830,14167,17327,26992,30460,34448,42369,10800,18377,316807,212649,45178,33070,167535,10928,2124,45,32
2021-05-12T23:59:59+02:00,14,16,9234,8988,16869,18096,20733,25969,29865,39030,44666,47014,57982,63265,46254,55967,13595,23168,6,3,3386,2964,5453,6811,6480,10880,9767,16621,13930,17061,26345,29636,34282,42176,10774,18343,307609,209614,44361,33044,167242,10760,1468,45,32
2021-05-11T23:59:59+02:00,14,14,8800,8712,16097,17578,19867,25348,28128,37587,42729,45508,57606,62817,46170,55832,13574,23140,6,3,3266,2833,5220,6470,6182,10465,9400,16062,13493,16500,24922,27965,33771,41548,10723,18255,302116,203631,41304,32861,164756,9260,1300,45,32
2021-05-10T23:59:59+02:00,14,13,8538,8559,15584,17321,19235,25027,27134,36897,41267,44362,57339,62542,46091,55728,13554,23109,6,2,3156,2707,4989,6236,5927,10141,9075,15584,13130,16077,23873,26633,33282,40963,10686,18197,298806,198972,40397,32832,162080,7843,987,44,30
2021-05-09T23:59:59+02:00,14,13,8382,8474,15278,17138,18852,24770,26466,36468,39487,42695,57043,62263,46035,55670,13546,23088,6,2,3035,2651,4807,6094,5758,9965,8877,15376,12960,15903,23596,26299,33137,40790,10676,18182,295829,197769,40017,32788,159082,6816,711,43,30
2021-05-08T23:59:59+02:00,14,13,8307,8401,15095,16991,18644,24571,26237,36229,39252,42503,56916,62113,45997,55633,13543,23077,6,2,3027,2630,4776,6058,5714,9919,8800,15310,12873,15833,23225,25871,32851,40476,10668,18166,294262,196578,39562,32073,158958,6813,711,43,30
2021-05-07T23:59:59+02:00,13,12,8135,8306,14769,16807,18253,24334,25812,35939,38792,42123,56641,61758,45948,55586,13536,23067,6,2,2728,2495,4428,5871,5443,9659,8484,14998,12477,15435,22125,24492,32202,39641,10640,18116,291717,193106,39131,30573,158626,5220,315,42,28
2021-05-06T23:59:59+02:00,12,12,7488,7949,13868,16204,17194,23477,24467,34825,36645,40457,55513,60436,45704,55280,13501,23000,6,2,2603,2382,4254,5674,5235,9353,8138,14557,12043,14982,20817,22816,31347,38632,10586,18002,281061,187484,37848,29613,156805,4028,278,40,26
2021-05-05T23:59:59+02:00,10,12,6950,7641,13086,15660,16158,22708,23078,33796,34814,38965,53669,58396,45382,54934,13468,22934,6,2,2515,2324,4078,5517,5043,9141,7790,14218,11673,14622,19425,21033,30151,37214,10546,17899,269591,181341,36923,28437,155008,3294,99,40,26
2021-05-04T23:59:59+02:00,10,11,6760,7551,12717,15484,15670,22437,22430,33451,33851,38263,52815,57433,45259,54807,13450,22893,6,2,2460,2254,3923,5347,4866,8887,7446,13809,11247,14162,17773,19103,29048,35882,10450,17779,265809,174512,36054,27496,153345,2365,46,38,25
2021-05-03T23:59:59+02:00,10,10,6614,7401,12339,15263,15162,22126,21718,33043,32697,37371,52512,57113,45163,54699,13435,22861,6,2,2400,2184,3829,5167,4726,8652,7228,13460,10926,13754,16568,17604,28168,34779,10386,17671,262503,168931,35592,27147,151370,1372,35,37,25
2021-05-02T23:59:59+02:00,10,10,6533,7311,12125,15091,14861,21894,21241,32722,31546,36422,52228,56821,45101,54608,13417,22830,6,2,2385,2177,3807,5134,4695,8616,7161,13389,10841,13661,16256,17208,27870,34474,10374,17657,260066,167358,35518,27033,149117,1265,34,36,23
2021-05-01T23:59:59+02:00,10,10,6515,7287,12061,15041,14781,21831,21138,32650,31419,36328,52222,56806,45097,54607,13415,22828,6,2,2382,2169,3783,5117,4654,8591,7124,13352,10780,13606,16058,16985,27755,34337,10371,17647,259492,166392,35517,27007,148967,1263,34,36,23
2021-04-30T23:59:59+02:00,10,10,6477,7249,11968,14946,14675,21711,20942,32463,31179,36137,51951,56446,45052,54554,13409,22816,6,2,2353,2149,3721,5054,4557,8480,6974,13170,10502,13342,15243,15958,26884,33264,10330,17559,257706,163182,35473,25115,148747,1195,33,36,23
2021-04-29T23:59:59+02:00,10,10,6272,7121,11646,14757,14319,21471,20422,32173,30425,35648,51302,55619,44960,54435,13383,22736,6,2,2314,2103,3628,4965,4433,8344,6781,12952,10225,13054,14269,14723,25578,31716,10267,17463,254512,157473,35378,24365,146751,931,32,36,22
2021-04-28T23:59:59+02:00,10,10,6009,6955,11264,14419,13824,21003,19778,31566,29256,34515,48634,52611,44666,54111,13320,22658,6,2,2276,2062,3559,4903,4317,8227,6619,12769,9975,12835,13126,13241,24085,29834,10205,17360,244544,151491,35252,23159,144759,714,18,36,19
2021-04-27T23:59:59+02:00,10,10,5906,6864,11108,14296,13622,20840,19496,31354,28693,34126,48426,52389,44610,54057,13311,22636,6,2,2234,2027,3469,4809,4224,8117,6453,12582,9692,12559,11911,11676,22430,27672,10126,17214,243156,144657,35204,21974,143341,536,18,35,18
2021-04-26T23:59:59+02:00,10,10,5857,6822,10990,14227,13459,20716,19267,31142,27857,33559,48088,52019,44555,53991,13302,22607,6,2,2212,2000,3414,4764,4162,8050,6349,12449,9503,12384,10994,10517,21149,25912,10065,17123,242413,139370,35177,21226,140836,425,18,34,16
2021-04-25T23:59:59+02:00,10,10,5812,6775,10885,14132,13297,20559,19019,30857,27094,32816,47590,51508,44471,53892,13288,22588,6,2,2187,1990,3383,4745,4143,8031,6316,12408,9446,12323,10832,10323,20907,25588,10055,17108,240696,138517,35133,20875,138722,367,18,34,16
2021-04-24T23:59:59+02:00,10,10,5790,6727,10806,14040,13198,20414,18884,30677,26932,32633,47487,51385,44378,53796,13284,22583,6,2,2180,1979,3358,4717,4104,7985,6245,12336,9315,12206,10675,10143,20773,25457,10039,17090,239204,137992,35115,20236,138663,348,18,34,16
2021-04-23T23:59:59+02:00,10,10,5728,6638,10672,13841,12994,20160,18571,30296,26532,32271,46538,50248,44224,53551,13261,22551,6,2,2162,1957,3316,4680,4054,7931,6151,12245,9151,12078,10408,9842,20448,25037,9990,17007,234794,136864,35056,19230,138194,337,18,34,16
2021-04-22T23:59:59+02:00,10,10,5627,6524,10462,13643,12641,19822,18055,29821,25899,31677,44809,48095,43653,52822,13215,22451,5,2,2148,1946,3276,4627,3977,7856,6021,12145,8892,11913,9974,9436,19991,24445,9940,16929,228535,134735,34943,18450,135706,305,18,34,15
2021-04-21T23:59:59+02:00,10,9,5528,6389,10232,13441,12308,19508,17553,29327,25183,30943,40527,43223,43175,52287,13148,22346,5,2,2135,1937,3240,4590,3922,7797,5939,12052,8716,11753,9642,9051,19491,23852,9874,16832,216400,133085,34880,17436,133805,280,18,34,11
2021-04-20T23:59:59+02:00,10,9,5450,6298,10037,13223,12032,19241,17130,28918,24625,30374,38773,41207,42519,51507,13077,22206,5,2,2110,1924,3198,4566,3855,7753,5808,11953,8544,11626,9358,8731,19017,23181,9777,16692,210149,131713,34790,16132,131645,226,18,34,11
2021-04-19T23:59:59+02:00,10,8,5370,6222,9876,13093,11827,19032,16767,28535,24079,29902,37214,39415,41927,50786,13022,22119,5,2,2094,1907,3162,4531,3814,7707,5768,11883,8459,11534,9120,8446,18609,22614,9730,16599,205110,130014,34732,15736,129310,205,18,34,11
2021-04-18T23:59:59+02:00,10,7,5307,6171,9745,13008,11627,18892,16485,28337,23669,29588,35897,38049,41573,50380,12988,22055,5,2,2081,1892,3135,4509,3787,7690,5724,11836,8408,11485,9022,8357,18455,22427,9717,16574,203556,129530,34690,15347,125491,200,18,33,11
2021-04-17T23:59:59+02:00,10,7,5301,6155,9711,12977,11580,18852,16408,28270,23605,29529,35585,37707,41464,50282,12982,22044,5,2,2071,1884,3108,4496,3729,7645,5654,11785,8322,11433,8911,8247,18349,22309,9696,16561,202325,128722,34681,15257,125412,199,18,33,11
2021-04-16T23:59:59+02:00,10,7,5236,6115,9624,12915,11444,18741,16197,28110,23253,29179,34500,36444,41051,49758,12962,22010,5,2,1938,1797,2878,4315,3370,7326,4880,11249,6826,10339,6376,6164,16529,20606,9500,16261,198153,119322,34591,10815,124763,196,17,32,11
2021-04-15T23:59:59+02:00,10,7,5170,6025,9420,12742,11149,18494,15699,27716,22561,28575,32598,34129,40002,48549,12881,21842,5,2,1895,1765,2810,4249,3250,7204,4662,11066,6448,10029,5917,5765,15937,19920,9308,15926,192322,116179,34537,9765,120663,187,17,30,10
2021-04-14T23:59:59+02:00,10,7,5108,5979,9253,12616,10933,18316,15294,27399,21908,28093,30667,31876,38784,47127,12806,21655,5,2,1811,1711,2727,4180,3138,7110,4459,10901,6138,9779,5439,5350,15354,19231,9104,15570,185932,113545,34397,8307,117455,130,17,30,10
2021-04-13T23:59:59+02:00,10,7,5060,5925,9114,12487,10755,18148,14949,27122,21385,27631,28560,29423,37517,45528,12662,21448,5,2,1767,1694,2690,4137,3084,7048,4325,10761,5868,9566,5099,5047,14903,18780,8968,15366,179022,112123,34331,6926,114332,34,17,29,10
2021-04-12T23:59:59+02:00,10,7,4996,5876,9006,12348,10548,18000,14627,26841,20844,27174,26519,27151,36355,44061,12533,21247,5,2,1732,1650,2660,4116,3056,6995,4266,10693,5765,9465,4932,4901,14602,18412,8856,15166,173298,111274,34251,5940,110548,33,17,29,10
2021-04-11T23:59:59+02:00,10,7,4960,5833,8911,12269,10388,17898,14362,26664,20417,26850,25315,25860,35651,43275,12444,21096,5,2,1723,1644,2638,4095,3031,6967,4231,10646,5678,9397,4839,4846,14486,18287,8817,15113,171508,111063,34177,5329,106480,27,16,29,10
2021-04-10T23:59:59+02:00,10,7,4948,5818,8869,12241,10332,17863,14294,26614,20321,26770,25000,25484,35303,42855,12437,21075,5,2,1719,1638,2628,4087,3017,6950,4201,10615,5619,9358,4761,4769,14357,18121,8770,15028,170290,110264,33451,5328,106455,27,16,29,10
2021-04-09T23:59:59+02:00,10,7,4901,5786,8785,12160,10206,17738,14125,26439,20060,26525,24158,24329,34346,41643,12404,21001,4,2,1691,1609,2571,4053,2945,6890,4051,10505,5362,9132,4345,4393,13786,17404,8541,14659,166910,106574,31934,5320,105739,27,12,28,10
2021-04-08T23:59:59+02:00,10,7,4826,5721,8638,12052,9992,17566,13726,26124,19457,26055,22448,22335,32651,39670,12254,20764,4,2,1661,1593,2517,4008,2861,6805,3904,10368,5068,8867,3884,3966,12791,16158,8055,13897,161138,101575,31027,4789,102092,23,12,27,10
2021-04-07T23:59:59+02:00,10,6,4779,5668,8454,11974,9765,17416,13407,25896,18985,25693,20636,20217,30888,37407,12136,20550,4,2,1628,1577,2462,3955,2800,6723,3796,10223,4877,8677,3618,3674,12100,15351,7679,13337,155087,98237,29848,4211,98918,14,11,23,10
2021-04-06T23:59:59+02:00,10,6,4730,5623,8311,11862,9605,17249,13088,25628,18465,25306,18781,18147,28961,34912,11933,20204,4,2,1592,1558,2438,3929,2766,6683,3733,10178,4794,8585,3507,3549,11622,14703,7392,12922,148228,95912,28883,4012,95677,13,11,22,9
2021-04-05T23:59:59+02:00,10,6,4699,5582,8215,11771,9466,17151,12875,25416,18063,24961,17053,16216,27333,32757,11785,19976,4,2,1570,1546,2407,3911,2736,6634,3690,10119,4706,8469,3394,3440,11279,14334,7234,12640,142803,94513,28449,3570,92052,12,11,20,9
2021-04-04T23:59:59+02:00,10,6,4692,5576,8206,11761,9452,17136,12849,25395,18035,24936,16921,16040,27138,32511,11776,19962,4,2,1568,1545,2405,3908,2733,6630,3688,10115,4701,8466,3385,3429,11268,14322,7230,12632,142084,94431,28356,3570,91935,12,9,18,9
2021-04-03T23:59:59+02:00,10,6,4688,5568,8192,11754,9433,17116,12810,25363,17957,24872,16841,15950,27091,32454,11771,19955,4,2,1565,1543,2396,3900,2715,6616,3665,10087,4618,8411,3268,3314,11186,14248,7224,12622,141553,93784,28328,3570,91923,12,9,18,9
2021-04-02T23:59:59+02:00,10,6,4663,5548,8133,11700,9368,17047,12670,25256,17720,24670,16388,15473,26615,31877,11739,19900,4,2,1563,1534,2381,3895,2708,6600,3644,10055,4548,8318,3199,3245,10948,13945,7073,12419,140338,92486,26913,3566,91505,12,9,18,8
2021-04-01T23:59:59+02:00,9,6,4620,5487,8021,11557,9238,16887,12396,24970,17275,24270,15634,14746,25856,30916,11612,19717,4,2,1546,1514,2352,3862,2685,6571,3605,10016,4481,8253,3086,3114,10012,12826,6457,11567,138092,88467,26247,3460,88854,11,7,17,8
2021-03-31T23:59:59+02:00,9,6,4408,5407,7909,11434,9096,16720,12176,24692,16920,23905,14937,13981,25022,29905,11503,19517,4,2,1537,1509,2338,3842,2657,6542,3555,9968,4409,8181,2994,3024,9437,12122,6092,11070,136286,86024,24781,3234,86458,11,6,16,8
2021-03-30T23:59:59+02:00,9,6,4377,5355,7833,11307,9009,16563,12015,24502,16634,23593,14336,13337,24262,28919,11364,19272,4,2,1523,1499,2317,3817,2631,6512,3514,9903,4342,8110,2867,2876,8841,11463,5739,10574,134795,83687,23564,2827,84312,6,6,16,8
2021-03-29T23:59:59+02:00,9,6,4337,5302,7733,11195,8901,16397,11852,24229,16304,23245,13793,12737,23498,27942,11204,19023,4,2,1504,1486,2298,3801,2608,6484,3480,9843,4278,8035,2814,2808,8549,11075,5550,10261,132943,82292,22802,2568,81940,6,6,16,8
2021-03-28T23:59:59+02:00,9,6,4302,5218,7648,11087,8820,16242,11717,23999,16044,22972,13464,12426,22925,27247,11030,18737,4,2,1494,1479,2276,3785,2593,6454,3441,9793,4241,7976,2766,2757,8470,10969,5505,10194,132441,81941,22275,2239,79155,5,6,16,8
2021-03-27T23:59:59+01:00,9,6,4288,5207,7622,11055,8754,16169,11618,23904,15898,22856,13260,12213,22722,27033,10995,18708,4,2,1493,1477,2273,3783,2592,6453,3427,9766,4231,7953,2757,2751,8412,10905,5470,10154,131557,81645,21630,2239,79108,5,6,16,8
2021-03-26T23:59:59+01:00,9,6,4244,5139,7512,10921,8579,15984,11281,23599,15284,22353,12339,11383,21930,26186,10848,18479,2,2,1488,1463,2268,3762,2579,6430,3410,9740,4190,7917,2727,2712,8231,10686,5349,9983,127485,80795,20018,2125,78551,5,6,16,8
2021-03-25T23:59:59+01:00,9,5,4189,4977,7348,10642,8333,15575,10896,22975,14639,21653,11666,10720,21059,25117,10529,17933,2,2,1468,1450,2235,3735,2544,6392,3373,9693,4119,7835,2592,2572,7252,9424,4730,9065,124191,76579,19236,1886,74818,5,5,15,8
2021-03-24T23:59:59+01:00,9,5,4113,4837,7211,10353,8117,15162,10632,22425,14167,21042,11060,10159,20122,24027,10196,17365,2,2,1447,1421,2208,3697,2500,6355,3331,9628,4040,7735,2491,2475,6601,8656,4344,8483,121583,73940,18041,1463,71363,3,2,13,8
2021-03-23T23:59:59+01:00,9,5,4073,4745,7104,10112,7965,14820,10369,21920,13765,20549,10592,9718,19395,23174,9881,16898,2,2,1436,1403,2182,3676,2480,6327,3271,9574,3946,7659,2397,2374,5872,7725,3891,7790,120118,70862,16932,1133,68030,3,1,13,8
2021-03-22T23:59:59+01:00,9,5,4020,4666,6974,9871,7804,14498,10109,21452,13414,20047,10200,9361,18823,22463,9688,16550,2,1,1427,1396,2175,3662,2468,6311,3247,9551,3916,7625,2336,2323,5415,7114,3529,7297,119218,68740,16529,1043,64193,3,1,13,8
2021-03-21T23:59:59+01:00,9,5,3973,4564,6842,9606,7636,14139,9887,20910,13071,19521,9880,9082,18286,21861,9498,16237,2,1,1424,1392,2174,3651,2464,6303,3241,9542,3906,7611,2322,2304,5298,6982,3471,7196,119011,68229,16132,1043,59850,3,1,13,8
2021-03-20T23:59:59+01:00,9,5,3962,4544,6805,9551,7578,14065,9803,20800,12965,19431,9793,8989,18146,21683,9447,16150,2,1,1421,1387,2170,3647,2459,6298,3227,9532,3886,7601,2287,2272,4970,6608,3282,6954,118177,66949,16037,1043,59498,3,1,13,8
2021-03-19T23:59:59+01:00,8,5,3788,4403,6513,9301,7137,13639,8891,20069,11234,18103,6930,6634,15888,19478,9085,15585,2,1,1417,1383,2165,3640,2447,6285,3214,9506,3834,7555,2220,2231,4595,6134,3013,6629,108862,65250,11311,1010,56504,3,1,13,7
2021-03-18T23:59:59+01:00,8,4,3684,4272,6336,8993,6869,13200,8501,19411,10596,17363,6211,5982,14663,18005,8566,14759,2,1,1413,1377,2142,3613,2429,6249,3185,9464,3794,7522,2175,2197,4173,5601,2731,6214,103715,63369,10306,902,53388,3,1,13,7
2021-03-17T23:59:59+01:00,8,4,3605,4198,6206,8846,6697,13023,8202,19101,10191,16972,5802,5596,13843,17077,8166,14170,2,1,1403,1364,2126,3593,2399,6217,3154,9436,3757,7485,2120,2137,3763,5155,2478,5825,100463,61636,8613,768,52617,3,1,13,7
2021-03-16T23:59:59+01:00,8,4,3527,4066,6051,8576,6490,12653,7890,18517,9642,16317,5273,5140,13023,16114,7827,13670,2,1,1394,1355,2117,3576,2383,6202,3138,9417,3732,7459,2093,2100,3242,4514,2138,5312,98129,59400,7201,764,49444,3,1,13,7
2021-03-15T23:59:59+01:00,8,4,3479,3920,5864,8301,6271,12240,7613,17944,9206,15693,4956,4855,12364,15372,7562,13208,2,1,1394,1345,2101,3561,2363,6178,3119,9368,3708,7420,2056,2049,2874,4051,1851,4917,96628,57602,6221,746,45998,3,0,13,7
2021-03-14T23:59:59+01:00,8,4,3433,3787,5635,7972,5981,11794,7304,17224,8745,14942,4632,4580,12076,15116,7513,13108,2,1,1387,1340,2085,3532,2350,6129,3101,9309,3690,7381,2049,2038,2796,3943,1798,4831,96501,57201,5606,551,41734,3,0,13,7
2021-03-13T23:59:59+01:00,8,4,3416,3746,5594,7856,5920,11672,7217,17076,8596,14786,4481,4430,11985,15031,7507,13097,2,1,1387,1340,2085,3532,2349,6129,3100,9307,3689,7381,2046,2030,2743,3887,1764,4777,95807,56989,5606,551,40996,2,0,13,7
2021-03-12T23:59:59+01:00,8,4,3396,3676,5537,7718,5860,11520,7130,16849,8461,14553,4375,4333,11711,14705,7351,12879,2,1,1387,1340,2081,3526,2348,6121,3095,9301,3687,7376,2044,2028,2655,3776,1680,4688,94380,56576,5598,551,40076,2,0,12,7
2021-03-11T23:59:59+01:00,8,4,3318,3483,5328,7421,5629,11102,6791,16179,8022,13914,4031,3997,10631,13445,6692,11966,2,1,1382,1338,2070,3512,2329,6096,3072,9266,3663,7343,2014,2003,2415,3510,1524,4468,90173,55482,5163,518,36613,2,0,12,6
2021-03-10T23:59:59+01:00,8,4,3222,3365,5109,7149,5416,10740,6520,15633,7681,13367,3806,3768,9984,12652,6304,11430,2,1,1377,1327,2043,3474,2300,6006,3024,9143,3606,7223,1970,1926,2199,3273,1392,4273,87696,54267,4787,284,33663,2,0,12,6
2021-03-09T23:59:59+01:00,7,4,3148,3237,4942,6962,5212,10455,6288,15197,7384,12858,3622,3561,9347,11948,5925,10904,2,1,1370,1316,2009,3414,2269,5904,2962,9001,3538,7141,1940,1900,1919,2955,1220,4026,85403,52843,4522,36,31064,2,0,12,6
2021-03-08T23:59:59+01:00,7,4,3084,3081,4711,6698,4970,10101,6027,14683,7022,12272,3420,3368,8953,11505,5727,10586,2,1,1367,1298,1995,3336,2238,5807,2924,8855,3505,7046,1925,1878,1716,2723,1096,3831,83922,51503,4150,34,28136,0,0,11,6
2021-03-07T23:59:59+01:00,7,4,3051,3021,4638,6583,4886,9988,5922,14519,6904,12124,3369,3321,8864,11396,5686,10519,2,1,1361,1293,1989,3324,2230,5782,2917,8816,3493,7027,1917,1866,1661,2655,1045,3762,83559,51101,3972,34,27260,0,0,11,6
2021-03-06T23:59:59+01:00,6,4,3037,2963,4596,6491,4849,9921,5864,14400,6856,12012,3345,3298,8807,11330,5651,10476,2,1,1359,1280,1984,3310,2218,5755,2914,8789,3482,7008,1907,1842,1633,2631,1039,3753,83234,50867,3972,34,26689,0,0,11,6
2021-03-05T23:59:59+01:00,6,4,3013,2870,4537,6379,4785,9823,5801,14247,6753,11859,3300,3243,8621,11102,5528,10300,2,1,1350,1247,1952,3255,2193,5649,2874,8655,3438,6870,1863,1796,1569,2561,1017,3725,82326,49977,3964,34,25870,0,0,11,6
2021-03-04T23:59:59+01:00,4,4,2961,2681,4379,6140,4566,9510,5594,13830,6440,11470,3124,3067,7600,9806,4893,9381,2,1,1331,1198,1915,3132,2161,5467,2828,8378,3381,6637,1791,1706,1532,2509,1012,3707,78151,48649,3690,33,23598,0,0,11,6
2021-03-03T23:59:59+01:00,3,4,2922,2610,4239,5949,4399,9242,5390,13451,6185,11051,2998,2934,6950,9028,4495,8772,2,1,1319,1162,1888,3059,2139,5356,2798,8199,3328,6479,1723,1663,1490,2439,992,3652,75418,47651,3447,33,21746,0,0,11,5
2021-03-02T23:59:59+01:00,3,4,2862,2519,4051,5730,4194,8971,5192,13070,5916,10675,2850,2772,6184,8063,4022,8062,2,1,1286,1120,1861,2987,2115,5214,2748,7926,3279,6281,1649,1603,1424,2359,968,3601,72242,46386,2991,33,19896,0,0,11,5
2021-03-01T23:59:59+01:00,3,3,2823,2456,3887,5577,4008,8752,5003,12751,5677,10282,2748,2657,5689,7406,3656,7551,2,1,1280,1084,1838,2886,2089,5020,2707,7676,3219,6045,1606,1567,1375,2298,938,3558,70070,45151,2682,33,18166,0,0,11,5
2021-02-28T23:59:59+01:00,3,3,2781,2408,3729,5459,3785,8562,4820,12500,5490,9976,2691,2583,5567,7251,3594,7450,2,1,1276,1079,1833,2873,2080,4996,2700,7640,3209,6028,1597,1560,1369,2289,935,3548,69591,44978,2460,32,16590,0,0,11,5
2021-02-27T23:59:59+01:00,3,2,2768,2347,3703,5379,3751,8488,4786,12406,5455,9902,2650,2549,5232,6862,3393,7198,2,1,1269,1071,1826,2861,2067,4961,2681,7575,3193,5972,1579,1550,1363,2278,933,3547,68268,44693,2460,31,16135,0,0,11,5
2021-02-26T23:59:59+01:00,3,2,2748,2306,3663,5291,3685,8384,4723,12295,5368,9814,2573,2496,4848,6379,3114,6864,2,1,1212,1021,1776,2755,2018,4780,2625,7300,3120,5762,1518,1499,1340,2256,919,3538,66445,43407,2333,30,15768,0,0,10,5
2021-02-25T23:59:59+01:00,3,2,2577,2199,3476,5109,3500,8157,4520,12008,5149,9539,2484,2430,4399,5824,2825,6436,2,1,1196,964,1745,2646,1964,4506,2556,6903,3025,5475,1472,1456,1319,2241,916,3529,64578,41884,2006,27,14043,0,0,10,5
2021-02-24T23:59:59+01:00,3,2,2424,2066,3287,4915,3354,7951,4322,11752,4928,9288,2347,2310,3939,5312,2562,6037,1,1,1181,935,1722,2561,1928,4366,2496,6647,2972,5269,1441,1425,1301,2220,912,3506,62797,40860,1527,19,12465,0,0,10,5
2021-02-23T23:59:59+01:00,3,2,2295,1928,3108,4688,3201,7712,4147,11481,4744,9040,2258,2216,3381,4647,2217,5517,1,1,1167,887,1689,2466,1889,4175,2428,6348,2874,5009,1383,1369,1272,2176,896,3479,60576,39488,1174,16,10825,0,0,10,5
2021-02-22T23:59:59+01:00,3,2,2255,1877,3024,4595,3131,7603,4053,11294,4636,8915,2206,2175,3010,4179,1929,5132,1,1,1155,828,1657,2340,1847,3929,2352,5953,2749,4711,1320,1316,1249,2142,888,3454,58893,37881,1087,6,10029,0,0,10,5
2021-02-21T23:59:59+01:00,3,2,2219,1846,2972,4526,3051,7490,3972,11149,4570,8798,2191,2152,2926,4064,1873,5044,1,1,1152,810,1640,2288,1820,3822,2319,5797,2686,4585,1289,1293,1239,2128,881,3439,58460,37179,1054,6,9324,0,0,10,5
2021-02-20T23:59:59+01:00,3,2,2207,1843,2949,4513,3035,7454,3946,11116,4549,8776,2188,2144,2872,4007,1838,4989,1,1,1152,807,1640,2286,1819,3813,2318,5792,2685,4581,1288,1290,1238,2125,880,3438,58244,37143,1053,6,9124,0,0,10,5
2021-02-19T23:59:59+01:00,2,2,2195,1829,2913,4461,3010,7368,3901,11034,4495,8713,2180,2138,2781,3893,1753,4895,1,1,1102,798,1601,2278,1808,3804,2308,5771,2677,4568,1282,1279,1227,2120,875,3431,57822,36921,1021,5,8710,0,0,10,5
2021-02-18T23:59:59+01:00,2,2,2064,1734,2756,4278,2886,7169,3764,10747,4356,8508,2146,2104,2538,3621,1596,4672,1,1,1023,762,1529,2179,1759,3681,2235,5613,2620,4483,1268,1258,1220,2105,861,3413,56748,36002,953,4,7233,0,0,9,5
2021-02-17T23:59:59+01:00,2,2,2020,1686,2665,4147,2776,6957,3612,10406,4214,8265,2087,2020,2320,3392,1469,4479,1,1,871,697,1416,2054,1682,3490,2138,5385,2548,4310,1234,1212,1194,2060,845,3368,55676,34498,807,3,6027,0,0,9,5
2021-02-16T23:59:59+01:00,2,2,1850,1575,2491,3939,2635,6682,3451,10052,4036,7959,2042,1993,2038,3072,1295,4226,1,1,844,675,1346,1976,1613,3349,2043,5211,2453,4176,1172,1166,1134,1970,812,3265,54335,33200,771,2,4225,0,0,9,5
2021-02-15T23:59:59+01:00,2,2,1815,1520,2403,3768,2558,6410,3329,9684,3921,7689,2016,1964,1819,2831,1169,4033,1,1,826,663,1316,1929,1571,3280,1985,5038,2389,4075,1113,1125,1067,1879,793,3161,53225,32207,755,1,2944,0,0,9,4
2021-02-14T23:59:59+01:00,2,2,1725,1490,2355,3707,2516,6316,3258,9580,3874,7611,2005,1954,1761,2771,1119,3973,1,1,811,653,1300,1906,1544,3257,1951,4997,2363,4019,1103,1115,1060,1870,790,3149,52886,31886,726,1,2398,0,0,9,3
2021-02-13T23:59:59+01:00,2,2,1724,1478,2345,3700,2510,6302,3255,9564,3867,7601,1996,1934,1737,2751,1115,3963,1,1,811,653,1300,1906,1544,3257,1951,4997,2363,4019,1103,1115,1060,1870,790,3149,52729,31886,726,1,2382,0,0,9,3
2021-02-12T23:59:59+01:00,2,2,1645,1393,2244,3586,2431,6129,3150,9326,3743,7335,1948,1876,1673,2680,1092,3934,1,1,804,645,1288,1883,1531,3238,1943,4966,2347,3999,1098,1110,1059,1851,790,3118,51785,31669,726,0,1669,0,0,9,3
2021-02-11T23:59:59+01:00,2,2,1450,1258,2063,3374,2303,5837,2999,8892,3586,6987,1875,1774,1631,2616,1072,3911,1,1,775,597,1193,1704,1404,2960,1803,4604,2181,3709,1045,1046,1015,1773,749,2975,50385,29534,685,0,553,0,0,9,1
2021-02-10T23:59:59+01:00,2,2,1357,1211,1979,3247,2234,5665,2917,8613,3475,6755,1805,1727,1583,2549,1053,3848,1,1,565,513,971,1478,1261,2649,1618,4144,1977,3327,925,918,882,1514,657,2633,49207,26033,646,0,161,0,0,8,1
2021-02-09T23:59:59+01:00,2,2,1322,1162,1944,3153,2206,5480,2850,8273,3405,6497,1731,1665,1521,2488,1034,3806,1,1,303,380,756,1212,1075,2271,1412,3604,1727,2871,759,756,708,1207,523,2128,47938,21693,516,0,80,0,0,7,1
2021-02-08T23:59:59+01:00,2,2,1315,1127,1912,3036,2169,5258,2798,7994,3346,6261,1688,1631,1472,2433,1017,3783,1,1,267,341,653,1059,970,2055,1253,3211,1531,2555,657,636,606,1019,451,1842,46812,19107,346,0,79,0,0,7,1
2021-02-07T23:59:59+01:00,2,2,1289,1111,1882,2984,2143,5176,2768,7891,3304,6195,1672,1615,1457,2414,1005,3768,1,1,233,286,604,969,909,1900,1163,2983,1433,2383,616,616,584,984,441,1811,46526,17917,145,0,0,0,0,7,0
2021-02-06T23:59:59+01:00,2,2,1284,1105,1876,2972,2134,5148,2755,7847,3293,6150,1659,1607,1452,2404,1002,3767,1,1,214,255,582,930,881,1835,1120,2864,1376,2300,600,597,577,984,441,1811,46307,17369,145,0,0,0,0,7,0
2021-02-05T23:59:59+01:00,2,2,1225,1053,1827,2864,2082,4952,2694,7551,3216,5934,1596,1552,1435,2380,994,3761,1,1,197,222,546,879,845,1755,1082,2744,1323,2200,566,573,565,960,429,1786,44968,16674,145,0,0,0,0,7,0
2021-02-04T23:59:59+01:00,2,2,1213,990,1786,2716,2010,4640,2612,7103,3116,5605,1551,1519,1418,2363,989,3750,1,1,168,170,472,759,746,1614,969,2505,1209,1986,520,520,517,904,408,1666,43342,15135,37,0,0,0,0,6,0
2021-02-03T23:59:59+01:00,2,2,1195,961,1756,2635,1971,4492,2546,6841,3064,5391,1514,1487,1388,2328,970,3720,1,1,139,141,397,646,630,1376,823,2127,1011,1694,400,384,373,682,288,1259,42220,12372,37,0,0,0,0,6,0
2021-02-02T23:59:59+01:00,2,2,1178,905,1722,2534,1930,4272,2473,6509,2958,5119,1460,1440,1364,2297,960,3695,1,1,116,116,321,524,524,1137,678,1796,822,1385,299,280,292,500,225,947,40777,9964,37,0,0,0,0,6,0
2021-02-01T23:59:59+01:00,1,2,1165,845,1687,2410,1879,4027,2396,6118,2836,4823,1392,1357,1334,2251,947,3666,0,0,83,76,221,353,351,744,430,1159,480,863,186,170,171,298,126,562,39093,6273,37,0,0,0,0,6,0
2021-01-31T23:59:59+01:00,1,2,1161,827,1670,2353,1854,3905,2364,5934,2769,4702,1361,1334,1323,2235,940,3650,0,0,72,70,187,281,273,577,341,905,398,696,160,155,159,289,122,548,38345,5233,34,0,0,0,0,6,0
2021-01-30T23:59:59+01:00,1,2,1161,824,1669,2348,1852,3894,2362,5923,2766,4692,1360,1330,1322,2234,940,3649,0,0,69,63,154,234,245,509,306,787,355,621,159,148,154,285,122,547,38290,4758,33,0,0,0,0,6,0
2021-01-29T23:59:59+01:00,1,2,1110,815,1630,2340,1841,3887,2354,5908,2758,4681,1356,1327,1318,2234,940,3649,0,0,61,45,117,179,201,353,250,639,310,493,148,139,143,275,119,546,38114,4018,31,0,0,0,0,6,0
2021-01-28T23:59:59+01:00,1,2,1035,789,1574,2277,1808,3818,2307,5837,2725,4629,1344,1315,1308,2228,928,3635,0,0,39,20,75,106,132,206,155,383,202,296,115,106,117,221,107,496,37526,2776,28,0,0,0,0,6,0
2021-01-27T23:59:59+01:00,1,2,888,737,1479,2202,1740,3705,2234,5708,2667,4503,1314,1269,1279,2189,912,3599,0,0,30,13,63,88,106,162,122,326,175,250,107,88,104,201,103,459,36404,2397,19,0,0,0,0,5,0
2021-01-26T23:59:59+01:00,1,2,873,717,1416,2127,1679,3575,2146,5536,2579,4391,1255,1229,1229,2115,887,3538,0,0,29,12,60,85,102,156,118,311,174,240,104,82,97,180,92,409,35276,2251,14,0,0,0,0,5,0
2021-01-25T23:59:59+01:00,1,2,861,696,1384,2066,1646,3478,2100,5366,2522,4299,1201,1204,1174,2055,870,3472,0,0,27,12,57,85,99,154,117,309,173,240,103,81,96,179,90,406,34388,2228,5,0,0,0,0,4,0
2021-01-24T23:59:59+01:00,1,2,858,695,1378,2055,1641,3461,2092,5341,2510,4267,1197,1196,1169,2048,869,3466,0,0,27,12,57,85,98,153,117,309,173,239,103,81,96,179,90,405,34238,2224,5,0,0,0,0,3,0
2021-01-23T23:59:59+01:00,1,2,858,695,1378,2055,1640,3461,2092,5341,2510,4267,1197,1196,1169,2048,869,3466,0,0,27,12,57,85,98,153,117,309,172,239,103,81,96,179,90,405,34238,2223,4,0,0,0,0,3,0
2021-01-22T23:59:59+01:00,1,2,857,685,1364,2032,1625,3437,2079,5307,2494,4247,1195,1191,1168,2025,868,3432,0,0,27,12,57,85,98,153,117,309,171,239,103,81,96,179,90,405,34002,2222,4,0,0,0,0,3,0
2021-01-21T23:59:59+01:00,1,2,825,649,1287,1877,1524,3244,1983,5035,2384,4047,1154,1131,1139,1955,830,3311,0,0,25,11,53,80,90,144,107,280,157,216,89,72,85,155,74,345,32374,1983,3,0,0,0,0,1,0
2021-01-20T23:59:59+01:00,1,2,626,551,1093,1660,1386,2971,1806,4629,2179,3706,1025,1012,1009,1714,753,3007,0,0,23,11,52,76,87,143,99,267,146,197,78,65,79,130,62,307,29126,1822,3,0,0,0,0,1,0
2021-01-19T23:59:59+01:00,1,2,341,407,844,1404,1182,2623,1570,4100,1915,3257,850,842,838,1425,631,2565,0,0,19,8,37,53,58,78,73,180,103,134,58,50,51,96,47,238,24794,1283,2,0,0,0,0,1,0
2021-01-18T23:59:59+01:00,1,2,300,371,731,1215,1064,2369,1377,3599,1674,2876,709,690,677,1169,527,2120,0,0,8,4,12,18,20,26,24,52,25,47,13,11,13,33,11,72,21469,389,1,0,0,0,0,1,0
2021-01-17T23:59:59+01:00,1,2,258,319,664,1119,984,2198,1279,3326,1560,2664,663,660,648,1109,499,2052,0,0,0,0,1,0,3,2,2,1,2,2,1,4,1,0,0,1,20004,20,1,0,0,0,0,0,0
2021-01-16T23:59:59+01:00,1,2,241,289,648,1083,960,2136,1237,3215,1509,2590,647,642,640,1109,499,2051,0,0,0,0,0,0,1,2,1,1,1,2,0,1,1,0,0,1,19498,11,1,0,0,0,0,0,0
2021-01-15T23:59:59+01:00,1,2,225,255,618,1031,933,2058,1203,3097,1457,2493,616,616,633,1088,492,2039,0,0,0,0,0,0,0,0,0,0,0,0,0,0,0,0,0,0,18857,0,0,0,0,0,0,0,0
2021-01-14T23:59:59+01:00,1,2,195,206,557,908,844,1913,1108,2875,1342,2308,572,572,593,1042,485,1993,0,0,0,0,0,0,0,0,0,0,0,0,0,0,0,0,0,0,17516,0,0,0,0,0,0,0,0
2021-01-13T23:59:59+01:00,1,2,166,185,508,836,771,1787,1009,2638,1187,2083,456,453,451,824,369,1552,0,0,0,0,0,0,0,0,0,0,0,0,0,0,0,0,0,0,15278,0,0,0,0,0,0,0,0
2021-01-12T23:59:59+01:00,1,2,142,164,477,767,719,1632,920,2435,1079,1851,366,344,351,591,270,1115,0,0,0,0,0,0,0,0,0,0,0,0,0,0,0,0,0,0,13226,0,0,0,0,0,0,0,0
2021-01-11T23:59:59+01:00,0,1,113,127,401,637,629,1378,757,1977,847,1462,228,203,201,357,153,673,0,0,0,0,0,0,0,0,0,0,0,0,0,0,0,0,0,0,10144,0,0,0,0,0,0,0,0
2021-01-10T23:59:59+01:00,0,1,87,92,310,458,473,1000,548,1449,623,1065,190,179,184,344,147,659,0,0,0,0,0,0,0,0,0,0,0,0,0,0,0,0,0,0,7809,0,0,0,0,0,0,0,0
2021-01-09T23:59:59+01:00,0,1,77,84,263,396,402,867,481,1232,547,908,183,169,179,339,147,657,0,0,0,0,0,0,0,0,0,0,0,0,0,0,0,0,0,0,6932,0,0,0,0,0,0,0,0
2021-01-08T23:59:59+01:00,0,1,64,64,190,288,304,585,367,934,440,689,175,164,163,327,145,657,0,0,0,0,0,0,0,0,0,0,0,0,0,0,0,0,0,0,5557,0,0,0,0,0,0,0,0
2021-01-07T23:59:59+01:00,0,0,45,25,81,122,140,231,165,421,222,344,130,128,144,277,131,602,0,0,0,0,0,0,0,0,0,0,0,0,0,0,0,0,0,0,3208,0,0,0,0,0,0,0,0
2021-01-06T23:59:59+01:00,0,0,33,18,70,93,119,180,137,344,193,279,111,99,115,227,112,517,0,0,0,0,0,0,0,0,0,0,0,0,0,0,0,0,0,0,2647,0,0,0,0,0,0,0,0
2021-01-05T23:59:59+01:00,0,0,30,13,60,89,108,166,121,329,179,256,109,94,114,220,109,499,0,0,0,0,0,0,0,0,0,0,0,0,0,0,0,0,0,0,2496,0,0,0,0,0,0,0,0
2021-01-04T23:59:59+01:00,0,0,27,12,57,86,100,158,116,314,177,244,108,90,107,206,99,461,0,0,0,0,0,0,0,0,0,0,0,0,0,0,0,0,0,0,2362,0,0,0,0,0,0,0,0
2021-01-03T23:59:59+01:00,0,0,27,12,57,86,100,158,116,314,177,244,108,90,106,205,99,461,0,0,0,0,0,0,0,0,0,0,0,0,0,0,0,0,0,0,2360,0,0,0,0,0,0,0,0
2021-01-02T23:59:59+01:00,0,0,27,12,57,86,100,158,116,314,176,244,108,90,106,205,99,461,0,0,0,0,0,0,0,0,0,0,0,0,0,0,0,0,0,0,2359,0,0,0,0,0,0,0,0
2021-01-01T23:59:59+01:00,0,0,27,12,57,86,100,158,116,314,174,243,108,90,106,205,99,461,0,0,0,0,0,0,0,0,0,0,0,0,0,0,0,0,0,0,2356,0,0,0,0,0,0,0,0
2020-12-31T23:59:59+01:00,0,0,27,12,57,86,100,158,116,314,174,243,108,90,106,205,99,461,0,0,0,0,0,0,0,0,0,0,0,0,0,0,0,0,0,0,2356,0,0,0,0,0,0,0,0
2020-12-30T23:59:59+01:00,0,0,26,12,57,85,99,155,116,313,174,243,108,90,106,205,99,461,0,0,0,0,0,0,0,0,0,0,0,0,0,0,0,0,0,0,2349,0,0,0,0,0,0,0,0
2020-12-29T23:59:59+01:00,0,0,20,9,42,60,76,91,86,218,128,191,83,77,77,171,80,373,0,0,0,0,0,0,0,0,0,0,0,0,0,0,0,0,0,0,1782,0,0,0,0,0,0,0,0
2020-12-28T23:59:59+01:00,0,0,9,6,18,30,31,45,40,113,53,103,36,42,39,98,43,211,0,0,0,0,0,0,0,0,0,0,0,0,0,0,0,0,0,0,917,0,0,0,0,0,0,0,0
2020-12-27T23:59:59+01:00,0,0,2,2,4,5,7,11,10,24,6,23,6,7,7,25,5,56,0,0,0,0,0,0,0,0,0,0,0,0,0,0,0,0,0,0,200,0,0,0,0,0,0,0,0
