Datum,<15_1_m,<15_1_w,15-24_1_m,15-24_1_w,25-34_1_m,25-34_1_w,35-44_1_m,35-44_1_w,45-54_1_m,45-54_1_w,55-64_1_m,55-64_1_w,65-74_1_m,65-74_1_w,75-84_1_m,75-84_1_w,>84_1_m,>84_1_w,<15_2_m,<15_2_w,15-24_2_m,15-24_2_w,25-34_2_m,25-34_2_w,35-44_2_m,35-44_2_w,45-54_2_m,45-54_2_w,55-64_2_m,55-64_2_w,65-74_2_m,65-74_2_w,75-84_2_m,75-84_2_w,>84_2_m,>84_2_w,bp_1,bp_2,mo_1,mo_2,az_1,az_2,ja,unb_1,unb_2
2021-11-09T23:59:59+01:00,12361,11557,64271,59797,70785,65947,78855,79398,99678,101179,109952,108470,74757,81145,52427,64363,15179,26212,10361,9651,58093,54656,64946,60455,73575,74155,94399,95946,105584,104541,72991,79140,51238,62891,14685,25193,869882,815768,72300,68971,182737,176231,51474,44,56
2021-11-08T23:59:59+01:00,12304,11504,64074,59686,70607,65801,78709,79277,99555,101071,109876,108404,74732,81112,52413,64336,15176,26200,10330,9628,58016,54593,64890,60374,73504,74085,94338,95887,105540,104496,72970,79117,51223,62868,14682,25184,868540,815095,72225,68946,182730,176226,51402,44,56
2021-11-07T23:59:59+01:00,12230,11431,63830,59512,70356,65589,78484,79114,99383,100935,109762,108305,74699,81059,52394,64318,15172,26188,10296,9585,57919,54534,64811,60293,73424,74021,94266,95826,105489,104445,72955,79096,51210,62848,14680,25177,866666,814374,72125,68920,182722,176217,51308,44,56
2021-11-06T23:59:59+01:00,12132,11344,63643,59311,70126,65363,78311,78969,99219,100780,109658,108218,74684,81035,52383,64309,15170,26185,10281,9575,57868,54500,64771,60244,73400,73994,94238,95798,105469,104423,72944,79084,51206,62844,14679,25175,864802,814023,72097,68919,182721,176215,51280,44,56
2021-11-05T23:59:59+01:00,12012,11237,63425,59121,69886,65132,78101,78780,99068,100627,109559,108126,74655,81009,52377,64300,15169,26183,10242,9532,57787,54452,64714,60186,73353,73952,94200,95749,105432,104388,72930,79066,51198,62836,14679,25173,862943,813484,71926,68878,182718,176212,51239,44,56
2021-11-04T23:59:59+01:00,11922,11143,63195,58929,69607,64894,77899,78580,98880,100469,109433,108010,74615,80977,52366,64282,15164,26161,10183,9466,57662,54369,64631,60083,73266,73872,94132,95679,105373,104324,72903,79042,51177,62814,14671,25158,860975,812562,71761,68846,182714,176206,51135,44,56
2021-11-03T23:59:59+01:00,11840,11084,62977,58772,69382,64718,77710,78439,98725,100357,109329,107945,74592,80951,52352,64263,15160,26151,10122,9414,57549,54254,64520,59962,73174,73790,94047,95613,105317,104276,72875,79009,51157,62787,14665,25142,859371,811547,71679,68823,182713,176205,51042,44,56
2021-11-02T23:59:59+01:00,11762,11006,62756,58612,69093,64495,77487,78274,98536,100209,109205,107847,74569,80914,52337,64238,15154,26141,10062,9346,57397,54155,64409,59848,73072,73710,93956,95535,105262,104213,72840,78968,51149,62761,14657,25128,857455,810479,71596,68804,182711,176201,50928,44,56
2021-11-01T23:59:59+01:00,11670,10925,62483,58432,68835,64304,77284,78130,98369,100078,109096,107761,74538,80885,52321,64214,15147,26129,9994,9276,57267,54050,64278,59753,72982,73608,93883,95464,105201,104160,72803,78935,51136,62729,14649,25107,855615,809442,71530,68757,182690,176198,50822,43,56
2021-10-31T23:59:59+01:00,11659,10913,62450,58416,68811,64283,77259,78106,98351,100068,109084,107754,74536,80885,52321,64214,15147,26128,9977,9258,57248,54036,64266,59737,72971,73595,93879,95459,105196,104156,72803,78933,51136,62728,14648,25107,855438,809329,71516,68751,182688,176198,50799,43,56
2021-10-30T23:59:59+02:00,11653,10909,62434,58398,68785,64266,77241,78087,98336,100056,109078,107752,74534,80885,52321,64214,15146,26127,9974,9258,57234,54027,64259,59734,72960,73586,93873,95453,105193,104155,72803,78932,51135,62728,14648,25106,855306,809281,71507,68746,182688,176198,50777,43,56
2021-10-29T23:59:59+02:00,11587,10850,62246,58278,68575,64117,77059,77964,98166,99930,108968,107692,74511,80871,52310,64198,15142,26119,9943,9232,57124,53946,64169,59657,72896,73524,93802,95408,105153,104132,72786,78915,51130,62716,14644,25100,853817,808636,71467,68718,182686,176198,50669,43,56
2021-10-28T23:59:59+02:00,11504,10778,62017,58124,68327,63921,76855,77809,97973,99773,108864,107607,74486,80828,52294,64185,15137,26111,9885,9181,56966,53796,64036,59545,72796,73427,93734,95332,105071,104063,72761,78883,51117,62703,14640,25090,852047,807579,71401,68688,182682,176184,50519,43,56
2021-10-27T23:59:59+02:00,11435,10694,61856,57972,68128,63767,76691,77685,97848,99674,108793,107551,74465,80796,52285,64166,15135,26095,9825,9124,56848,53681,63929,59446,72694,73341,93666,95268,105010,104029,72737,78852,51104,62680,14636,25075,850708,806630,71285,68665,182681,176176,50418,43,56
2021-10-26T23:59:59+02:00,11352,10595,61716,57817,67951,63606,76532,77578,97734,99573,108713,107492,74435,80762,52261,64131,15121,26070,9764,9049,56698,53564,63826,59331,72620,73273,93592,95203,104963,103984,72714,78828,51081,62652,14629,25066,849265,805651,71227,68639,182678,176166,50325,43,56
2021-10-25T23:59:59+02:00,11328,10575,61660,57767,67904,63569,76487,77536,97698,99552,108691,107474,74426,80751,52260,64126,15118,26069,9740,9026,56637,53522,63790,59302,72592,73236,93566,95184,104946,103967,72712,78823,51079,62648,14629,25064,848851,805307,71218,68634,182678,176166,50300,43,56
2021-10-24T23:59:59+02:00,11285,10535,61551,57690,67803,63480,76405,77462,97621,99506,108655,107445,74412,80737,52254,64124,15115,26068,9691,8986,56562,53443,63713,59220,72529,73187,93517,95130,104916,103928,72688,78807,51070,62638,14626,25062,848175,804693,71166,68622,182678,176157,50185,43,56
2021-10-23T23:59:59+02:00,11281,10532,61541,57677,67785,63464,76393,77448,97607,99498,108650,107440,74411,80736,52254,64124,15115,26068,9688,8984,56553,53431,63699,59212,72522,73173,93508,95123,104913,103924,72686,78805,51070,62636,14626,25061,848089,804626,71152,68614,182677,176156,50162,43,56
2021-10-22T23:59:59+02:00,11218,10484,61384,57564,67605,63331,76252,77328,97480,99397,108574,107391,74394,80716,52250,64116,15114,26063,9634,8936,56438,53334,63617,59132,72448,73101,93439,95068,104876,103897,72669,78787,51065,62626,14626,25061,846896,803891,71075,68583,182676,176154,50070,43,56
2021-10-21T23:59:59+02:00,11141,10405,61230,57443,67445,63207,76123,77203,97356,99305,108486,107324,74367,80687,52237,64089,15109,26054,9560,8832,56308,53199,63489,59003,72366,72998,93341,94985,104818,103847,72634,78752,51055,62602,14620,25055,845611,802759,71043,68559,182675,176152,49938,43,56
2021-10-20T23:59:59+02:00,11099,10355,61129,57343,67340,63103,76034,77116,97272,99245,108437,107286,74352,80668,52226,64079,15104,26047,9477,8772,56176,53059,63382,58899,72290,72884,93274,94927,104749,103792,72608,78720,51042,62577,14617,25045,844723,801681,71023,68534,182673,176149,49870,43,56
2021-10-19T23:59:59+02:00,11048,10306,61060,57272,67265,63022,75963,77051,97221,99207,108397,107252,74328,80651,52212,64055,15093,26030,9393,8685,56036,52946,63268,58787,72203,72792,93193,94828,104682,103722,72559,78674,51024,62540,14610,25025,844010,800450,71001,68510,182672,176147,49804,43,56
2021-10-18T23:59:59+02:00,11004,10261,60985,57201,67186,62956,75907,76993,97176,99155,108356,107207,74314,80632,52203,64030,15089,26014,9341,8635,55918,52801,63141,58651,72112,72693,93108,94729,104625,103665,72516,78636,50997,62512,14599,25008,843323,799249,70976,68495,182672,176136,49751,43,56
2021-10-17T23:59:59+02:00,10976,10235,60938,57163,67153,62921,75880,76969,97135,99116,108344,107183,74304,80620,52200,64018,15084,26008,9285,8588,55823,52721,63061,58558,72049,72608,93050,94673,104588,103623,72489,78605,50985,62484,14593,24990,842960,798431,70969,68471,182670,176115,49700,43,56
2021-10-16T23:59:59+02:00,10972,10231,60932,57159,67145,62913,75873,76965,97129,99114,108343,107180,74303,80620,52200,64017,15084,26008,9278,8583,55819,52707,63055,58552,72044,72604,93047,94668,104586,103619,72488,78603,50985,62484,14593,24990,842917,798384,70966,68463,182670,176115,49687,43,56
2021-10-15T23:59:59+02:00,10934,10185,60839,57096,67084,62850,75814,76904,97079,99062,108305,107157,74292,80605,52198,64015,15082,26006,9230,8534,55700,52588,62979,58479,71977,72531,92980,94609,104539,103576,72471,78585,50975,62467,14592,24986,842297,797564,70945,68417,182670,176114,49647,43,56
2021-10-14T23:59:59+02:00,10886,10123,60730,57001,67022,62754,75750,76831,97016,99003,108269,107109,74277,80586,52186,64001,15078,26000,9124,8451,55534,52455,62862,58349,71906,72434,92876,94518,104479,103507,72436,78552,50953,62433,14582,24973,841529,796322,70925,68392,182665,176100,49554,43,56
2021-10-13T23:59:59+02:00,10832,10082,60641,56919,66956,62663,75681,76765,96957,98965,108219,107068,74256,80565,52171,63983,15073,25990,9056,8390,55400,52325,62759,58222,71809,72337,92799,94432,104400,103432,72398,78519,50933,62399,14571,24953,840785,795140,70911,68380,182663,176080,49478,43,56
2021-10-12T23:59:59+02:00,10773,10030,60534,56835,66855,62582,75613,76709,96912,98913,108182,107033,74231,80541,52161,63970,15068,25981,8982,8328,55268,52173,62650,58103,71724,72230,92742,94348,104327,103365,72359,78471,50909,62368,14566,24934,839999,793947,70901,68359,182661,176072,49413,43,56
2021-10-11T23:59:59+02:00,10719,9981,60432,56772,66765,62483,75537,76640,96850,98858,108129,106989,74204,80511,52143,63942,15053,25959,8921,8272,55144,52044,62522,57970,71646,72121,92664,94272,104251,103298,72313,78427,50881,62333,14553,24912,839161,792764,70881,68340,182654,176063,49321,43,56
2021-10-10T23:59:59+02:00,10691,9955,60371,56730,66705,62440,75495,76596,96817,98826,108102,106969,74192,80500,52140,63936,15048,25949,8869,8230,55043,51926,62429,57846,71562,72036,92590,94188,104189,103246,72282,78397,50860,62311,14547,24900,838750,791778,70872,68330,182651,176049,49238,43,56
2021-10-09T23:59:59+02:00,10690,9952,60362,56722,66693,62433,75490,76590,96812,98817,108097,106967,74192,80496,52140,63936,15048,25948,8857,8222,55026,51910,62418,57830,71551,72027,92583,94182,104182,103242,72279,78396,50860,62311,14547,24900,838692,791672,70867,68324,182650,176046,49225,43,56
2021-10-08T23:59:59+02:00,10639,9902,60268,56626,66618,62355,75432,76523,96765,98772,108062,106940,74182,80488,52133,63924,15043,25947,8815,8171,54924,51819,62341,57766,71483,71961,92534,94128,104154,103209,72271,78385,50853,62305,14545,24898,838006,791005,70841,68292,182648,176036,49173,43,56
2021-10-07T23:59:59+02:00,10574,9835,60117,56516,66526,62258,75344,76425,96692,98717,107997,106885,74158,80466,52122,63912,15036,25940,8707,8077,54793,51675,62237,57637,71372,71852,92447,94036,104068,103145,72220,78348,50829,62280,14533,24887,837052,789770,70830,68259,182647,176019,49040,43,55
2021-10-06T23:59:59+02:00,10519,9794,59979,56423,66441,62178,75268,76364,96633,98672,107947,106839,74138,80441,52104,63889,15032,25924,8632,8007,54653,51512,62143,57502,71276,71746,92343,93949,103978,103062,72182,78305,50804,62245,14523,24873,836213,788494,70819,68252,182645,176003,48931,43,55
2021-10-05T23:59:59+02:00,10452,9722,59840,56301,66341,62080,75187,76291,96557,98609,107900,106785,74116,80414,52095,63860,15026,25913,8545,7928,54469,51342,62030,57357,71163,71629,92234,93846,103907,102991,72128,78260,50780,62206,14515,24860,835268,787122,70804,68223,182642,175992,48798,43,55
2021-10-04T23:59:59+02:00,10392,9669,59697,56182,66210,61966,75092,76203,96466,98532,107837,106735,74095,80383,52074,63825,15021,25895,8470,7867,54295,51157,61916,57204,71034,71498,92151,93740,103809,102904,72093,78205,50735,62167,14505,24840,834196,785672,70791,68216,182637,175974,48673,43,55
2021-10-03T23:59:59+02:00,10349,9630,59643,56097,66144,61914,75033,76165,96436,98501,107803,106695,74083,80365,52062,63809,15019,25888,8413,7824,54180,51044,61834,57111,70947,71397,92085,93666,103744,102818,72059,78176,50716,62134,14498,24836,833686,784706,70786,68211,182624,175947,48563,43,55
2021-10-02T23:59:59+02:00,10343,9628,59633,56082,66129,61903,75025,76151,96431,98496,107801,106692,74082,80365,52061,63807,15019,25888,8408,7820,54165,51033,61822,57102,70944,71387,92081,93663,103742,102809,72056,78176,50715,62132,14497,24836,833611,784634,70775,68204,182624,175946,48549,43,55
2021-10-01T23:59:59+02:00,10288,9572,59475,55982,66050,61814,74945,76084,96377,98443,107742,106657,74066,80342,52050,63794,15018,25884,8346,7758,54051,50924,61766,57037,70897,71339,92027,93608,103707,102776,72043,78169,50710,62120,14495,24831,832769,783970,70756,68177,182622,175944,48458,43,55
2021-09-30T23:59:59+02:00,10213,9486,59332,55831,65915,61682,74842,75993,96270,98351,107650,106591,74037,80304,52033,63769,15014,25868,8267,7683,53902,50792,61670,56928,70804,71256,91943,93522,103634,102711,72007,78125,50689,62086,14495,24820,831630,782964,70726,68154,182618,175933,48228,43,55
2021-09-29T23:59:59+02:00,10135,9429,59180,55698,65795,61564,74756,75897,96171,98260,107585,106534,73999,80259,52025,63741,15009,25857,8188,7597,53746,50639,61558,56790,70707,71149,91849,93429,103538,102643,71957,78081,50664,62035,14488,24810,830598,781770,70697,68125,182615,175914,48004,43,55
2021-09-28T23:59:59+02:00,10050,9347,59039,55546,65634,61424,74650,75811,96064,98173,107503,106468,73948,80217,52005,63713,15002,25841,8113,7528,53593,50487,61421,56673,70614,71033,91772,93350,103463,102564,71917,78043,50641,62002,14484,24799,829438,780710,70684,68106,182611,175905,47721,43,55
2021-09-27T23:59:59+02:00,9990,9295,58884,55386,65493,61296,74560,75707,95960,98068,107413,106415,73902,80173,51986,63686,14995,25821,8047,7461,53442,50359,61295,56539,70521,70927,91670,93254,103377,102512,71868,77996,50619,61966,14477,24780,828386,779718,70661,68090,182606,175858,47389,43,55
2021-09-26T23:59:59+02:00,9947,9254,58797,55299,65408,61210,74502,75631,95897,98011,107366,106378,73876,80148,51974,63661,14988,25808,7999,7419,53343,50248,61207,56458,70445,70837,91598,93178,103322,102480,71839,77968,50597,61942,14471,24768,827744,778970,70643,68082,182590,175822,47190,43,55
2021-09-25T23:59:59+02:00,9938,9242,58780,55279,65391,61199,74491,75622,95891,98003,107357,106374,73876,80147,51973,63660,14988,25808,7998,7408,53317,50239,61193,56438,70432,70829,91592,93172,103312,102478,71839,77966,50597,61939,14471,24768,827665,778892,70636,68078,182588,175821,47142,43,55
2021-09-24T23:59:59+02:00,9886,9186,58670,55155,65291,61099,74401,75529,95805,97930,107298,106333,73848,80125,51965,63650,14987,25798,7944,7352,53212,50132,61117,56363,70359,70758,91521,93111,103239,102428,71813,77948,50586,61923,14466,24758,826780,778103,70618,68070,182582,175815,46987,43,55
2021-09-23T23:59:59+02:00,9795,9094,58431,54966,65116,60941,74277,75383,95660,97793,107189,106222,73801,80088,51945,63610,14975,25780,7878,7277,53033,49997,60998,56227,70244,70647,91403,93001,103146,102354,71779,77902,50568,61898,14453,24744,825364,777088,70565,68042,182578,175796,46568,43,55
2021-09-22T23:59:59+02:00,9711,9034,58243,54817,64956,60797,74160,75259,95532,97693,107088,106164,73757,80040,51919,63566,14955,25752,7803,7213,52889,49846,60878,56107,70152,70550,91310,92893,103083,102301,71738,77853,50538,61861,14439,24730,824105,776096,70546,68018,182568,175782,46233,43,55
2021-09-21T23:59:59+02:00,9641,8946,58094,54662,64810,60650,74022,75124,95394,97575,106996,106072,73723,79981,51902,63541,14947,25730,7710,7128,52742,49686,60762,55976,70051,70444,91203,92789,102988,102208,71699,77808,50512,61820,14430,24705,822821,774921,70530,68006,182564,175775,45904,43,55
2021-09-20T23:59:59+02:00,9580,8885,57956,54521,64651,60516,73903,74974,95266,97484,106908,105979,73661,79937,51876,63505,14934,25710,7654,7072,52623,49551,60638,55859,69943,70337,91103,92699,102911,102133,71646,77764,50488,61771,14423,24687,821616,773946,70516,67989,182557,175746,45566,43,55
2021-09-19T23:59:59+02:00,9528,8845,57837,54435,64542,60400,73814,74870,95194,97384,106846,105907,73644,79912,51863,63486,14932,25699,7618,7031,52514,49436,60547,55746,69850,70243,91036,92627,102832,102064,71612,77730,50467,61740,14417,24681,820835,773171,70497,67974,182545,175721,45270,43,55
2021-09-18T23:59:59+02:00,9511,8828,57811,54405,64507,60369,73786,74846,95178,97361,106834,105886,73641,79911,51860,63483,14932,25698,7609,7018,52484,49401,60516,55722,69829,70223,91016,92611,102819,102044,71609,77727,50467,61739,14416,24679,820614,772979,70487,67965,182545,175720,45210,43,55
2021-09-17T23:59:59+02:00,9424,8749,57642,54256,64377,60241,73661,74727,95074,97257,106750,105814,73606,79879,51848,63465,14925,25691,7546,6957,52318,49290,60394,55611,69737,70133,90934,92531,102746,101987,71576,77690,50452,61709,14407,24672,819467,772035,70442,67946,182544,175713,44941,43,55
2021-09-16T23:59:59+02:00,9346,8674,57431,54104,64204,60055,73482,74558,94925,97123,106595,105703,73535,79821,51825,63423,14918,25676,7482,6893,52153,49165,60249,55486,69611,70019,90823,92428,102641,101906,71531,77642,50431,61672,14400,24659,818000,771068,70425,67927,182521,175681,44460,43,55
2021-09-15T23:59:59+02:00,9253,8593,57226,53883,64022,59852,73301,74378,94779,96969,106449,105570,73475,79754,51780,63372,14908,25655,7423,6834,51994,48999,60121,55349,69485,69916,90721,92348,102535,101818,71485,77583,50397,61634,14390,24648,816242,769984,70406,67910,182517,175670,44061,43,55
2021-09-14T23:59:59+02:00,9145,8487,57036,53650,63844,59665,73155,74201,94647,96812,106325,105470,73401,79689,51750,63322,14892,25634,7348,6755,51823,48800,59967,55208,69363,69796,90612,92219,102441,101725,71434,77522,50369,61590,14382,24635,814486,768647,70394,67896,182496,175635,43756,42,55
2021-09-13T23:59:59+02:00,9083,8420,56820,53444,63688,59471,72997,74031,94498,96659,106190,105339,73348,79639,51712,63275,14872,25604,7302,6701,51657,48636,59840,55074,69281,69704,90494,92131,102346,101652,71390,77481,50341,61550,14372,24624,812800,767596,70383,67884,182481,175608,43433,42,55
2021-09-12T23:59:59+02:00,9037,8392,56699,53356,63598,59376,72920,73945,94424,96591,106128,105271,73320,79614,51698,63253,14867,25597,7255,6655,51525,48524,59738,54973,69205,69625,90418,92065,102274,101583,71354,77451,50326,61525,14367,24611,812079,766783,70366,67870,182464,175583,43184,42,54
2021-09-11T23:59:59+02:00,9031,8383,56682,53334,63580,59360,72907,73932,94417,96577,106123,105266,73319,79613,51698,63253,14867,25597,7248,6649,51505,48504,59718,54960,69189,69614,90408,92050,102272,101578,71349,77449,50326,61525,14367,24609,812001,766734,70358,67825,182461,175581,43126,42,54
2021-09-10T23:59:59+02:00,8959,8322,56522,53189,63466,59242,72800,73826,94299,96460,106047,105205,73282,79577,51683,63227,14863,25592,7216,6624,51378,48438,59654,54897,69128,69566,90343,91993,102235,101540,71328,77433,50317,61515,14363,24604,810885,766268,70326,67770,182455,175578,42902,42,54
2021-09-09T23:59:59+02:00,8888,8257,56324,52997,63300,59059,72642,73681,94150,96320,105923,105111,73223,79514,51652,63193,14859,25579,7150,6565,51192,48271,59500,54762,68994,69441,90224,91886,102121,101448,71285,77388,50289,61485,14357,24588,809528,765205,70305,67721,182436,175556,42410,41,54
2021-09-08T23:59:59+02:00,8802,8180,56145,52825,63148,58877,72497,73530,93990,96189,105829,105004,73158,79454,51623,63137,14854,25564,7075,6496,51015,48105,59375,54622,68869,69292,90098,91777,102036,101348,71230,77330,50265,61444,14353,24572,808129,764046,70279,67669,182400,175531,42002,41,54
2021-09-07T23:59:59+02:00,8715,8120,55981,52668,63030,58738,72380,73398,93886,96088,105724,104905,73107,79408,51597,63097,14846,25544,6997,6442,50846,47941,59243,54477,68744,69174,89993,91661,101936,101248,71182,77281,50243,61418,14348,24552,806880,762820,70273,67657,182397,175509,41686,41,54
2021-09-06T23:59:59+02:00,8653,8054,55834,52499,62892,58581,72272,73267,93783,95977,105643,104817,73055,79359,51565,63067,14835,25528,6931,6386,50697,47799,59104,54328,68629,69053,89911,91566,101839,101161,71133,77233,50221,61388,14341,24542,805661,761697,70247,67615,182365,175485,41411,41,54
2021-09-05T23:59:59+02:00,8623,8016,55766,52406,62830,58520,72224,73209,93736,95927,105615,104773,73034,79337,51555,63047,14828,25522,6882,6334,50606,47714,59040,54263,68567,68994,89865,91510,101798,101111,71113,77205,50208,61371,14335,24533,805140,761078,70238,67605,182343,175463,41249,41,54
2021-09-04T23:59:59+02:00,8616,8011,55746,52397,62821,58509,72216,73201,93729,95923,105612,104767,73033,79336,51555,63047,14828,25522,6878,6329,50592,47699,59024,54248,68562,68986,89857,91505,101794,101107,71112,77203,50207,61371,14335,24533,805079,761012,70235,67600,182342,175461,41215,41,54
2021-09-03T23:59:59+02:00,8550,7943,55613,52310,62749,58413,72138,73120,93651,95859,105542,104706,73003,79303,51536,63016,14821,25512,6819,6277,50476,47605,58945,54181,68503,68915,89796,91443,101730,101054,71084,77169,50186,61348,14332,24524,804160,760236,70228,67581,182335,175452,41064,41,54
2021-09-02T23:59:59+02:00,8455,7847,55424,52153,62625,58306,72044,72991,93530,95745,105437,104621,72946,79247,51504,62969,14810,25492,6724,6187,50252,47433,58799,54062,68400,68800,89663,91339,101613,100959,71027,77121,50162,61321,14324,24508,803027,759087,70184,67538,182321,175401,40614,41,54
2021-09-01T23:59:59+02:00,8379,7754,55272,52005,62494,58174,71955,72866,93437,95657,105359,104551,72908,79204,51481,62934,14803,25474,6638,6078,50077,47224,58674,53922,68320,68688,89561,91236,101508,100865,70988,77079,50137,61281,14317,24492,801915,757857,70160,67499,182307,175351,40324,41,54
2021-08-31T23:59:59+02:00,8271,7661,55111,51851,62388,58057,71877,72764,93350,95574,105274,104473,72867,79163,51459,62905,14793,25460,6523,5960,49871,47022,58555,53778,68206,68563,89464,91131,101399,100785,70942,77027,50117,61246,14305,24476,800833,756497,70152,67481,182298,175325,40013,41,54
2021-08-30T23:59:59+02:00,8195,7581,54935,51690,62276,57929,71762,72647,93226,95445,105156,104378,72817,79120,51442,62872,14772,25437,6426,5875,49673,46809,58430,53639,68107,68450,89347,91019,101285,100676,70892,76991,50090,61217,14291,24459,799649,755288,70112,67415,182266,175270,39649,41,54
2021-08-29T23:59:59+02:00,8153,7534,54844,51610,62217,57849,71695,72599,93172,95381,105108,104343,72797,79098,51427,62857,14766,25428,6372,5827,49555,46708,58342,53542,68037,68373,89291,90959,101224,100623,70867,76975,50076,61204,14285,24456,799115,754638,70110,67405,182256,175226,39393,41,54
2021-08-28T23:59:59+02:00,8135,7520,54806,51572,62186,57829,71668,72582,93154,95364,105094,104331,72792,79096,51425,62853,14766,25428,6366,5823,49517,46689,58316,53526,68016,68359,89271,90936,101217,100610,70861,76971,50074,61202,14285,24456,798907,754490,70109,67398,182254,175226,39327,41,54
2021-08-27T23:59:59+02:00,8050,7442,54624,51434,62073,57689,71571,72459,93031,95243,104983,104246,72747,79045,51402,62817,14754,25422,6331,5783,49392,46605,58236,53445,67934,68288,89191,90870,101160,100562,70826,76936,50060,61191,14283,24456,797589,753790,70104,67392,182242,175220,39093,41,54
2021-08-26T23:59:59+02:00,7986,7369,54469,51287,61955,57577,71473,72351,92926,95114,104876,104164,72705,78995,51379,62797,14749,25408,6281,5742,49229,46449,58117,53340,67837,68194,89085,90790,101091,100493,70785,76901,50036,61169,14278,24447,796544,752966,70094,67353,182232,175187,38704,41,54
2021-08-25T23:59:59+02:00,7922,7315,54324,51138,61843,57425,71364,72235,92819,95013,104775,104082,72649,78944,51351,62760,14736,25394,6212,5660,49033,46257,57991,53199,67717,68069,88969,90677,100992,100403,70728,76853,50010,61130,14272,24432,795539,751827,70068,67317,182221,175152,38254,41,54
2021-08-24T23:59:59+02:00,7810,7226,54183,50934,61717,57288,71257,72105,92702,94893,104670,103985,72596,78896,51316,62716,14728,25379,6130,5570,48814,46034,57853,53026,67608,67933,88867,90584,100900,100322,70690,76800,49985,61105,14268,24416,794132,750426,70051,67295,182211,175130,38000,41,54
2021-08-23T23:59:59+02:00,7748,7152,54007,50762,61588,57164,71143,71994,92575,94786,104571,103886,72544,78835,51282,62674,14721,25368,6070,5515,48630,45861,57734,52898,67501,67835,88762,90492,100813,100245,70650,76749,49957,61066,14264,24404,792932,749404,70021,67271,182196,175074,37643,41,54
2021-08-22T23:59:59+02:00,7720,7126,53924,50683,61535,57099,71104,71941,92532,94744,104526,103857,72524,78820,51273,62662,14720,25362,6032,5477,48511,45751,57643,52804,67426,67773,88691,90433,100769,100203,70620,76725,49942,61048,14261,24397,792504,748716,70013,67263,182176,175024,37449,41,54
2021-08-21T23:59:59+02:00,7714,7123,53899,50668,61517,57088,71088,71927,92519,94726,104516,103847,72519,78818,51273,62661,14720,25361,6028,5473,48492,45733,57623,52796,67407,67753,88673,90418,100759,100193,70618,76722,49942,61047,14261,24397,792433,748622,69971,67244,182172,175018,37397,41,54
2021-08-20T23:59:59+02:00,7683,7086,53807,50592,61443,57027,71017,71864,92454,94664,104463,103811,72494,78790,51261,62635,14711,25350,6005,5454,48400,45658,57549,52733,67339,67698,88616,90358,100699,100155,70595,76700,49936,61031,14252,24393,791888,748106,69899,67231,182169,174995,37185,41,54
2021-08-19T23:59:59+02:00,7617,7006,53675,50470,61293,56910,70899,71756,92340,94576,104367,103721,72445,78733,51232,62595,14702,25330,5978,5428,48266,45555,57430,52641,67247,67619,88526,90279,100601,100090,70562,76672,49916,61007,14248,24384,790847,747456,69863,67195,182152,174950,36794,41,54
2021-08-18T23:59:59+02:00,7542,6949,53532,50331,61166,56800,70788,71664,92231,94488,104265,103637,72386,78680,51197,62559,14692,25309,5944,5385,48149,45428,57311,52545,67157,67545,88410,90189,100525,100016,70517,76634,49896,60983,14241,24367,789845,746736,69833,67167,182141,174899,36386,41,54
2021-08-17T23:59:59+02:00,7459,6868,53369,50167,61061,56675,70672,71542,92126,94382,104157,103537,72335,78637,51169,62533,14684,25298,5894,5346,47955,45249,57181,52405,67034,67439,88279,90093,100415,99920,70461,76585,49871,60962,14234,24355,788764,745699,69811,67132,182136,174844,35949,41,54
2021-08-16T23:59:59+02:00,7386,6805,53240,50035,60965,56560,70571,71447,92033,94277,104064,103437,72292,78586,51139,62489,14676,25290,5870,5311,47815,45129,57074,52337,66938,67355,88181,90005,100331,99825,70418,76545,49847,60934,14227,24350,787891,745070,69763,67087,182121,174776,35506,41,53
2021-08-15T23:59:59+02:00,7337,6765,53162,49954,60896,56490,70505,71387,91974,94225,104009,103390,72257,78556,51131,62473,14672,25281,5849,5293,47710,45035,56982,52247,66868,67293,88102,89941,100275,99776,70381,76510,49832,60913,14222,24338,787416,744585,69750,67056,182107,174694,35180,41,52
2021-08-14T23:59:59+02:00,7315,6749,53089,49884,60846,56446,70469,71340,91937,94186,103970,103354,72236,78548,51122,62462,14670,25278,5773,5239,47473,44762,56815,52059,66714,67139,87967,89819,100160,99669,70332,76467,49821,60890,14218,24333,786931,742756,69743,67050,182107,174683,35109,41,52
2021-08-13T23:59:59+02:00,7274,6713,52978,49789,60762,56365,70417,71271,91861,94129,103920,103309,72213,78525,51110,62451,14668,25271,5545,5024,46968,44265,56574,51791,66485,66884,87694,89566,99964,99463,70245,76366,49782,60830,14212,24312,786174,739274,69739,67040,182107,174609,34995,41,52
2021-08-12T23:59:59+02:00,7243,6686,52879,49720,60704,56286,70342,71221,91791,94070,103859,103263,72179,78492,51096,62435,14666,25257,5325,4850,46472,43820,56300,51483,66226,66661,87438,89343,99624,99189,70135,76232,49728,60766,14201,24284,785740,736222,69713,67015,182091,174155,34634,41,51
2021-08-11T23:59:59+02:00,7177,6617,52712,49549,60574,56167,70258,71127,91682,93966,103758,103155,72119,78427,51064,62393,14659,25241,5049,4567,45794,43201,55927,51099,65966,66363,87143,89078,99288,98820,69995,76086,49668,60664,14189,24255,784562,732102,69692,66982,182082,173719,34298,41,51
2021-08-10T23:59:59+02:00,7100,6533,52514,49363,60427,56048,70151,71005,91557,93836,103635,103050,72066,78369,51033,62362,14651,25232,4826,4326,44839,42297,55257,50442,65471,65910,86681,88593,98796,98364,69790,75887,49568,60563,14168,24217,783201,725837,69683,66929,182074,173216,33962,41,51
2021-08-09T23:59:59+02:00,7056,6486,52403,49271,60350,55973,70094,70945,91488,93763,103563,102991,72023,78333,51027,62346,14647,25224,4586,4109,43833,41238,54541,49754,64997,65478,86234,88158,98280,97895,69602,75663,49478,60437,14140,24178,782634,719381,69613,66854,182062,172653,33662,41,51
2021-08-08T23:59:59+02:00,7010,6445,52338,49202,60311,55941,70056,70919,91431,93715,103510,102951,72003,78311,51013,62325,14641,25219,4571,4096,43778,41174,54481,49706,64931,65437,86162,88099,98213,97845,69577,75632,49457,60411,14132,24171,782347,719089,69606,66837,182048,172570,33326,41,51
2021-08-07T23:59:59+02:00,6971,6404,52227,49075,60230,55864,69998,70854,91362,93652,103460,102903,71986,78294,51004,62319,14641,25218,4258,3784,42811,40156,53927,49136,64496,65030,85788,87700,97893,97498,69434,75489,49401,60329,14115,24153,781555,712726,69602,66818,182048,172562,33243,41,49
2021-08-06T23:59:59+02:00,6928,6342,52093,48947,60156,55798,69932,70773,91282,93575,103400,102846,71962,78271,50993,62300,14639,25214,3950,3562,42127,39543,53682,48869,64272,64788,85551,87477,97664,97296,69350,75398,49359,60288,14109,24140,780682,709106,69597,66734,182047,172425,33111,41,49
2021-08-05T23:59:59+02:00,6817,6234,51837,48723,59980,55610,69790,70626,91120,93427,103258,102709,71901,78208,50965,62260,14626,25195,3757,3391,41292,38851,53163,48409,63901,64436,85092,87076,97041,96777,69163,75214,49293,60190,14090,24110,779056,704560,69544,66682,182012,171296,32659,41,49
2021-08-04T23:59:59+02:00,6728,6148,51641,48491,59834,55430,69680,70475,90985,93310,103139,102593,71840,78144,50939,62214,14615,25166,3383,3036,40448,38067,52792,48004,63582,64114,84720,86747,96628,96370,68999,75043,49216,60094,14074,24076,777650,699971,69508,66661,181998,170511,32201,41,49
2021-08-03T23:59:59+02:00,6655,6091,51471,48354,59709,55301,69588,70383,90885,93210,103042,102512,71786,78108,50919,62188,14607,25150,3254,2934,39449,37121,51993,47319,63038,63579,84201,86261,95914,95740,68756,74827,49124,59977,14053,24032,776611,693716,69499,66637,181991,169327,31843,41,49
2021-08-02T23:59:59+02:00,6607,6048,51335,48214,59618,55222,69504,70314,90831,93136,102962,102450,71747,78066,50898,62166,14600,25137,3085,2756,38176,35966,51031,46509,62324,62992,83595,85695,95113,95038,68504,74570,49036,59844,14033,23993,775911,686098,69451,66583,181963,168015,31515,41,49
2021-08-01T23:59:59+02:00,6565,5993,51165,48052,59465,55107,69411,70200,90723,93045,102874,102357,71705,78029,50876,62126,14595,25121,3061,2738,37991,35832,50872,46410,62193,62898,83417,85551,94660,94633,68387,74460,48997,59795,14022,23973,774861,685447,69422,66523,181945,166705,31166,41,49
2021-07-31T23:59:59+02:00,6522,5959,51070,47932,59410,55035,69362,70156,90683,93015,102847,102332,71694,78017,50868,62122,14595,25118,2657,2356,36382,34320,49964,45540,61657,62332,82913,85038,94180,94199,68200,74255,48918,59700,14004,23940,774249,676294,69418,66512,181945,166590,31110,41,49
2021-07-30T23:59:59+02:00,6486,5906,50920,47792,59325,54954,69293,70095,90610,92935,102791,102293,71677,77993,50859,62098,14592,25114,2381,2127,34927,32915,48993,44591,60925,61637,82226,84415,93498,93622,67965,74018,48813,59550,13985,23909,773482,666759,69393,66500,181939,166285,30904,41,49
2021-07-29T23:59:59+02:00,6371,5786,50489,47423,59106,54682,69103,69904,90422,92747,102628,102156,71602,77910,50826,62043,14577,25096,2304,2061,34194,32298,48369,44140,60518,61281,81800,84065,92725,92947,67769,73860,48749,59463,13965,23878,771159,662884,69339,66353,181896,164638,30462,41,49
2021-07-28T23:59:59+02:00,6299,5723,50234,47228,58973,54527,68975,69807,90291,92623,102520,102062,71546,77853,50799,62003,14568,25079,2280,2042,33867,32000,48045,43900,60285,61056,81619,83894,92487,92747,67695,73793,48715,59430,13952,23868,769839,661162,69303,66264,181869,164117,30084,41,48
2021-07-27T23:59:59+02:00,6246,5676,50073,47085,58830,54429,68881,69718,90189,92513,102415,101985,71501,77800,50769,61970,14560,25065,2138,1927,32398,30604,46769,42806,59451,60260,81014,83361,91463,91897,67419,73508,48627,59304,13920,23827,768929,652489,69276,66193,181845,162323,29640,41,48
2021-07-26T23:59:59+02:00,6223,5647,49954,46998,58732,54340,68802,69663,90101,92452,102349,101933,71460,77764,50747,61950,14554,25056,2004,1812,31027,29349,45446,41679,58346,59270,80302,82726,90295,90864,67109,73234,48537,59187,13896,23785,768393,643399,69209,66094,181807,160025,29302,40,48
2021-07-25T23:59:59+02:00,6203,5630,49841,46893,58643,54273,68737,69604,90036,92396,102287,101884,71427,77728,50728,61927,14551,25046,1988,1804,30816,29191,45174,41479,58083,59035,80028,82515,89329,90008,66902,73060,48468,59114,13884,23761,767979,642188,69197,65971,181781,157568,28864,39,48
2021-07-24T23:59:59+02:00,6168,5601,49721,46803,58574,54211,68689,69547,89990,92351,102246,101843,71422,77721,50725,61924,14550,25042,1730,1585,29224,27605,44029,40393,57385,58319,79411,81937,88683,89440,66722,72869,48397,59012,13870,23737,767371,632134,69187,65953,181773,157429,28784,39,48
2021-07-23T23:59:59+02:00,6083,5514,49545,46626,58479,54106,68579,69443,89885,92247,102156,101747,71386,77665,50704,61893,14546,25036,1502,1366,27527,26086,42772,39301,56450,57429,78720,81316,87975,88776,66452,72595,48318,58911,13849,23707,765991,621561,69183,65787,181754,156957,28699,39,48
2021-07-22T23:59:59+02:00,5943,5400,49250,46339,58282,53902,68408,69275,89699,92095,102000,101613,71319,77582,50662,61842,14535,25017,1418,1311,26706,25262,41863,38491,55508,56598,77974,80687,86308,87266,66077,72194,48207,58781,13818,23655,764053,613069,69138,65282,181721,155487,28238,39,48
2021-07-21T23:59:59+02:00,5667,5117,48715,45811,57978,53587,68178,68994,89421,91848,101732,101346,71192,77451,50603,61777,14526,24991,1386,1285,26451,25038,41440,38207,55062,56205,77600,80403,85500,86661,65909,72066,48152,58715,13800,23630,760443,611081,69112,65002,181699,153712,27667,39,48
2021-07-20T23:59:59+02:00,5590,5043,48432,45532,57806,53377,68003,68846,89241,91693,101566,101202,71116,77383,50564,61730,14517,24963,1295,1200,25272,23891,40148,37170,53721,55001,76692,79626,84133,85315,65602,71724,48044,58578,13772,23584,758760,600677,69105,64841,181654,152130,27072,39,48
2021-07-19T23:59:59+02:00,5510,4957,48106,45207,57583,53169,67836,68643,89054,91513,101418,101041,71043,77301,50521,61679,14508,24934,1215,1138,24444,23051,38835,36047,51988,53501,75422,78567,83018,84333,65307,71468,47944,58460,13747,23544,756956,590618,69096,64693,181626,150338,26332,39,48
2021-07-18T23:59:59+02:00,5502,4956,48031,45148,57486,53088,67764,68569,88960,91446,101345,100976,71006,77260,50496,61647,14506,24922,1200,1132,24301,22950,38562,35822,51653,53210,75170,78370,82113,83564,65114,71289,47888,58388,13742,23522,756673,589543,69072,64530,181586,148105,25764,39,48
2021-07-17T23:59:59+02:00,5475,4919,47932,45071,57412,53028,67701,68512,88900,91384,101300,100957,70997,77245,50491,61640,14506,24921,1006,944,22917,21492,37178,34522,50409,52016,74563,77813,81478,82967,64984,71141,47821,58326,13733,23502,756107,578669,69067,64503,181577,147965,25627,39,48
2021-07-16T23:59:59+02:00,5373,4840,47690,44839,57285,52921,67583,68399,88762,91287,101192,100853,70951,77194,50468,61621,14500,24915,809,782,21663,20254,35884,33278,48952,50695,73553,76878,80777,82306,64764,70918,47739,58225,13714,23470,754646,567033,69065,64439,181570,147762,25379,39,48
2021-07-15T23:59:59+02:00,5231,4711,47291,44517,57075,52726,67388,68215,88548,91087,101004,100684,70854,77092,50419,61547,14491,24886,750,739,21057,19752,34950,32576,47713,49747,72368,75959,78624,80173,64165,70320,47596,58046,13695,23407,752583,557668,69047,63408,181524,145919,24594,39,48
2021-07-14T23:59:59+02:00,4858,4387,46700,43941,56841,52459,67184,68011,88333,90843,100787,100487,70746,76982,50351,61464,14479,24862,734,723,20850,19607,34685,32415,47340,49444,71834,75568,77957,79637,63841,70043,47513,57963,13672,23373,749133,555856,69029,63219,181472,144015,24063,39,46
2021-07-13T23:59:59+02:00,4767,4307,46501,43788,56676,52300,67021,67865,88175,90716,100641,100360,70673,76920,50314,61417,14475,24846,705,684,20288,19072,33658,31594,45716,47988,70071,73903,76349,78075,63465,69651,47384,57791,13643,23321,747772,544914,69012,62443,181398,142393,23562,39,46
2021-07-12T23:59:59+02:00,4702,4229,46314,43596,56525,52158,66866,67738,88003,90577,100484,100220,70597,76832,50276,61361,14468,24828,681,663,19813,18640,32873,30972,44051,46531,67690,71829,74455,76570,62933,69063,47239,57629,13615,23270,746501,533807,68988,61874,181297,139820,22970,39,46
2021-07-11T23:59:59+02:00,4697,4226,46243,43543,56461,52108,66814,67699,87940,90524,100412,100160,70559,76789,50266,61346,14465,24814,673,658,19603,18495,32521,30726,43601,46153,67228,71469,73675,75872,62531,68683,47168,57539,13599,23237,746349,532003,68977,61549,181231,137343,22490,39,46
2021-07-10T23:59:59+02:00,4571,4090,45957,43235,56276,51910,66665,67523,87806,90384,100310,100054,70504,76732,50245,61320,14462,24805,641,626,19039,17946,31573,29866,41848,44573,65743,70186,73039,75252,62364,68532,47115,57487,13592,23223,744249,521380,68971,61533,181219,137295,22391,39,46
2021-07-09T23:59:59+02:00,4442,3972,45685,42982,56109,51714,66503,67357,87654,90219,100176,99949,70451,76659,50208,61279,14457,24793,594,577,18449,17374,30603,28902,39893,42643,63448,68060,71878,74111,62090,68207,47039,57362,13574,23198,742193,507688,68957,61152,181213,136889,22227,39,46
2021-07-08T23:59:59+02:00,4413,3946,45542,42867,55984,51594,66372,67256,87528,90097,100056,99852,70396,76607,50187,61241,14446,24779,547,533,17510,16571,29202,27866,38175,41187,61317,66237,68515,70956,61190,67234,46793,57018,13529,23102,741459,492419,68897,59073,181143,134305,21639,39,46
2021-07-07T23:59:59+02:00,4401,3940,45475,42823,55899,51538,66286,67211,87473,90057,100013,99801,70380,76584,50178,61223,14442,24769,469,480,16551,15718,27809,26852,36647,39952,59694,64778,65284,67477,60173,66190,46555,56697,13479,23029,741146,477110,68848,57156,181091,132153,21369,39,46
2021-07-06T23:59:59+02:00,4349,3892,45330,42692,55769,51398,66182,67102,87366,89965,99932,99716,70342,76525,50160,61196,14439,24755,402,416,15780,14980,26729,25942,34796,38238,56291,61752,62628,65014,59417,65400,46281,56363,13439,22926,740013,459202,68827,56330,181033,130017,21199,38,46
2021-07-05T23:59:59+02:00,4286,3847,45148,42516,55615,51295,66059,66991,87246,89871,99847,99618,70279,76461,50138,61168,14436,24740,368,364,15119,14359,25779,25127,33562,37103,53192,58776,59852,62549,58577,64588,46027,56051,13394,22848,738818,443114,68784,55981,180953,127526,20968,38,46
2021-07-04T23:59:59+02:00,4277,3841,45100,42482,55547,51260,66014,66963,87207,89839,99815,99591,70255,76440,50132,61153,14430,24729,349,344,14915,14154,25337,24767,32962,36575,52527,58247,58864,61686,57911,63955,45843,55847,13375,22799,738616,439025,68751,55779,180884,124821,20786,38,46
2021-07-03T23:59:59+02:00,4058,3662,44568,41920,55230,50884,65716,66683,86960,89578,99614,99395,70182,76368,50109,61107,14426,24717,331,328,14629,13831,24982,24412,31982,35654,50781,56698,57996,60950,57737,63757,45775,55762,13363,22774,734808,430441,68733,55761,180878,124774,20720,38,46
2021-07-02T23:59:59+02:00,3748,3376,43915,41325,54904,50545,65429,66378,86686,89326,99378,99169,70079,76255,50057,61037,14420,24700,304,291,14212,13385,24284,23800,30822,34587,48147,54528,55858,59160,57342,63326,45615,55603,13347,22736,730466,417916,68714,54710,180865,124043,20645,37,33
2021-07-01T23:59:59+02:00,3610,3266,43560,40976,54702,50369,65269,66214,86531,89184,99224,99048,70010,76187,50026,61003,14412,24685,261,250,13521,12702,22979,22718,29144,33072,46128,52783,53363,56879,55916,61752,45121,54987,13274,22608,728324,404371,68649,52396,180815,120208,20451,37,32
2021-06-30T23:59:59+02:00,3599,3249,43296,40780,54518,50233,65150,66116,86439,89117,99153,98997,69983,76163,50014,60981,14408,24674,199,211,12779,12100,21812,21818,27555,31702,44272,51068,49724,52915,54585,60416,44766,54548,13218,22480,727175,388611,68597,50489,180795,116769,20267,36,32
2021-06-29T23:59:59+02:00,3383,3029,42376,39949,53907,49627,64711,65684,86025,88664,98804,98670,69858,76014,49957,60910,14388,24644,170,159,12177,11500,21010,21047,26187,30493,41648,48653,47853,51368,53616,59305,44358,54010,13124,22327,721184,376567,68543,48965,180779,113384,20058,36,31
2021-06-28T23:59:59+02:00,3165,2849,41421,38956,53239,48973,64245,65292,85642,88272,98470,98326,69718,75854,49892,60810,14370,24620,127,127,11674,11050,20349,20459,25218,29595,39552,46708,46227,50000,52511,58259,43996,53504,13044,22205,715018,367076,68431,47927,180768,109710,19861,36,31
2021-06-27T23:59:59+02:00,3160,2846,41384,38921,53193,48934,64206,65256,85590,88237,98418,98298,69699,75841,49883,60796,14365,24617,109,110,11480,10856,20026,20144,24640,29031,38528,45855,45060,48906,51479,57246,43561,52996,12962,22062,714801,362473,68401,47484,180732,105389,19674,36,31
2021-06-26T23:59:59+02:00,2678,2372,39991,37558,52472,48191,63654,64692,85103,87716,97993,97865,69508,75666,49810,60692,14346,24594,99,99,11365,10754,19856,19988,24440,28814,38049,45417,44692,48554,51365,57101,43515,52948,12957,22047,706098,359516,68372,47479,180732,105371,19663,36,31
2021-06-25T23:59:59+02:00,2273,2037,39143,36749,52120,47833,63330,64367,84823,87405,97743,97599,69404,75549,49763,60630,14332,24572,75,81,11064,10443,19473,19561,23910,28190,35365,43111,42507,46640,51026,56722,43416,52817,12933,22016,701045,347938,68235,47033,180725,104717,19631,36,31
2021-06-24T23:59:59+02:00,2219,1984,38655,36290,51770,47505,63111,64156,84589,87210,97556,97442,69322,75483,49728,60584,14326,24557,62,58,10467,9859,18413,18674,22486,26934,33265,41271,40076,44346,49543,55070,42847,52116,12816,21813,698097,335043,68206,44434,180704,101164,19444,36,31
2021-06-23T23:59:59+02:00,2206,1960,38425,36064,51606,47334,62994,64045,84489,87115,97479,97358,69291,75452,49708,60563,14322,24546,35,32,10013,9427,17786,18115,21554,26075,31332,39635,36111,39879,48247,53705,42461,51609,12735,21647,696862,319507,68172,43808,180688,97851,19201,34,31
2021-06-22T23:59:59+02:00,2127,1899,37440,35135,50853,46661,62512,63598,84115,86705,97114,97046,69142,75309,49641,60482,14309,24513,13,17,9545,8997,16914,17425,20328,24997,28204,36872,33810,37999,47290,52732,42053,51050,12595,21412,690722,307332,68126,41068,180676,94780,19043,34,30
2021-06-21T23:59:59+02:00,1980,1760,36090,33920,49831,45794,61791,62935,83616,86233,96674,96639,68973,75138,49575,60387,14298,24478,9,10,9227,8701,16453,17062,19703,24515,26458,35307,32271,36706,46237,51651,41600,50500,12489,21220,682771,299967,68092,40427,180661,91140,18555,33,30
2021-06-20T23:59:59+02:00,1969,1751,36002,33867,49686,45671,61650,62797,83536,86172,96601,96578,68939,75110,49560,60369,14298,24467,8,9,9079,8598,16234,16892,19387,24257,25642,34654,31329,35753,46042,51448,41569,50448,12480,21200,682119,296179,68050,39834,180643,90808,18178,33,30
2021-06-19T23:59:59+02:00,1601,1451,34388,32320,48785,44850,61162,62292,83065,85697,96195,96226,68791,74944,49495,60288,14283,24443,7,8,9039,8524,16131,16769,19268,24104,25537,34495,31200,35610,45946,51352,41551,50423,12476,21190,673418,294840,68031,39831,180636,90771,18158,33,30
2021-06-18T23:59:59+02:00,1405,1278,32745,30737,47582,43664,60222,61372,82260,84948,95583,95648,68572,74722,49406,60150,14267,24413,7,8,8964,8439,15972,16613,19078,23910,25284,34254,30915,35291,45651,51005,41466,50346,12463,21176,662303,292641,67897,39714,180635,90351,18106,33,30
2021-06-17T23:59:59+02:00,1330,1220,31824,29900,46717,42956,59416,60522,81517,84300,95173,95265,68430,74578,49364,60073,14253,24384,7,8,8423,8073,15281,16057,18248,23083,24180,33128,29436,33930,44325,49500,40981,49735,12343,20987,655381,283697,67780,38886,180604,87688,17424,33,30
2021-06-16T23:59:59+02:00,1247,1156,31135,29202,45914,42207,58492,59643,80738,83529,94750,94885,68295,74418,49307,59981,14233,24358,7,8,7935,7749,14668,15541,17470,22355,23038,32171,28256,32819,42426,47381,40433,49156,12236,20802,648315,273944,67653,38287,180586,85287,16903,33,30
2021-06-15T23:59:59+02:00,1105,1037,29243,27424,44166,40687,56900,58009,79349,82211,93991,94214,68008,74125,49194,59824,14200,24293,7,6,7761,7622,14359,15301,17106,22053,22517,31784,27722,32390,41489,46363,40047,48730,12112,20581,633377,270865,67604,37780,180548,82857,16418,33,30
2021-06-14T23:59:59+02:00,1012,923,27696,25957,42562,39170,55244,56358,78249,81099,93298,93586,67758,73883,49100,59702,14180,24248,6,5,7578,7449,13982,14964,16576,21607,21824,31200,27043,31795,41105,45940,39663,48277,11981,20375,620142,268178,67548,37364,180519,80018,15783,33,27
2021-06-13T23:59:59+02:00,988,898,27494,25778,42178,38833,54697,55836,77903,80790,93105,93396,67668,73803,49063,59644,14165,24223,6,5,7437,7281,13710,14669,16187,21208,21395,30707,26504,31292,40707,45535,39198,47711,11803,20089,617431,266083,67407,37293,180491,76941,15100,33,27
2021-06-12T23:59:59+02:00,859,784,25984,24192,41023,37755,54023,55101,77373,80295,92555,92871,67513,73626,48994,59567,14152,24202,6,5,7391,7231,13585,14559,16055,21095,21211,30560,26385,31190,40690,45518,39188,47700,11803,20088,607912,265297,67401,37291,180485,76607,15038,33,27
2021-06-11T23:59:59+02:00,746,675,24370,22673,39676,36565,52795,53891,76404,79443,91982,92295,67279,73391,48932,59459,14133,24167,6,5,7336,7143,13413,14371,15837,20899,20938,30300,26112,30933,40384,45142,39103,47585,11785,20059,596167,263398,67321,37146,180476,75901,14879,33,27
2021-06-10T23:59:59+02:00,645,585,23373,21667,38457,35386,51189,52386,75085,78247,90376,90750,66924,72995,48806,59285,14108,24112,6,5,7054,6919,12886,13934,15198,20326,20174,29545,25320,30256,39678,44280,38751,47167,11671,19874,583274,259924,66837,37112,180424,72173,13808,33,27
2021-06-09T23:59:59+02:00,575,536,22922,21282,37797,34864,50082,51341,73840,77054,89785,90245,66797,72850,48755,59200,14093,24082,6,5,6783,6611,12295,13334,14412,19513,19255,28521,24335,29093,37111,41359,38186,46523,11523,19635,576113,249603,66376,37039,180386,68639,13192,33,27
2021-06-08T23:59:59+02:00,469,425,21402,19831,36194,33500,47971,49381,71702,75115,88310,88764,66482,72465,48619,59039,14061,24038,6,5,6652,6441,11909,12960,13928,19025,18652,27920,23778,28555,36825,41104,37894,46156,11415,19478,558754,247943,66098,36961,180354,65243,12529,33,27
2021-06-07T23:59:59+02:00,354,331,20398,18860,34650,32167,45695,47359,69566,73234,87332,87916,66258,72199,48545,58904,14041,24001,6,5,6498,6278,11484,12606,13384,18542,17924,27332,23143,27959,36505,40800,37475,45675,11302,19279,543570,245949,65926,36891,180301,61350,11980,33,27
2021-06-06T23:59:59+02:00,331,310,20219,18713,34256,31884,45087,46786,68946,72749,87120,87751,66202,72138,48533,58878,14035,23989,6,5,6366,6105,11158,12192,12953,17969,17285,26522,22446,27149,36036,40326,36993,45124,11147,19011,540450,243498,65599,36841,180258,56841,11587,33,26
2021-06-05T23:59:59+02:00,259,245,18977,17452,32934,30673,43864,45614,68372,72232,86587,87241,66111,72036,48485,58830,14028,23977,6,5,6315,6025,11055,12027,12825,17790,17113,26312,22275,26960,35971,40249,36971,45100,11145,19006,530480,242890,65599,36428,180239,56240,11566,33,26
2021-06-04T23:59:59+02:00,178,175,17786,16302,31627,29383,42312,44115,67030,70916,85780,86488,65924,71823,48409,58738,14012,23948,6,5,6212,5885,10878,11815,12611,17534,16758,25927,21754,26521,35082,39392,36655,44800,11128,18984,517655,241043,65532,36101,180232,53284,11494,33,25
2021-06-03T23:59:59+02:00,123,122,17146,15729,30642,28554,40853,42819,65256,69384,83529,84204,65499,71370,48281,58576,13994,23910,6,5,6042,5674,10568,11457,12293,17066,16307,25266,21202,25940,34418,38601,36479,44596,11095,18934,503865,238703,64834,35713,180194,50444,11065,33,24
2021-06-02T23:59:59+02:00,94,79,16804,15420,30329,28288,40186,42198,63666,67990,82590,83402,65358,71206,48221,58494,13991,23895,6,4,5924,5582,10390,11298,12064,16849,16011,24959,20856,25546,31170,34973,36251,44374,11066,18881,496354,229995,64831,35381,180193,50004,10800,33,24
2021-06-01T23:59:59+02:00,38,44,16014,14752,28832,27183,37819,40134,60096,64805,80160,81080,65007,70842,48093,58305,13957,23841,6,4,5651,5305,9864,10867,11525,16253,15341,24163,20120,24784,30827,34674,36056,44196,11037,18819,477994,228525,63274,34875,180127,46495,9575,32,22
2021-05-31T23:59:59+02:00,30,36,15450,14278,27892,26482,35858,38469,56653,61776,78129,79377,64675,70486,47949,58130,13925,23789,6,3,5488,5101,9456,10502,11094,15771,14803,23477,19496,24079,30541,34419,35871,44003,11002,18762,462225,227840,62551,34489,180062,43009,8514,32,22
2021-05-30T23:59:59+02:00,28,33,15306,14150,27604,26248,35406,38059,55940,61159,77808,79103,64613,70429,47924,58095,13921,23778,6,3,5386,4903,9128,10142,10681,15282,14351,22673,18970,23307,29861,33704,35644,43810,10980,18700,459240,227371,62113,34409,180015,37525,8204,32,22
2021-05-29T23:59:59+02:00,26,32,14909,13759,26754,25436,33645,36470,54456,59861,77219,78537,64463,70279,47871,58042,13914,23764,6,3,5353,4827,9062,10026,10587,15163,14241,22523,18839,23168,29832,33681,35638,43802,10979,18697,449115,226881,62080,34409,180011,36916,8199,32,22
2021-05-28T23:59:59+02:00,23,31,14502,13359,25942,24692,31797,34711,52285,57855,76168,77541,64258,70027,47819,57965,13904,23741,6,3,5267,4711,8883,9882,10431,14988,14079,22286,18626,22866,29762,33634,35621,43785,10978,18692,437167,226204,61612,34403,179921,35983,7888,32,22
2021-05-27T23:59:59+02:00,19,26,13872,12890,24873,23974,30547,33782,50674,56478,73063,74555,63816,69490,47685,57803,13881,23685,6,3,5154,4477,8549,9543,10027,14553,13633,21650,18118,22267,29539,33430,35510,43673,10957,18663,425006,225547,59648,34331,179289,32714,7138,32,22
2021-05-26T23:59:59+02:00,18,24,13385,12467,23960,23325,29624,33078,49586,55552,70105,71362,63201,68879,47550,57632,13850,23639,6,3,5066,4314,8293,9228,9723,14165,13275,21048,17685,21667,29343,33262,35412,43568,10930,18611,414177,224931,57468,34213,178790,29663,6770,32,22
2021-05-25T23:59:59+02:00,18,19,13041,12169,23379,22917,28565,32214,46983,53313,67843,69236,62849,68512,47437,57483,13832,23584,6,3,4987,4192,8081,8965,9469,13787,12963,20526,17300,21116,29184,33105,35328,43462,10903,18555,402306,224371,56398,34131,178167,26917,6491,32,22
2021-05-24T23:59:59+02:00,17,18,12744,11888,22880,22539,27944,31761,44362,50881,65382,67045,62540,68213,47326,57357,13796,23527,6,3,4916,4083,7831,8733,9150,13402,12633,20012,16914,20557,29040,32965,35254,43390,10879,18508,390646,223787,55915,34065,177498,24273,6129,32,22
2021-05-23T23:59:59+02:00,17,18,12682,11820,22784,22454,27864,31681,44105,50653,64794,66496,62460,68125,47301,57339,13794,23525,6,3,4894,4068,7796,8702,9091,13367,12553,19950,16836,20501,29031,32952,35250,43383,10879,18506,388439,223500,55834,34058,177484,24065,6123,32,22
2021-05-22T23:59:59+02:00,17,18,12458,11582,22463,22145,26861,30793,42268,49077,63938,65755,62297,67934,47235,57248,13784,23502,6,3,4878,4013,7769,8637,9049,13301,12521,19864,16806,20433,29020,32942,35246,43377,10878,18505,379947,223407,55823,34058,177479,23667,6094,32,22
2021-05-21T23:59:59+02:00,17,17,12156,11330,21892,21701,26043,30101,39876,47183,61963,64086,62034,67661,47151,57160,13769,23476,6,3,4859,3986,7714,8551,8983,13213,12445,19771,16731,20347,29004,32916,35239,43366,10876,18504,369508,223210,54767,34043,177287,23217,6022,32,22
2021-05-20T23:59:59+02:00,16,17,11546,10758,20764,20799,24892,29071,38368,45905,59615,62012,61211,66760,46951,56900,13735,23420,6,3,4584,3808,7311,8261,8541,12816,11992,19259,16308,19824,28883,32818,35188,43313,10872,18494,358995,222801,52412,33932,176003,20228,5298,32,22
2021-05-19T23:59:59+02:00,16,17,11103,10444,19978,20245,24044,28472,37464,45220,56382,58373,60520,66057,46843,56766,13712,23373,6,3,4431,3650,7057,8018,8265,12487,11660,18827,15937,19403,28784,32706,35145,43237,10861,18479,348519,222314,50789,33815,174876,17992,4813,32,22
2021-05-18T23:59:59+02:00,16,17,10773,10159,19397,19794,23388,27912,36053,43988,54968,57243,60148,65630,46713,56605,13687,23348,6,3,4326,3523,6808,7781,8003,12203,11425,18424,15589,18971,28700,32614,35115,43196,10857,18472,343117,222021,48937,33733,173397,15884,4356,32,22
2021-05-17T23:59:59+02:00,15,16,10553,9978,18959,19503,22952,27600,34851,42995,53653,56202,59898,65383,46649,56506,13672,23314,6,3,4256,3436,6600,7562,7751,11908,11167,18027,15277,18563,28609,32525,35090,43155,10851,18458,339026,221719,47942,33665,171879,14016,3822,30,22
2021-05-16T23:59:59+02:00,15,15,10363,9849,18664,19299,22619,27359,34212,42534,52414,55031,59705,65218,46612,56452,13661,23294,6,3,4188,3362,6383,7396,7463,11653,10897,17674,14981,18199,28543,32463,35074,43137,10844,18454,336586,221465,47063,33603,170261,12253,3377,29,22
2021-05-15T23:59:59+02:00,15,15,10267,9749,18512,19151,22447,27214,33829,42166,52018,54653,59590,65072,46564,56407,13658,23278,6,3,4147,3326,6299,7330,7370,11550,10795,17555,14876,18069,28449,32345,34982,43044,10840,18449,334184,220375,47062,33601,170127,12234,3203,29,22
2021-05-14T23:59:59+02:00,14,15,9984,9546,18084,18911,22046,26926,31481,40386,49868,52798,59368,64843,46516,56322,13641,23257,6,3,4019,3243,6013,7165,7065,11326,10449,17204,14527,17742,27875,31639,34859,42852,10821,18421,325030,217078,47009,33595,169516,12111,2423,28,22
2021-05-13T23:59:59+02:00,14,15,9522,9177,17289,18345,21178,26243,30364,39395,47624,50626,58518,63869,46306,56039,13602,23183,6,3,3519,3049,5674,6912,6753,11016,10038,16814,14150,17307,26975,30439,34433,42333,10790,18360,316528,212475,45148,33038,167491,10921,2115,27,22
2021-05-12T23:59:59+02:00,14,15,9231,8982,16856,18086,20705,25953,29833,39009,44623,46979,57945,63227,46222,55925,13584,23158,6,3,3379,2961,5442,6801,6472,10869,9756,16605,13912,17042,26328,29616,34267,42140,10764,18326,307333,209443,44330,33012,167198,10753,1459,27,22
2021-05-11T23:59:59+02:00,14,13,8798,8706,16084,17568,19839,25332,28095,37566,42688,45473,57569,62780,46138,55790,13563,23130,6,3,3259,2830,5209,6460,6174,10454,9388,16047,13475,16482,24904,27948,33756,41513,10713,18238,301842,203464,41273,32829,164713,9253,1291,27,22
2021-05-10T23:59:59+02:00,14,12,8536,8553,15571,17312,19207,25011,27105,36876,41227,44327,57302,62505,46059,55686,13543,23099,6,2,3149,2704,4978,6226,5919,10130,9065,15569,13112,16059,23854,26617,33267,40929,10677,18180,298534,198806,40366,32801,162039,7836,980,26,20
2021-05-09T23:59:59+02:00,14,12,8380,8470,15265,17131,18826,24755,26437,36447,39449,42661,57006,62226,46003,55628,13535,23079,6,2,3028,2649,4796,6085,5751,9955,8867,15362,12944,15886,23578,26284,33122,40756,10667,18165,295560,197608,39989,32758,159041,6809,708,26,20
2021-05-08T23:59:59+02:00,14,12,8305,8397,15082,16985,18618,24556,26209,36209,39215,42469,56879,62076,45965,55591,13532,23068,6,2,3020,2630,4765,6049,5707,9909,8790,15297,12857,15816,23208,25857,32836,40442,10659,18149,293995,196418,39535,32047,158918,6806,708,26,20
2021-05-07T23:59:59+02:00,13,11,8133,8301,14756,16801,18229,24319,25786,35919,38757,42090,56604,61721,45916,55544,13525,23058,6,2,2721,2496,4417,5864,5435,9648,8474,14986,12461,15420,22109,24482,32186,39607,10631,18099,291450,192953,39104,30547,158591,5214,312,26,18
2021-05-06T23:59:59+02:00,12,11,7486,7944,13855,16198,17170,23463,24444,34805,36611,40424,55477,60399,45673,55237,13490,22991,6,2,2596,2383,4243,5667,5227,9344,8130,14545,12028,14966,20801,22805,31331,38599,10577,17985,280798,187332,37820,29588,156771,4022,275,26,18
2021-05-05T23:59:59+02:00,10,11,6948,7636,13073,15655,16134,22694,23054,33778,34780,38935,53634,58358,45351,54891,13457,22925,6,2,2509,2324,4068,5511,5036,9132,7782,14207,11658,14606,19411,21022,30136,37183,10537,17882,269330,181195,36896,28415,154976,3288,96,26,18
2021-05-04T23:59:59+02:00,10,10,6758,7546,12706,15479,15646,22423,22405,33432,33819,38235,52780,57395,45228,54764,13439,22884,6,2,2454,2254,3914,5342,4859,8878,7439,13799,11232,14147,17758,19092,29036,35851,10441,17762,265553,174373,36027,27474,153312,2359,43,24,17
2021-05-03T23:59:59+02:00,10,10,6613,7396,12328,15258,15138,22112,21693,33026,32666,37344,52482,57077,45132,54656,13424,22852,6,2,2395,2184,3820,5162,4719,8643,7221,13450,10911,13739,16554,17593,28156,34748,10377,17654,262257,168794,35565,27125,151339,1366,32,24,17
2021-05-02T23:59:59+02:00,10,10,6532,7306,12114,15086,14840,21880,21216,32705,31515,36395,52198,56786,45070,54565,13406,22821,6,2,2380,2177,3798,5129,4688,8607,7155,13379,10826,13647,16242,17197,27858,34443,10365,17640,259821,167223,35492,27011,149087,1259,31,24,15
2021-05-01T23:59:59+02:00,10,10,6514,7282,12051,15036,14759,21817,21113,32633,31388,36301,52192,56771,45066,54564,13404,22819,6,2,2377,2169,3774,5112,4647,8582,7118,13342,10765,13592,16044,16974,27743,34306,10362,17630,259248,166257,35491,26985,148936,1257,31,24,15
2021-04-30T23:59:59+02:00,10,10,6476,7244,11958,14940,14653,21697,20917,32446,31148,36110,51921,56411,45021,54511,13398,22807,6,2,2348,2149,3712,5049,4550,8472,6968,13159,10488,13329,15229,15947,26872,33233,10321,17542,257461,163049,35447,25093,148716,1189,30,24,15
2021-04-29T23:59:59+02:00,10,10,6271,7116,11636,14751,14297,21457,20397,32155,30395,35621,51272,55584,44929,54392,13372,22727,6,2,2310,2103,3619,4960,4426,8336,6774,12940,10211,13042,14254,14713,25566,31686,10258,17447,254268,157340,35352,24343,146719,926,29,24,15
2021-04-28T23:59:59+02:00,10,10,6008,6950,11255,14413,13803,20989,19755,31548,29227,34488,48604,52576,44635,54067,13309,22649,6,2,2272,2062,3551,4899,4310,8220,6614,12757,9961,12823,13113,13231,24074,29805,10196,17344,244306,151363,35225,23141,144726,708,15,24,13
2021-04-27T23:59:59+02:00,10,10,5904,6859,11099,14290,13603,20825,19474,31337,28664,34099,48398,52355,44579,54013,13300,22627,6,2,2230,2027,3461,4805,4217,8111,6448,12570,9678,12547,11898,11666,22418,27646,10117,17198,242921,144532,35177,21956,143309,530,15,24,12
2021-04-26T23:59:59+02:00,10,10,5855,6818,10981,14223,13441,20703,19246,31125,27830,33532,48061,51985,44525,53947,13291,22598,6,2,2208,2000,3406,4760,4155,8044,6345,12437,9489,12372,10980,10507,21136,25889,10056,17108,242188,139246,35150,21209,140805,420,15,23,10
2021-04-25T23:59:59+02:00,10,10,5810,6771,10876,14128,13279,20547,18998,30841,27068,32791,47563,51474,44441,53848,13277,22578,6,2,2183,1990,3376,4741,4136,8025,6312,12396,9432,12311,10818,10313,20893,25565,10046,17094,240473,138393,35105,20859,138694,362,15,23,10
2021-04-24T23:59:59+02:00,10,10,5788,6723,10797,14036,13180,20402,18863,30661,26906,32610,47460,51351,44347,53752,13273,22573,6,2,2176,1979,3351,4713,4097,7978,6240,12324,9300,12193,10661,10133,20758,25433,10030,17076,238982,137864,35087,20218,138635,343,15,23,10
2021-04-23T23:59:59+02:00,10,10,5726,6634,10663,13837,12977,20148,18552,30281,26506,32248,46513,50213,44193,53507,13250,22541,6,2,2158,1957,3308,4676,4048,7924,6146,12233,9136,12065,10395,9832,20434,25012,9982,16993,234577,136740,35028,19210,138166,332,15,23,10
2021-04-22T23:59:59+02:00,10,10,5625,6520,10453,13639,12624,19810,18036,29807,25873,31655,44785,48059,43621,52778,13204,22441,5,2,2144,1946,3269,4623,3971,7850,6017,12133,8876,11900,9961,9426,19977,24420,9932,16915,228319,134611,34915,18431,135678,300,15,23,10
2021-04-21T23:59:59+02:00,10,9,5526,6385,10223,13437,12292,19497,17533,29313,25156,30922,40505,43187,43141,52244,13137,22336,5,2,2131,1937,3233,4586,3916,7791,5936,12040,8700,11740,9629,9041,19479,23827,9866,16818,216189,132962,34849,17417,133777,277,15,23,6
2021-04-20T23:59:59+02:00,10,9,5448,6294,10028,13219,12016,19230,17110,28905,24600,30354,38750,41170,42485,51465,13065,22195,5,2,2106,1924,3191,4562,3849,7747,5805,11941,8528,11612,9345,8721,19005,23156,9769,16677,209937,131589,34759,16112,131619,223,15,23,6
2021-04-19T23:59:59+02:00,10,8,5368,6218,9867,13089,11811,19021,16747,28523,24054,29882,37190,39377,41893,50744,13011,22108,5,2,2090,1907,3156,4527,3808,7701,5765,11871,8443,11520,9107,8436,18597,22588,9722,16584,204898,129889,34701,15717,129284,202,15,23,6
2021-04-18T23:59:59+02:00,10,7,5305,6167,9736,13004,11611,18881,16465,28325,23645,29568,35873,38012,41539,50339,12977,22044,5,2,2077,1892,3129,4505,3782,7685,5721,11824,8393,11471,9009,8347,18443,22400,9709,16559,203347,129408,34659,15327,125465,197,15,22,6
2021-04-17T23:59:59+02:00,10,7,5299,6151,9702,12973,11564,18841,16388,28258,23581,29509,35561,37670,41431,50241,12971,22033,5,2,2067,1884,3102,4492,3724,7640,5651,11773,8307,11419,8898,8237,18337,22283,9688,16546,202116,128601,34650,15237,125387,196,15,22,6
2021-04-16T23:59:59+02:00,10,7,5234,6112,9615,12912,11428,18729,16176,28098,23227,29160,34477,36411,41018,49716,12951,21999,5,2,1935,1797,2874,4312,3366,7321,4879,11239,6815,10326,6367,6159,16519,20583,9493,16247,197948,119220,34559,10805,124737,193,15,21,6
2021-04-15T23:59:59+02:00,10,7,5168,6022,9411,12739,11134,18482,15680,27704,22537,28556,32577,34096,39970,48508,12870,21831,5,2,1892,1765,2806,4247,3247,7199,4662,11057,6437,10016,5908,5760,15926,19897,9301,15912,192121,116079,34505,9755,120640,184,15,21,6
2021-04-14T23:59:59+02:00,10,7,5106,5976,9245,12613,10918,18305,15276,27387,21885,28077,30647,31842,38751,47086,12795,21644,5,2,1809,1711,2723,4178,3135,7105,4460,10892,6128,9766,5432,5346,15344,19209,9097,15556,185734,113449,34366,8299,117434,129,15,21,6
2021-04-13T23:59:59+02:00,10,7,5058,5922,9108,12485,10740,18138,14932,27111,21363,27614,28542,29390,37485,45487,12651,21437,5,2,1765,1694,2686,4135,3081,7044,4326,10752,5858,9555,5091,5043,14893,18759,8961,15352,178833,112030,34300,6918,114312,33,15,20,6
2021-04-12T23:59:59+02:00,10,7,4994,5873,9000,12347,10533,17990,14610,26829,20823,27158,26501,27120,36324,44021,12522,21236,5,2,1730,1650,2656,4114,3053,6991,4267,10684,5755,9454,4924,4897,14592,18392,8850,15152,173111,111181,34221,5934,110531,32,15,20,6
2021-04-11T23:59:59+02:00,10,7,4958,5830,8905,12268,10375,17888,14345,26652,20397,26834,25298,25829,35620,43235,12433,21086,5,2,1721,1644,2634,4093,3028,6963,4232,10637,5668,9386,4831,4842,14476,18268,8811,15099,171322,110970,34150,5324,106464,26,14,20,6
2021-04-10T23:59:59+02:00,10,7,4947,5817,8863,12240,10319,17853,14277,26602,20301,26754,24983,25453,35272,42815,12426,21065,5,2,1716,1638,2625,4085,3014,6946,4202,10606,5609,9347,4753,4765,14347,18102,8764,15014,170106,110171,33425,5323,106439,26,14,20,6
2021-04-09T23:59:59+02:00,10,7,4900,5785,8779,12160,10194,17729,14108,26427,20040,26511,24141,24298,34316,41603,12393,20991,4,2,1688,1609,2568,4051,2942,6887,4052,10496,5352,9122,4338,4389,13777,17385,8534,14645,166730,106484,31910,5315,105723,26,10,19,6
2021-04-08T23:59:59+02:00,10,7,4825,5720,8632,12052,9981,17557,13711,26113,19436,26042,22430,22307,32621,39630,12243,20754,4,2,1658,1593,2514,4006,2858,6802,3905,10359,5059,8857,3878,3962,12782,16138,8050,13883,160963,101487,31004,4785,102075,22,10,19,6
2021-04-07T23:59:59+02:00,10,6,4778,5667,8448,11975,9754,17407,13392,25886,18964,25680,20621,20192,30861,37366,12125,20540,4,2,1625,1577,2460,3953,2797,6720,3798,10214,4871,8668,3612,3670,12091,15333,7674,13323,154923,98157,29825,4207,98900,13,9,15,6
2021-04-06T23:59:59+02:00,10,6,4730,5622,8305,11863,9594,17241,13072,25618,18444,25293,18766,18123,28936,34875,11922,20194,4,2,1589,1558,2436,3927,2763,6682,3736,10169,4788,8577,3503,3545,11617,14685,7387,12909,148073,95842,28861,4008,95657,12,9,14,6
2021-04-05T23:59:59+02:00,10,6,4699,5581,8209,11772,9455,17144,12859,25407,18043,24948,17038,16195,27309,32725,11774,19968,4,2,1567,1546,2405,3909,2733,6633,3693,10110,4701,8461,3390,3436,11275,14316,7229,12627,142662,94444,28426,3567,92033,11,9,12,6
2021-04-04T23:59:59+02:00,10,6,4692,5575,8201,11762,9441,17129,12833,25386,18015,24923,16906,16019,27114,32479,11765,19954,4,2,1565,1545,2403,3906,2730,6629,3691,10106,4697,8458,3381,3425,11264,14304,7225,12619,141944,94363,28333,3567,91916,11,7,10,6
2021-04-03T23:59:59+02:00,10,6,4688,5567,8187,11755,9422,17109,12794,25355,17937,24859,16826,15929,27067,32422,11760,19947,4,2,1562,1543,2394,3898,2712,6615,3668,10078,4614,8403,3264,3310,11183,14230,7219,12609,141413,93717,28306,3567,91904,11,7,10,6
2021-04-02T23:59:59+02:00,10,6,4663,5547,8128,11701,9357,17040,12655,25248,17701,24658,16375,15453,26591,31845,11728,19892,4,2,1560,1534,2379,3893,2705,6599,3647,10046,4544,8310,3195,3242,10945,13928,7068,12406,140204,92420,26891,3563,91486,11,7,10,6
2021-04-01T23:59:59+02:00,9,6,4620,5486,8016,11558,9227,16881,12382,24962,17256,24257,15622,14726,25832,30882,11601,19709,4,2,1543,1514,2350,3860,2682,6570,3608,10007,4476,8244,3082,3111,10008,12810,6453,11555,137959,88401,26225,3457,88833,10,5,10,6
2021-03-31T23:59:59+02:00,9,6,4408,5406,7905,11435,9086,16715,12163,24684,16902,23892,14925,13961,24998,29872,11492,19509,4,2,1534,1509,2336,3840,2655,6541,3558,9959,4405,8172,2991,3021,9432,12106,6088,11058,136155,85959,24761,3231,86437,10,5,10,6
2021-03-30T23:59:59+02:00,9,6,4377,5354,7829,11308,8999,16558,12002,24494,16617,23580,14324,13318,24237,28887,11353,19264,4,2,1520,1499,2315,3815,2629,6512,3517,9894,4339,8101,2864,2873,8837,11447,5735,10562,134664,83625,23544,2824,84293,5,5,10,6
2021-03-29T23:59:59+02:00,9,6,4337,5301,7729,11196,8891,16393,11842,24220,16288,23233,13780,12717,23473,27910,11193,19015,4,2,1502,1486,2296,3799,2607,6483,3483,9834,4275,8026,2811,2805,8545,11059,5546,10249,132813,82231,22784,2565,81921,5,5,10,6
2021-03-28T23:59:59+02:00,9,6,4302,5217,7644,11088,8811,16239,11707,23990,16028,22960,13451,12407,22901,27215,11019,18730,4,2,1493,1479,2274,3783,2592,6454,3443,9784,4238,7967,2763,2754,8465,10953,5501,10182,132314,81879,22258,2237,79137,4,5,10,6
2021-03-27T23:59:59+01:00,9,6,4288,5206,7618,11056,8745,16167,11608,23895,15883,22844,13246,12194,22698,27001,10984,18701,4,2,1492,1477,2271,3781,2591,6453,3429,9757,4228,7944,2755,2748,8407,10889,5466,10142,131431,81584,21612,2237,79091,4,5,10,6
2021-03-26T23:59:59+01:00,9,6,4245,5139,7508,10922,8571,15982,11273,23591,15270,22341,12327,11364,21908,26157,10837,18473,2,2,1487,1463,2266,3760,2578,6430,3412,9731,4187,7908,2725,2709,8226,10670,5345,9971,127372,80734,20001,2123,78535,4,5,10,6
2021-03-25T23:59:59+01:00,9,5,4190,4977,7345,10643,8327,15573,10889,22968,14625,21641,11653,10702,21037,25088,10518,17927,2,2,1467,1450,2233,3733,2543,6391,3375,9684,4116,7826,2591,2569,7248,9410,4727,9054,124080,76523,19220,1884,74803,4,4,10,6
2021-03-24T23:59:59+01:00,9,5,4114,4836,7208,10355,8111,15160,10625,22418,14153,21031,11047,10144,20101,23998,10185,17359,2,2,1446,1421,2206,3695,2499,6354,3333,9619,4037,7727,2490,2472,6596,8645,4341,8473,121474,73887,18026,1461,71349,2,2,8,6
2021-03-23T23:59:59+01:00,9,5,4074,4744,7101,10115,7958,14818,10362,21913,13751,20539,10579,9702,19375,23144,9870,16891,2,2,1435,1403,2180,3674,2480,6326,3273,9565,3943,7651,2396,2371,5867,7714,3887,7782,120009,70810,16917,1132,68015,2,1,8,6
2021-03-22T23:59:59+01:00,9,5,4021,4665,6972,9874,7797,14496,10102,21445,13402,20038,10186,9345,18803,22434,9676,16543,2,1,1426,1396,2173,3660,2468,6310,3249,9542,3913,7617,2335,2320,5410,7104,3526,7290,119112,68691,16514,1042,64178,2,1,8,6
2021-03-21T23:59:59+01:00,9,5,3974,4563,6840,9609,7629,14136,9880,20903,13059,19512,9866,9066,18266,21832,9487,16230,2,1,1423,1392,2172,3649,2464,6302,3243,9533,3903,7603,2321,2301,5293,6972,3468,7189,118905,68180,16117,1042,59835,2,1,8,6
2021-03-20T23:59:59+01:00,9,5,3963,4543,6804,9554,7571,14062,9796,20793,12953,19422,9779,8973,18126,21655,9436,16143,2,1,1420,1387,2168,3645,2459,6297,3229,9523,3883,7593,2286,2269,4965,6598,3279,6947,118073,66900,16022,1042,59483,2,1,8,6
2021-03-19T23:59:59+01:00,8,5,3789,4402,6512,9304,7132,13636,8884,20063,11226,18095,6920,6626,15874,19449,9073,15581,2,1,1416,1383,2163,3638,2447,6284,3216,9497,3831,7547,2219,2228,4590,6125,3010,6622,108777,65202,11304,1009,56489,2,1,8,5
2021-03-18T23:59:59+01:00,8,4,3685,4271,6335,8996,6863,13197,8494,19405,10589,17356,6204,5974,14651,17977,8556,14756,2,1,1412,1377,2140,3611,2429,6247,3187,9456,3791,7514,2174,2194,4168,5593,2728,6207,103640,63322,10299,901,53373,2,1,8,5
2021-03-17T23:59:59+01:00,8,4,3606,4197,6206,8849,6691,13020,8195,19095,10186,16966,5795,5588,13835,17055,8158,14167,2,1,1402,1364,2124,3591,2399,6215,3156,9428,3754,7477,2119,2134,3759,5147,2475,5818,100401,61590,8610,767,52601,2,1,8,5
2021-03-16T23:59:59+01:00,8,4,3528,4065,6051,8579,6485,12651,7884,18512,9637,16310,5267,5132,13017,16093,7820,13666,2,1,1393,1355,2115,3574,2383,6200,3140,9409,3729,7451,2092,2097,3239,4506,2135,5304,98072,59354,7198,763,49430,2,1,8,5
2021-03-15T23:59:59+01:00,8,4,3480,3920,5864,8304,6267,12239,7607,17939,9201,15687,4949,4847,12358,15351,7554,13204,2,1,1393,1345,2099,3559,2363,6176,3121,9360,3705,7412,2055,2046,2871,4044,1850,4909,96572,57559,6219,745,45984,2,0,8,5
2021-03-14T23:59:59+01:00,8,4,3434,3787,5634,7973,5977,11792,7299,17219,8741,14936,4625,4573,12069,15095,7505,13104,2,1,1386,1340,2083,3530,2350,6127,3103,9301,3688,7374,2048,2035,2793,3936,1797,4823,96446,57160,5603,550,41718,2,0,8,5
2021-03-13T23:59:59+01:00,8,4,3418,3747,5593,7857,5916,11670,7214,17071,8592,14781,4474,4423,11979,15010,7499,13093,2,1,1386,1340,2083,3530,2349,6127,3102,9300,3687,7374,2045,2027,2740,3881,1763,4769,95753,56949,5603,550,40985,2,0,8,5
2021-03-12T23:59:59+01:00,8,4,3398,3677,5536,7719,5856,11518,7128,16844,8456,14547,4368,4327,11705,14685,7343,12875,2,1,1386,1340,2079,3524,2348,6119,3098,9294,3685,7369,2043,2025,2652,3770,1679,4680,94325,56537,5595,550,40066,2,0,8,5
2021-03-11T23:59:59+01:00,8,4,3320,3484,5327,7422,5625,11102,6789,16175,8019,13908,4025,3991,10625,13426,6684,11961,2,1,1381,1338,2068,3510,2329,6094,3075,9260,3661,7336,2013,2000,2412,3504,1523,4461,90119,55444,5160,517,36608,2,0,8,5
2021-03-10T23:59:59+01:00,8,4,3224,3366,5108,7150,5413,10739,6518,15628,7681,13361,3801,3762,9979,12635,6295,11425,2,1,1376,1327,2041,3472,2300,6004,3027,9137,3604,7217,1969,1923,2196,3267,1391,4266,87643,54230,4784,283,33662,2,0,8,5
2021-03-09T23:59:59+01:00,7,4,3150,3238,4940,6963,5210,10454,6286,15192,7384,12852,3617,3555,9343,11935,5917,10898,2,1,1369,1316,2007,3412,2269,5902,2965,8995,3536,7135,1939,1897,1916,2949,1219,4019,85355,52806,4519,35,31063,2,0,8,5
2021-03-08T23:59:59+01:00,7,4,3086,3082,4709,6699,4969,10101,6025,14678,7023,12266,3415,3362,8950,11492,5719,10580,2,1,1366,1298,1993,3334,2238,5805,2927,8849,3503,7041,1924,1875,1713,2717,1095,3825,83876,51468,4148,33,28135,0,0,8,5
2021-03-07T23:59:59+01:00,7,4,3054,3022,4636,6584,4885,9988,5920,14514,6906,12119,3364,3315,8861,11383,5678,10513,2,1,1360,1293,1987,3322,2230,5780,2920,8810,3491,7022,1916,1863,1658,2649,1044,3756,83515,51066,3970,33,27260,0,0,8,5
2021-03-06T23:59:59+01:00,6,4,3040,2964,4594,6491,4848,9921,5862,14395,6858,12007,3340,3292,8804,11317,5643,10470,2,1,1358,1280,1982,3308,2218,5753,2917,8783,3480,7003,1906,1839,1630,2625,1038,3747,83190,50832,3970,33,26688,0,0,8,5
2021-03-05T23:59:59+01:00,6,4,3016,2871,4535,6379,4784,9823,5799,14243,6755,11854,3295,3237,8617,11089,5520,10294,2,1,1349,1247,1950,3253,2193,5647,2876,8649,3436,6865,1862,1793,1566,2555,1016,3719,82281,49941,3962,33,25870,0,0,8,5
2021-03-04T23:59:59+01:00,4,4,2964,2682,4378,6140,4565,9509,5592,13826,6442,11465,3119,3061,7595,9794,4885,9376,2,1,1330,1198,1913,3130,2161,5465,2830,8372,3379,6633,1790,1703,1529,2503,1011,3701,78107,48614,3688,32,23598,0,0,8,5
2021-03-03T23:59:59+01:00,3,4,2925,2611,4238,5949,4398,9240,5389,13447,6186,11046,2994,2928,6944,9018,4488,8767,2,1,1318,1162,1886,3057,2139,5354,2800,8193,3326,6475,1722,1661,1488,2433,991,3647,75377,47619,3445,32,21745,0,0,8,4
2021-03-02T23:59:59+01:00,3,4,2865,2520,4050,5730,4194,8969,5191,13067,5917,10670,2846,2766,6183,8057,4016,8058,2,1,1285,1120,1859,2985,2115,5212,2750,7920,3277,6277,1648,1601,1422,2353,967,3596,72213,46354,2989,32,19896,0,0,8,4
2021-03-01T23:59:59+01:00,3,3,2826,2457,3886,5577,4008,8750,5002,12746,5678,10277,2745,2651,5689,7399,3650,7547,2,1,1279,1084,1836,2884,2089,5018,2709,7670,3217,6041,1605,1565,1373,2292,937,3553,70041,45119,2680,32,18165,0,0,8,4
2021-02-28T23:59:59+01:00,3,3,2784,2409,3728,5459,3785,8560,4819,12495,5491,9971,2688,2578,5567,7244,3588,7446,2,1,1275,1079,1831,2871,2080,4994,2702,7634,3207,6024,1596,1558,1368,2284,934,3543,69562,44948,2459,31,16589,0,0,8,4
2021-02-27T23:59:59+01:00,3,2,2771,2348,3702,5379,3751,8486,4785,12402,5456,9897,2647,2544,5232,6855,3387,7194,2,1,1268,1071,1824,2859,2067,4959,2683,7569,3191,5968,1578,1549,1362,2273,932,3542,68239,44664,2459,30,16135,0,0,8,4
2021-02-26T23:59:59+01:00,3,2,2751,2307,3662,5291,3685,8382,4722,12291,5369,9809,2570,2491,4848,6372,3108,6860,2,1,1211,1021,1774,2753,2018,4778,2627,7294,3118,5758,1517,1498,1339,2252,918,3533,66416,43379,2332,29,15768,0,0,7,4
2021-02-25T23:59:59+01:00,3,2,2579,2200,3475,5109,3500,8155,4519,12004,5151,9534,2481,2425,4399,5817,2819,6432,2,1,1195,964,1743,2644,1964,4504,2558,6898,3023,5471,1471,1455,1318,2237,915,3524,64549,41857,2005,26,14043,0,0,7,4
2021-02-24T23:59:59+01:00,3,2,2426,2066,3285,4915,3354,7950,4322,11750,4930,9283,2344,2305,3938,5305,2556,6033,1,1,1180,935,1720,2559,1928,4364,2498,6642,2970,5266,1440,1423,1300,2216,911,3501,62767,40833,1526,18,12467,0,0,7,4
2021-02-23T23:59:59+01:00,3,2,2296,1928,3106,4688,3201,7711,4147,11479,4746,9035,2255,2212,3381,4641,2213,5517,1,1,1166,887,1687,2464,1889,4173,2430,6343,2873,5006,1382,1368,1271,2172,895,3474,60555,39463,1173,15,10826,0,0,7,4
2021-02-22T23:59:59+01:00,3,2,2256,1877,3022,4595,3131,7602,4053,11292,4638,8910,2203,2171,3010,4174,1927,5131,1,1,1154,828,1655,2338,1847,3927,2354,5949,2748,4709,1319,1314,1248,2139,887,3449,58874,37858,1086,5,10030,0,0,7,4
2021-02-21T23:59:59+01:00,3,2,2220,1846,2970,4526,3051,7489,3972,11147,4572,8793,2188,2148,2925,4059,1871,5043,1,1,1151,810,1638,2286,1820,3820,2321,5794,2685,4584,1288,1291,1238,2125,880,3434,58440,37158,1053,5,9325,0,0,7,4
2021-02-20T23:59:59+01:00,3,2,2208,1843,2947,4513,3035,7453,3946,11114,4551,8771,2185,2140,2871,4002,1836,4988,1,1,1151,807,1638,2284,1819,3811,2320,5789,2684,4580,1287,1288,1237,2122,879,3433,58224,37122,1052,5,9125,0,0,7,4
2021-02-19T23:59:59+01:00,2,2,2196,1829,2911,4461,3010,7367,3901,11032,4497,8708,2177,2134,2780,3888,1751,4894,1,1,1101,798,1599,2276,1808,3802,2310,5768,2676,4567,1281,1277,1226,2117,874,3426,57802,36900,1020,4,8711,0,0,7,4
2021-02-18T23:59:59+01:00,2,2,2065,1734,2754,4278,2886,7169,3764,10746,4358,8503,2143,2100,2537,3616,1595,4671,1,1,1023,762,1527,2177,1758,3680,2237,5611,2619,4482,1267,1257,1219,2103,861,3408,56729,35985,952,4,7235,0,0,7,4
2021-02-17T23:59:59+01:00,2,2,2021,1686,2663,4147,2776,6957,3612,10405,4216,8261,2084,2016,2319,3387,1468,4478,1,1,871,697,1414,2051,1681,3489,2140,5383,2547,4309,1233,1211,1193,2058,845,3363,55658,34480,806,3,6029,0,0,7,4
2021-02-16T23:59:59+01:00,2,2,1851,1575,2489,3939,2636,6682,3451,10051,4038,7955,2039,1989,2037,3067,1294,4224,1,1,844,675,1344,1973,1612,3348,2045,5209,2452,4175,1171,1165,1133,1969,812,3261,54316,33184,770,2,4228,0,0,7,4
2021-02-15T23:59:59+01:00,2,2,1816,1520,2401,3768,2559,6410,3329,9683,3923,7685,2013,1960,1818,2827,1168,4031,1,1,826,663,1315,1926,1570,3279,1988,5037,2388,4074,1112,1124,1066,1877,793,3157,53207,32192,754,1,2947,0,0,7,4
2021-02-14T23:59:59+01:00,2,2,1726,1490,2353,3707,2517,6316,3258,9578,3876,7607,2002,1950,1760,2767,1118,3971,1,1,811,653,1299,1903,1543,3256,1954,4996,2362,4018,1102,1115,1059,1868,790,3145,52868,31871,725,1,2400,0,0,7,4
2021-02-13T23:59:59+01:00,2,2,1725,1478,2343,3700,2511,6302,3255,9562,3869,7597,1993,1930,1736,2747,1114,3961,1,1,811,653,1299,1903,1543,3256,1954,4996,2362,4018,1102,1115,1059,1868,790,3145,52711,31871,725,1,2384,0,0,7,4
2021-02-12T23:59:59+01:00,2,2,1646,1393,2242,3586,2432,6129,3150,9324,3744,7332,1946,1872,1672,2676,1091,3932,1,1,804,645,1287,1880,1530,3237,1946,4965,2346,3998,1097,1110,1058,1849,790,3114,51769,31654,725,0,1670,0,0,7,4
2021-02-11T23:59:59+01:00,2,2,1451,1258,2061,3374,2304,5837,2999,8890,3586,6985,1873,1770,1630,2612,1071,3909,1,1,775,597,1192,1701,1403,2958,1806,4603,2180,3708,1044,1046,1014,1771,749,2972,50370,29519,684,0,553,0,0,7,2
2021-02-10T23:59:59+01:00,2,2,1358,1211,1977,3247,2235,5665,2917,8611,3475,6753,1803,1723,1583,2545,1052,3847,1,1,565,513,970,1475,1261,2647,1621,4142,1976,3326,924,918,881,1513,657,2630,49194,26019,645,0,161,0,0,6,2
2021-02-09T23:59:59+01:00,2,2,1323,1162,1942,3153,2207,5480,2850,8270,3405,6495,1729,1661,1521,2484,1033,3805,1,1,303,380,755,1209,1075,2269,1414,3603,1725,2870,758,756,708,1206,523,2125,47924,21680,515,0,80,0,0,5,1
2021-02-08T23:59:59+01:00,2,2,1316,1127,1910,3036,2170,5258,2798,7991,3346,6259,1686,1627,1472,2429,1016,3782,1,1,267,341,652,1056,970,2053,1255,3210,1529,2554,656,636,606,1018,451,1840,46798,19095,345,0,79,0,0,5,1
2021-02-07T23:59:59+01:00,2,2,1290,1111,1880,2984,2144,5176,2768,7888,3304,6193,1670,1611,1457,2410,1004,3767,1,1,233,286,603,967,909,1898,1164,2983,1432,2382,615,616,584,983,441,1809,46512,17907,144,0,0,0,0,5,0
2021-02-06T23:59:59+01:00,2,2,1285,1105,1874,2972,2135,5148,2755,7844,3293,6148,1657,1603,1452,2400,1001,3766,1,1,214,255,581,929,881,1833,1121,2864,1375,2299,599,597,577,983,441,1809,46293,17360,144,0,0,0,0,5,0
2021-02-05T23:59:59+01:00,2,2,1226,1053,1825,2864,2083,4952,2694,7548,3216,5932,1594,1550,1435,2377,993,3760,1,1,197,222,545,878,845,1753,1083,2744,1322,2199,565,573,565,959,429,1784,44957,16665,144,0,0,0,0,5,0
2021-02-04T23:59:59+01:00,2,2,1214,990,1784,2716,2011,4640,2612,7102,3116,5603,1549,1517,1418,2360,988,3749,1,1,168,170,471,758,746,1612,970,2505,1209,1985,519,520,517,903,408,1664,43333,15127,36,0,0,0,0,4,0
2021-02-03T23:59:59+01:00,2,2,1196,961,1754,2635,1972,4492,2546,6840,3064,5389,1512,1485,1388,2325,969,3719,1,1,139,141,397,645,630,1374,824,2127,1011,1693,399,384,373,681,288,1259,42211,12367,36,0,0,0,0,4,0
2021-02-02T23:59:59+01:00,2,2,1179,905,1720,2534,1930,4272,2473,6508,2958,5117,1458,1438,1364,2294,959,3694,1,1,116,116,321,523,524,1136,679,1796,822,1384,298,280,292,499,225,947,40767,9960,36,0,0,0,0,4,0
2021-02-01T23:59:59+01:00,1,2,1166,845,1685,2410,1879,4027,2396,6118,2836,4821,1391,1356,1334,2248,946,3665,0,0,83,76,221,353,351,743,430,1159,480,862,186,170,171,298,126,562,39086,6271,36,0,0,0,0,4,0
2021-01-31T23:59:59+01:00,1,2,1162,827,1668,2353,1854,3905,2364,5934,2769,4701,1360,1333,1323,2232,939,3649,0,0,72,70,187,281,273,576,341,905,398,695,160,155,159,289,122,548,38339,5231,33,0,0,0,0,4,0
2021-01-30T23:59:59+01:00,1,2,1162,824,1667,2348,1852,3894,2362,5923,2766,4691,1359,1329,1322,2231,939,3648,0,0,69,63,154,234,245,508,306,787,355,620,159,148,154,285,122,547,38284,4756,32,0,0,0,0,4,0
2021-01-29T23:59:59+01:00,1,2,1111,815,1628,2340,1841,3887,2354,5908,2758,4680,1355,1326,1318,2231,939,3648,0,0,61,45,117,179,201,353,250,639,310,492,148,139,143,275,119,546,38108,4017,30,0,0,0,0,4,0
2021-01-28T23:59:59+01:00,1,2,1037,789,1573,2277,1808,3818,2307,5837,2725,4628,1343,1314,1308,2225,927,3634,0,0,39,20,75,106,132,206,155,383,202,295,115,106,117,221,107,496,37522,2775,27,0,0,0,0,4,0
2021-01-27T23:59:59+01:00,1,2,889,737,1478,2202,1740,3704,2234,5708,2667,4502,1313,1268,1279,2187,911,3598,0,0,30,13,63,88,106,162,122,326,175,249,107,88,104,201,103,459,36398,2396,18,0,0,0,0,4,0
2021-01-26T23:59:59+01:00,1,2,874,717,1415,2127,1679,3574,2147,5536,2579,4390,1254,1228,1229,2114,886,3538,0,0,29,12,60,85,102,156,118,311,174,240,104,82,97,180,92,409,35273,2251,13,0,0,0,0,4,0
2021-01-25T23:59:59+01:00,1,2,862,696,1384,2065,1646,3477,2101,5366,2522,4298,1200,1203,1174,2054,869,3472,0,0,27,12,57,85,99,154,117,309,173,240,103,81,96,179,90,406,34384,2228,4,0,0,0,0,4,0
2021-01-24T23:59:59+01:00,1,2,859,695,1378,2054,1641,3460,2093,5341,2510,4266,1196,1196,1169,2047,868,3466,0,0,27,12,57,85,98,153,117,309,173,239,103,81,96,179,90,405,34234,2224,4,0,0,0,0,4,0
2021-01-23T23:59:59+01:00,1,2,859,695,1378,2054,1640,3460,2093,5341,2510,4266,1196,1196,1169,2047,868,3466,0,0,27,12,57,85,98,153,117,309,172,239,103,81,96,179,90,405,34234,2223,3,0,0,0,0,4,0
2021-01-22T23:59:59+01:00,1,2,858,685,1364,2031,1625,3436,2080,5307,2494,4246,1194,1191,1168,2024,867,3432,0,0,27,12,57,85,98,153,117,309,171,239,103,81,96,179,90,405,33998,2222,3,0,0,0,0,4,0
2021-01-21T23:59:59+01:00,1,2,826,649,1287,1876,1524,3243,1984,5035,2384,4046,1153,1131,1139,1955,829,3311,0,0,25,11,53,80,90,144,107,280,157,216,89,72,85,155,74,345,32370,1983,3,0,0,0,0,2,0
2021-01-20T23:59:59+01:00,1,2,626,551,1093,1660,1386,2969,1807,4630,2179,3705,1024,1012,1009,1714,752,3007,0,0,23,11,52,76,87,143,99,267,146,197,78,65,79,130,62,307,29122,1822,3,0,0,0,0,2,0
2021-01-19T23:59:59+01:00,1,2,341,407,844,1403,1182,2621,1571,4101,1914,3255,849,842,838,1425,630,2565,0,0,19,8,37,53,58,78,73,180,103,134,58,50,51,96,47,238,24788,1283,2,0,0,0,0,1,0
2021-01-18T23:59:59+01:00,1,2,300,371,731,1214,1064,2367,1378,3600,1673,2874,708,690,677,1169,526,2120,0,0,8,4,12,18,20,26,24,52,25,47,13,11,13,33,11,72,21463,389,1,0,0,0,0,1,0
2021-01-17T23:59:59+01:00,1,2,258,319,664,1118,984,2196,1280,3327,1559,2663,662,660,648,1109,498,2052,0,0,0,0,1,0,3,2,2,1,2,2,1,4,1,0,0,1,19999,20,1,0,0,0,0,0,0
2021-01-16T23:59:59+01:00,1,2,241,289,648,1083,960,2134,1238,3216,1508,2589,646,642,640,1109,498,2051,0,0,0,0,0,0,1,2,1,1,1,2,0,1,1,0,0,1,19494,11,1,0,0,0,0,0,0
2021-01-15T23:59:59+01:00,1,2,225,255,618,1031,933,2056,1204,3098,1456,2492,615,616,633,1088,491,2039,0,0,0,0,0,0,0,0,0,0,0,0,0,0,0,0,0,0,18853,0,0,0,0,0,0,0,0
2021-01-14T23:59:59+01:00,1,2,195,206,557,908,844,1912,1109,2876,1341,2307,571,572,593,1042,484,1993,0,0,0,0,0,0,0,0,0,0,0,0,0,0,0,0,0,0,17513,0,0,0,0,0,0,0,0
2021-01-13T23:59:59+01:00,1,2,166,185,508,836,771,1787,1010,2639,1186,2082,455,453,451,824,368,1552,0,0,0,0,0,0,0,0,0,0,0,0,0,0,0,0,0,0,15276,0,0,0,0,0,0,0,0
2021-01-12T23:59:59+01:00,1,2,142,164,477,767,719,1632,921,2436,1078,1850,365,344,351,591,270,1115,0,0,0,0,0,0,0,0,0,0,0,0,0,0,0,0,0,0,13225,0,0,0,0,0,0,0,0
2021-01-11T23:59:59+01:00,0,1,113,127,401,637,629,1378,757,1977,846,1462,227,203,201,357,153,673,0,0,0,0,0,0,0,0,0,0,0,0,0,0,0,0,0,0,10142,0,0,0,0,0,0,0,0
2021-01-10T23:59:59+01:00,0,1,87,92,310,458,473,1000,548,1449,623,1065,189,179,184,344,147,659,0,0,0,0,0,0,0,0,0,0,0,0,0,0,0,0,0,0,7808,0,0,0,0,0,0,0,0
2021-01-09T23:59:59+01:00,0,1,77,84,263,396,402,867,481,1232,547,908,183,169,179,339,147,657,0,0,0,0,0,0,0,0,0,0,0,0,0,0,0,0,0,0,6932,0,0,0,0,0,0,0,0
2021-01-08T23:59:59+01:00,0,1,64,64,190,288,304,585,367,934,440,689,175,164,163,327,145,657,0,0,0,0,0,0,0,0,0,0,0,0,0,0,0,0,0,0,5557,0,0,0,0,0,0,0,0
2021-01-07T23:59:59+01:00,0,0,45,25,81,122,140,231,165,421,222,344,130,128,144,277,131,602,0,0,0,0,0,0,0,0,0,0,0,0,0,0,0,0,0,0,3208,0,0,0,0,0,0,0,0
2021-01-06T23:59:59+01:00,0,0,33,18,70,93,119,180,137,344,193,279,111,99,115,227,112,517,0,0,0,0,0,0,0,0,0,0,0,0,0,0,0,0,0,0,2647,0,0,0,0,0,0,0,0
2021-01-05T23:59:59+01:00,0,0,30,13,60,89,108,166,121,329,179,256,109,94,114,220,109,499,0,0,0,0,0,0,0,0,0,0,0,0,0,0,0,0,0,0,2496,0,0,0,0,0,0,0,0
2021-01-04T23:59:59+01:00,0,0,27,12,57,86,100,158,116,314,177,244,108,90,107,206,99,461,0,0,0,0,0,0,0,0,0,0,0,0,0,0,0,0,0,0,2362,0,0,0,0,0,0,0,0
2021-01-03T23:59:59+01:00,0,0,27,12,57,86,100,158,116,314,177,244,108,90,106,205,99,461,0,0,0,0,0,0,0,0,0,0,0,0,0,0,0,0,0,0,2360,0,0,0,0,0,0,0,0
2021-01-02T23:59:59+01:00,0,0,27,12,57,86,100,158,116,314,176,244,108,90,106,205,99,461,0,0,0,0,0,0,0,0,0,0,0,0,0,0,0,0,0,0,2359,0,0,0,0,0,0,0,0
2021-01-01T23:59:59+01:00,0,0,27,12,57,86,100,158,116,314,174,243,108,90,106,205,99,461,0,0,0,0,0,0,0,0,0,0,0,0,0,0,0,0,0,0,2356,0,0,0,0,0,0,0,0
2020-12-31T23:59:59+01:00,0,0,27,12,57,86,100,158,116,314,174,243,108,90,106,205,99,461,0,0,0,0,0,0,0,0,0,0,0,0,0,0,0,0,0,0,2356,0,0,0,0,0,0,0,0
2020-12-30T23:59:59+01:00,0,0,26,12,57,85,99,155,116,313,174,243,108,90,106,205,99,461,0,0,0,0,0,0,0,0,0,0,0,0,0,0,0,0,0,0,2349,0,0,0,0,0,0,0,0
2020-12-29T23:59:59+01:00,0,0,20,9,42,60,76,91,86,218,128,191,83,77,77,171,80,373,0,0,0,0,0,0,0,0,0,0,0,0,0,0,0,0,0,0,1782,0,0,0,0,0,0,0,0
2020-12-28T23:59:59+01:00,0,0,9,6,18,30,31,45,40,113,53,103,36,42,39,98,43,211,0,0,0,0,0,0,0,0,0,0,0,0,0,0,0,0,0,0,917,0,0,0,0,0,0,0,0
2020-12-27T23:59:59+01:00,0,0,2,2,4,5,7,11,10,24,6,23,6,7,7,25,5,56,0,0,0,0,0,0,0,0,0,0,0,0,0,0,0,0,0,0,200,0,0,0,0,0,0,0,0
