Datum,<15_m,<15_w,15-24_1_m,15-24_1_w,25-34_1_m,25-34_1_w,35-44_1_m,35-44_1_w,45-54_1_m,45-54_1_w,55-64_1_m,55-64_1_w,65-74_1_m,65-74_1_w,75-84_1_m,75-84_1_w,>84_1_m,>84_1_w,<24_2_m,<24_2_w,25-34_2_m,25-34_2_w,35-44_2_m,35-44_2_w,45-54_2_m,45-54_2_w,55-64_2_m,55-64_2_w,65-74_2_m,65-74_2_w,75-84_2_m,75-84_2_w,>84_2_m,>84_2_w,bp_1,bp_2,mo_1,mo_2,az_1,az_2,ja,unb_1,unb_2
2021-07-23T23:59:59+02:00,6033,5468,49571,46903,58172,53717,68048,68866,89402,91804,101656,101333,70954,77324,50179,61542,14077,24273,27439,26140,42360,38890,55862,56881,78133,80751,87311,88167,65950,72119,47837,58481,13495,23103,761576,616197,68424,65008,181008,156213,28295,19,44
2021-07-22T23:59:59+02:00,5895,5354,49279,46624,57975,53520,67881,68701,89222,91657,101505,101203,70889,77244,50139,61492,14066,24255,26626,25315,41458,38088,54947,56061,77402,80129,85656,86680,65582,71726,47731,58350,13465,23052,759676,607749,68386,64578,180987,154765,27833,19,44
2021-07-21T23:59:59+02:00,5620,5072,48749,46099,57670,53212,67656,68429,88952,91411,101248,100941,70764,77116,50084,61429,14057,24230,26378,25097,41041,37812,54520,55680,77041,79849,84866,86083,65418,71600,47679,58285,13447,23027,756088,605810,68362,64313,180967,152997,27303,19,44
2021-07-20T23:59:59+02:00,5543,4999,48468,45823,57501,53008,67484,68285,88775,91260,101086,100797,70691,77051,50045,61383,14048,24205,25223,23952,39754,36787,53194,54488,76144,79086,83519,84747,65119,71259,47575,58148,13419,22982,754428,595507,68357,64172,180927,151423,26721,19,44
2021-07-19T23:59:59+02:00,5465,4915,48148,45500,57286,52799,67318,68086,88591,91087,100939,100638,70615,76971,50005,61333,14039,24176,24404,23123,38467,35678,51478,53003,74897,78049,82421,83772,64832,71003,47483,58030,13395,22943,752655,585564,68349,64063,180900,149650,25988,19,44
2021-07-18T23:59:59+02:00,5458,4914,48084,45449,57199,52728,67256,68021,88514,91026,100870,100574,70584,76930,49979,61300,14037,24164,24271,23021,38211,35469,51155,52723,74658,77860,81528,83015,64649,70826,47427,57957,13390,22921,752404,584528,68326,63904,180861,147439,25477,19,44
2021-07-17T23:59:59+02:00,5433,4878,47990,45375,57130,52666,67196,67967,88459,90968,100827,100555,70577,76915,49974,61296,14037,24163,22884,21556,36820,34175,49911,51537,74063,77309,80897,82421,64522,70679,47361,57896,13381,22901,751871,573682,68324,63880,180858,147302,25334,19,44
2021-07-16T23:59:59+02:00,5331,4801,47751,45146,57008,52562,67081,67856,88323,90874,100725,100454,70535,76867,49953,61277,14031,24156,21635,20312,35529,32944,48471,50225,73070,76383,80205,81772,64306,70461,47283,57799,13363,22869,750453,562153,68324,63821,180853,147100,25082,19,44
2021-07-15T23:59:59+02:00,5193,4674,47359,44829,56803,52365,66893,67677,88112,90678,100540,100287,70438,76766,49906,61203,14021,24127,21033,19814,34610,32251,47247,49297,71907,75481,78070,79654,63712,69870,47141,57624,13344,22807,748426,552900,68310,62817,180809,145268,24307,19,44
2021-07-14T23:59:59+02:00,4821,4348,46771,44258,56574,52101,66692,67476,87903,90438,100325,100091,70331,76658,49841,61121,14010,24103,20832,19671,34357,32099,46886,49000,71383,75097,77407,79125,63393,69595,47060,57540,13323,22772,745002,551142,68296,62636,180759,143376,23786,19,44
2021-07-13T23:59:59+02:00,4734,4271,46578,44106,56416,51958,66533,67333,87752,90318,100189,99973,70260,76597,49804,61077,14006,24088,20287,19145,33342,31300,45288,47558,69648,73461,75821,77584,63020,69207,46932,57373,13294,22721,743708,540369,68282,61884,180692,141769,23292,19,44
2021-07-12T23:59:59+02:00,4673,4195,46398,43917,56268,51820,66380,67211,87583,90182,100038,99839,70185,76515,49767,61026,13999,24070,19811,18710,32555,30679,43636,46115,67287,71390,73941,76088,62491,68623,46790,57211,13266,22672,742481,529320,68261,61329,180601,139201,22705,18,44
2021-07-11T23:59:59+02:00,4668,4191,46326,43866,56211,51770,66331,67177,87524,90133,99969,99780,70148,76473,49757,61011,13997,24056,19608,18563,32218,30433,43195,45743,66831,71036,73169,75394,62094,68247,46721,57123,13251,22640,742345,527560,68254,61008,180539,136744,22232,18,44
2021-07-10T23:59:59+02:00,4541,4055,46044,43557,56028,51577,66186,67006,87394,89996,99871,99677,70093,76415,49737,60985,13994,24047,19052,18009,31277,29569,41460,44167,65364,69767,72541,74779,61930,68098,46668,57071,13244,22626,740270,516998,68250,60992,180529,136712,22136,18,44
2021-07-09T23:59:59+02:00,4414,3941,45771,43304,55860,51388,66032,66849,87244,89836,99741,99574,70043,76343,49701,60944,13989,24035,18456,17437,30308,28614,39503,42241,63076,67650,71382,73640,61659,67776,46593,56945,13227,22601,738249,503332,68239,60610,180523,136306,21980,18,44
2021-07-08T23:59:59+02:00,4384,3916,45639,43197,55743,51273,65904,66748,87125,89715,99622,99477,69993,76290,49682,60907,13978,24022,17517,16634,28915,27577,37793,40802,60948,65835,68043,70505,60776,66807,46353,56605,13182,22506,737548,488132,68183,58552,180454,133730,21412,18,44
2021-07-07T23:59:59+02:00,4374,3911,45572,43155,55669,51230,65823,66709,87071,89677,99579,99426,69977,76268,49673,60889,13974,24011,16553,15779,27540,26572,36278,39575,59333,64386,64839,67052,59765,65770,46117,56286,13132,22434,737268,472888,68140,56663,180400,131595,21162,18,44
2021-07-06T23:59:59+02:00,4320,3866,45430,43032,55542,51090,65721,66602,86970,89591,99502,99344,69939,76211,49655,60861,13971,23997,15782,15034,26465,25665,34448,37875,55945,61376,62204,64612,59015,64984,45845,55952,13091,22331,736168,455079,68122,55850,180347,129473,20989,18,44
2021-07-05T23:59:59+02:00,4262,3822,45256,42861,55400,50998,65607,66495,86856,89500,99419,99252,69876,76147,49634,60834,13968,23983,15123,14407,25513,24854,33232,36747,52859,58411,59443,62154,58179,64178,45596,55641,13046,22254,735020,439054,68095,55500,180273,127002,20764,18,42
2021-07-04T23:59:59+02:00,4254,3816,45211,42835,55340,50972,65569,66474,86818,89469,99387,99224,69854,76128,49628,60819,13963,23973,14918,14204,25076,24506,32636,36221,52196,57887,58463,61290,57520,63549,45414,55439,13027,22207,734852,434984,68065,55296,180205,124326,20594,18,40
2021-07-03T23:59:59+02:00,4037,3641,44677,42271,55023,50603,65280,66201,86573,89212,99193,99025,69781,76056,49605,60773,13959,23962,14632,13884,24725,24155,31660,35306,50460,56338,57599,60553,57348,63354,45347,55355,13015,22182,731071,426427,68050,55282,180200,124284,20533,18,40
2021-07-02T23:59:59+02:00,3730,3355,44028,41683,54700,50273,65000,65903,86304,88966,98958,98803,69677,75944,49554,60704,13953,23945,14236,13460,24040,23569,30512,34258,47853,54196,55478,58774,56957,62931,45189,55200,12999,22144,726767,414104,68034,54236,180187,123554,20475,17,15
2021-07-01T23:59:59+02:00,3592,3246,43676,41333,54500,50105,64847,65745,86156,88831,98810,98689,69610,75875,49524,60671,13945,23930,13549,12767,22752,22486,28846,32744,45851,52452,52988,56507,55540,61366,44694,54584,12927,22016,724665,400606,67974,51929,180142,119740,20287,17,15
2021-06-30T23:59:59+02:00,3581,3230,43408,41139,54319,49981,64735,65658,86070,88770,98743,98641,69583,75852,49512,60648,13941,23921,12794,12149,21584,21581,27257,31374,44012,50728,49366,52565,54214,60040,44338,54145,12871,21888,723555,384848,67935,50039,180122,116308,20103,17,15
2021-06-29T23:59:59+02:00,3364,3011,42497,40298,53719,49391,64306,65235,85665,88318,98397,98314,69456,75703,49455,60578,13922,23890,12195,11544,20789,20819,25914,30175,41397,48330,47505,51025,53247,58934,43931,53609,12777,21735,717601,372864,67884,48534,180108,112930,19909,17,15
2021-06-28T23:59:59+02:00,3147,2832,41535,39292,53063,48749,63852,64856,85282,87931,98066,97972,69320,75543,49390,60478,13904,23867,11695,11096,20141,20232,24959,29281,39311,46393,45883,49669,52143,57891,43569,53105,12698,21615,711460,363421,67780,47516,180099,109258,19723,17,15
2021-06-27T23:59:59+02:00,3142,2829,41502,39261,53022,48718,63817,64825,85229,87896,98016,97945,69303,75532,49381,60464,13899,23865,11502,10905,19820,19915,24383,28726,38291,45554,44732,48580,51120,56888,43136,52601,12616,21480,711271,358868,67756,47078,180063,104966,19539,17,15
2021-06-26T23:59:59+02:00,2662,2356,40104,37890,52287,47968,63263,64262,84743,87381,97594,97514,69112,75356,49308,60359,13880,23842,11389,10806,19653,19766,24188,28513,37818,45118,44368,48234,51007,56745,43090,52554,12611,21465,702539,355957,67733,47073,180063,104948,19529,17,15
2021-06-25T23:59:59+02:00,2258,2023,39250,37071,51938,47609,62934,63938,84464,87070,97343,97249,69009,75243,49262,60299,13865,23820,11086,10496,19273,19343,23671,27900,35129,42824,42192,46325,50670,56368,42991,52425,12587,21435,697472,344427,67603,46628,180057,104305,19496,17,15
2021-06-24T23:59:59+02:00,2204,1974,38762,36614,51591,47280,62723,63736,84234,86879,97159,97098,68928,75179,49227,60254,13859,23804,10486,9915,18213,18475,22254,26654,33032,40991,39763,44035,49194,54730,42422,51726,12470,21232,694558,331593,67584,44027,180035,100767,19311,17,15
2021-06-23T23:59:59+02:00,2192,1951,38538,36380,51429,47120,62619,63634,84140,86787,97087,97014,68897,75148,49210,60232,13856,23794,10033,9487,17588,17929,21324,25812,31109,39381,35812,39595,47905,53373,42037,51222,12389,21066,693361,316167,67557,43408,180021,97468,19072,17,15
2021-06-22T23:59:59+02:00,2116,1889,37553,35440,50685,46448,62144,63195,83770,86386,96725,96704,68751,75010,49144,60152,13843,23762,9560,9042,16727,17246,20111,24748,27994,36615,33514,37729,46954,52406,41629,50665,12249,20832,687256,304048,67518,40672,180012,94404,18914,17,15
2021-06-21T23:59:59+02:00,1970,1750,36193,34205,49667,45575,61428,62539,83277,85915,96287,96303,68582,74840,49080,60058,13831,23729,9248,8750,16269,16885,19479,24261,26257,35063,31991,36442,45909,51330,41177,50118,12144,20641,679295,296746,67495,40033,179997,90766,18425,17,15
2021-06-20T23:59:59+02:00,1959,1742,36109,34152,49530,45463,61298,62412,83200,85861,96220,96245,68548,74812,49065,60040,13831,23718,9101,8648,16054,16715,19160,24003,25438,34407,31057,35496,45714,51129,41146,50066,12135,20621,678693,292955,67460,39446,179980,90438,18055,17,15
2021-06-19T23:59:59+02:00,1595,1443,34495,32603,48624,44645,60813,61907,82733,85386,95814,95892,68398,74649,49000,59959,13816,23694,9059,8572,15955,16594,19041,23853,25334,34250,30931,35358,45619,51033,41128,50041,12131,20611,669993,291629,67447,39443,179974,90405,18035,17,14
2021-06-18T23:59:59+02:00,1401,1270,32842,31009,47416,43458,59880,60996,81936,84642,95199,95317,68181,74432,48911,59820,13800,23664,8984,8485,15799,16445,18857,23667,25086,34014,30647,35042,45328,50689,41043,49965,12118,20597,658875,289473,67323,39327,179973,89982,17986,17,14
2021-06-17T23:59:59+02:00,1325,1212,31912,30165,46547,42756,59079,60154,81199,83995,94794,94938,68044,74288,48869,59744,13785,23635,8447,8118,15115,15889,18036,22846,23984,32893,29170,33692,44006,49192,40558,49355,11999,20409,651963,280568,67212,38505,179940,87329,17309,17,14
2021-06-16T23:59:59+02:00,1242,1148,31218,29465,45752,42009,58162,59289,80424,83229,94378,94562,67908,74128,48813,59653,13766,23609,7956,7800,14503,15382,17275,22129,22855,31948,28001,32593,42125,47090,40016,48780,11891,20224,644924,270931,67097,37907,179924,84939,16793,17,14
2021-06-15T23:59:59+02:00,1100,1030,29339,27670,44004,40477,56582,57652,79041,81915,93627,93895,67622,73837,48703,59495,13733,23544,7779,7671,14204,15145,16915,21833,22340,31573,27479,32170,41192,46078,39636,48362,11768,20004,629994,267899,67054,37405,179889,82533,16312,17,14
2021-06-14T23:59:59+02:00,1008,917,27797,26195,42402,38965,54932,56012,77948,80811,92933,93272,67370,73597,48607,59372,13713,23500,7594,7497,13828,14817,16394,21397,21656,30994,26808,31578,40813,45658,39254,47914,11637,19799,616793,265257,67000,36996,179861,79703,15680,17,14
2021-06-13T23:59:59+02:00,984,892,27595,26013,42019,38636,54395,55495,77602,80507,92741,93082,67281,73517,48570,59316,13698,23475,7453,7327,13564,14525,16014,21006,21230,30507,26280,31080,40416,45256,38796,47350,11458,19514,614098,263191,66869,36929,179830,76650,15004,17,14
2021-06-12T23:59:59+02:00,856,777,26064,24414,40848,37553,53722,54761,77073,80014,92193,92559,67126,73339,48501,59239,13685,23454,7407,7276,13444,14417,15881,20897,21046,30360,26164,30984,40399,45240,38788,47340,11458,19513,604530,262418,66866,36927,179822,76324,14943,17,14
2021-06-11T23:59:59+02:00,742,668,24442,22881,39490,36362,52501,53555,76104,79163,91615,91985,66891,73105,48440,59131,13666,23419,7350,7187,13274,14237,15671,20706,20777,30105,25899,30730,40091,44864,38704,47226,11441,19485,592754,260545,66789,36782,179814,75632,14786,17,14
2021-06-10T23:59:59+02:00,642,581,23448,21867,38270,35181,50907,52057,74787,77973,90007,90444,66537,72712,48314,58959,13640,23365,7070,6964,12756,13804,15044,20141,20018,29355,25109,30060,39396,44004,38354,46812,11329,19302,579865,257120,66317,36748,179764,71920,13728,17,14
2021-06-09T23:59:59+02:00,572,532,22999,21476,37613,34661,49796,51020,73549,76779,89416,89940,66412,72569,48264,58874,13625,23335,6798,6653,12161,13202,14265,19337,19107,28338,24131,28907,36838,41107,37790,46169,11181,19062,572717,246860,65861,36674,179722,68396,13115,17,13
2021-06-08T23:59:59+02:00,466,421,21486,20002,36003,33297,47690,49064,71415,74847,87948,88465,66099,72183,48131,58715,13593,23291,6668,6475,11787,12838,13789,18855,18506,27739,23579,28378,36556,40854,37501,45804,11073,18906,555363,245228,65587,36599,179693,65024,12456,17,13
2021-06-07T23:59:59+02:00,351,328,20480,19017,34457,31958,45416,47040,69282,72970,86972,87614,65877,71919,48057,58579,13573,23256,6516,6312,11368,12491,13253,18379,17779,27153,22949,27783,36236,40549,37083,45324,10960,18710,540164,243253,65417,36535,179638,61146,11910,17,13
2021-06-06T23:59:59+02:00,328,307,20298,18872,34064,31676,44811,46477,68667,72490,86763,87446,65821,71860,48046,58551,13566,23244,6383,6143,11048,12081,12826,17809,17146,26347,22256,26980,35770,40078,36604,44772,10804,18442,537066,240826,65095,36488,179594,56659,11515,17,13
2021-06-05T23:59:59+02:00,256,242,19048,17589,32724,30457,43582,45301,68092,71969,86233,86936,65730,71758,47998,58503,13559,23232,6332,6064,10945,11931,12703,17640,16980,26145,22089,26799,35709,39999,36582,44747,10802,18437,527047,240242,65095,36074,179555,56092,11495,17,13
2021-06-04T23:59:59+02:00,175,174,17849,16434,31408,29163,42027,43805,66749,70651,85421,86185,65544,71544,47922,58413,13543,23204,6230,5922,10772,11725,12487,17392,16627,25762,21572,26362,34826,39154,36268,44449,10785,18414,514194,238427,65028,35749,179548,53145,11424,17,13
2021-06-03T23:59:59+02:00,120,121,17209,15860,30424,28338,40572,42520,64980,69122,83171,83903,65120,71092,47794,58251,13525,23166,6060,5716,10468,11374,12172,16936,16183,25106,21030,25784,34161,38367,36094,44247,10752,18364,500425,236123,64335,35366,179506,50318,11005,17,13
2021-06-02T23:59:59+02:00,92,78,16869,15552,30117,28079,39905,41899,63393,67736,82232,83103,64979,70929,47734,58168,13522,23151,5949,5624,10298,11223,11950,16726,15890,24805,20691,25394,30930,34756,35869,44025,10723,18310,492939,227483,64334,35040,179504,49893,10744,17,13
2021-06-01T23:59:59+02:00,38,43,16082,14883,28629,26994,37559,39847,59845,64564,79811,80791,64629,70565,47606,57983,13489,23096,5672,5336,9783,10789,11414,16133,15224,24018,19952,24643,30586,34460,35670,43846,10695,18248,474686,225989,62782,34543,179435,46401,9534,17,12
2021-05-31T23:59:59+02:00,30,35,15513,14406,27695,26299,35596,38183,56410,61541,77781,79088,64295,70209,47463,57808,13456,23043,5510,5121,9376,10427,10987,15657,14692,23339,19327,23937,30300,34210,35488,43652,10659,18191,458923,225325,62070,34158,179369,42915,8472,17,12
2021-05-30T23:59:59+02:00,29,32,15367,14280,27416,26073,35146,37777,55700,60923,77459,78814,64235,70151,47438,57773,13452,23033,5408,4931,9049,10060,10578,15173,14245,22541,18803,23169,29626,33497,35262,43458,10637,18130,455954,224879,61637,34078,179325,37442,8165,17,12
2021-05-29T23:59:59+02:00,27,31,14970,13882,26564,25253,33386,36183,54221,59630,76869,78247,64084,70003,47385,57720,13445,23019,5374,4855,8987,9949,10490,15060,14139,22396,18674,23033,29596,33474,35256,43450,10636,18127,445816,224412,61606,34078,179320,36843,8160,17,12
2021-05-28T23:59:59+02:00,23,30,14559,13476,25747,24505,31536,34418,52050,57626,75814,77252,63879,69754,47333,57643,13435,22996,5289,4738,8815,9803,10339,14892,13982,22163,18467,22731,29527,33428,35239,43434,10635,18123,433840,223761,61136,34072,179232,35918,7851,17,12
2021-05-27T23:59:59+02:00,19,26,13934,13006,24683,23783,30292,33492,50446,56253,72721,74273,63441,69218,47198,57481,13411,22942,5175,4499,8488,9468,9942,14467,13545,21533,17969,22136,29308,33224,35130,43322,10613,18095,421703,223139,59184,34001,178608,32664,7107,17,12
2021-05-26T23:59:59+02:00,18,24,13445,12576,23772,23133,29377,32798,49358,55328,69765,71087,62829,68609,47063,57311,13381,22896,5089,4334,8233,9154,9646,14081,13190,20935,17536,21539,29117,33057,35032,43218,10587,18045,410891,222539,57010,33883,178112,29628,6740,17,12
2021-05-25T23:59:59+02:00,18,21,13102,12276,23195,22729,28329,31944,46763,53098,67501,68962,62478,68242,46950,57162,13364,22845,5009,4213,8028,8898,9392,13711,12878,20416,17160,20994,28960,32906,34949,43117,10561,17990,399059,222015,55945,33803,177493,26896,6465,17,12
2021-05-24T23:59:59+02:00,17,20,12804,11995,22694,22347,27713,31495,44143,50667,65052,66776,62172,67945,46840,57037,13331,22790,4936,4108,7779,8668,9079,13334,12553,19907,16775,20440,28817,32768,34875,43046,10540,17945,387418,221458,55463,33740,176831,24260,6109,17,12
2021-05-23T23:59:59+02:00,17,20,12745,11925,22599,22264,27633,31419,43887,50439,64467,66227,62093,67857,46815,57019,13329,22788,4916,4093,7742,8638,9021,13303,12475,19848,16702,20386,28808,32756,34872,43040,10540,17944,385220,221189,55384,33734,176819,24055,6103,17,12
2021-05-22T23:59:59+02:00,17,20,12521,11686,22279,21961,26630,30531,42054,48857,63613,65489,61932,67666,46749,56928,13319,22765,4900,4038,7715,8576,8981,13240,12445,19766,16674,20322,28798,32746,34868,43034,10539,17943,376736,221105,55373,33734,176814,23666,6077,17,12
2021-05-21T23:59:59+02:00,17,19,12216,11433,21709,21523,25823,29847,39669,46969,61644,63826,61672,67395,46665,56840,13304,22740,4881,4010,7662,8489,8915,13154,12367,19672,16601,20238,28782,32721,34861,43024,10537,17942,366351,220911,54314,33721,176624,23216,6005,17,12
2021-05-20T23:59:59+02:00,16,19,11595,10856,20595,20637,24685,28829,38165,45692,59306,61762,60856,66496,46466,56584,13270,22685,4600,3830,7264,8197,8476,12759,11915,19162,16185,19719,28661,32627,34810,42973,10533,17932,355898,220517,51963,33613,175351,20225,5285,17,12
2021-05-19T23:59:59+02:00,16,19,11156,10543,19809,20092,23840,28235,37266,45009,56084,58136,60166,65793,46357,56450,13248,22638,4447,3664,7009,7953,8199,12429,11588,18735,15816,19297,28564,32514,34768,42899,10523,17917,345475,220040,50351,33500,174219,17984,4795,17,12
2021-05-18T23:59:59+02:00,16,19,10824,10257,19237,19640,23201,27679,35869,43786,54682,57018,59799,65372,46229,56288,13223,22613,4340,3539,6764,7721,7942,12147,11356,18341,15471,18869,28481,32425,34738,42860,10519,17910,340127,219759,48513,33423,172754,15897,4341,17,12
2021-05-17T23:59:59+02:00,15,18,10604,10075,18805,19355,22773,27373,34671,42791,53378,55988,59553,65126,46166,56189,13207,22580,4268,3452,6556,7503,7691,11857,11100,17947,15163,18466,28391,32339,34714,42819,10513,17897,336070,219478,47527,33356,171244,14030,3809,17,12
2021-05-16T23:59:59+02:00,15,17,10416,9943,18513,19154,22438,27133,34036,42332,52143,54819,59360,64962,46130,56135,13196,22560,4200,3376,6338,7338,7399,11605,10834,17595,14870,18103,28327,32277,34698,42801,10506,17893,333642,219237,46651,33295,169629,12263,3363,17,11
2021-05-15T23:59:59+02:00,15,17,10318,9842,18362,19009,22270,26993,33652,41963,51749,54444,59244,64814,46082,56090,13193,22544,4159,3341,6254,7273,7304,11501,10732,17476,14762,17974,28233,32159,34607,42708,10502,17888,331253,218146,46650,33294,169494,12244,3187,17,11
2021-05-14T23:59:59+02:00,14,17,10035,9634,17930,18769,21871,26710,31297,40192,49605,52592,59027,64588,46034,56007,13177,22522,4030,3259,5969,7111,6997,11277,10387,17129,14419,17648,27660,31454,34487,42516,10484,17859,322118,214862,46597,33290,168881,12124,2408,17,11
2021-05-13T23:59:59+02:00,14,17,9573,9258,17138,18206,20999,26033,30179,39211,47366,50422,58182,63618,45825,55724,13138,22450,3526,3062,5632,6857,6686,10971,9981,16742,14045,17216,26766,30260,34065,42003,10453,17797,313632,210288,44734,32738,166870,10932,2102,15,11
2021-05-12T23:59:59+02:00,14,17,9280,9067,16706,17950,20531,25749,29651,38825,44368,46783,57608,62979,45741,55612,13120,22425,3385,2974,5403,6746,6408,10826,9699,16534,13807,16953,26122,29443,33900,41808,10427,17763,304479,207270,43910,32715,166578,10764,1446,13,11
2021-05-11T23:59:59+02:00,14,15,8838,8783,15935,17435,19671,25134,27911,37380,42441,45284,57231,62533,45656,55477,13100,22398,3266,2843,5173,6404,6107,10412,9339,15975,13369,16397,24699,27779,33393,41187,10376,17678,298991,201316,40853,32534,164101,9267,1278,13,10
2021-05-10T23:59:59+02:00,14,14,8579,8630,15425,17186,19044,24819,26923,36699,40989,44141,56973,62262,45579,55374,13079,22370,3157,2715,4944,6174,5852,10088,9014,15499,13008,15979,23653,26452,32908,40601,10341,17620,295727,196676,39946,32508,161443,7848,972,12,8
2021-05-09T23:59:59+02:00,14,14,8422,8546,15119,17003,18669,24570,26255,36276,39212,42488,56677,61983,45526,55316,13071,22352,3037,2661,4764,6037,5683,9915,8818,15294,12840,15805,23379,26121,32764,40426,10331,17605,292782,195485,39575,32467,158446,6829,698,12,8
2021-05-08T23:59:59+02:00,14,14,8348,8471,14942,16858,18460,24373,26029,36038,38981,42299,56550,61834,45490,55279,13068,22342,3030,2643,4731,6001,5640,9869,8741,15230,12754,15735,23011,25695,32482,40115,10323,17589,291233,194299,39122,31764,158325,6827,698,12,8
2021-05-07T23:59:59+02:00,13,13,8174,8374,14619,16678,18079,24142,25608,35753,38533,41921,56277,61482,45441,55233,13063,22332,2726,2509,4381,5817,5372,9608,8429,14920,12363,15339,21919,24326,31840,39287,10295,17539,288725,190864,38695,30272,157999,5229,304,12,8
2021-05-06T23:59:59+02:00,12,13,7521,8012,13726,16080,17029,23297,24271,34644,36386,40260,55151,60164,45198,54928,13028,22266,2599,2396,4208,5621,5163,9298,8086,14478,11931,14887,20619,22647,30990,38285,10244,17428,278105,185267,37418,29315,156184,4030,267,12,8
2021-05-05T23:59:59+02:00,10,13,6982,7706,12942,15528,16005,22533,22893,33621,34566,38777,53315,58132,44882,54583,12995,22200,2511,2336,4034,5464,4975,9086,7741,14139,11566,14531,19235,20868,29804,36873,10204,17326,266678,179160,36503,28151,154402,3293,88,12,8
2021-05-04T23:59:59+02:00,10,12,6793,7611,12585,15358,15522,22263,22255,33277,33610,38083,52461,57172,44761,54457,12977,22159,2455,2265,3881,5294,4801,8830,7403,13732,11140,14072,17588,18947,28713,35546,10110,17206,262934,172366,35640,27222,152747,2360,34,11,8
2021-05-03T23:59:59+02:00,10,12,6646,7464,12211,15142,15017,21954,21549,32873,32462,37194,52163,56856,44665,54350,12962,22127,2396,2194,3788,5115,4662,8595,7188,13385,10819,13664,16389,17455,27837,34449,10046,17099,259654,166820,35181,26871,150787,1365,24,11,8
2021-05-02T23:59:59+02:00,10,12,6568,7374,12003,14970,14724,21721,21076,32553,31312,36250,51880,56566,44603,54260,12946,22096,2383,2187,3767,5083,4633,8559,7123,13314,10737,13575,16078,17062,27541,34144,10034,17087,257236,165264,35111,26761,148543,1260,23,11,6
2021-05-01T23:59:59+02:00,10,12,6550,7349,11941,14925,14647,21662,20978,32481,31186,36158,51874,56550,44599,54259,12944,22094,2380,2178,3744,5066,4591,8534,7086,13277,10677,13520,15880,16839,27425,34007,10031,17077,256682,164298,35111,26734,148392,1258,23,11,6
2021-04-30T23:59:59+02:00,10,12,6511,7311,11851,14836,14542,21547,20783,32296,30948,35968,51602,56191,44554,54205,12939,22082,2352,2158,3682,5004,4497,8426,6935,13094,10402,13257,15072,15814,26558,32936,9990,16989,254912,161107,35069,24851,148174,1187,22,11,6
2021-04-29T23:59:59+02:00,10,12,6307,7188,11533,14649,14190,21311,20265,32010,30194,35478,50956,55366,44463,54091,12916,22008,2315,2112,3590,4915,4372,8291,6742,12877,10129,12972,14101,14584,25255,31394,9929,16897,251758,155420,34977,24106,146180,929,21,11,6
2021-04-28T23:59:59+02:00,10,12,6040,7023,11157,14317,13702,20848,19631,31407,29029,34351,48295,52376,44173,53767,12853,21930,2276,2072,3521,4855,4257,8176,6582,12693,9883,12754,12963,13107,23770,29522,9868,16794,241859,149473,34852,22903,144190,709,9,11,6
2021-04-27T23:59:59+02:00,10,12,5938,6931,11008,14197,13504,20687,19354,31196,28470,33968,48090,52156,44117,53717,12845,21908,2234,2038,3430,4761,4164,8067,6417,12509,9605,12478,11755,11546,22119,27370,9792,16649,240502,142675,34805,21719,142781,532,9,11,6
2021-04-26T23:59:59+02:00,10,12,5890,6887,10895,14132,13345,20567,19128,30987,27642,33399,47753,51791,44065,53652,12836,21879,2213,2009,3378,4718,4100,7996,6315,12378,9417,12303,10841,10389,20843,25624,9734,16563,239793,137411,34781,20982,140276,422,9,11,4
2021-04-25T23:59:59+02:00,10,12,5844,6840,10792,14037,13185,20415,18884,30704,26884,32663,47256,51279,43982,53553,12822,21860,2186,1998,3348,4699,4082,7977,6282,12338,9360,12243,10680,10197,20602,25301,9724,16549,238101,136557,34740,20640,138161,363,9,11,4
2021-04-24T23:59:59+02:00,10,12,5823,6792,10717,13953,13089,20274,18753,30530,26722,32485,47156,51156,43889,53459,12818,21855,2179,1988,3324,4672,4043,7931,6210,12265,9230,12126,10523,10016,20471,25170,9708,16531,236643,136035,34724,20001,138106,345,9,11,4
2021-04-23T23:59:59+02:00,10,12,5759,6701,10587,13754,12891,20022,18448,30157,26331,32125,46212,50025,43735,53214,12796,21823,2161,1967,3282,4638,3995,7876,6116,12176,9065,11998,10256,9718,20147,24752,9659,16451,232268,134914,34668,19003,137646,334,9,11,4
2021-04-22T23:59:59+02:00,10,12,5656,6586,10380,13559,12542,19691,17940,29685,25703,31533,44482,47873,43162,52484,12750,21722,2148,1956,3242,4586,3920,7802,5988,12076,8807,11833,9827,9311,19696,24163,9609,16373,226032,132802,34558,18226,135160,302,9,11,4
2021-04-21T23:59:59+02:00,10,11,5562,6448,10151,13357,12214,19379,17438,29191,24989,30804,40217,43014,42687,51948,12684,21618,2136,1947,3207,4550,3865,7744,5911,11984,8632,11673,9498,8928,19198,23575,9550,16278,213949,131167,34492,17223,133261,279,9,11,4
2021-04-20T23:59:59+02:00,10,11,5483,6358,9958,13142,11940,19116,17018,28783,24437,30243,38462,41005,42034,51173,12614,21480,2111,1934,3168,4525,3799,7699,5780,11888,8461,11545,9216,8608,18729,22911,9453,16137,207742,129810,34402,15922,131104,225,9,10,4
2021-04-19T23:59:59+02:00,10,10,5403,6280,9800,13015,11739,18912,16656,28402,23896,29775,36908,39215,41446,50447,12558,21391,2095,1916,3133,4491,3760,7656,5741,11818,8379,11454,8980,8325,18326,22345,9407,16047,202725,128128,34347,15533,128774,205,9,8,4
2021-04-18T23:59:59+02:00,10,9,5341,6229,9670,12932,11541,18775,16378,28204,23493,29464,35603,37854,41098,50041,12526,21329,2083,1900,3104,4470,3734,7640,5696,11772,8328,11405,8880,8234,18173,22157,9394,16024,201194,127642,34308,15145,124978,200,9,8,4
2021-04-17T23:59:59+02:00,10,9,5335,6213,9635,12901,11496,18735,16302,28138,23429,29406,35294,37516,40991,49944,12520,21318,2073,1892,3077,4458,3676,7595,5625,11722,8243,11354,8771,8126,18070,22041,9373,16011,199969,126847,34299,15055,124907,198,9,8,4
2021-04-16T23:59:59+02:00,10,9,5272,6174,9546,12842,11364,18625,16093,27980,23086,29060,34217,36260,40585,49424,12500,21285,1940,1804,2854,4281,3323,7282,4866,11196,6769,10274,6303,6114,16285,20378,9184,15714,195842,117672,34215,10692,124258,196,9,8,4
2021-04-15T23:59:59+02:00,10,9,5205,6084,9346,12672,11068,18377,15597,27587,22396,28462,32320,33943,39544,48215,12424,21121,1895,1772,2789,4217,3208,7163,4649,11016,6396,9965,5844,5719,15696,19694,8998,15386,190030,114567,34164,9644,120169,189,9,8,4
2021-04-14T23:59:59+02:00,10,8,5144,6038,9177,12543,10849,18200,15196,27274,21751,27983,30399,31693,38328,46800,12350,20936,1814,1717,2706,4151,3099,7071,4447,10850,6092,9714,5364,5307,15112,19006,8796,15038,183666,111957,34027,8187,116969,133,9,8,4
2021-04-13T23:59:59+02:00,10,8,5096,5984,9040,12413,10670,18031,14856,27000,21229,27518,28302,29246,37071,45208,12210,20733,1769,1701,2669,4108,3044,7010,4317,10709,5822,9504,5024,5002,14665,18557,8664,14839,176793,110542,33963,6819,113852,36,9,8,4
2021-04-12T23:59:59+02:00,9,8,5035,5936,8931,12277,10468,17883,14537,26721,20689,27062,26264,26979,35915,43745,12083,20536,1736,1659,2641,4089,3018,6957,4257,10641,5718,9404,4864,4858,14367,18188,8553,14640,171087,109707,33890,5842,110084,34,9,8,4
2021-04-11T23:59:59+02:00,9,8,4996,5893,8840,12198,10310,17782,14276,26544,20266,26738,25067,25694,35210,42961,11996,20389,1727,1653,2620,4069,2996,6932,4224,10595,5632,9337,4773,4804,14252,18066,8515,14588,169309,109510,33820,5237,106031,29,9,8,4
2021-04-10T23:59:59+02:00,9,8,4985,5879,8799,12172,10255,17748,14208,26495,20170,26658,24753,25320,34867,42542,11989,20368,1722,1648,2611,4060,2982,6916,4195,10566,5575,9298,4695,4725,14126,17904,8469,14504,168099,108723,33100,5237,106009,29,9,8,4
2021-04-09T23:59:59+02:00,9,8,4939,5849,8714,12094,10133,17625,14041,26320,19910,26417,23922,24169,33917,41338,11956,20295,1694,1618,2557,4025,2910,6854,4045,10453,5324,9073,4276,4351,13566,17192,8243,14140,164752,105057,31592,5230,105297,29,7,8,4
2021-04-08T23:59:59+02:00,9,8,4862,5784,8567,11984,9919,17449,13645,26007,19308,25949,22222,22191,32235,39376,11810,20061,1664,1602,2503,3978,2829,6768,3897,10315,5033,8810,3824,3926,12584,15950,7773,13383,159013,100100,30687,4710,101671,24,7,8,4
2021-04-07T23:59:59+02:00,9,7,4815,5732,8387,11908,9691,17300,13325,25780,18840,25589,20413,20079,30482,37119,11695,19850,1631,1586,2449,3926,2768,6688,3788,10169,4845,8621,3563,3638,11902,15145,7404,12838,152980,96800,29515,4143,98511,13,7,8,4
2021-04-06T23:59:59+02:00,9,7,4768,5687,8243,11796,9530,17137,13008,25515,18323,25204,18562,18018,28567,34632,11500,19508,1597,1567,2427,3900,2735,6651,3723,10125,4765,8532,3456,3515,11426,14502,7124,12432,146159,94505,28559,3955,95281,12,7,8,4
2021-04-05T23:59:59+02:00,9,7,4737,5645,8147,11707,9392,17037,12796,25304,17924,24857,16838,16084,26942,32489,11356,19286,1577,1556,2397,3881,2706,6603,3681,10066,4680,8417,3346,3408,11089,14134,6968,12153,140754,93119,28124,3526,91666,12,7,6,4
2021-04-04T23:59:59+02:00,9,7,4729,5639,8139,11696,9379,17024,12771,25284,17896,24832,16706,15910,26746,32242,11347,19273,1576,1555,2395,3878,2704,6600,3679,10063,4676,8414,3336,3395,11078,14122,6966,12145,140034,93040,28032,3526,91553,12,6,4,4
2021-04-03T23:59:59+02:00,9,7,4725,5631,8125,11688,9359,17004,12732,25253,17818,24770,16626,15821,26701,32185,11342,19266,1573,1553,2386,3870,2686,6586,3655,10035,4594,8359,3218,3280,10996,14048,6960,12135,139507,92392,28004,3526,91541,12,6,4,4
2021-04-02T23:59:59+02:00,9,7,4699,5611,8068,11634,9296,16936,12593,25147,17584,24570,16175,15344,26226,31613,11310,19213,1571,1544,2373,3864,2679,6570,3634,10003,4525,8266,3149,3212,10759,13749,6808,11934,138306,91102,26596,3522,91123,12,6,4,4
2021-04-01T23:59:59+02:00,8,7,4656,5550,7956,11493,9165,16776,12320,24862,17139,24171,15427,14619,25472,30655,11185,19032,1554,1522,2342,3832,2657,6540,3594,9964,4457,8201,3038,3084,9831,12637,6200,11088,136077,87111,25932,3418,88476,10,4,4,4
2021-03-31T23:59:59+02:00,8,7,4447,5470,7846,11371,9025,16611,12102,24586,16788,23806,14731,13857,24640,29648,11080,18840,1545,1517,2328,3812,2631,6512,3546,9916,4387,8131,2948,2994,9261,11942,5838,10593,134284,84695,24478,3194,86093,10,4,4,4
2021-03-30T23:59:59+02:00,8,7,4416,5417,7774,11244,8939,16453,11940,24396,16511,23497,14139,13214,23885,28671,10943,18599,1531,1507,2308,3787,2605,6483,3506,9850,4317,8060,2825,2848,8679,11289,5488,10107,132811,82385,23268,2797,83966,6,4,4,4
2021-03-29T23:59:59+02:00,8,7,4375,5359,7674,11132,8833,16292,11782,24124,16186,23151,13598,12617,23127,27700,10790,18354,1513,1494,2289,3771,2584,6454,3471,9794,4254,7985,2772,2780,8392,10904,5298,9799,130980,81007,22519,2539,81602,6,4,4,4
2021-03-28T23:59:59+02:00,8,7,4341,5274,7589,11025,8756,16140,11648,23895,15929,22878,13274,12308,22561,27010,10616,18075,1504,1489,2267,3757,2570,6425,3431,9744,4216,7929,2724,2729,8315,10800,5255,9734,130483,80669,22001,2212,78842,6,4,4,4
2021-03-27T23:59:59+01:00,8,7,4327,5263,7563,10995,8691,16069,11548,23799,15787,22762,13068,12095,22362,26800,10581,18046,1503,1487,2264,3755,2569,6424,3418,9721,4205,7907,2714,2722,8259,10735,5221,9694,129604,80378,21359,2212,78800,6,4,4,4
2021-03-26T23:59:59+01:00,8,7,4284,5194,7454,10865,8516,15887,11216,23500,15179,22258,12155,11280,21581,25966,10440,17823,1498,1473,2259,3734,2556,6401,3401,9695,4164,7870,2684,2683,8082,10518,5104,9527,125591,79541,19763,2098,78251,6,4,4,4
2021-03-25T23:59:59+01:00,8,6,4225,5035,7293,10587,8273,15484,10834,22879,14541,21562,11486,10621,20716,24900,10128,17288,1478,1459,2227,3708,2522,6362,3364,9647,4094,7789,2550,2545,7110,9272,4499,8623,122334,75376,18990,1864,74535,6,3,4,4
2021-03-24T23:59:59+01:00,8,6,4151,4895,7158,10304,8059,15071,10573,22335,14075,20956,10884,10062,19786,23816,9805,16727,1457,1429,2201,3671,2477,6327,3323,9584,4016,7690,2451,2446,6468,8512,4118,8044,119752,72760,17806,1448,71108,5,1,4,4
2021-03-23T23:59:59+01:00,8,6,4111,4801,7051,10070,7906,14733,10318,21832,13675,20465,10420,9620,19067,22966,9495,16266,1445,1411,2175,3650,2456,6301,3262,9530,3925,7616,2359,2344,5742,7587,3674,7357,118298,69706,16704,1123,67804,5,0,4,4
2021-03-22T23:59:59+01:00,8,6,4059,4721,6925,9829,7747,14413,10062,21368,13328,19968,10029,9264,18504,22256,9308,15926,1436,1404,2166,3636,2444,6285,3239,9507,3896,7583,2298,2293,5290,6984,3328,6869,117417,67616,16307,1036,63993,5,0,4,4
2021-03-21T23:59:59+01:00,8,6,4013,4616,6794,9564,7581,14058,9840,20830,12988,19444,9709,8986,17975,21653,9118,15619,1433,1401,2165,3625,2441,6278,3233,9498,3886,7569,2284,2274,5173,6852,3270,6768,117222,67108,15913,1036,59663,5,0,4,4
2021-03-20T23:59:59+01:00,8,6,4002,4594,6759,9510,7523,13987,9756,20725,12884,19355,9622,8892,17840,21480,9068,15532,1430,1397,2161,3622,2436,6273,3220,9488,3867,7559,2249,2242,4850,6479,3086,6527,116402,65844,15818,1036,59319,5,0,4,4
2021-03-19T23:59:59+01:00,8,6,3828,4453,6469,9258,7082,13565,8844,19996,11159,18028,6780,6554,15614,19287,8716,14971,1426,1393,2156,3616,2424,6260,3208,9465,3817,7513,2182,2201,4481,6007,2824,6212,107150,64175,11122,1004,56342,5,0,4,4
2021-03-18T23:59:59+01:00,8,5,3723,4320,6292,8949,6817,13126,8454,19340,10521,17291,6072,5901,14402,17820,8209,14158,1422,1387,2131,3589,2406,6224,3178,9420,3774,7476,2137,2167,4063,5479,2543,5803,102058,62298,10119,896,53227,4,0,4,4
2021-03-17T23:59:59+01:00,8,5,3646,4246,6161,8805,6651,12948,8160,19030,10122,16899,5667,5518,13587,16890,7816,13583,1412,1375,2115,3570,2376,6192,3147,9392,3737,7440,2081,2108,3657,5033,2294,5420,98835,60582,8439,762,52464,4,0,4,4
2021-03-16T23:59:59+01:00,7,5,3568,4111,6010,8534,6444,12581,7846,18446,9577,16243,5147,5065,12775,15929,7486,13093,1403,1366,2106,3554,2361,6178,3132,9372,3711,7414,2053,2072,3139,4394,1960,4915,96526,58368,7039,758,49298,3,0,4,4
2021-03-15T23:59:59+01:00,7,5,3521,3964,5825,8257,6226,12172,7572,17874,9140,15619,4833,4784,12122,15186,7223,12636,1403,1356,2090,3539,2341,6153,3114,9324,3687,7375,2017,2022,2778,3935,1676,4523,95036,56585,6070,744,45856,3,0,4,4
2021-03-14T23:59:59+01:00,7,5,3475,3832,5598,7928,5941,11728,7267,17155,8679,14868,4520,4512,11832,14930,7178,12537,1396,1350,2074,3510,2326,6103,3096,9266,3670,7336,2010,2011,2700,3828,1624,4439,94918,56186,5465,550,41605,2,0,4,4
2021-03-13T23:59:59+01:00,7,5,3459,3792,5559,7820,5882,11614,7186,17016,8537,14719,4368,4363,11740,14843,7172,12526,1396,1350,2074,3510,2325,6103,3095,9265,3669,7336,2007,2003,2648,3773,1590,4385,94229,55976,5465,550,40910,2,0,4,4
2021-03-12T23:59:59+01:00,7,5,3441,3720,5503,7684,5820,11467,7103,16792,8403,14486,4261,4267,11470,14520,7018,12311,1396,1350,2070,3504,2324,6095,3091,9259,3668,7330,2005,2001,2562,3663,1510,4299,92813,55574,5457,550,40004,2,0,4,4
2021-03-11T23:59:59+01:00,7,5,3363,3525,5295,7386,5589,11049,6765,16127,7973,13849,3926,3933,10399,13266,6371,11410,1391,1347,2060,3491,2305,6070,3068,9225,3645,7298,1976,1976,2325,3402,1360,4081,88648,54500,5041,517,36545,2,0,4,4
2021-03-10T23:59:59+01:00,7,5,3268,3407,5083,7116,5376,10693,6495,15581,7638,13306,3706,3706,9758,12474,5987,10877,1387,1336,2033,3453,2275,5980,3020,9104,3587,7180,1933,1900,2109,3165,1231,3893,86188,53301,4674,282,33617,2,0,4,4
2021-03-09T23:59:59+01:00,6,5,3194,3277,4928,6927,5182,10414,6267,15150,7340,12803,3523,3501,9130,11773,5615,10360,1380,1326,1997,3393,2244,5878,2959,8960,3520,7099,1904,1874,1835,2849,1063,3648,83927,51891,4420,35,31044,2,0,4,4
2021-03-08T23:59:59+01:00,6,5,3128,3118,4702,6662,4945,10061,6008,14639,6978,12215,3324,3309,8743,11330,5418,10048,1377,1308,1983,3315,2213,5785,2920,8815,3487,7006,1889,1852,1635,2618,945,3458,82460,50572,4059,33,28116,0,0,4,4
2021-03-07T23:59:59+01:00,6,5,3096,3059,4628,6550,4862,9948,5903,14476,6863,12070,3274,3267,8660,11225,5380,9981,1371,1303,1976,3303,2205,5758,2913,8776,3475,6987,1881,1840,1579,2551,893,3391,82111,50168,3895,33,27243,0,0,4,4
2021-03-06T23:59:59+01:00,6,5,3082,3001,4584,6460,4828,9885,5845,14362,6815,11961,3250,3244,8604,11159,5346,9938,1369,1290,1971,3289,2193,5731,2910,8748,3464,6968,1873,1816,1552,2527,888,3382,81795,49937,3895,33,26681,0,0,4,4
2021-03-05T23:59:59+01:00,6,5,3058,2908,4526,6351,4766,9786,5782,14211,6715,11808,3207,3189,8420,10929,5227,9766,1360,1257,1941,3234,2169,5624,2868,8614,3420,6830,1830,1771,1488,2456,866,3356,80898,49050,3887,33,25871,0,0,4,4
2021-03-04T23:59:59+01:00,4,5,3005,2715,4367,6113,4548,9476,5576,13791,6404,11418,3029,3013,7406,9641,4609,8854,1340,1207,1903,3111,2139,5441,2822,8338,3364,6598,1760,1682,1452,2408,862,3338,76758,47732,3617,32,23595,0,0,4,4
2021-03-03T23:59:59+01:00,3,5,2966,2643,4226,5922,4383,9209,5374,13414,6151,10998,2908,2883,6762,8872,4216,8252,1328,1169,1876,3040,2117,5332,2790,8162,3311,6441,1691,1638,1411,2338,842,3285,74050,46739,3389,32,21744,0,0,4,3
2021-03-02T23:59:59+01:00,3,5,2905,2554,4042,5706,4175,8937,5177,13039,5883,10624,2762,2726,5996,7908,3754,7547,1295,1126,1849,2968,2093,5194,2741,7889,3262,6243,1620,1578,1347,2259,822,3242,70895,45496,2943,32,19901,0,0,4,3
2021-03-01T23:59:59+01:00,3,4,2865,2492,3876,5555,3988,8717,4989,12717,5645,10238,2662,2612,5507,7254,3403,7043,1289,1090,1826,2867,2066,5003,2701,7639,3203,6007,1577,1542,1299,2200,796,3203,68749,44276,2645,32,18172,0,0,4,3
2021-02-28T23:59:59+01:00,3,4,2824,2443,3718,5437,3768,8528,4806,12467,5458,9934,2605,2540,5384,7098,3341,6942,1285,1085,1822,2853,2057,4979,2694,7603,3193,5990,1569,1535,1293,2191,794,3193,68273,44105,2427,31,16596,0,0,4,3
2021-02-27T23:59:59+01:00,3,3,2809,2378,3692,5357,3734,8459,4772,12377,5423,9861,2564,2506,5055,6711,3145,6692,1278,1077,1815,2841,2044,4944,2675,7538,3177,5934,1551,1526,1287,2180,791,3192,66967,43820,2427,30,16143,0,0,4,3
2021-02-26T23:59:59+01:00,3,3,2789,2337,3652,5273,3669,8357,4711,12269,5338,9773,2488,2453,4678,6230,2876,6369,1219,1027,1765,2732,1995,4763,2621,7264,3104,5723,1490,1475,1264,2158,777,3183,65176,42532,2302,29,15786,0,0,4,2
2021-02-25T23:59:59+01:00,3,3,2615,2228,3468,5092,3487,8134,4508,11983,5120,9499,2401,2388,4229,5678,2588,5948,1203,970,1734,2624,1942,4490,2549,6870,3010,5437,1446,1432,1244,2143,775,3174,63320,41019,1980,26,14068,0,0,4,1
2021-02-24T23:59:59+01:00,3,3,2460,2090,3278,4900,3339,7928,4311,11729,4901,9251,2264,2269,3776,5168,2331,5555,1188,942,1711,2538,1908,4351,2489,6614,2958,5231,1415,1401,1226,2123,771,3155,61557,40004,1511,18,12484,0,0,4,1
2021-02-23T23:59:59+01:00,3,3,2323,1952,3100,4672,3184,7697,4140,11456,4719,9005,2178,2175,3223,4503,1993,5043,1174,894,1680,2443,1869,4158,2421,6315,2860,4971,1358,1346,1197,2080,758,3130,59358,38641,1164,14,10843,0,0,4,1
2021-02-22T23:59:59+01:00,3,3,2283,1901,3015,4579,3114,7589,4046,11271,4612,8880,2128,2134,2859,4042,1707,4657,1162,835,1648,2317,1826,3913,2345,5921,2735,4673,1296,1291,1174,2047,752,3109,57688,37041,1080,4,10051,0,0,4,1
2021-02-21T23:59:59+01:00,3,3,2247,1869,2964,4510,3032,7475,3965,11125,4546,8763,2114,2111,2775,3928,1652,4569,1158,817,1631,2264,1801,3803,2312,5766,2672,4549,1264,1268,1164,2033,745,3096,57257,36340,1047,4,9343,0,0,4,1
2021-02-20T23:59:59+01:00,3,3,2236,1866,2942,4497,3016,7439,3939,11092,4525,8742,2111,2103,2721,3871,1617,4514,1158,814,1631,2262,1800,3794,2311,5761,2671,4545,1263,1265,1163,2030,744,3095,57042,36304,1046,4,9145,0,0,4,1
2021-02-19T23:59:59+01:00,2,3,2224,1853,2906,4445,2991,7351,3894,11010,4471,8679,2103,2097,2633,3758,1537,4421,1106,805,1592,2254,1790,3785,2301,5740,2662,4533,1257,1254,1152,2025,739,3088,56630,36080,1015,4,8729,0,0,4,1
2021-02-18T23:59:59+01:00,2,3,2092,1757,2749,4261,2867,7152,3757,10723,4332,8476,2071,2063,2394,3493,1385,4199,1027,770,1517,2156,1741,3663,2229,5582,2606,4446,1243,1234,1147,2011,729,3070,55576,35168,948,4,7248,0,0,4,1
2021-02-17T23:59:59+01:00,2,3,2048,1708,2657,4127,2758,6938,3604,10382,4191,8234,2014,1980,2175,3264,1261,4012,873,707,1408,2031,1666,3473,2135,5358,2533,4275,1209,1189,1122,1966,714,3030,54514,33687,803,3,6037,0,0,4,1
2021-02-16T23:59:59+01:00,2,3,1875,1595,2483,3920,2619,6663,3443,10028,4015,7927,1970,1953,1900,2945,1091,3760,846,685,1336,1957,1598,3331,2040,5187,2436,4144,1148,1142,1064,1876,682,2937,53187,32408,767,2,4234,0,0,4,1
2021-02-15T23:59:59+01:00,2,3,1841,1540,2395,3752,2541,6390,3320,9661,3900,7658,1944,1926,1685,2707,970,3574,828,672,1307,1911,1557,3263,1985,5015,2373,4044,1083,1102,1000,1786,663,2844,52095,31433,754,1,2956,0,0,4,1
2021-02-14T23:59:59+01:00,2,3,1752,1509,2350,3690,2499,6300,3250,9558,3854,7580,1933,1916,1628,2648,920,3515,813,662,1290,1886,1530,3240,1951,4975,2348,3989,1073,1093,993,1776,660,2832,51763,31111,725,1,2415,0,0,4,1
2021-02-13T23:59:59+01:00,2,3,1751,1497,2340,3683,2493,6286,3246,9542,3847,7570,1925,1896,1605,2628,917,3505,813,662,1290,1886,1530,3240,1951,4975,2348,3989,1073,1093,993,1776,660,2832,51609,31111,725,1,2398,0,0,4,1
2021-02-12T23:59:59+01:00,2,3,1671,1411,2241,3571,2413,6112,3141,9304,3725,7305,1878,1840,1542,2556,894,3478,807,655,1278,1865,1515,3221,1943,4944,2332,3969,1068,1088,992,1757,660,2802,50670,30896,725,1,1688,0,0,4,1
2021-02-11T23:59:59+01:00,2,3,1468,1273,2058,3356,2285,5820,2989,8872,3566,6959,1806,1739,1500,2496,880,3456,779,604,1184,1686,1390,2947,1804,4585,2169,3683,1018,1027,951,1686,627,2671,49278,28811,684,1,562,0,0,4,1
2021-02-10T23:59:59+01:00,2,3,1372,1224,1970,3229,2217,5648,2907,8595,3454,6728,1735,1691,1455,2429,864,3399,565,520,962,1462,1252,2639,1619,4123,1966,3306,901,900,830,1435,548,2355,48113,25384,644,0,161,0,0,4,1
2021-02-09T23:59:59+01:00,2,3,1337,1174,1933,3137,2190,5468,2840,8253,3384,6470,1662,1629,1394,2369,847,3362,302,383,744,1199,1065,2264,1409,3587,1718,2854,733,736,662,1148,438,1909,46856,21152,515,0,80,0,0,3,1
2021-02-08T23:59:59+01:00,2,3,1330,1139,1902,3017,2152,5246,2788,7972,3325,6234,1621,1595,1349,2314,831,3342,266,342,643,1044,959,2046,1249,3197,1521,2538,630,617,558,969,381,1659,45736,18620,344,0,79,0,0,3,1
2021-02-07T23:59:59+01:00,2,3,1303,1123,1873,2965,2127,5164,2759,7869,3283,6169,1605,1579,1334,2295,820,3327,232,286,595,954,899,1891,1157,2972,1424,2367,590,597,537,936,371,1630,45454,17440,143,0,0,0,0,3,0
2021-02-06T23:59:59+01:00,2,3,1298,1117,1867,2953,2118,5136,2746,7825,3272,6124,1592,1571,1329,2285,817,3326,213,252,573,917,871,1825,1115,2855,1367,2285,574,579,530,936,371,1630,45235,16895,143,0,0,0,0,3,0
2021-02-05T23:59:59+01:00,2,3,1237,1065,1818,2842,2066,4940,2687,7529,3195,5908,1529,1517,1310,2259,809,3319,197,223,538,870,837,1746,1076,2738,1314,2186,540,555,519,912,361,1605,43889,16219,143,0,0,0,0,3,0
2021-02-04T23:59:59+01:00,2,3,1225,1001,1777,2693,1995,4629,2603,7085,3095,5582,1484,1484,1292,2243,806,3311,169,169,465,753,738,1607,966,2500,1202,1971,493,503,476,858,343,1492,42273,14707,35,0,0,0,0,2,0
2021-02-03T23:59:59+01:00,2,3,1207,972,1746,2612,1956,4483,2536,6823,3043,5364,1447,1451,1263,2208,788,3282,138,140,392,641,622,1371,821,2122,1005,1685,378,369,341,644,240,1131,41149,12042,35,0,0,0,0,2,0
2021-02-02T23:59:59+01:00,2,3,1190,916,1714,2512,1913,4260,2462,6491,2936,5090,1394,1405,1240,2178,779,3258,117,116,315,520,519,1136,677,1792,815,1377,280,269,263,472,188,847,39706,9705,35,0,0,0,0,2,0
2021-02-01T23:59:59+01:00,1,3,1177,856,1679,2387,1863,4014,2385,6098,2817,4794,1327,1323,1209,2132,768,3233,84,76,215,349,346,741,429,1155,478,858,174,164,152,279,100,494,38029,6094,35,0,0,0,0,2,0
2021-01-31T23:59:59+01:00,1,3,1172,838,1662,2329,1839,3891,2353,5915,2750,4675,1296,1300,1198,2117,761,3221,73,70,182,279,269,575,340,902,396,691,148,148,144,271,96,480,37287,5064,32,0,0,0,0,2,0
2021-01-30T23:59:59+01:00,1,3,1172,835,1661,2324,1837,3880,2351,5904,2747,4665,1295,1296,1197,2116,761,3220,69,63,150,232,241,507,305,784,353,616,147,141,139,267,96,479,37232,4589,31,0,0,0,0,2,0
2021-01-29T23:59:59+01:00,1,3,1119,826,1622,2317,1826,3873,2343,5890,2739,4653,1291,1293,1193,2116,761,3220,61,45,113,177,197,353,248,635,309,488,136,132,127,256,93,479,37056,3849,29,0,0,0,0,1,0
2021-01-28T23:59:59+01:00,1,3,1044,801,1564,2257,1793,3804,2296,5819,2706,4599,1279,1281,1186,2110,752,3206,39,20,72,105,128,206,153,380,201,291,103,101,102,205,83,432,36474,2621,26,0,0,0,0,1,0
2021-01-27T23:59:59+01:00,1,3,894,750,1473,2182,1726,3689,2224,5689,2648,4474,1251,1237,1162,2071,740,3174,28,12,62,86,103,162,121,323,174,247,95,84,91,186,79,401,35370,2254,17,0,0,0,0,1,0
2021-01-26T23:59:59+01:00,1,3,880,731,1408,2109,1663,3559,2137,5517,2560,4363,1196,1197,1116,2000,716,3125,27,11,59,83,99,156,117,309,173,237,93,79,84,165,68,355,34269,2115,11,0,0,0,0,1,0
2021-01-25T23:59:59+01:00,1,3,867,710,1376,2049,1632,3462,2092,5351,2503,4273,1145,1172,1069,1943,698,3066,25,11,56,83,96,154,116,307,172,237,92,78,83,164,66,352,33409,2092,2,0,0,0,0,1,0
2021-01-24T23:59:59+01:00,1,3,864,709,1370,2038,1627,3445,2084,5325,2492,4241,1141,1166,1064,1936,697,3061,25,11,56,83,95,153,116,307,172,236,92,78,83,164,66,352,33261,2089,2,0,0,0,0,1,0
2021-01-23T23:59:59+01:00,1,3,864,709,1370,2038,1627,3445,2084,5325,2492,4241,1141,1166,1064,1936,697,3061,25,11,56,83,95,153,116,307,171,236,92,78,83,164,66,352,33261,2088,2,0,0,0,0,1,0
2021-01-22T23:59:59+01:00,1,3,864,699,1356,2016,1611,3421,2071,5291,2476,4221,1139,1161,1063,1913,696,3028,25,11,56,83,95,153,116,307,170,236,92,78,83,164,66,352,33027,2087,2,0,0,0,0,1,0
2021-01-21T23:59:59+01:00,1,3,833,662,1279,1861,1512,3231,1974,5019,2368,4023,1099,1102,1032,1833,658,2901,23,10,52,78,87,145,106,278,156,213,79,70,74,144,54,300,31388,1869,2,0,0,0,0,1,0
2021-01-20T23:59:59+01:00,1,3,630,563,1085,1643,1378,2957,1797,4614,2165,3686,974,984,914,1604,593,2631,21,10,51,74,84,144,99,265,145,194,69,64,69,122,45,268,28219,1724,2,0,0,0,0,1,0
2021-01-19T23:59:59+01:00,1,3,343,417,834,1386,1177,2618,1562,4087,1905,3237,807,816,750,1331,495,2226,17,7,36,52,55,78,73,178,101,131,52,49,48,91,34,207,23993,1209,1,0,0,0,0,1,0
2021-01-18T23:59:59+01:00,1,3,300,376,722,1198,1055,2364,1370,3590,1666,2857,679,667,605,1087,421,1841,7,3,11,17,19,27,24,50,25,46,12,11,13,33,7,61,20801,366,0,0,0,0,0,1,0
2021-01-17T23:59:59+01:00,1,3,259,321,656,1104,977,2193,1273,3315,1551,2646,634,638,578,1031,400,1783,0,0,1,0,2,2,2,1,2,2,1,4,1,0,0,1,19363,19,0,0,0,0,0,0,0
2021-01-16T23:59:59+01:00,1,3,242,289,640,1071,953,2130,1232,3205,1500,2573,618,621,571,1031,400,1782,0,0,0,0,1,2,1,1,1,2,0,1,1,0,0,1,18862,11,0,0,0,0,0,0,0
2021-01-15T23:59:59+01:00,1,3,227,256,611,1024,926,2052,1197,3089,1448,2477,587,595,564,1010,393,1770,0,0,0,0,0,0,0,0,0,0,0,0,0,0,0,0,18230,0,0,0,0,0,0,0,0
2021-01-14T23:59:59+01:00,1,2,197,204,551,902,837,1909,1104,2866,1333,2294,543,552,526,966,387,1728,0,0,0,0,0,0,0,0,0,0,0,0,0,0,0,0,16902,0,0,0,0,0,0,0,0
2021-01-13T23:59:59+01:00,1,2,165,185,502,833,765,1783,1006,2634,1179,2072,430,435,399,761,289,1331,0,0,0,0,0,0,0,0,0,0,0,0,0,0,0,0,14772,0,0,0,0,0,0,0,0
2021-01-12T23:59:59+01:00,1,2,143,164,471,764,715,1628,917,2432,1072,1840,341,327,308,541,207,943,0,0,0,0,0,0,0,0,0,0,0,0,0,0,0,0,12816,0,0,0,0,0,0,0,0
2021-01-11T23:59:59+01:00,0,1,114,127,395,634,625,1375,753,1974,845,1454,211,190,169,313,109,546,0,0,0,0,0,0,0,0,0,0,0,0,0,0,0,0,9835,0,0,0,0,0,0,0,0
2021-01-10T23:59:59+01:00,0,1,88,92,305,458,470,995,546,1447,621,1058,174,167,157,300,104,533,0,0,0,0,0,0,0,0,0,0,0,0,0,0,0,0,7516,0,0,0,0,0,0,0,0
2021-01-09T23:59:59+01:00,0,1,77,84,259,395,400,863,479,1230,545,900,167,157,152,295,104,531,0,0,0,0,0,0,0,0,0,0,0,0,0,0,0,0,6639,0,0,0,0,0,0,0,0
2021-01-08T23:59:59+01:00,0,1,64,64,186,287,303,584,364,932,439,681,159,152,136,283,102,531,0,0,0,0,0,0,0,0,0,0,0,0,0,0,0,0,5268,0,0,0,0,0,0,0,0
2021-01-07T23:59:59+01:00,0,0,45,24,78,121,136,230,163,419,222,339,116,121,123,251,98,504,0,0,0,0,0,0,0,0,0,0,0,0,0,0,0,0,2990,0,0,0,0,0,0,0,0
2021-01-06T23:59:59+01:00,0,0,31,17,69,92,115,180,135,342,193,275,97,93,97,205,83,429,0,0,0,0,0,0,0,0,0,0,0,0,0,0,0,0,2453,0,0,0,0,0,0,0,0
2021-01-05T23:59:59+01:00,0,0,28,12,59,87,105,166,120,327,179,253,96,88,95,198,81,411,0,0,0,0,0,0,0,0,0,0,0,0,0,0,0,0,2305,0,0,0,0,0,0,0,0
2021-01-04T23:59:59+01:00,0,0,25,11,56,84,97,157,115,312,177,241,95,85,88,184,71,380,0,0,0,0,0,0,0,0,0,0,0,0,0,0,0,0,2178,0,0,0,0,0,0,0,0
2021-01-03T23:59:59+01:00,0,0,25,11,56,84,97,157,115,312,177,241,95,85,87,183,71,380,0,0,0,0,0,0,0,0,0,0,0,0,0,0,0,0,2176,0,0,0,0,0,0,0,0
2021-01-02T23:59:59+01:00,0,0,25,11,56,84,97,157,115,312,176,241,95,85,87,183,71,380,0,0,0,0,0,0,0,0,0,0,0,0,0,0,0,0,2175,0,0,0,0,0,0,0,0
2021-01-01T23:59:59+01:00,0,0,25,11,56,84,97,157,115,312,174,240,95,85,87,183,71,380,0,0,0,0,0,0,0,0,0,0,0,0,0,0,0,0,2172,0,0,0,0,0,0,0,0
2020-12-31T23:59:59+01:00,0,0,25,11,56,84,97,157,115,312,174,240,95,85,87,183,71,380,0,0,0,0,0,0,0,0,0,0,0,0,0,0,0,0,2172,0,0,0,0,0,0,0,0
2020-12-30T23:59:59+01:00,0,0,24,11,56,83,96,154,115,311,174,240,95,85,87,183,71,380,0,0,0,0,0,0,0,0,0,0,0,0,0,0,0,0,2165,0,0,0,0,0,0,0,0
2020-12-29T23:59:59+01:00,0,0,18,8,41,59,73,91,85,216,127,188,73,73,65,151,56,304,0,0,0,0,0,0,0,0,0,0,0,0,0,0,0,0,1628,0,0,0,0,0,0,0,0
2020-12-28T23:59:59+01:00,0,0,8,5,17,28,31,45,39,111,53,101,30,40,37,91,29,175,0,0,0,0,0,0,0,0,0,0,0,0,0,0,0,0,840,0,0,0,0,0,0,0,0
2020-12-27T23:59:59+01:00,0,0,2,2,4,5,7,11,10,23,6,22,5,7,6,25,3,48,0,0,0,0,0,0,0,0,0,0,0,0,0,0,0,0,186,0,0,0,0,0,0,0,0
