Datum,<24_1_m,<24_1_w,25-34_1_m,25-34_1_w,35-44_1_m,35-44_1_w,45-54_1_m,45-54_1_w,55-64_1_m,55-64_1_w,65-74_1_m,65-74_1_w,75-84_1_m,75-84_1_w,>84_1_m,>84_1_w,<24_2_m,<24_2_w,25-34_2_m,25-34_2_w,35-44_2_m,35-44_2_w,45-54_2_m,45-54_2_w,55-64_2_m,55-64_2_w,65-74_2_m,65-74_2_w,75-84_2_m,75-84_2_w,>84_2_m,>84_2_w,bp_1,bp_2,mo_1,mo_2,az_1,az_2,ja
2021-07-02T23:59:59+02:00,47515,44839,54451,50017,64699,65635,86021,88681,98701,98549,69595,75829,49576,60674,14017,24046,14277,13516,23656,23153,30003,33713,47320,53654,54277,57449,56510,62468,45055,54983,13009,22163,724749,408778,67924,53795,179817,122278,20355
2021-07-01T23:59:59+02:00,47029,44383,54253,49851,64549,65477,85874,88547,98555,98438,69531,75762,49549,60644,14010,24032,13583,12829,22464,22176,28491,32346,45395,51974,51836,55235,55110,60916,44564,54378,12940,22039,722663,395916,67867,51619,179774,118561,20180
2021-06-30T23:59:59+02:00,46755,44172,54080,49729,64437,65391,85793,88486,98491,98391,69507,75742,49537,60622,14008,24024,12869,12248,21398,21379,27011,31091,43684,50379,48901,52097,53948,59756,44224,53977,12885,21919,721575,382525,67831,49893,179758,115347,20001
2021-06-29T23:59:59+02:00,45645,43138,53484,49143,64015,64973,85395,88040,98156,98071,69380,75595,49480,60552,13989,23994,12252,11594,20614,20640,25707,29907,41093,48000,47066,50572,52992,58658,43829,53453,12798,21775,715710,370655,67782,48418,179745,112064,19813
2021-06-28T23:59:59+02:00,44473,41959,52835,48507,63562,64601,85017,87654,97828,97729,69243,75436,49415,60453,13971,23971,11714,11122,19983,20068,24777,29043,39032,46086,45453,49223,51891,57616,43467,52953,12719,21656,709607,361351,67681,47420,179736,108402,19630
2021-06-27T23:59:59+02:00,44435,41926,52794,48478,63531,64570,84966,87619,97782,97703,69226,75425,49406,60439,13967,23969,11508,10914,19668,19754,24211,28494,38029,45270,44315,48142,50872,56619,43035,52455,12637,21522,709426,356866,67660,46988,179702,104143,19448
2021-06-26T23:59:59+02:00,42564,40084,52068,47734,62980,64011,84483,87107,97359,97273,69037,75249,49333,60334,13948,23946,11383,10806,19509,19611,24019,28284,37561,44837,43959,47802,50760,56480,42989,52411,12632,21507,700733,354001,67637,46984,179702,104127,19438
2021-06-25T23:59:59+02:00,41309,38933,51721,47378,62655,63687,84204,86795,97108,97008,68934,75136,49287,60274,13933,23924,11061,10480,19129,19192,23505,27676,34882,42552,41788,45907,50425,56106,42891,52282,12608,21477,695674,342526,67509,46539,179697,103490,19406
2021-06-24T23:59:59+02:00,40770,38431,51375,47050,62445,63489,83975,86608,96927,96858,68852,75073,49252,60230,13927,23908,10452,9877,18077,18333,22093,26441,32803,40732,39368,43625,48954,54473,42322,51585,12492,21277,692785,329778,67490,43939,179674,99966,19221
2021-06-23T23:59:59+02:00,40535,38175,51212,46890,62343,63388,83882,86514,96856,96776,68822,75041,49237,60208,13926,23897,9999,9441,17474,17809,21171,25614,30906,39142,35515,39327,47694,53144,41941,51083,12413,21113,691596,314797,67463,43321,179660,96685,18983
2021-06-22T23:59:59+02:00,39474,37175,50471,46218,61873,62950,83515,86114,96494,96468,68675,74904,49173,60128,13913,23865,9509,8983,16618,17132,19964,24548,27809,36390,33239,37477,46761,52194,41535,50528,12274,20880,685510,302751,67423,40587,179650,93676,18827
2021-06-21T23:59:59+02:00,37972,35801,49454,45344,61162,62294,83021,85643,96056,96067,68508,74734,49110,60036,13901,23832,9196,8685,16163,16773,19335,24064,26079,34846,31729,36195,45742,51136,41086,49982,12169,20693,677559,295482,67401,39949,179637,90104,18338
2021-06-20T23:59:59+02:00,37877,35741,49314,45233,61034,62167,82945,85590,95990,96010,68474,74707,49096,60019,13901,23824,9047,8581,15948,16605,19023,23807,25262,34197,30799,35259,45550,50940,41054,49929,12160,20676,676959,291720,67366,39365,179623,89778,17974
2021-06-19T23:59:59+02:00,35905,33895,48407,44422,60551,61663,82481,85117,95585,95657,68324,74544,49031,59938,13887,23800,9006,8504,15850,16488,18906,23658,25160,34045,30676,35121,45455,50844,41036,49904,12156,20666,668281,290412,67353,39362,179618,89746,17955
2021-06-18T23:59:59+02:00,34060,32131,47200,43236,59622,60755,81686,84377,94971,95082,68107,74327,48942,59799,13872,23770,8933,8419,15701,16339,18723,23473,24912,33810,30395,34808,45165,50501,40953,49831,12143,20652,657185,288280,67230,39246,179617,89327,17905
2021-06-17T23:59:59+02:00,33054,31230,46338,42539,58828,59921,80957,83730,94568,94707,67971,74184,48900,59724,13857,23741,8397,8053,15022,15786,17904,22660,23811,32696,28925,33465,43848,49010,40469,49221,12024,20465,650303,279407,67123,38427,179587,86686,17236
2021-06-16T23:59:59+02:00,32304,30491,45568,41812,57925,59063,80198,82972,94157,94339,67840,74026,48845,59634,13837,23715,7908,7739,14414,15281,17151,21951,22686,31758,27760,32373,41975,46924,39932,48647,11916,20280,643424,269832,67007,37830,179572,84310,16723
2021-06-15T23:59:59+02:00,30294,28586,43827,40298,56355,57436,78828,81669,93412,93680,67557,73736,48736,59476,13804,23650,7733,7610,14116,15048,16794,21662,22174,31385,27246,31958,41051,45924,39556,48236,11793,20063,628597,266823,66965,37332,179538,81950,16244
2021-06-14T23:59:59+02:00,28666,27003,42234,38791,54718,55803,77740,80570,92719,93061,67305,73496,48640,59355,13784,23607,7548,7438,13743,14723,16274,21230,21496,30809,26588,31374,40678,45506,39180,47796,11666,19860,615451,264204,66911,36925,179510,79160,15620
2021-06-13T23:59:59+02:00,28446,26800,41850,38465,54191,55290,77395,80269,92532,92872,67216,73418,48604,59300,13769,23582,7410,7271,13479,14431,15900,20841,21070,30324,26063,30878,40282,45106,38721,47235,11487,19576,612783,262148,66780,36858,179478,76110,14958
2021-06-12T23:59:59+02:00,26791,25094,40684,37383,53522,54560,76873,79775,91987,92350,67061,73241,48535,59225,13756,23561,7365,7220,13357,14326,15768,20735,20890,30180,25949,30784,40265,45090,38713,47226,11487,19576,603253,261384,66777,36858,179470,75791,14898
2021-06-11T23:59:59+02:00,25054,23458,39327,36195,52306,53357,75904,78926,91410,91775,66827,73007,48474,59118,13737,23526,7308,7131,13187,14150,15562,20549,20624,29930,25688,30536,39957,44716,38630,47112,11470,19547,591497,259533,66702,36713,179459,75108,14743
2021-06-10T23:59:59+02:00,23969,22358,38108,35023,50722,51865,74593,77743,89805,90237,66474,72616,48350,58944,13711,23472,7029,6909,12672,13724,14938,19991,19870,29185,24908,29870,39266,43860,38280,46702,11358,19364,578642,256136,66245,36681,179409,71415,13694
2021-06-09T23:59:59+02:00,23477,21948,37474,34518,49626,50839,73360,76554,89218,89737,66353,72474,48301,58859,13696,23442,6759,6599,12078,13122,14166,19196,18964,28172,23931,28721,36710,40973,37715,46060,11210,19125,571603,245903,65825,36615,179369,67904,13079
2021-06-08T23:59:59+02:00,21865,20374,35868,33163,47529,48888,71227,74629,87754,88267,66042,72089,48168,58701,13664,23398,6629,6423,11707,12762,13692,18716,18366,27580,23387,28194,36430,40725,37426,45698,11102,18968,554312,244288,65551,36540,179340,64554,12423
2021-06-07T23:59:59+02:00,20750,19298,34327,31832,45260,46871,69098,72757,86781,87417,65822,71826,48094,58566,13644,23363,6477,6263,11294,12417,13156,18242,17643,26995,22760,27604,36114,40421,37017,45223,10995,18774,539155,242333,65382,36476,179290,60707,11879
2021-06-06T23:59:59+02:00,20546,19131,33936,31552,44656,46307,68483,72278,86573,87250,65767,71767,48080,58537,13637,23352,6345,6094,10977,12012,12737,17676,17013,26196,22068,26807,35653,39954,36544,44676,10840,18507,536065,239921,65061,36430,179243,56265,11483
2021-06-05T23:59:59+02:00,19227,17779,32604,30332,43430,45129,67906,71758,86043,86740,65676,71665,48033,58490,13630,23340,6296,6021,10874,11867,12616,17512,16852,25995,21907,26640,35593,39875,36523,44654,10838,18502,526077,239364,65061,36014,179181,55724,11463
2021-06-04T23:59:59+02:00,17955,16557,31289,29041,41878,43632,66564,70447,85232,85991,65490,71451,47958,58400,13614,23312,6196,5882,10701,11662,12402,17267,16506,25614,21395,26204,34710,39031,36209,44357,10821,18479,513250,237568,64995,35694,179173,52781,11393
2021-06-03T23:59:59+02:00,17263,15930,30303,28224,40431,42356,64805,68929,82987,83714,65069,71001,47830,58238,13596,23275,6029,5675,10400,11314,12089,16814,16065,24970,20854,25628,34048,38250,36035,44156,10788,18429,499544,235284,64302,35313,179128,49970,10977
2021-06-02T23:59:59+02:00,16908,15587,30000,27973,39765,41742,63223,67544,82051,82914,64929,70840,47770,58155,13593,23261,5918,5584,10231,11162,11870,16607,15774,24670,20522,25242,30828,34644,35809,43934,10759,18374,492111,226672,64301,34990,179126,49549,10717
2021-06-01T23:59:59+02:00,16074,14895,28526,26898,37443,39717,59696,64393,79656,80628,64583,70479,47643,57971,13560,23207,5646,5303,9724,10735,11346,16028,15132,23899,19806,24505,30488,34354,35615,43758,10731,18314,474043,225302,62753,34498,179064,46075,9509
2021-05-31T23:59:59+02:00,15498,14407,27597,26204,35481,38056,56268,61378,77629,78925,64249,70125,47502,57799,13527,23154,5487,5092,9329,10377,10925,15560,14606,23228,19195,23814,30205,34107,35436,43570,10696,18258,458302,224649,62042,34114,179000,42667,8455
2021-05-30T23:59:59+02:00,15350,14280,27319,25979,35032,37651,55560,60763,77309,78654,64192,70070,47477,57763,13523,23143,5387,4905,9003,10013,10522,15084,14168,22445,18684,23054,29535,33400,35213,43379,10674,18198,455353,224215,61609,34034,178955,37267,8148
2021-05-29T23:59:59+02:00,14954,13883,26467,25162,33280,36059,54086,59470,76720,78088,64042,69923,47425,57710,13516,23129,5353,4827,8943,9904,10434,14973,14063,22301,18555,22919,29505,33378,35207,43371,10673,18195,445245,223756,61575,34034,178951,36668,8143
2021-05-28T23:59:59+02:00,14543,13476,25655,24417,31432,34297,51923,57474,75668,77096,63837,69675,47373,57633,13506,23106,5270,4710,8777,9759,10285,14810,13907,22068,18352,22626,29438,33333,35191,43356,10672,18191,433305,223134,61109,34028,178862,35748,7835
2021-05-27T23:59:59+02:00,13918,13011,24595,23700,30193,33374,50324,56105,72585,74124,63402,69141,47239,57471,13483,23052,5157,4473,8451,9421,9890,14391,13469,21441,17861,22035,29223,33133,35083,43244,10650,18164,421226,222523,59168,33961,178242,32521,7081
2021-05-26T23:59:59+02:00,13430,12578,23687,23057,29282,32682,49241,55182,69632,70946,62792,68534,47104,57301,13453,23007,5073,4309,8198,9105,9597,14007,13116,20846,17433,21440,29032,32967,34986,43142,10624,18114,410445,221935,57000,33843,177747,29495,6716
2021-05-25T23:59:59+02:00,13087,12275,23114,22655,28235,31831,46651,52958,67371,68828,62442,68168,46992,57152,13437,22955,4995,4189,7995,8854,9344,13638,12806,20332,17062,20901,28877,32816,34903,43041,10599,18060,398640,221421,55938,33765,177126,26779,6447
2021-05-24T23:59:59+02:00,12789,11991,22616,22277,27622,31383,44036,50535,64929,66643,62137,67871,46880,57029,13403,22901,4921,4085,7749,8626,9031,13262,12483,19827,16680,20348,28738,32677,34832,42972,10578,18017,387032,220864,55458,33703,176459,24166,6093
2021-05-23T23:59:59+02:00,12729,11920,22521,22194,27543,31308,43780,50307,64345,66095,62058,67783,46855,57012,13401,22899,4901,4070,7711,8596,8975,13232,12406,19769,16610,20293,28730,32665,34829,42966,10578,18016,384836,220602,55380,33697,176447,23961,6087
2021-05-22T23:59:59+02:00,12504,11681,22204,21892,26543,30424,41951,48733,63491,65358,61898,67592,46789,56921,13391,22876,4885,4014,7684,8535,8936,13171,12376,19687,16583,20230,28722,32655,34825,42960,10577,18015,376379,220523,55365,33697,176442,23573,6062
2021-05-21T23:59:59+02:00,12200,11427,21636,21458,25739,29742,39578,46857,61531,63701,61637,67323,46705,56833,13376,22851,4866,3985,7631,8448,8870,13087,12298,19596,16510,20148,28707,32630,34818,42950,10575,18014,366046,220336,54306,33684,176252,23123,5990
2021-05-20T23:59:59+02:00,11578,10853,20524,20579,24599,28730,38075,45581,59194,61641,60819,66426,46506,56577,13342,22796,4585,3807,7231,8157,8433,12694,11848,19090,16098,19631,28588,32536,34767,42899,10571,18004,355605,219950,51968,33575,174977,20144,5270
2021-05-19T23:59:59+02:00,11142,10541,19738,20034,23756,28140,37178,44898,55976,58016,60132,65725,46397,56443,13319,22749,4435,3641,6979,7915,8157,12367,11523,18667,15730,19209,28494,32423,34725,42825,10561,17989,345198,219487,50353,33465,173852,17907,4781
2021-05-18T23:59:59+02:00,10814,10255,19170,19583,23120,27582,35782,43677,54577,56903,59765,65304,46269,56282,13294,22724,4328,3517,6739,7683,7901,12089,11294,18278,15387,18783,28412,32334,34694,42787,10557,17982,339863,219211,48521,33390,172388,15835,4329
2021-05-17T23:59:59+02:00,10592,10074,18739,19300,22696,27280,34588,42685,53277,55875,59521,65058,46206,56184,13278,22691,4258,3430,6532,7469,7653,11799,11040,17887,15083,18385,28323,32250,34671,42748,10551,17969,335819,218939,47544,33324,170881,13985,3800
2021-05-16T23:59:59+02:00,10404,9941,18446,19099,22364,27041,33953,42228,52043,54707,59329,64894,46170,56129,13267,22671,4190,3356,6314,7305,7360,11548,10775,17537,14793,18022,28259,32188,34655,42730,10544,17965,333396,218698,46669,33265,169269,12226,3352
2021-05-15T23:59:59+02:00,10307,9839,18294,18954,22196,26903,33568,41860,51649,54333,59213,64746,46122,56084,13264,22655,4148,3321,6229,7240,7266,11446,10676,17419,14688,17894,28166,32070,34564,42637,10540,17960,331010,217617,46669,33264,169133,12208,3175
2021-05-14T23:59:59+02:00,10026,9630,17865,18718,21802,26619,31219,40091,49507,52485,58996,64520,46073,56002,13248,22633,4019,3238,5946,7079,6960,11224,10332,17074,14347,17569,27595,31365,34443,42445,10522,17931,321900,214343,46616,33260,168518,12086,2400
2021-05-13T23:59:59+02:00,9565,9255,17073,18159,20934,25942,30100,39112,47269,50321,58150,63554,45864,55720,13209,22561,3519,3042,5610,6825,6650,10920,9927,16690,13972,17140,26702,30174,34022,41934,10491,17870,313431,209784,44755,32709,166507,10900,2095
2021-05-12T23:59:59+02:00,9273,9065,16641,17903,20467,25659,29573,38726,44273,46689,57577,62915,45780,55608,13191,22536,3380,2955,5381,6715,6373,10776,9646,16483,13737,16880,26071,29368,33858,41745,10465,17836,304287,206808,43931,32687,166218,10734,1440
2021-05-11T23:59:59+02:00,8834,8782,15868,17388,19605,25045,27832,37284,42347,45193,57199,62470,45696,55473,13169,22509,3261,2825,5153,6374,6072,10364,9285,15926,13301,16327,24656,27707,33353,41123,10415,17750,298803,200870,40873,32508,163745,9241,1273
2021-05-10T23:59:59+02:00,8576,8629,15361,17142,18984,24730,26845,36605,40900,44049,56941,62198,45618,55371,13148,22481,3154,2696,4927,6144,5824,10046,8961,15454,12942,15912,23614,26382,32867,40539,10380,17692,295548,196244,39969,32483,161090,7836,971
2021-05-09T23:59:59+02:00,8421,8546,15058,16958,18610,24481,26178,36183,39124,42397,56646,61918,45565,55313,13141,22462,3035,2643,4747,6008,5655,9874,8767,15249,12775,15742,23340,26052,32724,40365,10370,17677,292609,195059,39598,32444,158098,6824,696
2021-05-08T23:59:59+02:00,8349,8472,14878,16813,18402,24284,25953,35947,38893,42208,56519,61769,45529,55275,13138,22452,3028,2625,4714,5972,5612,9828,8690,15185,12689,15672,22971,25627,32444,40054,10362,17661,291060,193875,39147,31741,157978,6822,696
2021-05-07T23:59:59+02:00,8173,8375,14555,16632,18023,24055,25532,35664,38446,41834,56246,61417,45480,55228,13131,22442,2724,2491,4363,5789,5345,9567,8379,14876,12297,15278,21881,24264,31804,39226,10334,17611,288558,190452,38720,30251,157653,5224,302
2021-05-06T23:59:59+02:00,7520,8013,13664,16031,16973,23207,24197,34559,36297,40169,55118,60099,45239,54924,13096,22375,2597,2378,4189,5594,5138,9258,8038,14435,11866,14830,20583,22593,30960,38233,10282,17500,277924,184888,37447,29295,155845,4026,265
2021-05-05T23:59:59+02:00,6980,7705,12885,15478,15954,22444,22820,33538,34479,38689,53287,58070,44924,54579,13063,22309,2508,2318,4017,5438,4949,9046,7695,14098,11504,14476,19213,20826,29785,36832,10242,17399,266507,178836,36537,28133,154074,3291,86
2021-05-04T23:59:59+02:00,6791,7610,12526,15307,15470,22175,22186,33195,33524,37995,52437,57114,44803,54452,13045,22267,2452,2247,3865,5270,4775,8794,7359,13689,11077,14021,17569,18911,28695,35509,10147,17281,262764,172065,35674,27205,152427,2359,32
2021-05-03T23:59:59+02:00,6644,7465,12153,15093,14966,21866,21484,32794,32378,37109,52142,56800,44707,54347,13030,22236,2392,2177,3774,5093,4640,8561,7145,13344,10760,13614,16373,17419,27819,34408,10082,17174,259504,166524,35215,26856,150473,1373,22
2021-05-02T23:59:59+02:00,6565,7375,11945,14922,14673,21635,21011,32476,31233,36165,51859,56510,44645,54259,13014,22205,2380,2170,3753,5061,4611,8525,7080,13273,10678,13524,16064,17027,27524,34105,10070,17162,257090,164972,35143,26745,148238,1269,21
2021-05-01T23:59:59+02:00,6547,7350,11883,14878,14596,21576,20914,32404,31109,36075,51853,56494,44641,54258,13012,22203,2377,2161,3730,5044,4569,8500,7044,13237,10619,13469,15866,16804,27408,33968,10067,17152,256540,164009,35143,26718,148089,1267,21
2021-04-30T23:59:59+02:00,6508,7313,11793,14791,14491,21463,20721,32223,30871,35887,51581,56136,44597,54204,13007,22191,2349,2141,3668,4982,4475,8392,6893,13053,10346,13208,15057,15778,26542,32898,10027,17065,254783,160819,35100,24838,147874,1197,20
2021-04-29T23:59:59+02:00,6307,7189,11480,14604,14139,21230,20204,31938,30122,35402,50937,55314,44505,54092,12984,22118,2312,2096,3576,4893,4351,8259,6702,12837,10073,12922,14086,14547,25243,31357,9965,16973,251631,155139,35008,24092,145906,941,20
2021-04-28T23:59:59+02:00,6041,7024,11107,14273,13651,20771,19572,31338,28958,34275,48275,52327,44213,53768,12921,22040,2275,2056,3507,4833,4238,8143,6544,12653,9827,12705,12955,13076,23763,29491,9904,16871,241737,149221,34886,22890,143923,722,8
2021-04-27T23:59:59+02:00,5939,6932,10960,14152,13458,20614,19299,31129,28402,33894,48072,52108,44157,53718,12913,22018,2233,2023,3416,4740,4145,8035,6381,12468,9550,12432,11748,11517,22111,27344,9827,16726,240392,142438,34840,21705,142525,545,8
2021-04-26T23:59:59+02:00,5891,6890,10847,14087,13301,20495,19075,30922,27581,33329,47736,51744,44105,53654,12904,21989,2212,1994,3364,4697,4083,7966,6283,12337,9365,12257,10838,10363,20839,25598,9767,16638,239691,137195,34815,20963,140036,435,8
2021-04-25T23:59:59+02:00,5846,6842,10746,13993,13143,20343,18832,30641,26827,32595,47239,51234,44024,53557,12890,21970,2185,1983,3334,4679,4065,7947,6250,12297,9308,12198,10677,10170,20597,25275,9757,16624,238007,136342,34772,20620,137935,376,8
2021-04-24T23:59:59+02:00,5825,6794,10672,13910,13046,20204,18704,30467,26665,32419,47140,51111,43931,53463,12886,21965,2178,1973,3310,4653,4026,7901,6179,12224,9178,12081,10521,9988,20466,25144,9741,16606,236556,135822,34756,19981,137882,358,8
2021-04-23T23:59:59+02:00,5762,6703,10545,13712,12851,19953,18402,30096,26275,32062,46194,49981,43777,53219,12864,21933,2161,1953,3268,4619,3978,7846,6085,12134,9013,11954,10254,9690,20144,24727,9693,16525,232192,134707,34700,18982,137429,347,8
2021-04-22T23:59:59+02:00,5659,6588,10340,13516,12502,19624,17897,29627,25652,31474,44465,47830,43204,52490,12819,21832,2147,1942,3229,4568,3902,7772,5957,12035,8755,11789,9826,9283,19693,24139,9643,16448,225969,132600,34590,18205,134952,315,8
2021-04-21T23:59:59+02:00,5565,6449,10113,13314,12172,19314,17396,29133,24941,30747,40207,42975,42726,51956,12753,21727,2136,1933,3194,4532,3846,7717,5880,11943,8580,11630,9497,8900,19197,23557,9583,16353,213899,130974,34524,17202,133057,294,8
2021-04-20T23:59:59+02:00,5486,6359,9920,13100,11898,19053,16976,28726,24390,30188,38456,40967,42074,51181,12681,21589,2111,1920,3155,4507,3780,7673,5750,11847,8412,11503,9215,8581,18728,22897,9486,16212,207700,129627,34434,15902,130902,240,8
2021-04-19T23:59:59+02:00,5407,6280,9764,12973,11702,18854,16615,28345,23850,29722,36909,39177,41486,50457,12625,21501,2096,1902,3120,4473,3740,7630,5711,11778,8330,11413,8979,8298,18324,22332,9440,16122,202695,127947,34380,15511,128584,222,8
2021-04-18T23:59:59+02:00,5344,6228,9635,12890,11507,18717,16337,28150,23452,29412,35605,37819,41137,50052,12593,21438,2084,1886,3090,4452,3714,7615,5666,11732,8279,11365,8879,8207,18172,22144,9427,16099,201172,127462,34341,15123,124795,218,8
2021-04-17T23:59:59+02:00,5338,6212,9601,12859,11462,18677,16261,28084,23388,29355,35297,37482,41030,49955,12587,21427,2074,1878,3063,4440,3656,7570,5595,11683,8194,11315,8772,8099,18068,22028,9406,16086,199950,126669,34332,15034,124725,216,8
2021-04-16T23:59:59+02:00,5278,6173,9515,12802,11336,18568,16053,27931,23050,29014,34223,36231,40626,49436,12567,21394,1942,1791,2843,4265,3305,7258,4851,11167,6747,10251,6312,6102,16293,20374,9214,15789,195844,117576,34249,10706,124096,214,8
2021-04-15T23:59:59+02:00,5211,6083,9315,12632,11042,18320,15560,27541,22361,28417,32329,33917,39587,48228,12490,21230,1898,1759,2778,4202,3191,7140,4635,10987,6377,9942,5854,5708,15704,19689,9029,15461,190037,114480,34199,9659,120019,207,8
2021-04-14T23:59:59+02:00,5150,6036,9148,12504,10823,18143,15161,27227,21717,27942,30409,31671,38372,46815,12416,21045,1817,1704,2695,4136,3083,7049,4434,10823,6075,9692,5374,5297,15117,19002,8827,15111,183681,111875,34062,8202,116828,151,8
2021-04-13T23:59:59+02:00,5103,5982,9011,12374,10645,17976,14821,26954,21194,27481,28310,29225,37111,45222,12275,20842,1772,1688,2659,4094,3029,6988,4306,10682,5809,9483,5036,4991,14668,18555,8696,14912,176811,110470,33999,6836,113708,54,8
2021-04-12T23:59:59+02:00,5041,5934,8903,12240,10444,17828,14502,26677,20655,27024,26274,26959,35954,43754,12148,20646,1739,1647,2631,4075,3003,6935,4247,10617,5708,9385,4876,4847,14370,18186,8585,14713,171110,109641,33926,5862,109939,53,8
2021-04-11T23:59:59+02:00,5002,5891,8814,12161,10286,17727,14243,26501,20232,26700,25077,25673,35250,42971,12060,20499,1730,1641,2610,4055,2981,6911,4214,10572,5622,9317,4785,4793,14256,18065,8546,14661,169331,109448,33857,5255,105891,48,8
2021-04-10T23:59:59+02:00,4991,5877,8774,12135,10231,17693,14176,26453,20136,26620,24762,25299,34908,42551,12053,20478,1725,1636,2601,4046,2967,6895,4185,10543,5565,9278,4707,4714,14130,17903,8500,14577,168124,108661,33136,5255,105869,48,8
2021-04-09T23:59:59+02:00,4945,5847,8689,12057,10109,17569,14011,26278,19876,26380,23933,24151,33958,41347,12020,20405,1697,1606,2547,4011,2895,6834,4035,10430,5315,9054,4286,4339,13568,17192,8273,14210,164777,104990,31630,5248,105162,48,6
2021-04-08T23:59:59+02:00,4868,5783,8542,11947,9895,17392,13616,25965,19274,25912,22229,22174,32278,39383,11873,20170,1666,1591,2493,3964,2815,6749,3885,10293,5022,8792,3830,3913,12586,15952,7801,13451,159041,100037,30725,4718,101529,42,6
2021-04-07T23:59:59+02:00,4820,5729,8363,11873,9668,17244,13297,25739,18806,25552,20423,20068,30524,37124,11757,19959,1633,1575,2439,3914,2755,6668,3776,10147,4835,8603,3565,3623,11904,15147,7431,12900,153019,96732,29553,4147,98368,30,6
2021-04-06T23:59:59+02:00,4773,5687,8220,11763,9509,17081,12981,25472,18289,25166,18572,18008,28609,34636,11561,19616,1599,1556,2417,3888,2722,6631,3711,10103,4756,8516,3458,3501,11428,14507,7150,12491,146201,94440,28600,3959,95136,29,6
2021-04-05T23:59:59+02:00,4741,5645,8125,11674,9374,16981,12771,25260,17893,24819,16852,16079,26986,32492,11415,19391,1579,1545,2387,3869,2694,6584,3670,10046,4669,8400,3347,3393,11090,14138,6993,12210,140804,93050,28166,3529,91522,29,6
2021-04-04T23:59:59+02:00,4734,5639,8117,11664,9360,16968,12746,25240,17865,24795,16720,15905,26790,32246,11406,19378,1579,1544,2385,3866,2692,6581,3668,10043,4665,8397,3337,3380,11078,14127,6991,12202,140086,92971,28073,3529,91408,29,6
2021-04-03T23:59:59+02:00,4730,5632,8103,11656,9340,16948,12707,25209,17787,24732,16641,15816,26745,32188,11401,19371,1576,1542,2376,3858,2674,6567,3644,10015,4583,8342,3219,3265,10996,14054,6985,12192,139559,92324,28045,3529,91396,29,6
2021-04-02T23:59:59+02:00,4705,5612,8046,11603,9277,16879,12568,25103,17554,24532,16189,15338,26271,31617,11369,19318,1574,1533,2363,3852,2667,6551,3623,9983,4514,8250,3150,3197,10758,13755,6833,11992,138361,91035,26636,3525,90978,29,6
2021-04-01T23:59:59+02:00,4661,5551,7934,11462,9146,16720,12293,24818,17109,24131,15442,14614,25518,30659,11244,19137,1557,1512,2332,3820,2645,6521,3583,9944,4446,8186,3039,3069,9827,12642,6224,11144,136134,87040,25971,3420,88330,27,4
2021-03-31T23:59:59+02:00,4452,5471,7823,11340,9006,16556,12075,24542,16758,23769,14746,13852,24688,29650,11139,18942,1548,1507,2318,3800,2620,6493,3536,9898,4378,8117,2949,2980,9258,11947,5860,10651,134342,84633,24517,3196,85946,27,4
2021-03-30T23:59:59+02:00,4421,5418,7751,11215,8922,16398,11914,24352,16480,23461,14154,13210,23934,28675,11001,18700,1534,1497,2299,3776,2594,6463,3497,9834,4312,8046,2826,2834,8678,11292,5512,10166,132876,82335,23305,2798,83821,23,4
2021-03-29T23:59:59+02:00,4380,5360,7652,11103,8815,16237,11755,24081,16157,23116,13613,12613,23173,27706,10847,18453,1516,1484,2280,3761,2573,6434,3462,9778,4249,7972,2773,2768,8391,10906,5323,9860,131047,80963,22551,2540,81459,23,4
2021-03-28T23:59:59+02:00,4347,5275,7566,10995,8738,16086,11620,23851,15900,22844,13289,12303,22604,27017,10673,18174,1507,1479,2259,3747,2561,6405,3422,9728,4211,7916,2725,2717,8314,10801,5280,9795,130551,80629,22031,2213,78696,21,4
2021-03-27T23:59:59+01:00,4334,5264,7540,10965,8673,16015,11520,23755,15758,22728,13083,12089,22405,26807,10638,18145,1506,1477,2256,3745,2560,6404,3409,9705,4200,7894,2715,2710,8258,10736,5246,9755,129672,80338,21388,2213,78655,21,4
2021-03-26T23:59:59+01:00,4290,5195,7432,10835,8498,15833,11190,23455,15154,22227,12172,11274,21621,25974,10496,17921,1499,1463,2251,3724,2547,6381,3392,9679,4159,7857,2686,2672,8081,10519,5129,9588,125667,79503,19790,2099,78106,21,4
2021-03-25T23:59:59+01:00,4232,5035,7272,10558,8256,15431,10809,22834,14515,21532,11503,10614,20756,24908,10184,17385,1479,1449,2219,3699,2513,6344,3355,9632,4090,7775,2552,2537,7110,9276,4526,8688,122414,75355,19017,1865,74390,21,3
2021-03-24T23:59:59+01:00,4157,4894,7137,10274,8043,15022,10550,22292,14049,20926,10902,10055,19822,23823,9859,16822,1458,1420,2193,3662,2468,6308,3315,9568,4012,7676,2453,2438,6466,8516,4143,8107,119827,72733,17832,1448,70966,20,2
2021-03-23T23:59:59+01:00,4117,4800,7031,10041,7890,14685,10294,21789,13655,20436,10435,9613,19100,22974,9549,16362,1447,1403,2167,3641,2447,6282,3256,9514,3923,7604,2359,2336,5740,7593,3697,7419,118381,69687,16731,1120,67658,20,1
2021-03-22T23:59:59+01:00,4066,4720,6905,9801,7730,14368,10040,21326,13309,19940,10044,9258,18538,22263,9357,16020,1438,1396,2158,3627,2435,6266,3233,9491,3894,7572,2299,2286,5290,6990,3348,6930,117505,67599,16333,1033,63846,20,1
2021-03-21T23:59:59+01:00,4020,4616,6776,9536,7566,14012,9816,20788,12970,19417,9724,8981,18011,21664,9168,15713,1435,1393,2157,3616,2432,6259,3227,9482,3884,7558,2285,2267,5170,6856,3290,6830,117311,67092,15939,1033,59527,15,1
2021-03-20T23:59:59+01:00,4009,4593,6741,9484,7508,13941,9732,20684,12865,19327,9637,8887,17875,21491,9118,15626,1432,1390,2153,3613,2427,6254,3214,9472,3865,7548,2250,2235,4846,6483,3105,6589,116488,65827,15844,1033,59185,15,1
2021-03-19T23:59:59+01:00,3835,4452,6451,9233,7067,13522,8825,19956,11142,18003,6784,6545,15645,19298,8761,15061,1428,1386,2148,3607,2415,6241,3202,9449,3815,7502,2183,2194,4478,6011,2840,6272,107222,64154,11143,1001,56214,15,1
2021-03-18T23:59:59+01:00,3731,4318,6274,8925,6804,13083,8438,19303,10503,17268,6076,5893,14430,17831,8251,14245,1424,1380,2123,3580,2396,6204,3171,9400,3769,7464,2138,2160,4059,5484,2560,5860,102122,62268,10140,893,53110,10,1
2021-03-17T23:59:59+01:00,3654,4244,6143,8782,6640,12905,8144,18993,10106,16878,5671,5510,13613,16901,7857,13664,1414,1368,2107,3561,2366,6172,3140,9373,3733,7428,2082,2102,3654,5038,2311,5475,98894,60554,8460,759,52350,10,1
2021-03-16T23:59:59+01:00,3575,4110,5994,8512,6433,12539,7831,18411,9562,16224,5153,5059,12801,15942,7526,13173,1405,1360,2099,3546,2351,6158,3125,9353,3707,7402,2053,2067,3139,4402,1979,4972,96589,58354,7060,755,49195,8,1
2021-03-15T23:59:59+01:00,3528,3965,5809,8235,6214,12134,7559,17840,9129,15601,4838,4779,12147,15199,7261,12712,1405,1351,2083,3532,2331,6132,3106,9305,3683,7363,2016,2016,2786,3945,1698,4582,95100,56587,6092,741,45758,6,0
2021-03-14T23:59:59+01:00,3481,3834,5583,7908,5929,11691,7254,17122,8672,14848,4526,4508,11856,14946,7215,12613,1398,1345,2067,3503,2316,6082,3088,9247,3666,7324,2009,2005,2708,3838,1646,4497,94985,56187,5485,547,41516,5,0
2021-03-13T23:59:59+01:00,3467,3796,5544,7806,5871,11579,7176,16987,8531,14703,4374,4360,11764,14861,7209,12602,1398,1345,2067,3503,2315,6082,3087,9246,3665,7324,2006,1997,2656,3783,1612,4443,94299,55977,5485,547,40846,5,0
2021-03-12T23:59:59+01:00,3449,3724,5490,7669,5809,11435,7093,16763,8397,14471,4267,4264,11493,14538,7055,12387,1398,1345,2063,3497,2314,6074,3083,9240,3664,7318,2004,1995,2569,3674,1531,4358,92883,55575,5477,547,39944,5,0
2021-03-11T23:59:59+01:00,3369,3528,5282,7371,5579,11019,6752,16101,7966,13836,3929,3929,10416,13283,6406,11483,1392,1342,2053,3484,2295,6049,3060,9206,3641,7287,1975,1970,2332,3412,1381,4140,88710,54500,5050,514,36489,5,0
2021-03-10T23:59:59+01:00,3274,3410,5071,7101,5367,10665,6484,15560,7633,13294,3709,3703,9775,12491,6020,10948,1388,1331,2027,3446,2265,5959,3012,9084,3583,7170,1932,1894,2116,3175,1253,3951,86253,53303,4683,279,33569,4,0
2021-03-09T23:59:59+01:00,3200,3280,4917,6915,5174,10385,6258,15130,7335,12792,3526,3498,9146,11789,5646,10428,1381,1321,1992,3386,2234,5857,2951,8941,3516,7090,1903,1868,1842,2860,1085,3706,83986,51897,4429,32,31004,4,0
2021-03-08T23:59:59+01:00,3135,3121,4691,6651,4937,10031,5999,14621,6974,12206,3328,3306,8759,11345,5450,10117,1378,1303,1978,3308,2203,5766,2913,8796,3484,6996,1888,1848,1639,2629,967,3515,82518,50581,4068,30,28085,0,0
2021-03-07T23:59:59+01:00,3102,3062,4618,6538,4856,9919,5894,14459,6858,12062,3277,3262,8676,11240,5412,10050,1372,1298,1971,3296,2195,5739,2906,8757,3472,6978,1880,1837,1584,2562,915,3447,82173,50179,3900,30,27212,0,0
2021-03-06T23:59:59+01:00,3088,3002,4574,6449,4822,9856,5836,14345,6810,11954,3253,3239,8620,11174,5378,10007,1370,1285,1966,3282,2183,5712,2903,8729,3461,6959,1872,1813,1557,2538,909,3438,81857,49947,3900,30,26650,0,0
2021-03-05T23:59:59+01:00,3064,2909,4516,6341,4760,9757,5773,14194,6710,11801,3210,3185,8436,10944,5259,9834,1361,1252,1936,3227,2159,5605,2861,8595,3418,6821,1830,1768,1493,2467,887,3412,80960,49062,3892,30,25841,0,0
2021-03-04T23:59:59+01:00,3010,2716,4358,6104,4541,9449,5566,13778,6401,11412,3032,3011,7419,9654,4642,8922,1341,1204,1900,3106,2130,5423,2815,8320,3363,6592,1761,1680,1457,2419,883,3394,76822,47759,3621,29,23572,0,0
2021-03-03T23:59:59+01:00,2970,2645,4218,5912,4376,9181,5365,13402,6147,10993,2911,2880,6773,8884,4246,8317,1329,1166,1873,3035,2108,5315,2784,8144,3310,6435,1692,1636,1416,2349,863,3340,74105,46766,3392,29,21723,0,0
2021-03-02T23:59:59+01:00,2910,2558,4034,5697,4168,8911,5169,13026,5881,10620,2765,2723,6005,7919,3782,7612,1297,1123,1846,2963,2084,5178,2735,7871,3261,6237,1622,1576,1353,2270,843,3296,70952,45526,2945,29,19883,0,0
2021-03-01T23:59:59+01:00,2870,2495,3869,5546,3981,8692,4981,12705,5643,10234,2665,2609,5515,7263,3428,7107,1291,1088,1823,2862,2057,4989,2695,7621,3202,6000,1579,1540,1304,2211,817,3256,68801,44306,2646,29,18156,0,0
2021-02-28T23:59:59+01:00,2829,2446,3710,5429,3761,8503,4798,12455,5456,9929,2608,2536,5392,7107,3366,7007,1287,1083,1819,2848,2048,4965,2688,7586,3192,5983,1571,1533,1298,2202,815,3247,68327,44136,2427,29,16578,0,0
2021-02-27T23:59:59+01:00,2814,2379,3684,5349,3727,8435,4764,12365,5421,9856,2567,2502,5062,6721,3169,6757,1280,1075,1812,2836,2036,4930,2669,7522,3176,5927,1553,1524,1292,2191,812,3246,67020,43853,2427,28,16125,0,0
2021-02-26T23:59:59+01:00,2793,2336,3644,5265,3662,8333,4703,12257,5336,9768,2491,2449,4686,6240,2897,6431,1220,1026,1762,2728,1987,4750,2614,7248,3103,5717,1492,1473,1269,2169,798,3237,65224,42566,2302,27,15765,0,0
2021-02-25T23:59:59+01:00,2618,2227,3459,5085,3479,8111,4501,11971,5118,9494,2404,2385,4236,5688,2609,6007,1204,969,1731,2620,1935,4478,2542,6857,3010,5431,1448,1430,1250,2154,796,3228,63365,41059,1980,24,14047,0,0
2021-02-24T23:59:59+01:00,2463,2089,3269,4893,3330,7903,4304,11719,4899,9246,2267,2267,3785,5177,2352,5612,1188,941,1708,2535,1901,4341,2483,6601,2958,5225,1418,1399,1232,2134,792,3209,61602,40048,1510,17,12463,0,0
2021-02-23T23:59:59+01:00,2326,1951,3092,4666,3178,7674,4131,11446,4714,9000,2180,2173,3233,4515,2015,5101,1174,893,1678,2441,1862,4149,2415,6302,2861,4965,1361,1344,1204,2091,779,3184,59410,38689,1160,14,10825,0,0
2021-02-22T23:59:59+01:00,2286,1899,3007,4573,3108,7567,4038,11261,4607,8875,2130,2132,2872,4055,1731,4717,1162,835,1646,2315,1819,3905,2339,5911,2736,4667,1299,1290,1181,2059,773,3162,57748,37095,1076,4,10034,0,0
2021-02-21T23:59:59+01:00,2250,1867,2956,4504,3026,7453,3957,11115,4541,8758,2115,2109,2788,3941,1676,4629,1158,817,1629,2262,1795,3795,2306,5756,2673,4544,1267,1267,1171,2045,766,3147,57316,36394,1043,4,9326,0,0
2021-02-20T23:59:59+01:00,2239,1864,2934,4491,3010,7417,3931,11082,4520,8737,2112,2101,2734,3884,1641,4574,1158,814,1629,2260,1794,3786,2305,5751,2672,4540,1266,1264,1170,2042,765,3146,57101,36358,1042,4,9128,0,0
2021-02-19T23:59:59+01:00,2226,1851,2898,4439,2985,7329,3885,11000,4466,8674,2104,2095,2645,3771,1560,4482,1106,805,1590,2252,1784,3777,2295,5730,2663,4528,1260,1253,1159,2037,760,3139,56687,36134,1011,4,8712,0,0
2021-02-18T23:59:59+01:00,2094,1755,2741,4255,2861,7131,3748,10713,4327,8471,2072,2061,2406,3503,1408,4260,1026,770,1516,2154,1735,3655,2223,5572,2607,4441,1246,1233,1154,2023,750,3121,55630,35222,944,4,7232,0,0
2021-02-17T23:59:59+01:00,2051,1706,2649,4121,2753,6917,3595,10373,4186,8229,2015,1978,2187,3274,1285,4071,872,706,1407,2028,1661,3466,2130,5348,2534,4270,1212,1188,1127,1978,735,3080,54567,33739,799,3,6024,0,0
2021-02-16T23:59:59+01:00,1878,1593,2477,3914,2614,6642,3434,10019,4010,7922,1971,1951,1912,2957,1115,3819,845,684,1335,1954,1593,3324,2036,5177,2438,4139,1150,1141,1068,1888,702,2985,53241,32457,763,2,4224,0,0
2021-02-15T23:59:59+01:00,1844,1540,2390,3748,2537,6370,3312,9653,3896,7653,1945,1924,1695,2719,994,3632,827,671,1306,1908,1552,3256,1980,5005,2375,4039,1085,1101,1004,1798,683,2891,52149,31480,750,1,2953,0,0
2021-02-14T23:59:59+01:00,1755,1509,2345,3686,2496,6280,3242,9550,3850,7575,1934,1914,1638,2660,944,3572,812,661,1289,1883,1526,3233,1946,4964,2350,3984,1075,1092,997,1788,680,2879,51816,31158,721,1,2413,0,0
2021-02-13T23:59:59+01:00,1754,1497,2336,3679,2489,6266,3238,9534,3843,7565,1926,1894,1615,2640,940,3562,812,661,1289,1883,1526,3233,1946,4964,2350,3984,1075,1092,997,1788,680,2879,51661,31158,721,1,2396,0,0
2021-02-12T23:59:59+01:00,1674,1411,2236,3567,2409,6094,3133,9296,3722,7301,1880,1838,1552,2568,917,3535,806,654,1277,1862,1511,3214,1938,4933,2334,3964,1070,1087,996,1769,680,2849,50725,30943,721,1,1687,0,0
2021-02-11T23:59:59+01:00,1471,1273,2054,3352,2281,5803,2981,8865,3563,6956,1808,1737,1510,2508,902,3513,778,604,1184,1682,1386,2941,1802,4577,2170,3678,1020,1025,955,1698,645,2717,49335,28861,680,1,562,0,0
2021-02-10T23:59:59+01:00,1375,1224,1967,3226,2213,5631,2899,8588,3451,6726,1737,1689,1464,2441,886,3455,562,520,962,1456,1248,2634,1616,4116,1968,3304,902,899,833,1447,564,2395,48171,25426,640,0,161,0,0
2021-02-09T23:59:59+01:00,1340,1174,1930,3134,2186,5452,2833,8248,3380,6469,1664,1629,1404,2381,869,3416,299,383,744,1194,1062,2261,1405,3580,1720,2852,734,735,664,1155,452,1939,46918,21179,511,0,80,0,0
2021-02-08T23:59:59+01:00,1333,1139,1899,3014,2147,5231,2780,7967,3321,6233,1623,1596,1358,2327,853,3397,263,342,643,1041,957,2044,1245,3190,1522,2536,630,616,559,976,392,1687,45799,18643,340,0,79,0,0
2021-02-07T23:59:59+01:00,1305,1125,1871,2964,2121,5149,2751,7864,3279,6168,1607,1580,1344,2308,841,3382,230,287,596,951,898,1890,1153,2966,1425,2366,589,596,538,942,382,1657,45520,17466,139,0,0,0,0
2021-02-06T23:59:59+01:00,1300,1119,1865,2952,2112,5121,2738,7821,3268,6123,1594,1572,1339,2298,838,3381,211,253,574,914,870,1824,1111,2849,1368,2284,573,578,531,942,382,1657,45302,16921,139,0,0,0,0
2021-02-05T23:59:59+01:00,1238,1067,1816,2842,2060,4925,2678,7524,3191,5907,1531,1518,1320,2272,830,3374,195,224,539,868,836,1745,1072,2732,1315,2185,539,554,520,918,372,1632,43954,16246,139,0,0,0,0
2021-02-04T23:59:59+01:00,1226,1003,1775,2692,1990,4615,2593,7082,3091,5581,1486,1485,1302,2256,827,3365,169,170,466,751,737,1606,963,2495,1203,1970,493,503,477,864,353,1518,42338,14738,31,0,0,0,0
2021-02-03T23:59:59+01:00,1208,974,1744,2611,1951,4470,2527,6819,3040,5362,1449,1452,1273,2221,809,3336,138,140,392,639,620,1370,818,2118,1006,1685,377,369,342,649,246,1145,41215,12054,31,0,0,0,0
2021-02-02T23:59:59+01:00,1191,918,1712,2512,1908,4248,2454,6487,2934,5089,1397,1406,1250,2191,800,3312,117,116,315,518,517,1135,675,1789,815,1376,280,268,264,475,193,858,39778,9711,31,0,0,0,0
2021-02-01T23:59:59+01:00,1177,858,1677,2387,1858,4003,2378,6094,2815,4792,1330,1325,1219,2145,789,3287,83,76,214,347,346,741,428,1153,477,855,173,164,153,282,104,502,38103,6098,31,0,0,0,0
2021-01-31T23:59:59+01:00,1172,840,1660,2329,1835,3883,2348,5912,2751,4673,1300,1302,1208,2130,783,3273,72,70,181,278,269,575,339,900,395,688,147,148,145,274,100,489,37368,5070,31,0,0,0,0
2021-01-30T23:59:59+01:00,1172,837,1659,2324,1833,3872,2346,5901,2748,4663,1299,1298,1207,2129,783,3272,68,63,149,231,241,507,304,782,352,613,146,141,140,270,100,488,37313,4595,30,0,0,0,0
2021-01-29T23:59:59+01:00,1119,828,1620,2317,1822,3865,2338,5887,2740,4652,1295,1295,1203,2129,783,3272,60,45,112,176,197,353,247,633,309,486,136,132,128,259,97,488,37137,3858,28,0,0,0,0
2021-01-28T23:59:59+01:00,1043,803,1564,2257,1789,3796,2291,5816,2707,4598,1283,1283,1196,2123,774,3258,38,20,71,104,128,206,152,378,201,289,103,101,103,208,87,441,36556,2630,25,0,0,0,0
2021-01-27T23:59:59+01:00,893,751,1472,2182,1722,3681,2220,5686,2649,4473,1255,1239,1171,2084,762,3227,27,12,62,85,103,162,120,321,174,245,95,84,92,189,84,409,35450,2264,17,0,0,0,0
2021-01-26T23:59:59+01:00,879,732,1407,2108,1659,3552,2134,5512,2561,4362,1199,1199,1124,2013,738,3176,26,11,59,82,99,156,116,307,173,235,93,79,85,168,73,362,34344,2124,11,0,0,0,0
2021-01-25T23:59:59+01:00,866,712,1375,2048,1628,3455,2088,5346,2504,4272,1148,1174,1077,1956,720,3118,24,11,56,82,96,154,115,305,172,235,92,78,84,167,71,359,33485,2101,2,0,0,0,0
2021-01-24T23:59:59+01:00,863,711,1369,2037,1623,3438,2080,5320,2492,4240,1144,1168,1072,1949,719,3113,24,11,56,82,95,153,115,305,172,234,92,78,84,167,71,359,33336,2098,2,0,0,0,0
2021-01-23T23:59:59+01:00,863,711,1369,2037,1623,3438,2080,5320,2492,4240,1144,1168,1071,1949,719,3113,24,11,56,82,95,153,115,305,171,234,92,78,84,167,71,359,33335,2097,2,0,0,0,0
2021-01-22T23:59:59+01:00,863,701,1355,2015,1607,3414,2068,5286,2476,4220,1142,1163,1070,1926,718,3080,24,11,56,82,95,153,115,305,170,234,92,78,84,167,71,359,33102,2096,2,0,0,0,0
2021-01-21T23:59:59+01:00,832,664,1279,1859,1509,3225,1972,5014,2368,4021,1101,1103,1039,1845,678,2951,22,10,52,77,87,145,106,277,156,211,79,70,75,147,57,307,31458,1878,2,0,0,0,0
2021-01-20T23:59:59+01:00,627,565,1085,1639,1376,2952,1794,4609,2165,3686,975,984,920,1616,611,2675,21,10,51,73,84,144,99,264,145,192,69,64,70,123,48,272,28277,1729,2,0,0,0,0
2021-01-19T23:59:59+01:00,340,419,834,1382,1175,2614,1558,4083,1906,3237,808,816,756,1338,512,2263,17,7,36,52,55,78,73,177,101,130,52,49,48,91,37,209,24040,1212,1,0,0,0,0
2021-01-18T23:59:59+01:00,296,378,722,1194,1054,2361,1366,3585,1666,2857,678,668,609,1094,434,1872,7,3,11,17,19,27,24,50,25,45,12,11,12,33,8,61,20834,365,0,0,0,0,0
2021-01-17T23:59:59+01:00,256,324,657,1101,977,2191,1269,3310,1551,2646,632,638,582,1037,413,1811,0,0,1,0,2,2,2,1,2,2,1,4,0,0,0,1,19395,18,0,0,0,0,0
2021-01-16T23:59:59+01:00,239,292,641,1068,953,2128,1228,3200,1500,2573,616,621,575,1037,413,1810,0,0,0,0,1,2,1,1,1,2,0,1,0,0,0,1,18894,10,0,0,0,0,0
2021-01-15T23:59:59+01:00,225,259,612,1021,926,2050,1193,3084,1448,2477,585,595,568,1016,406,1798,0,0,0,0,0,0,0,0,0,0,0,0,0,0,0,0,18263,0,0,0,0,0,0
2021-01-14T23:59:59+01:00,197,206,552,900,836,1907,1101,2862,1333,2294,543,553,530,972,400,1756,0,0,0,0,0,0,0,0,0,0,0,0,0,0,0,0,16942,0,0,0,0,0,0
2021-01-13T23:59:59+01:00,165,186,503,832,764,1781,1003,2629,1179,2073,429,436,401,766,300,1349,0,0,0,0,0,0,0,0,0,0,0,0,0,0,0,0,14796,0,0,0,0,0,0
2021-01-12T23:59:59+01:00,143,165,472,763,714,1626,915,2428,1072,1842,340,328,310,544,216,957,0,0,0,0,0,0,0,0,0,0,0,0,0,0,0,0,12835,0,0,0,0,0,0
2021-01-11T23:59:59+01:00,113,127,396,633,624,1374,752,1970,844,1454,210,192,171,316,114,556,0,0,0,0,0,0,0,0,0,0,0,0,0,0,0,0,9846,0,0,0,0,0,0
2021-01-10T23:59:59+01:00,87,92,305,457,469,995,545,1443,620,1057,173,168,159,303,109,544,0,0,0,0,0,0,0,0,0,0,0,0,0,0,0,0,7526,0,0,0,0,0,0
2021-01-09T23:59:59+01:00,76,84,259,394,400,863,478,1226,544,899,166,158,154,298,109,542,0,0,0,0,0,0,0,0,0,0,0,0,0,0,0,0,6650,0,0,0,0,0,0
2021-01-08T23:59:59+01:00,63,65,186,286,303,584,363,930,438,680,158,153,138,286,107,542,0,0,0,0,0,0,0,0,0,0,0,0,0,0,0,0,5282,0,0,0,0,0,0
2021-01-07T23:59:59+01:00,44,24,77,120,136,230,162,417,222,339,116,122,125,254,103,515,0,0,0,0,0,0,0,0,0,0,0,0,0,0,0,0,3006,0,0,0,0,0,0
2021-01-06T23:59:59+01:00,30,17,69,91,115,180,134,340,193,275,97,94,99,208,88,438,0,0,0,0,0,0,0,0,0,0,0,0,0,0,0,0,2468,0,0,0,0,0,0
2021-01-05T23:59:59+01:00,27,12,59,86,105,166,119,325,179,253,96,89,97,201,86,420,0,0,0,0,0,0,0,0,0,0,0,0,0,0,0,0,2320,0,0,0,0,0,0
2021-01-04T23:59:59+01:00,24,11,56,83,97,157,114,310,177,241,95,86,90,187,76,388,0,0,0,0,0,0,0,0,0,0,0,0,0,0,0,0,2192,0,0,0,0,0,0
2021-01-03T23:59:59+01:00,24,11,56,83,97,157,114,310,177,241,95,86,89,186,76,388,0,0,0,0,0,0,0,0,0,0,0,0,0,0,0,0,2190,0,0,0,0,0,0
2021-01-02T23:59:59+01:00,24,11,56,83,97,157,114,310,176,241,95,86,89,186,76,388,0,0,0,0,0,0,0,0,0,0,0,0,0,0,0,0,2189,0,0,0,0,0,0
2021-01-01T23:59:59+01:00,24,11,56,83,97,157,114,310,174,240,95,86,89,186,76,388,0,0,0,0,0,0,0,0,0,0,0,0,0,0,0,0,2186,0,0,0,0,0,0
2020-12-31T23:59:59+01:00,24,11,56,83,97,157,114,310,174,240,95,86,89,186,76,388,0,0,0,0,0,0,0,0,0,0,0,0,0,0,0,0,2186,0,0,0,0,0,0
2020-12-30T23:59:59+01:00,23,11,56,82,96,154,114,309,174,240,95,86,89,186,76,388,0,0,0,0,0,0,0,0,0,0,0,0,0,0,0,0,2179,0,0,0,0,0,0
2020-12-29T23:59:59+01:00,18,8,41,59,73,91,84,214,127,188,73,74,66,153,61,310,0,0,0,0,0,0,0,0,0,0,0,0,0,0,0,0,1640,0,0,0,0,0,0
2020-12-28T23:59:59+01:00,8,5,17,28,31,45,39,111,53,101,30,41,38,92,31,177,0,0,0,0,0,0,0,0,0,0,0,0,0,0,0,0,847,0,0,0,0,0,0
2020-12-27T23:59:59+01:00,2,2,4,5,7,11,10,23,6,22,5,7,6,25,3,49,0,0,0,0,0,0,0,0,0,0,0,0,0,0,0,0,187,0,0,0,0,0,0
