Datum,<15_1_m,<15_1_w,15-24_1_m,15-24_1_w,25-34_1_m,25-34_1_w,35-44_1_m,35-44_1_w,45-54_1_m,45-54_1_w,55-64_1_m,55-64_1_w,65-74_1_m,65-74_1_w,75-84_1_m,75-84_1_w,>84_1_m,>84_1_w,<15_2_m,<15_2_w,15-24_2_m,15-24_2_w,25-34_2_m,25-34_2_w,35-44_2_m,35-44_2_w,45-54_2_m,45-54_2_w,55-64_2_m,55-64_2_w,65-74_2_m,65-74_2_w,75-84_2_m,75-84_2_w,>84_2_m,>84_2_w,bp_1,bp_2,mo_1,mo_2,az_1,az_2,ja,unb_1,unb_2
2021-11-03T23:59:59+01:00,11823,11062,62944,58748,69354,64690,77689,78411,98712,100330,109312,107927,74586,80947,52352,64265,15159,26147,10116,9408,57529,54241,64496,59935,73153,73772,94033,95585,105302,104255,72870,78996,51146,62781,14660,25141,859122,811321,71665,68813,182700,176199,51032,42,54
2021-11-02T23:59:59+01:00,11748,10990,62729,58600,69070,64468,77471,78252,98523,100183,109189,107829,74564,80911,52337,64242,15154,26139,10058,9342,57378,54145,64385,59822,73053,73694,93942,95509,105247,104195,72835,78955,51139,62756,14654,25129,857255,810275,71584,68794,182698,176195,50920,42,54
2021-11-01T23:59:59+01:00,11660,10911,62457,58423,68813,64279,77269,78107,98357,100054,109079,107744,74534,80882,52321,64218,15148,26128,9990,9273,57248,54041,64257,59726,72964,73592,93869,95439,105187,104143,72798,78922,51127,62726,14646,25108,855427,809249,71517,68747,182684,176191,50815,41,54
2021-10-31T23:59:59+01:00,11649,10899,62424,58407,68789,64258,77244,78083,98339,100044,109068,107737,74532,80882,52321,64218,15148,26128,9973,9255,57230,54027,64244,59710,72953,73579,93865,95434,105182,104139,72798,78920,51127,62725,14646,25108,855252,809137,71503,68741,182682,176191,50792,41,54
2021-10-30T23:59:59+02:00,11643,10895,62408,58389,68764,64241,77226,78064,98324,100032,109062,107735,74530,80882,52321,64218,15147,26127,9970,9255,57217,54018,64237,59707,72942,73570,93859,95428,105179,104138,72798,78919,51126,62725,14646,25107,855121,809090,71494,68736,182682,176191,50770,41,54
2021-10-29T23:59:59+02:00,11579,10836,62221,58269,68554,64092,77044,77941,98154,99906,108952,107676,74507,80868,52310,64202,15143,26119,9940,9229,57107,53937,64147,59630,72878,73508,93788,95383,105139,104115,72781,78902,51121,62713,14642,25101,853636,808446,71454,68708,182680,176191,50662,41,54
2021-10-28T23:59:59+02:00,11496,10765,61994,58116,68307,63897,76841,77786,97962,99749,108848,107592,74482,80826,52294,64189,15138,26111,9882,9179,56950,53787,64015,59519,72780,73411,93720,95308,105057,104047,72757,78870,51110,62700,14638,25091,851870,807396,71389,68678,182677,176177,50516,41,54
2021-10-27T23:59:59+02:00,11427,10681,61833,57965,68108,63743,76677,77663,97838,99650,108778,107536,74461,80794,52285,64170,15135,26095,9823,9122,56833,53672,63910,59420,72684,73326,93653,95246,104999,104013,72734,78839,51097,62677,14634,25076,850533,806463,71272,68655,182676,176169,50417,41,54
2021-10-26T23:59:59+02:00,11344,10582,61693,57810,67931,63581,76518,77555,97724,99550,108698,107478,74432,80763,52263,64144,15125,26081,9762,9047,56683,53555,63808,59305,72611,73258,93579,95181,104952,103968,72711,78815,51073,62649,14627,25067,849121,805485,71213,68629,182673,176159,50324,41,54
2021-10-25T23:59:59+02:00,11320,10562,61637,57760,67884,63544,76473,77513,97688,99529,108676,107460,74423,80752,52262,64139,15122,26080,9738,9024,56622,53513,63772,59276,72583,73222,93553,95163,104936,103952,72709,78810,51071,62645,14627,25065,848707,805145,71204,68624,182673,176159,50299,41,54
2021-10-24T23:59:59+02:00,11277,10524,61528,57683,67783,63455,76391,77439,97611,99483,108640,107431,74409,80738,52256,64137,15119,26079,9689,8984,56547,53434,63695,59194,72520,73173,93504,95109,104906,103913,72685,78794,51062,62635,14624,25063,848033,804531,71152,68612,182673,176150,50184,41,54
2021-10-23T23:59:59+02:00,11273,10521,61518,57670,67765,63439,76379,77425,97597,99475,108635,107426,74408,80737,52256,64137,15119,26079,9686,8982,56539,53422,63681,59186,72513,73159,93495,95102,104903,103909,72683,78792,51062,62633,14624,25062,847947,804465,71138,68604,182672,176149,50161,41,54
2021-10-22T23:59:59+02:00,11210,10473,61361,57556,67584,63306,76238,77305,97470,99374,108559,107377,74391,80717,52252,64129,15118,26074,9632,8934,56424,53324,63598,59106,72439,73087,93426,95047,104866,103882,72666,78774,51057,62623,14624,25062,846754,803730,71061,68573,182671,176147,50067,41,54
2021-10-21T23:59:59+02:00,11133,10394,61208,57435,67424,63182,76109,77182,97345,99282,108471,107310,74363,80688,52239,64102,15113,26065,9559,8831,56295,53189,63469,58979,72358,72984,93329,94964,104808,103832,72632,78739,51047,62599,14618,25057,845469,802606,71030,68549,182670,176145,49935,41,54
2021-10-20T23:59:59+02:00,11091,10344,61107,57335,67319,63078,76020,77095,97261,99222,108422,107272,74347,80668,52228,64092,15108,26058,9476,8771,56163,53049,63362,58875,72282,72871,93263,94906,104739,103777,72606,78707,51034,62574,14615,25047,844579,801530,71010,68524,182668,176142,49867,41,54
2021-10-19T23:59:59+02:00,11040,10295,61039,57264,67244,62997,75950,77030,97211,99184,108382,107238,74322,80650,52213,64067,15097,26041,9392,8684,56023,52936,63248,58763,72195,72779,93182,94808,104672,103707,72557,78662,51016,62537,14608,25027,843865,800301,70988,68500,182667,176140,49801,41,54
2021-10-18T23:59:59+02:00,10996,10250,60965,57193,67165,62932,75894,76972,97167,99132,108341,107193,74308,80630,52203,64041,15093,26025,9340,8634,55906,52791,63121,58629,72104,72680,93097,94709,104615,103650,72514,78624,50989,62509,14597,25010,843180,799101,70960,68486,182667,176129,49749,41,54
2021-10-17T23:59:59+02:00,10968,10224,60918,57155,67132,62897,75868,76949,97126,99095,108329,107170,74298,80618,52200,64029,15088,26019,9284,8587,55811,52711,63041,58536,72041,72596,93039,94653,104578,103608,72486,78593,50977,62482,14591,24992,842819,798283,70953,68462,182667,176108,49699,41,54
2021-10-16T23:59:59+02:00,10964,10220,60912,57151,67124,62889,75861,76945,97120,99093,108328,107167,74297,80618,52200,64028,15088,26019,9277,8582,55807,52697,63035,58530,72036,72592,93036,94648,104576,103604,72485,78591,50977,62482,14591,24992,842776,798236,70950,68454,182667,176108,49686,41,54
2021-10-15T23:59:59+02:00,10926,10174,60819,57088,67063,62826,75802,76884,97070,99041,108290,107144,74286,80603,52198,64026,15086,26017,9229,8533,55688,52578,62959,58457,71969,72519,92969,94589,104529,103561,72468,78573,50967,62465,14590,24988,842156,797416,70929,68408,182667,176107,49646,41,54
2021-10-14T23:59:59+02:00,10879,10114,60711,56993,67002,62730,75738,76811,97008,98984,108255,107097,74272,80584,52186,64012,15082,26011,9123,8450,55522,52444,62842,58327,71898,72422,92865,94498,104469,103492,72433,78540,50945,62431,14580,24975,841390,796173,70916,68383,182664,176093,49553,41,54
2021-10-13T23:59:59+02:00,10825,10073,60620,56911,66935,62639,75669,76745,96949,98946,108205,107056,74251,80562,52171,63993,15076,26001,9055,8389,55388,52314,62740,58200,71801,72325,92788,94413,104390,103417,72395,78507,50925,62397,14569,24955,840640,794993,70902,68371,182662,176073,49477,41,54
2021-10-12T23:59:59+02:00,10768,10023,60513,56827,66834,62558,75602,76690,96904,98893,108167,107021,74226,80538,52161,63981,15071,25992,8981,8327,55256,52162,62631,58081,71716,72218,92731,94329,104317,103350,72356,78459,50901,62366,14564,24936,839858,793800,70893,68350,182660,176065,49412,41,54
2021-10-11T23:59:59+02:00,10714,9974,60411,56764,66744,62459,75526,76621,96842,98838,108114,106977,74199,80508,52143,63953,15056,25970,8920,8271,55132,52033,62504,57948,71638,72109,92653,94253,104241,103283,72310,78415,50873,62331,14551,24914,839020,792618,70873,68331,182653,176056,49320,41,54
2021-10-10T23:59:59+02:00,10686,9948,60350,56722,66685,62416,75483,76577,96809,98806,108087,106957,74187,80497,52140,63947,15051,25960,8868,8229,55031,51915,62411,57824,71553,72024,92579,94169,104178,103231,72279,78385,50852,62309,14545,24902,838610,791631,70864,68321,182650,176042,49236,41,54
2021-10-09T23:59:59+02:00,10685,9945,60341,56714,66674,62409,75478,76571,96804,98797,108082,106955,74187,80493,52140,63947,15051,25959,8856,8221,55014,51899,62401,57808,71542,72015,92572,94163,104171,103227,72276,78384,50852,62309,14545,24902,838552,791525,70859,68315,182649,176039,49224,41,54
2021-10-08T23:59:59+02:00,10634,9896,60247,56619,66599,62332,75423,76504,96758,98755,108048,106928,74177,80485,52133,63935,15046,25958,8814,8170,54912,51808,62324,57744,71474,71949,92523,94109,104143,103194,72268,78373,50845,62303,14543,24900,837877,790858,70833,68283,182647,176029,49172,41,54
2021-10-07T23:59:59+02:00,10569,9830,60097,56510,66508,62235,75338,76407,96685,98701,107983,106873,74153,80463,52122,63923,15039,25951,8706,8076,54782,51665,62220,57615,71364,71840,92437,94017,104057,103130,72217,78336,50821,62278,14531,24889,836929,789624,70822,68250,182646,176012,49042,41,53
2021-10-06T23:59:59+02:00,10515,9789,59963,56418,66424,62156,75263,76348,96626,98657,107934,106828,74132,80437,52104,63900,15035,25935,8631,8006,54642,51502,62126,57481,71268,71735,92333,93930,103967,103047,72179,78293,50796,62243,14521,24875,836102,788350,70811,68243,182644,175996,48933,41,53
2021-10-05T23:59:59+02:00,10449,9719,59824,56295,66325,62058,75182,76276,96550,98594,107887,106774,74110,80410,52095,63871,15029,25924,8544,7927,54458,51332,62013,57337,71155,71618,92224,93828,103896,102976,72125,78248,50772,62204,14513,24862,835161,786980,70796,68214,182641,175985,48800,41,53
2021-10-04T23:59:59+02:00,10389,9666,59682,56176,66194,61946,75088,76189,96460,98517,107824,106724,74089,80379,52074,63836,15024,25906,8469,7866,54285,51147,61899,57184,71027,71487,92141,93722,103798,102889,72090,78193,50727,62165,14503,24842,834092,785531,70783,68207,182638,175967,48676,41,53
2021-10-03T23:59:59+02:00,10346,9627,59629,56092,66129,61894,75030,76151,96430,98486,107791,106685,74077,80361,52062,63820,15022,25899,8412,7823,54170,51034,61817,57092,70940,71386,92075,93648,103732,102803,72056,78164,50708,62132,14496,24838,833588,784565,70778,68202,182625,175940,48566,41,53
2021-10-02T23:59:59+02:00,10340,9625,59619,56077,66114,61883,75022,76137,96425,98481,107789,106682,74076,80361,52061,63818,15022,25899,8407,7819,54155,51023,61805,57083,70937,71376,92071,93645,103730,102794,72053,78164,50707,62130,14495,24838,833513,784493,70767,68195,182625,175939,48552,41,53
2021-10-01T23:59:59+02:00,10285,9568,59461,55977,66035,61794,74942,76070,96371,98428,107730,106647,74060,80338,52050,63805,15021,25895,8345,7758,54041,50914,61749,57019,70890,71328,92017,93590,103695,102761,72040,78157,50702,62118,14493,24833,832670,783831,70748,68168,182623,175937,48461,41,53
2021-09-30T23:59:59+02:00,10213,9485,59321,55827,65902,61664,74842,75980,96265,98337,107641,106586,74034,80300,52034,63780,15017,25880,8266,7683,53893,50782,61655,56913,70798,71246,91937,93507,103622,102696,72004,78114,50682,62084,14493,24822,831564,782841,70718,68146,182619,175926,48231,41,53
2021-09-29T23:59:59+02:00,10135,9428,59169,55694,65782,61547,74756,75884,96167,98247,107576,106529,73995,80255,52026,63752,15012,25869,8187,7597,53737,50629,61543,56777,70701,71139,91843,93414,103526,102629,71954,78070,50657,62033,14486,24812,830532,781648,70689,68117,182616,175907,48009,41,53
2021-09-28T23:59:59+02:00,10050,9346,59028,55542,65621,61407,74650,75798,96060,98161,107494,106463,73944,80213,52006,63724,15005,25853,8112,7528,53584,50477,61406,56660,70608,71023,91766,93335,103451,102551,71914,78032,50634,62000,14482,24801,829373,780589,70676,68098,182612,175898,47726,41,53
2021-09-27T23:59:59+02:00,9990,9294,58873,55382,65480,61279,74560,75694,95956,98056,107404,106410,73898,80169,51987,63697,14997,25833,8046,7461,53433,50349,61281,56527,70516,70917,91664,93239,103366,102499,71865,77985,50612,61964,14475,24782,828320,779600,70653,68082,182607,175852,47394,41,53
2021-09-26T23:59:59+02:00,9947,9253,58786,55295,65395,61193,74502,75618,95893,98000,107357,106373,73872,80144,51975,63672,14990,25820,7998,7419,53335,50238,61193,56446,70440,70828,91593,93163,103311,102467,71836,77957,50590,61940,14469,24770,827679,778855,70635,68074,182591,175816,47195,41,53
2021-09-25T23:59:59+02:00,9938,9241,58769,55275,65378,61182,74491,75609,95887,97992,107348,106369,73872,80143,51974,63671,14990,25820,7997,7408,53309,50229,61179,56426,70427,70820,91587,93157,103301,102465,71836,77955,50590,61937,14469,24770,827600,778777,70628,68070,182589,175815,47147,41,53
2021-09-24T23:59:59+02:00,9886,9185,58659,55151,65278,61082,74401,75516,95801,97919,107289,106328,73844,80121,51966,63661,14989,25810,7943,7352,53204,50122,61103,56351,70354,70749,91516,93096,103228,102415,71810,77937,50579,61921,14464,24760,826715,777988,70610,68062,182583,175809,46992,41,53
2021-09-23T23:59:59+02:00,9795,9093,58421,54962,65103,60924,74277,75370,95656,97782,107180,106217,73797,80084,51946,63621,14977,25792,7877,7277,53026,49987,60984,56215,70239,70638,91398,92986,103135,102341,71776,77891,50561,61896,14451,24746,825299,776973,70557,68034,182579,175790,46574,41,53
2021-09-22T23:59:59+02:00,9711,9033,58234,54813,64944,60780,74159,75246,95528,97682,107079,106159,73753,80036,51920,63577,14957,25764,7802,7213,52883,49836,60864,56096,70148,70541,91305,92878,103072,102288,71735,77842,50531,61859,14437,24732,824041,775984,70538,68010,182569,175776,46239,41,53
2021-09-21T23:59:59+02:00,9641,8945,58085,54658,64799,60633,74021,75111,95390,97564,106987,106067,73719,79977,51903,63552,14949,25742,7709,7128,52736,49676,60748,55965,70047,70435,91198,92774,102977,102195,71696,77797,50505,61818,14428,24707,822758,774809,70522,67998,182565,175769,45910,41,53
2021-09-20T23:59:59+02:00,9580,8884,57947,54517,64640,60499,73902,74961,95262,97473,106899,105974,73657,79933,51877,63516,14936,25722,7653,7072,52617,49541,60624,55848,69939,70328,91098,92684,102900,102120,71643,77753,50481,61769,14421,24689,821553,773834,70508,67981,182558,175740,45572,41,53
2021-09-19T23:59:59+02:00,9528,8844,57828,54431,64531,60383,73813,74856,95190,97373,106837,105902,73640,79908,51864,63497,14934,25711,7617,7031,52508,49426,60533,55735,69846,70234,91031,92612,102821,102051,71609,77719,50460,61738,14414,24683,820771,773058,70489,67966,182546,175715,45276,41,53
2021-09-18T23:59:59+02:00,9511,8827,57802,54401,64496,60352,73785,74832,95174,97350,106825,105881,73637,79907,51861,63494,14934,25710,7608,7018,52478,49391,60502,55711,69825,70214,91011,92596,102808,102031,71605,77716,50460,61737,14413,24681,820550,772865,70479,67957,182546,175714,45216,41,53
2021-09-17T23:59:59+02:00,9424,8748,57633,54252,64366,60224,73660,74713,95070,97246,106741,105809,73602,79875,51849,63476,14927,25703,7545,6957,52312,49280,60380,55600,69733,70124,90929,92516,102735,101974,71572,77679,50445,61707,14404,24674,819403,771921,70434,67938,182545,175707,44947,41,53
2021-09-16T23:59:59+02:00,9346,8673,57422,54100,64193,60038,73481,74544,94921,97112,106586,105698,73531,79817,51826,63434,14920,25688,7481,6893,52147,49155,60235,55476,69607,70010,90818,92413,102630,101893,71527,77631,50423,61669,14397,24661,817936,770953,70417,67919,182522,175675,44466,41,53
2021-09-15T23:59:59+02:00,9253,8592,57217,53879,64011,59836,73301,74364,94774,96958,106440,105565,73471,79750,51781,63382,14910,25667,7422,6834,51988,48989,60107,55339,69481,69907,90716,92333,102524,101805,71481,77572,50389,61631,14387,24650,816178,769869,70398,67902,182518,175664,44067,41,53
2021-09-14T23:59:59+02:00,9145,8486,57027,53646,63833,59649,73155,74187,94642,96801,106315,105465,73397,79685,51751,63332,14894,25646,7347,6755,51817,48790,59953,55198,69359,69788,90607,92204,102430,101712,71430,77511,50361,61587,14379,24637,814420,768533,70386,67888,182497,175629,43762,40,53
2021-09-13T23:59:59+02:00,9083,8419,56811,53440,63677,59455,72997,74017,94493,96648,106180,105334,73344,79635,51713,63285,14874,25616,7301,6701,51651,48626,59827,55064,69277,69696,90489,92116,102335,101639,71386,77470,50333,61547,14369,24626,812734,767483,70375,67876,182482,175602,43439,40,53
2021-09-12T23:59:59+02:00,9037,8391,56690,53352,63587,59360,72920,73931,94419,96581,106118,105266,73316,79610,51699,63263,14869,25609,7254,6655,51519,48514,59725,54963,69201,69617,90413,92050,102263,101570,71350,77440,50318,61522,14364,24613,812014,766670,70358,67862,182465,175577,43190,40,52
2021-09-11T23:59:59+02:00,9031,8382,56673,53330,63569,59344,72907,73918,94412,96567,106113,105261,73315,79609,51699,63263,14869,25609,7247,6649,51499,48494,59705,54950,69185,69606,90403,92035,102261,101565,71345,77438,50318,61522,14364,24611,811936,766621,70350,67817,182462,175575,43132,40,52
2021-09-10T23:59:59+02:00,8959,8321,56513,53185,63456,59226,72799,73812,94294,96450,106037,105200,73278,79573,51684,63237,14865,25604,7215,6624,51372,48428,59642,54887,69123,69558,90338,91978,102224,101527,71324,77422,50309,61512,14360,24606,810820,766155,70318,67762,182456,175572,42908,40,52
2021-09-09T23:59:59+02:00,8888,8256,56316,52993,63290,59043,72642,73666,94145,96310,105913,105106,73219,79510,51653,63203,14861,25591,7149,6565,51186,48261,59488,54752,68989,69432,90219,91871,102110,101435,71281,77377,50281,61482,14354,24590,809465,765092,70297,67713,182437,175550,42415,39,52
2021-09-08T23:59:59+02:00,8802,8179,56136,52821,63138,58861,72497,73515,93986,96180,105819,104999,73154,79450,51624,63147,14856,25576,7074,6496,51009,48095,59363,54613,68864,69283,90093,91763,102025,101335,71226,77319,50257,61441,14350,24574,808067,763935,70271,67661,182401,175525,42007,39,52
2021-09-07T23:59:59+02:00,8715,8119,55972,52664,63020,58722,72380,73383,93882,96079,105714,104900,73103,79404,51598,63107,14849,25556,6996,6442,50840,47932,59231,54468,68739,69165,89988,91648,101925,101235,71178,77270,50235,61415,14346,24554,806818,762711,70265,67649,182398,175503,41692,39,52
2021-09-06T23:59:59+02:00,8653,8053,55825,52495,62883,58565,72272,73252,93779,95968,105634,104812,73051,79355,51566,63077,14838,25540,6930,6386,50691,47790,59092,54319,68624,69044,89906,91553,101829,101148,71129,77222,50213,61385,14339,24544,805600,761588,70239,67607,182366,175479,41418,39,52
2021-09-05T23:59:59+02:00,8623,8015,55757,52402,62821,58503,72222,73195,93733,95918,105606,104768,73030,79333,51556,63057,14831,25534,6881,6334,50600,47705,59028,54253,68560,68985,89860,91497,101788,101098,71109,77194,50200,61368,14333,24535,805081,760969,70230,67597,182344,175457,41253,39,52
2021-09-04T23:59:59+02:00,8616,8010,55737,52393,62812,58492,72214,73187,93726,95914,105603,104762,73029,79332,51556,63057,14831,25534,6877,6329,50586,47690,59012,54238,68555,68977,89852,91492,101784,101094,71108,77192,50199,61368,14333,24535,805020,760903,70227,67592,182343,175455,41219,39,52
2021-09-03T23:59:59+02:00,8550,7942,55605,52306,62740,58396,72136,73107,93648,95850,105533,104701,72999,79299,51537,63026,14824,25524,6818,6277,50470,47596,58934,54171,68496,68906,89791,91430,101720,101041,71080,77158,50178,61345,14330,24526,804103,760128,70220,67573,182336,175446,41068,39,52
2021-09-02T23:59:59+02:00,8455,7846,55416,52149,62616,58289,72042,72978,93528,95736,105428,104616,72942,79243,51505,62979,14813,25504,6723,6187,50246,47424,58789,54053,68393,68791,89658,91326,101603,100946,71023,77110,50154,61318,14322,24510,802970,758980,70176,67530,182322,175395,40619,39,52
2021-09-01T23:59:59+02:00,8379,7753,55264,52001,62485,58157,71954,72853,93435,95648,105350,104546,72904,79199,51483,62944,14806,25486,6637,6078,50071,47215,58664,53913,68313,68679,89556,91223,101498,100852,70984,77068,50129,61278,14315,24494,801859,757750,70152,67491,182308,175345,40329,39,52
2021-08-31T23:59:59+02:00,8271,7660,55103,51847,62379,58040,71876,72751,93348,95565,105265,104468,72863,79158,51461,62915,14796,25472,6522,5960,49865,47013,58545,53769,68199,68554,89459,91118,101389,100772,70938,77016,50109,61243,14303,24478,800777,756390,70144,67473,182299,175319,40018,39,52
2021-08-30T23:59:59+02:00,8195,7580,54927,51686,62267,57912,71761,72635,93224,95436,105147,104373,72813,79115,51444,62882,14775,25449,6425,5875,49667,46800,58421,53630,68100,68442,89342,91006,101275,100663,70888,76980,50082,61214,14289,24461,799593,755182,70104,67407,182267,175264,39655,39,52
2021-08-29T23:59:59+02:00,8153,7533,54836,51606,62208,57832,71694,72587,93170,95372,105099,104338,72793,79093,51429,62867,14769,25440,6371,5827,49549,46699,58333,53533,68030,68365,89286,90946,101214,100610,70863,76964,50068,61201,14283,24458,799059,754532,70102,67397,182257,175220,39399,39,52
2021-08-28T23:59:59+02:00,8135,7519,54798,51568,62177,57812,71667,72570,93152,95355,105085,104327,72788,79091,51427,62863,14769,25440,6365,5823,49511,46680,58307,53517,68009,68351,89266,90923,101207,100597,70857,76960,50066,61199,14283,24458,798852,754384,70101,67390,182255,175220,39333,39,52
2021-08-27T23:59:59+02:00,8050,7441,54616,51430,62064,57672,71570,72447,93029,95234,104974,104242,72743,79040,51404,62827,14757,25434,6330,5783,49386,46596,58227,53436,67927,68280,89186,90857,101150,100549,70822,76925,50052,61188,14281,24458,797534,753684,70096,67384,182243,175214,39099,39,52
2021-08-26T23:59:59+02:00,7986,7368,54461,51283,61947,57561,71472,72339,92924,95105,104868,104160,72701,78990,51381,62807,14752,25420,6280,5742,49223,46440,58108,53331,67830,68186,89081,90778,101081,100480,70781,76890,50028,61166,14276,24449,796491,752862,70086,67345,182234,175181,38710,39,52
2021-08-25T23:59:59+02:00,7922,7315,54317,51134,61836,57409,71363,72223,92817,95004,104767,104077,72645,78939,51353,62771,14739,25406,6211,5660,49027,46248,57983,53190,67710,68061,88965,90665,100982,100391,70724,76842,50002,61127,14270,24434,795488,751724,70060,67309,182223,175146,38261,39,52
2021-08-24T23:59:59+02:00,7810,7226,54177,50930,61710,57272,71256,72094,92700,94884,104662,103980,72592,78891,51318,62727,14731,25391,6129,5570,48808,46025,57845,53017,67601,67925,88863,90572,100890,100310,70686,76789,49977,61102,14266,24418,794083,750323,70043,67287,182213,175124,38007,39,52
2021-08-23T23:59:59+02:00,7748,7152,54001,50758,61581,57148,71142,71983,92573,94777,104563,103881,72540,78830,51284,62685,14724,25380,6069,5515,48624,45852,57727,52889,67494,67827,88759,90481,100802,100233,70646,76738,49949,61063,14262,24406,792883,749303,70013,67263,182198,175068,37650,39,52
2021-08-22T23:59:59+02:00,7720,7126,53918,50679,61529,57085,71103,71930,92530,94735,104518,103852,72520,78815,51275,62673,14723,25374,6031,5477,48505,45742,57636,52795,67419,67766,88688,90422,100758,100191,70616,76714,49934,61046,14259,24399,792458,748617,70005,67255,182178,175018,37456,39,52
2021-08-21T23:59:59+02:00,7714,7123,53893,50664,61511,57074,71087,71916,92517,94717,104508,103842,72515,78813,51275,62672,14723,25373,6027,5473,48486,45724,57616,52787,67401,67746,88670,90407,100748,100181,70614,76711,49934,61045,14259,24399,792387,748524,69963,67236,182174,175012,37404,39,52
2021-08-20T23:59:59+02:00,7683,7086,53801,50588,61437,57013,71016,71853,92452,94655,104455,103806,72490,78785,51263,62646,14714,25362,6004,5454,48394,45649,57542,52724,67333,67691,88613,90347,100688,100143,70591,76689,49928,61029,14250,24395,791842,748008,69891,67223,182171,174989,37192,39,52
2021-08-19T23:59:59+02:00,7617,7006,53669,50466,61287,56896,70898,71745,92338,94567,104359,103716,72441,78728,51234,62606,14705,25342,5977,5428,48260,45546,57423,52632,67241,67612,88523,90268,100590,100078,70558,76661,49908,61005,14246,24386,790801,747358,69855,67187,182154,174944,36801,39,52
2021-08-18T23:59:59+02:00,7542,6949,53526,50327,61160,56786,70788,71653,92229,94479,104257,103632,72382,78675,51199,62570,14695,25321,5943,5385,48143,45419,57304,52536,67151,67538,88407,90178,100514,100004,70513,76623,49888,60981,14239,24369,789800,746638,69825,67159,182143,174893,36393,39,52
2021-08-17T23:59:59+02:00,7459,6868,53363,50163,61055,56661,70672,71531,92124,94374,104149,103532,72331,78632,51171,62544,14687,25310,5893,5346,47949,45240,57174,52396,67028,67432,88276,90082,100404,99908,70457,76574,49863,60960,14232,24357,788720,745601,69803,67124,182138,174838,35956,39,52
2021-08-16T23:59:59+02:00,7386,6805,53234,50031,60959,56546,70571,71436,92031,94269,104056,103432,72288,78581,51141,62500,14679,25302,5869,5311,47809,45120,57067,52328,66932,67348,88178,89994,100320,99813,70414,76534,49839,60932,14225,24352,787847,744972,69755,67079,182123,174770,35513,39,51
2021-08-15T23:59:59+02:00,7337,6765,53156,49950,60890,56476,70505,71376,91972,94217,104001,103385,72253,78551,51133,62484,14675,25293,5848,5293,47704,45026,56975,52238,66862,67286,88099,89930,100265,99765,70377,76499,49824,60911,14220,24340,787372,744489,69742,67048,182109,174688,35187,39,50
2021-08-14T23:59:59+02:00,7315,6749,53083,49880,60840,56432,70469,71329,91935,94178,103962,103349,72232,78543,51124,62473,14673,25290,5772,5239,47467,44753,56808,52050,66708,67132,87964,89808,100150,99658,70328,76456,49813,60888,14216,24335,786887,742660,69735,67042,182109,174677,35116,39,50
2021-08-13T23:59:59+02:00,7274,6713,52972,49785,60757,56351,70417,71260,91859,94121,103912,103304,72209,78520,51112,62462,14671,25283,5544,5024,46962,44256,56567,51782,66479,66877,87691,89555,99954,99452,70241,76355,49774,60828,14210,24314,786131,739178,69731,67032,182109,174603,35002,39,50
2021-08-12T23:59:59+02:00,7243,6686,52873,49716,60699,56272,70342,71210,91789,94062,103851,103258,72175,78487,51098,62446,14669,25269,5324,4850,46466,43811,56293,51474,66220,66654,87435,89332,99614,99178,70131,76221,49720,60764,14199,24286,785697,736126,69705,67007,182093,174149,34641,39,49
2021-08-11T23:59:59+02:00,7177,6617,52706,49545,60569,56153,70258,71116,91680,93958,103750,103150,72115,78422,51066,62404,14662,25253,5048,4567,45788,43192,55920,51090,65960,66356,87140,89067,99278,98810,69991,76075,49660,60662,14187,24257,784519,732006,69684,66974,182084,173714,34305,39,49
2021-08-10T23:59:59+02:00,7100,6533,52508,49359,60422,56034,70151,70994,91555,93828,103626,103045,72062,78364,51035,62373,14654,25244,4825,4326,44833,42288,55250,50434,65465,65903,86678,88582,98785,98354,69786,75876,49560,60561,14166,24219,783158,725742,69675,66921,182076,173211,33968,39,49
2021-08-09T23:59:59+02:00,7056,6486,52397,49267,60345,55960,70094,70934,91486,93755,103554,102986,72019,78328,51029,62357,14650,25236,4585,4109,43827,41229,54534,49746,64991,65471,86231,88147,98269,97885,69598,75652,49470,60435,14138,24180,782592,719286,69605,66846,182064,172648,33668,39,49
2021-08-08T23:59:59+02:00,7010,6445,52332,49198,60306,55928,70056,70908,91429,93707,103501,102946,71999,78306,51015,62336,14644,25231,4570,4096,43771,41165,54473,49698,64925,65430,86159,88088,98202,97835,69573,75621,49449,60409,14130,24173,782305,718992,69598,66829,182050,172565,33332,39,49
2021-08-07T23:59:59+02:00,6971,6404,52221,49070,60227,55851,69998,70843,91360,93644,103451,102898,71982,78289,51006,62330,14644,25230,4257,3784,42804,40148,53919,49128,64490,65023,85785,87689,97882,97488,69430,75478,49393,60327,14113,24155,781514,712630,69594,66810,182050,172557,33249,39,47
2021-08-06T23:59:59+02:00,6928,6342,52087,48942,60153,55785,69932,70762,91280,93567,103391,102841,71958,78266,50995,62311,14642,25226,3949,3562,42120,39535,53674,48861,64266,64781,85548,87466,97653,97286,69346,75387,49351,60286,14107,24142,780641,709010,69589,66726,182049,172420,33117,39,47
2021-08-05T23:59:59+02:00,6817,6234,51831,48718,59977,55598,69790,70615,91118,93419,103249,102704,71897,78203,50967,62271,14629,25207,3756,3391,41285,38843,53155,48402,63895,64429,85089,87065,97030,96767,69159,75203,49285,60188,14088,24112,779015,704465,69537,66674,182014,171291,32665,39,47
2021-08-04T23:59:59+02:00,6728,6148,51635,48486,59831,55418,69680,70464,90983,93302,103130,102588,71836,78139,50941,62225,14618,25178,3382,3036,40441,38059,52784,47997,63576,64107,84717,86736,96617,96360,68995,75032,49208,60092,14072,24078,777609,699876,69501,66653,182000,170506,32207,39,47
2021-08-03T23:59:59+02:00,6655,6091,51465,48349,59706,55289,69588,70372,90883,93202,103033,102507,71782,78103,50921,62199,14610,25162,3253,2934,39442,37113,51986,47312,63032,63572,84198,86250,95903,95730,68751,74816,49116,59975,14051,24034,776570,693621,69492,66629,181993,169322,31849,39,47
2021-08-02T23:59:59+02:00,6607,6048,51329,48209,59615,55210,69504,70303,90830,93130,102953,102445,71742,78061,50900,62176,14603,25149,3085,2756,38170,35958,51024,46502,62318,62985,83592,85684,95102,95028,68498,74559,49028,59841,14031,23995,775873,686005,69444,66575,181965,168010,31519,39,47
2021-08-01T23:59:59+02:00,6565,5993,51159,48047,59462,55095,69411,70190,90722,93039,102865,102352,71700,78024,50878,62136,14598,25133,3061,2738,37985,35824,50865,46403,62187,62891,83414,85540,94649,94623,68381,74449,48989,59792,14020,23975,774824,685354,69415,66515,181947,166700,31170,39,47
2021-07-31T23:59:59+02:00,6522,5959,51065,47927,59407,55023,69362,70146,90682,93009,102838,102327,71689,78012,50870,62132,14598,25130,2657,2356,36376,34313,49957,45533,61651,62325,82910,85027,94169,94189,68194,74244,48910,59697,14002,23942,774213,676202,69411,66504,181947,166585,31114,39,47
2021-07-30T23:59:59+02:00,6486,5906,50915,47787,59322,54942,69293,70085,90609,92929,102782,102288,71672,77988,50861,62108,14595,25126,2381,2127,34921,32908,48986,44584,60919,61630,82223,84404,93487,93612,67959,74007,48805,59547,13983,23911,773446,666667,69386,66492,181941,166280,30908,39,47
2021-07-29T23:59:59+02:00,6371,5786,50484,47418,59103,54670,69103,69894,90421,92741,102619,102151,71597,77905,50828,62053,14580,25108,2304,2061,34188,32291,48362,44134,60513,61274,81798,84054,92714,92937,67763,73849,48741,59460,13963,23880,771123,662795,69332,66345,181898,164633,30466,39,47
2021-07-28T23:59:59+02:00,6299,5723,50229,47223,58970,54515,68975,69797,90290,92617,102511,102057,71541,77848,50801,62013,14571,25091,2280,2042,33861,31993,48038,43894,60280,61049,81617,83883,92476,92737,67689,73782,48707,59427,13950,23870,769803,661073,69296,66256,181871,164112,30088,39,46
2021-07-27T23:59:59+02:00,6246,5676,50068,47080,58827,54417,68881,69708,90188,92507,102405,101980,71496,77795,50771,61979,14563,25077,2138,1927,32392,30597,46762,42800,59446,60253,81012,83350,91451,91887,67413,73497,48619,59300,13918,23829,768893,652400,69269,66185,181847,162318,29642,39,46
2021-07-26T23:59:59+02:00,6223,5647,49949,46993,58729,54328,68802,69654,90100,92446,102339,101928,71455,77759,50749,61959,14557,25068,2004,1812,31021,29342,45439,41673,58342,59263,80300,82715,90283,90854,67103,73223,48529,59183,13894,23787,768358,643311,69202,66086,181809,160020,29304,38,46
2021-07-25T23:59:59+02:00,6203,5630,49836,46888,58640,54261,68737,69595,90035,92389,102278,101880,71422,77723,50730,61936,14554,25058,1988,1804,30810,29185,45167,41474,58079,59028,80026,82503,89316,89998,66896,73049,48460,59110,13882,23763,767946,642102,69190,65963,181783,157562,28865,37,46
2021-07-24T23:59:59+02:00,6168,5601,49716,46799,58571,54199,68689,69538,89989,92345,102237,101839,71417,77716,50727,61933,14553,25054,1730,1585,29218,27599,44022,40388,57381,58312,79409,81925,88670,89430,66716,72858,48389,59008,13868,23739,767340,632048,69180,65945,181775,157423,28785,37,46
2021-07-23T23:59:59+02:00,6083,5514,49540,46622,58476,54094,68579,69434,89884,92241,102147,101743,71381,77660,50706,61902,14549,25048,1502,1366,27521,26080,42765,39296,56446,57422,78718,81304,87962,88766,66446,72584,48310,58907,13847,23709,765960,621475,69176,65779,181756,156951,28700,37,46
2021-07-22T23:59:59+02:00,5943,5400,49245,46335,58279,53890,68408,69266,89698,92089,101991,101609,71314,77577,50664,61851,14538,25029,1418,1311,26700,25256,41856,38486,55505,56591,77972,80675,86295,87257,66070,72184,48199,58776,13816,23657,764022,612985,69131,65274,181723,155480,28239,37,46
2021-07-21T23:59:59+02:00,5667,5117,48710,45807,57975,53575,68178,68985,89420,91842,101723,101342,71187,77446,50605,61786,14529,25003,1386,1285,26445,25032,41433,38202,55059,56198,77598,80391,85487,86652,65902,72056,48144,58710,13798,23632,760412,610997,69105,64994,181701,153705,27668,37,46
2021-07-20T23:59:59+02:00,5590,5043,48427,45528,57803,53365,68003,68839,89240,91687,101558,101198,71111,77378,50566,61739,14520,24975,1295,1200,25266,23885,40141,37167,53719,54995,76690,79614,84121,85306,65595,71714,48036,58573,13770,23586,758730,600595,69098,64834,181656,152123,27075,37,46
2021-07-19T23:59:59+02:00,5510,4957,48101,45203,57580,53157,67836,68636,89052,91507,101410,101037,71039,77296,50523,61688,14511,24946,1215,1138,24438,23045,38828,36044,51986,53496,75419,78555,83006,84324,65301,71458,47936,58455,13745,23546,756926,590537,69089,64686,181628,150331,26335,37,46
2021-07-18T23:59:59+02:00,5502,4956,48026,45144,57483,53076,67764,68562,88958,91440,101337,100972,71002,77255,50498,61656,14509,24934,1200,1132,24295,22944,38555,35819,51651,53205,75167,78358,82101,83554,65108,71279,47880,58383,13740,23524,756643,589462,69065,64523,181588,148097,25767,37,46
2021-07-17T23:59:59+02:00,5475,4919,47927,45067,57409,53016,67701,68505,88898,91378,101292,100953,70993,77240,50493,61649,14509,24933,1006,944,22911,21486,37171,34519,50408,52011,74560,77801,81466,82957,64978,71131,47813,58321,13731,23504,756077,578589,69060,64496,181579,147957,25630,37,46
2021-07-16T23:59:59+02:00,5373,4840,47685,44835,57282,52909,67583,68392,88760,91281,101184,100849,70947,77189,50470,61630,14503,24927,809,782,21657,20248,35877,33275,48952,50690,73550,76866,80765,82296,64758,70908,47731,58220,13712,23472,754616,566954,69058,64432,181572,147754,25382,37,46
2021-07-15T23:59:59+02:00,5231,4711,47286,44513,57072,52716,67389,68207,88546,91081,100996,100680,70850,77087,50421,61556,14494,24898,750,739,21051,19746,34945,32574,47713,49741,72365,75947,78612,80163,64159,70310,47588,58040,13693,23409,752556,557589,69040,63403,181526,145911,24596,37,46
2021-07-14T23:59:59+02:00,4858,4387,46695,43937,56838,52449,67185,68003,88331,90837,100779,100483,70742,76977,50353,61473,14482,24874,734,723,20844,19601,34680,32413,47340,49438,71831,75556,77945,79627,63835,70034,47505,57957,13670,23375,749106,555778,69022,63214,181474,144007,24065,37,44
2021-07-13T23:59:59+02:00,4767,4307,46496,43784,56673,52290,67022,67857,88173,90710,100633,100356,70669,76915,50316,61426,14478,24858,705,684,20283,19066,33653,31592,45716,47982,70068,73892,76337,78065,63459,69642,47376,57785,13641,23323,747745,544837,69005,62439,181400,142385,23564,37,44
2021-07-12T23:59:59+02:00,4702,4229,46309,43592,56522,52148,66867,67730,88001,90571,100476,100216,70593,76827,50278,61370,14471,24840,681,663,19808,18634,32868,30970,44051,46525,67687,71819,74443,76561,62927,69054,47231,57623,13613,23272,746474,533732,68981,61870,181299,139812,22972,37,44
2021-07-11T23:59:59+02:00,4697,4226,46238,43539,56458,52098,66815,67691,87938,90518,100404,100156,70555,76784,50268,61355,14468,24826,673,658,19598,18489,32517,30724,43601,46147,67225,71459,73663,75862,62525,68674,47160,57533,13597,23239,746322,531929,68970,61545,181233,137334,22492,37,44
2021-07-10T23:59:59+02:00,4571,4090,45952,43231,56273,51900,66666,67515,87804,90378,100302,100050,70500,76727,50247,61329,14465,24817,641,626,19034,17940,31570,29864,41848,44567,65741,70176,73027,75242,62358,68523,47107,57481,13590,23225,744222,521308,68964,61529,181221,137286,22393,37,44
2021-07-09T23:59:59+02:00,4442,3972,45680,42978,56106,51704,66504,67349,87652,90213,100168,99945,70447,76654,50210,61288,14460,24805,594,577,18444,17368,30600,28900,39893,42637,63446,68050,71866,74101,62084,68198,47031,57356,13572,23200,742166,507616,68950,61148,181215,136880,22229,37,44
2021-07-08T23:59:59+02:00,4413,3946,45537,42863,55981,51584,66373,67248,87527,90091,100048,99848,70392,76602,50189,61250,14449,24791,547,533,17505,16565,29199,27864,38173,41181,61315,66226,68504,70946,61184,67225,46785,57012,13527,23104,741433,492345,68890,59068,181145,134297,21641,37,44
2021-07-07T23:59:59+02:00,4401,3940,45471,42819,55896,51528,66289,67203,87472,90051,100005,99797,70376,76579,50180,61232,14445,24781,469,480,16546,15712,27806,26850,36646,39947,59693,64767,65273,67467,60167,66181,46547,56691,13477,23031,741122,477036,68842,57154,181093,132145,21371,37,44
2021-07-06T23:59:59+02:00,4349,3892,45326,42688,55766,51388,66185,67094,87364,89959,99924,99712,70338,76520,50162,61205,14442,24767,402,416,15775,14974,26728,25940,34795,38232,56293,61743,62618,65005,59411,65391,46273,56357,13437,22928,739988,459130,68821,56333,181035,130010,21201,36,44
2021-07-05T23:59:59+02:00,4286,3847,45145,42512,55612,51285,66062,66983,87244,89865,99839,99614,70275,76456,50140,61178,14439,24752,368,364,15114,14353,25777,25125,33560,37097,53190,58767,59841,62539,58571,64579,46019,56045,13392,22850,738795,443043,68778,55976,180955,127518,20970,36,44
2021-07-04T23:59:59+02:00,4277,3841,45097,42479,55544,51251,66017,66955,87205,89833,99807,99587,70251,76435,50134,61163,14433,24741,349,344,14910,14148,25335,24766,32960,36569,52525,58238,58853,61676,57905,63947,45835,55841,13373,22801,738594,438954,68745,55774,180886,124814,20789,36,44
2021-07-03T23:59:59+02:00,4058,3662,44565,41917,55227,50875,65719,66675,86958,89572,99606,99391,70178,76363,50111,61117,14429,24729,331,328,14624,13825,24980,24411,31980,35648,50779,56689,57984,60940,57731,63749,45767,55756,13361,22776,734786,430370,68727,55756,180880,124766,20723,36,44
2021-07-02T23:59:59+02:00,3748,3376,43912,41322,54901,50536,65432,66370,86684,89320,99370,99165,70075,76250,50059,61047,14423,24712,304,291,14207,13379,24282,23799,30820,34582,48145,54519,55848,59150,57336,63318,45607,55597,13345,22738,730444,417849,68708,54705,180867,124035,20648,35,30
2021-07-01T23:59:59+02:00,3610,3266,43557,40973,54699,50360,65272,66206,86529,89178,99216,99044,70005,76182,50028,61013,14415,24697,261,250,13516,12696,22977,22717,29142,33067,46126,52774,53353,56869,55911,61743,45113,54981,13272,22610,728301,404306,68643,52391,180817,120198,20454,35,29
2021-06-30T23:59:59+02:00,3599,3249,43293,40777,54515,50224,65153,66108,86437,89111,99145,98992,69978,76158,50016,60991,14411,24686,199,211,12774,12094,21810,21817,27553,31697,44270,51059,49714,52905,54581,60408,44758,54542,13216,22482,727151,388547,68591,50484,180797,116760,20270,34,29
2021-06-29T23:59:59+02:00,3383,3029,42373,39946,53904,49619,64714,65676,86023,88658,98796,98666,69853,76009,49959,60920,14391,24656,170,159,12172,11494,21008,21046,26185,30488,41646,48645,47842,51358,53612,59297,44350,54004,13122,22329,721162,376504,68537,48960,180781,113374,20061,34,28
2021-06-28T23:59:59+02:00,3165,2849,41418,38953,53236,48966,64248,65285,85640,88266,98462,98322,69713,75849,49894,60820,14373,24632,127,127,11669,11044,20347,20458,25216,29590,39550,46702,46216,49991,52507,58251,43988,53498,13042,22207,714998,367015,68425,47922,180770,109701,19864,34,28
2021-06-27T23:59:59+02:00,3160,2846,41381,38918,53190,48927,64209,65249,85588,88231,98410,98294,69694,75836,49885,60806,14368,24629,109,110,11475,10850,20024,20143,24638,29027,38526,45849,45049,48897,51475,57238,43554,52990,12960,22064,714781,362413,68395,47479,180734,105381,19677,34,28
2021-06-26T23:59:59+02:00,2678,2372,39988,37556,52469,48184,63657,64684,85101,87710,97985,97861,69503,75661,49812,60702,14349,24606,99,99,11360,10748,19854,19987,24437,28810,38047,45411,44681,48545,51361,57093,43508,52942,12955,22049,706078,359455,68366,47474,180734,105363,19666,34,28
2021-06-25T23:59:59+02:00,2273,2037,39140,36747,52117,47826,63333,64359,84821,87399,97735,97595,69399,75544,49765,60640,14335,24584,75,81,11059,10437,19471,19560,23907,28186,35363,43106,42496,46631,51022,56714,43409,52811,12931,22018,701025,347877,68229,47028,180727,104710,19634,34,28
2021-06-24T23:59:59+02:00,2219,1984,38652,36288,51767,47498,63114,64149,84587,87205,97547,97438,69317,75478,49730,60594,14329,24569,62,58,10462,9853,18411,18673,22484,26931,33263,41266,40064,44336,49539,55062,42840,52110,12814,21815,698078,334982,68200,44429,180706,101157,19447,34,28
2021-06-23T23:59:59+02:00,2206,1960,38422,36062,51604,47328,62997,64038,84487,87110,97470,97354,69286,75447,49710,60573,14325,24558,35,32,10008,9421,17784,18113,21552,26073,31330,39630,36098,39869,48243,53698,42454,51603,12733,21649,696843,319446,68168,43803,180690,97844,19204,32,28
2021-06-22T23:59:59+02:00,2127,1899,37437,35133,50851,46655,62515,63591,84113,86700,97105,97042,69137,75304,49643,60492,14312,24525,13,17,9540,8991,16912,17424,20326,24994,28203,36867,33797,37990,47286,52725,42046,51044,12593,21414,690703,307273,68122,41063,180678,94773,19046,32,27
2021-06-21T23:59:59+02:00,1980,1760,36087,33918,49829,45788,61794,62928,83614,86228,96665,96635,68968,75133,49577,60397,14301,24490,9,10,9222,8695,16451,17060,19701,24513,26457,35302,32258,36697,46233,51645,41593,50494,12487,21222,682752,299909,68088,40422,180663,91133,18558,31,27
2021-06-20T23:59:59+02:00,1969,1751,35999,33865,49684,45665,61654,62790,83534,86167,96592,96575,68934,75105,49562,60379,14301,24479,8,9,9074,8592,16232,16890,19385,24255,25641,34649,31316,35745,46038,51442,41562,50442,12478,21202,682101,296121,68046,39829,180645,90801,18182,31,27
2021-06-19T23:59:59+02:00,1601,1451,34385,32319,48783,44844,61166,62285,83063,85691,96186,96223,68786,74939,49497,60298,14286,24455,7,8,9034,8518,16129,16767,19266,24102,25536,34490,31187,35602,45942,51346,41544,50417,12474,21192,673400,294782,68027,39826,180638,90764,18162,31,27
2021-06-18T23:59:59+02:00,1405,1278,32742,30736,47580,43658,60226,61365,82258,84942,95574,95645,68567,74717,49408,60160,14270,24425,7,8,8959,8433,15970,16611,19076,23908,25283,34249,30902,35283,45647,50999,41460,50340,12461,21178,662285,292584,67893,39709,180637,90344,18110,31,27
2021-06-17T23:59:59+02:00,1330,1220,31821,29899,46716,42950,59420,60515,81515,84294,95164,95262,68425,74573,49366,60083,14256,24396,7,8,8418,8067,15279,16055,18246,23081,24179,33123,29423,33922,44321,49494,40975,49729,12341,20989,655364,283640,67776,38881,180606,87681,17428,31,27
2021-06-16T23:59:59+02:00,1247,1156,31132,29201,45913,42201,58496,59636,80736,83523,94741,94882,68290,74413,49309,59991,14236,24370,7,8,7931,7743,14666,15539,17468,22353,23037,32166,28243,32811,42422,47375,40428,49150,12234,20804,648298,273888,67649,38282,180588,85281,16907,31,27
2021-06-15T23:59:59+02:00,1105,1037,29240,27423,44164,40681,56905,58002,79347,82205,93982,94211,68003,74120,49196,59834,14203,24305,7,6,7757,7616,14357,15299,17104,22051,22516,31779,27709,32382,41485,46357,40042,48725,12110,20583,633360,270809,67600,37775,180550,82852,16422,31,27
2021-06-14T23:59:59+02:00,1012,923,27693,25956,42561,39164,55249,56352,78247,81093,93289,93583,67753,73878,49102,59712,14183,24260,6,5,7574,7443,13980,14962,16574,21605,21823,31195,27031,31788,41101,45934,39658,48272,11979,20377,620126,268122,67544,37359,180522,80013,15787,31,26
2021-06-13T23:59:59+02:00,988,898,27491,25777,42177,38827,54702,55830,77901,80784,93096,93393,67663,73798,49065,59654,14168,24235,6,5,7433,7275,13708,14667,16185,21206,21394,30703,26492,31285,40703,45530,39193,47706,11801,20091,617415,266027,67403,37288,180494,76938,15104,31,26
2021-06-12T23:59:59+02:00,859,784,25981,24191,41022,37749,54028,55095,77371,80289,92546,92868,67508,73621,48996,59577,14155,24214,6,5,7387,7225,13583,14557,16053,21093,21210,30556,26373,31183,40686,45513,39183,47695,11801,20090,607896,265241,67397,37286,180488,76604,15042,31,26
2021-06-11T23:59:59+02:00,746,675,24367,22672,39675,36559,52800,53885,76402,79437,91973,92292,67274,73386,48934,59469,14136,24179,6,5,7332,7137,13411,14369,15835,20897,20937,30296,26100,30926,40380,45137,39098,47580,11783,20061,596151,263342,67317,37141,180479,75898,14883,31,26
2021-06-10T23:59:59+02:00,645,585,23370,21666,38456,35380,51194,52380,75083,78241,90367,90747,66919,72990,48808,59295,14111,24124,6,5,7050,6913,12884,13933,15196,20324,20173,29542,25308,30249,39675,44275,38747,47162,11669,19877,583258,259870,66833,37108,180427,72172,13812,31,26
2021-06-09T23:59:59+02:00,575,536,22919,21281,37795,34857,50087,51335,73838,77048,89776,90242,66792,72845,48758,59210,14096,24094,6,5,6779,6605,12292,13332,14410,19511,19254,28518,24323,29086,37108,41354,38183,46518,11521,19638,576097,249549,66372,37035,180389,68638,13195,31,26
2021-06-08T23:59:59+02:00,469,425,21399,19830,36192,33494,47976,49375,71700,75110,88301,88761,66477,72460,48622,59049,14063,24050,6,5,6648,6435,11906,12958,13926,19023,18651,27917,23766,28548,36822,41099,37891,46150,11412,19481,558740,247889,66094,36957,180357,65241,12531,31,26
2021-06-07T23:59:59+02:00,354,331,20395,18859,34648,32161,45699,47353,69563,73229,87323,87912,66253,72194,48548,58914,14043,24013,6,5,6494,6273,11481,12604,13382,18540,17922,27329,23132,27951,36502,40795,37472,45669,11299,19282,543555,245897,65922,36887,180304,61348,11980,31,26
2021-06-06T23:59:59+02:00,331,310,20216,18712,34254,31878,45091,46780,68943,72744,87111,87747,66197,72133,48536,58888,14037,24001,6,5,6362,6100,11155,12190,12951,17967,17283,26519,22435,27141,36033,40321,36990,45118,11144,19014,540435,243446,65595,36837,180261,56839,11587,31,25
2021-06-05T23:59:59+02:00,259,245,18974,17451,32932,30667,43868,45608,68369,72226,86578,87237,66106,72031,48488,58840,14030,23989,6,5,6311,6020,11052,12025,12823,17788,17111,26309,22264,26952,35968,40244,36968,45094,11142,19009,530465,242838,65595,36424,180241,56238,11566,31,25
2021-06-04T23:59:59+02:00,178,175,17783,16301,31625,29377,42316,44110,67027,70910,85771,86484,65919,71818,48412,58748,14014,23960,6,5,6208,5880,10875,11813,12609,17532,16756,25924,21744,26513,35079,39388,36652,44794,11125,18987,517641,240993,65528,36097,180234,53282,11494,31,24
2021-06-03T23:59:59+02:00,123,122,17143,15728,30640,28548,40857,42815,65253,69378,83520,84199,65494,71365,48284,58586,13996,23922,6,5,6038,5669,10565,11456,12291,17064,16305,25263,21193,25934,34415,38597,36476,44591,11092,18937,503852,238654,64830,35709,180195,50446,11065,31,23
2021-06-02T23:59:59+02:00,94,79,16801,15419,30327,28282,40190,42194,63663,67985,82581,83397,65353,71202,48224,58504,13993,23907,6,4,5920,5578,10388,11297,12062,16847,16009,24956,20847,25540,31167,34969,36248,44369,11063,18884,496343,229948,64827,35377,180194,50006,10800,31,23
2021-06-01T23:59:59+02:00,38,44,16011,14751,28830,27177,37823,40130,60095,64800,80151,81075,65002,70838,48096,58315,13959,23853,6,4,5647,5301,9862,10866,11523,16251,15340,24160,20109,24779,30824,34671,36053,44191,11034,18822,477984,228476,63270,34871,180128,46498,9576,30,22
2021-05-31T23:59:59+02:00,30,36,15447,14277,27890,26476,35862,38465,56652,61773,78118,79372,64670,70482,47952,58140,13927,23801,6,3,5484,5098,9454,10501,11092,15769,14802,23475,19485,24074,30538,34416,35868,43998,10999,18765,462216,227792,62547,34485,180062,43013,8515,30,22
2021-05-30T23:59:59+02:00,28,33,15303,14149,27602,26242,35410,38055,55939,61156,77797,79098,64608,70425,47927,58105,13923,23790,6,3,5382,4900,9126,10141,10679,15280,14350,22671,18959,23302,29858,33701,35641,43805,10977,18703,459231,227323,62109,34405,180015,37529,8205,30,22
2021-05-29T23:59:59+02:00,26,32,14906,13758,26752,25430,33649,36466,54456,59858,77208,78532,64458,70275,47874,58052,13916,23776,6,3,5349,4824,9060,10025,10585,15161,14240,22521,18828,23163,29829,33678,35635,43797,10976,18700,449107,226833,62076,34405,180011,36920,8200,30,22
2021-05-28T23:59:59+02:00,23,31,14499,13358,25940,24686,31801,34707,52285,57852,76157,77536,64253,70023,47822,57975,13906,23753,6,3,5263,4708,8881,9881,10429,14987,14078,22284,18615,22861,29759,33631,35618,43780,10975,18695,437158,226156,61608,34399,179921,35987,7890,30,22
2021-05-27T23:59:59+02:00,19,26,13869,12889,24871,23968,30551,33778,50674,56475,73053,74550,63811,69486,47688,57813,13883,23697,6,3,5150,4474,8547,9542,10025,14552,13632,21648,18108,22262,29536,33427,35507,43668,10954,18666,424997,225499,59644,34327,179289,32718,7141,30,22
2021-05-26T23:59:59+02:00,18,24,13382,12466,23958,23319,29628,33074,49586,55549,70094,71356,63196,68875,47553,57642,13852,23651,6,3,5062,4311,8291,9226,9721,14164,13274,21046,17674,21661,29340,33259,35409,43563,10927,18614,414168,224883,57464,34209,178790,29666,6771,30,22
2021-05-25T23:59:59+02:00,18,19,13038,12168,23377,22912,28569,32210,46984,53310,67832,69230,62844,68508,47440,57493,13834,23596,6,3,4983,4189,8079,8963,9467,13786,12962,20524,17289,21110,29181,33102,35325,43457,10900,18558,402299,224323,56394,34127,178167,26920,6492,30,22
2021-05-24T23:59:59+02:00,17,18,12741,11887,22878,22534,27948,31757,44363,50878,65371,67039,62535,68209,47329,57367,13798,23539,6,3,4912,4081,7829,8731,9148,13401,12632,20011,16904,20552,29037,32961,35251,43385,10876,18511,390639,223742,55911,34061,177498,24276,6130,30,22
2021-05-23T23:59:59+02:00,17,18,12679,11819,22782,22449,27868,31677,44106,50650,64783,66490,62455,68121,47304,57349,13796,23537,6,3,4890,4066,7794,8700,9089,13366,12552,19950,16826,20496,29028,32948,35247,43378,10876,18509,388432,223456,55830,34054,177484,24068,6124,30,22
2021-05-22T23:59:59+02:00,17,18,12455,11581,22461,22140,26865,30789,42270,49074,63927,65749,62292,67930,47238,57258,13786,23514,6,3,4874,4011,7767,8635,9047,13300,12521,19864,16796,20428,29017,32938,35243,43372,10875,18508,379941,223364,55819,34054,177479,23670,6095,30,22
2021-05-21T23:59:59+02:00,17,17,12153,11329,21890,21696,26047,30097,39878,47180,61952,64080,62029,67657,47154,57170,13771,23488,6,3,4855,3984,7712,8549,8981,13212,12445,19771,16721,20342,29001,32912,35236,43361,10873,18507,369502,223167,54763,34039,177287,23220,6023,30,22
2021-05-20T23:59:59+02:00,16,17,11543,10757,20762,20794,24896,29067,38369,45902,59604,62006,61208,66756,46954,56910,13737,23432,6,3,4580,3806,7309,8259,8539,12815,11991,19258,16298,19819,28880,32814,35185,43308,10869,18497,358991,222758,52408,33928,176003,20230,5298,30,22
2021-05-19T23:59:59+02:00,16,17,11100,10443,19976,20240,24048,28468,37465,45217,56371,58367,60517,66053,46846,56776,13714,23385,6,3,4427,3648,7055,8016,8263,12486,11659,18826,15927,19398,28781,32702,35142,43232,10858,18482,348515,222271,50785,33811,174876,17994,4813,30,22
2021-05-18T23:59:59+02:00,16,17,10770,10158,19395,19789,23392,27907,36054,43985,54957,57237,60145,65626,46716,56615,13689,23360,6,3,4322,3521,6806,7779,8001,12201,11424,18423,15579,18967,28697,32610,35112,43191,10854,18475,343113,221978,48933,33729,173397,15887,4355,30,22
2021-05-17T23:59:59+02:00,15,16,10550,9977,18957,19499,22956,27596,34852,42992,53643,56199,59895,65379,46652,56516,13674,23326,6,3,4252,3434,6598,7560,7749,11906,11166,18026,15267,18560,28606,32521,35087,43150,10848,18461,339025,221676,47938,33661,171879,14019,3822,30,22
2021-05-16T23:59:59+02:00,15,15,10360,9848,18662,19295,22623,27355,34213,42531,52404,55028,59702,65214,46615,56462,13663,23306,6,3,4184,3360,6381,7394,7460,11651,10896,17673,14971,18196,28540,32459,35071,43132,10841,18457,336585,221422,47059,33599,170261,12255,3377,29,22
2021-05-15T23:59:59+02:00,15,15,10264,9748,18510,19147,22451,27210,33830,42163,52008,54650,59587,65068,46567,56417,13660,23290,6,3,4143,3324,6297,7328,7367,11548,10794,17554,14866,18066,28446,32341,34979,43039,10837,18452,334183,220332,47058,33597,170127,12236,3203,29,22
2021-05-14T23:59:59+02:00,14,15,9981,9545,18082,18907,22050,26922,31482,40383,49858,52795,59365,64839,46519,56332,13643,23269,6,3,4015,3241,6011,7163,7062,11324,10448,17203,14518,17739,27872,31635,34856,42847,10818,18424,325029,217036,47005,33591,169516,12113,2423,28,22
2021-05-13T23:59:59+02:00,14,15,9519,9176,17288,18342,21183,26239,30365,39392,47614,50623,58515,63865,46309,56049,13604,23196,6,3,3515,3047,5672,6910,6750,11014,10037,16813,14141,17304,26973,30436,34430,42328,10787,18363,316531,212435,45144,33034,167491,10923,2115,27,22
2021-05-12T23:59:59+02:00,14,15,9228,8981,16855,18083,20709,25949,29834,39006,44612,46976,57942,63223,46225,55935,13586,23171,6,3,3375,2959,5440,6799,6468,10867,9755,16604,13903,17039,26326,29613,34264,42135,10761,18329,307335,209403,44326,33008,167198,10755,1458,27,22
2021-05-11T23:59:59+02:00,14,13,8795,8705,16083,17565,19843,25328,28096,37562,42677,45470,57567,62776,46141,55800,13565,23143,6,3,3255,2828,5207,6458,6170,10451,9387,16047,13466,16479,24902,27944,33753,41508,10710,18241,301845,203423,41268,32825,164713,9255,1290,27,22
2021-05-10T23:59:59+02:00,14,12,8533,8552,15570,17309,19211,25007,27106,36872,41216,44324,57300,62502,46062,55696,13545,23112,6,2,3145,2702,4976,6224,5915,10127,9064,15569,13103,16056,23852,26613,33264,40924,10674,18183,298538,198765,40361,32797,162039,7838,979,26,20
2021-05-09T23:59:59+02:00,14,12,8377,8469,15264,17128,18829,24751,26438,36443,39438,42658,57004,62223,46006,55638,13537,23092,6,2,3024,2647,4794,6083,5746,9952,8866,15362,12935,15883,23576,26280,33119,40751,10664,18168,295564,197567,39984,32754,159041,6811,706,26,20
2021-05-08T23:59:59+02:00,14,12,8302,8396,15081,16982,18621,24552,26210,36205,39204,42466,56877,62073,45968,55601,13534,23081,6,2,3016,2628,4763,6047,5702,9906,8789,15297,12848,15813,23206,25853,32833,40437,10656,18152,293999,196377,39530,32043,158918,6808,706,26,20
2021-05-07T23:59:59+02:00,13,11,8131,8300,14755,16798,18232,24315,25787,35915,38746,42087,56602,61718,45919,55554,13527,23071,6,2,2718,2494,4415,5862,5430,9645,8473,14986,12452,15417,22107,24478,32183,39602,10628,18102,291454,192912,39099,30543,158591,5216,311,26,18
2021-05-06T23:59:59+02:00,12,11,7484,7944,13855,16195,17173,23459,24445,34801,36600,40421,55475,60396,45676,55247,13492,23004,6,2,2593,2381,4241,5665,5223,9341,8129,14545,12020,14963,20799,22802,31328,38594,10574,17988,280804,187294,37815,29584,156771,4024,274,26,18
2021-05-05T23:59:59+02:00,10,11,6946,7636,13073,15652,16137,22690,23055,33774,34769,38932,53632,58355,45355,54901,13459,22938,6,2,2506,2322,4066,5509,5032,9129,7781,14207,11650,14603,19409,21019,30133,37178,10534,17885,269337,181157,36891,28411,154976,3290,95,26,18
2021-05-04T23:59:59+02:00,10,10,6757,7546,12706,15475,15649,22419,22406,33428,33808,38233,52778,57392,45232,54774,13441,22897,6,2,2451,2252,3912,5340,4856,8875,7438,13799,11224,14144,17756,19089,29034,35846,10438,17765,265559,174337,36022,27470,153313,2361,42,25,17
2021-05-03T23:59:59+02:00,10,10,6612,7397,12328,15254,15141,22108,21694,33022,32655,37342,52480,57074,45136,54666,13426,22865,6,2,2392,2182,3818,5160,4716,8640,7220,13450,10903,13736,16552,17589,28154,34743,10374,17657,262264,168757,35560,27121,151340,1368,31,25,17
2021-05-02T23:59:59+02:00,10,10,6531,7307,12114,15082,14843,21876,21216,32701,31504,36393,52196,56783,45074,54575,13408,22834,6,2,2377,2175,3796,5127,4685,8604,7154,13379,10818,13644,16240,17193,27856,34438,10362,17643,259828,167186,35487,27007,149087,1261,30,25,15
2021-05-01T23:59:59+02:00,10,10,6513,7284,12051,15032,14762,21813,21113,32629,31377,36299,52190,56768,45070,54574,13406,22832,6,2,2374,2167,3772,5110,4644,8579,7117,13342,10757,13589,16042,16970,27741,34301,10359,17633,259256,166220,35486,26981,148936,1259,30,25,15
2021-04-30T23:59:59+02:00,10,10,6475,7246,11958,14936,14656,21693,20917,32442,31137,36108,51919,56408,45025,54521,13400,22820,6,2,2346,2147,3710,5047,4548,8470,6967,13160,10479,13326,15227,15944,26870,33228,10318,17545,257469,163015,35442,25090,148716,1191,29,25,15
2021-04-29T23:59:59+02:00,10,10,6270,7118,11636,14747,14300,21453,20397,32152,30384,35619,51270,55581,44933,54402,13374,22740,6,2,2308,2101,3617,4958,4424,8334,6773,12941,10202,13039,14252,14710,25564,31682,10255,17450,254277,157307,35347,24340,146719,928,28,25,15
2021-04-28T23:59:59+02:00,10,10,6007,6953,11256,14409,13806,20985,19755,31545,29217,34487,48602,52573,44639,54077,13311,22662,6,2,2270,2060,3550,4897,4308,8218,6613,12757,9952,12820,13111,13228,24072,29801,10193,17347,244318,151331,35220,23137,144726,709,15,25,13
2021-04-27T23:59:59+02:00,10,10,5903,6862,11100,14286,13606,20821,19474,31334,28654,34098,48396,52353,44583,54023,13302,22640,6,2,2228,2025,3460,4803,4215,8109,6447,12570,9669,12544,11895,11663,22416,27642,10114,17201,242933,144499,35172,21952,143310,531,15,25,12
2021-04-26T23:59:59+02:00,10,10,5854,6821,10982,14219,13444,20699,19246,31122,27820,33531,48059,51983,44529,53957,13293,22611,6,2,2206,1998,3405,4758,4153,8042,6344,12437,9480,12369,10977,10504,21133,25885,10053,17111,242200,139212,35145,21205,140806,421,15,24,10
2021-04-25T23:59:59+02:00,10,10,5809,6774,10877,14124,13282,20543,18998,30838,27058,32790,47561,51472,44445,53858,13279,22591,6,2,2181,1988,3375,4739,4134,8023,6311,12396,9423,12308,10815,10310,20890,25561,10043,17097,240485,138359,35100,20855,138695,363,15,24,10
2021-04-24T23:59:59+02:00,10,10,5787,6726,10798,14032,13183,20398,18863,30658,26896,32609,47458,51349,44351,53762,13275,22586,6,2,2174,1978,3350,4711,4095,7976,6239,12324,9291,12190,10658,10129,20755,25429,10027,17079,238994,137831,35082,20213,138636,344,15,24,10
2021-04-23T23:59:59+02:00,10,10,5725,6637,10664,13833,12980,20144,18552,30278,26498,32247,46511,50212,44197,53517,13252,22554,6,2,2156,1956,3307,4674,4046,7922,6145,12233,9127,12062,10392,9828,20431,25008,9979,16996,234592,136707,35023,19205,138167,333,15,24,10
2021-04-22T23:59:59+02:00,10,10,5624,6523,10454,13635,12627,19806,18036,29804,25867,31655,44783,48058,43625,52788,13206,22454,5,2,2142,1945,3268,4621,3969,7848,6016,12133,8867,11897,9958,9422,19974,24416,9929,16918,228334,134578,34910,18426,135682,301,15,24,10
2021-04-21T23:59:59+02:00,10,9,5525,6388,10224,13433,12295,19493,17533,29310,25149,30922,40503,43186,43145,52254,13139,22349,5,2,2129,1936,3232,4584,3914,7789,5935,12040,8691,11737,9626,9037,19475,23823,9863,16821,216203,132928,34844,17412,133781,278,15,24,6
2021-04-20T23:59:59+02:00,10,9,5447,6297,10029,13215,12019,19226,17110,28902,24593,30354,38747,41169,42489,51475,13067,22208,5,2,2104,1923,3190,4560,3847,7745,5804,11941,8520,11609,9342,8716,19001,23152,9766,16680,209950,131555,34754,16107,131623,224,15,24,6
2021-04-19T23:59:59+02:00,10,8,5367,6221,9868,13085,11813,19016,16747,28520,24047,29882,37187,39376,41897,50754,13014,22121,5,2,2088,1906,3155,4525,3806,7699,5764,11871,8435,11517,9104,8431,18593,22585,9719,16587,204912,129856,34696,15712,129288,203,15,22,6
2021-04-18T23:59:59+02:00,10,7,5304,6170,9737,13000,11613,18876,16465,28322,23638,29568,35870,38010,41543,50349,12980,22057,5,2,2075,1891,3128,4503,3780,7683,5720,11824,8385,11468,9006,8342,18439,22397,9706,16562,203360,129375,34654,15322,125469,198,15,21,6
2021-04-17T23:59:59+02:00,10,7,5298,6154,9703,12969,11566,18836,16388,28255,23574,29509,35558,37668,41435,50251,12974,22046,5,2,2065,1883,3101,4490,3722,7638,5650,11773,8299,11416,8895,8232,18333,22280,9685,16549,202129,128569,34645,15232,125391,196,15,21,6
2021-04-16T23:59:59+02:00,10,7,5233,6115,9616,12909,11430,18724,16176,28095,23220,29160,34474,36409,41022,49726,12954,22012,5,2,1933,1796,2873,4310,3364,7320,4879,11240,6807,10323,6364,6155,16515,20580,9490,16250,197961,119188,34555,10804,124741,193,15,20,6
2021-04-15T23:59:59+02:00,10,7,5167,6025,9412,12736,11136,18477,15680,27701,22531,28556,32574,34094,39974,48518,12873,21844,5,2,1890,1764,2806,4245,3245,7198,4662,11058,6429,10013,5905,5756,15922,19893,9298,15915,192134,116048,34502,9753,120644,184,15,20,6
2021-04-14T23:59:59+02:00,10,7,5105,5979,9246,12610,10921,18300,15276,27384,21879,28077,30645,31840,38754,47096,12798,21657,5,2,1807,1710,2723,4176,3133,7104,4460,10893,6120,9763,5429,5342,15340,19205,9094,15559,185748,113417,34363,8298,117438,129,15,20,6
2021-04-13T23:59:59+02:00,10,7,5058,5925,9109,12482,10744,18133,14932,27108,21357,27614,28540,29388,37489,45496,12654,21450,5,2,1763,1693,2686,4133,3079,7043,4326,10753,5850,9552,5088,5039,14889,18755,8958,15355,178849,111998,34297,6917,114316,33,15,19,6
2021-04-12T23:59:59+02:00,10,7,4994,5876,9001,12344,10537,17985,14610,26827,20817,27158,26499,27116,36329,44030,12525,21249,5,2,1728,1649,2656,4112,3051,6990,4267,10685,5747,9451,4921,4893,14588,18388,8847,15155,173125,111149,34218,5933,110537,32,15,19,6
2021-04-11T23:59:59+02:00,10,7,4958,5833,8906,12265,10379,17883,14345,26650,20391,26834,25296,25825,35624,43244,12436,21099,5,2,1719,1643,2634,4091,3026,6962,4232,10638,5660,9383,4828,4838,14472,18264,8808,15102,171335,110938,34147,5323,106470,26,14,19,6
2021-04-10T23:59:59+02:00,10,7,4947,5820,8864,12237,10323,17848,14277,26601,20295,26754,24980,25450,35277,42824,12429,21078,5,2,1714,1637,2625,4083,3012,6945,4202,10607,5601,9344,4750,4761,14343,18098,8761,15017,170120,110139,33422,5322,106446,26,14,19,6
2021-04-09T23:59:59+02:00,10,7,4900,5788,8780,12157,10198,17724,14108,26426,20034,26511,24138,24295,34321,41612,12396,21004,4,2,1686,1608,2568,4049,2940,6886,4052,10497,5345,9120,4335,4386,13773,17381,8531,14648,166744,106455,31907,5314,105730,26,10,18,6
2021-04-08T23:59:59+02:00,10,7,4825,5723,8633,12049,9985,17552,13711,26112,19430,26042,22427,22304,32626,39638,12246,20767,4,2,1656,1592,2514,4004,2856,6801,3905,10360,5052,8855,3875,3959,12778,16134,8047,13885,160976,101457,31001,4784,102082,22,10,18,6
2021-04-07T23:59:59+02:00,10,6,4778,5670,8449,11972,9758,17402,13392,25885,18958,25680,20618,20190,30866,37373,12128,20553,4,2,1623,1576,2460,3951,2795,6719,3798,10215,4864,8666,3609,3667,12087,15331,7671,13325,154935,98129,29822,4206,98908,13,9,14,6
2021-04-06T23:59:59+02:00,10,6,4730,5624,8305,11860,9598,17235,13072,25617,18438,25293,18763,18121,28941,34882,11925,20207,4,2,1587,1557,2436,3925,2761,6681,3736,10171,4781,8575,3500,3542,11613,14683,7384,12911,148083,95814,28857,4008,95665,12,9,13,6
2021-04-05T23:59:59+02:00,10,6,4699,5583,8209,11769,9459,17138,12859,25406,18037,24948,17035,16192,27313,32733,11777,19981,4,2,1565,1545,2405,3907,2731,6632,3693,10112,4694,8459,3387,3433,11271,14314,7226,12629,142672,94416,28422,3567,92040,11,9,11,6
2021-04-04T23:59:59+02:00,10,6,4692,5577,8201,11759,9445,17123,12833,25385,18009,24923,16903,16016,27117,32487,11768,19967,4,2,1564,1544,2403,3904,2728,6628,3691,10108,4690,8456,3378,3422,11260,14302,7222,12621,141953,94336,28329,3567,91923,11,7,9,6
2021-04-03T23:59:59+02:00,10,6,4688,5569,8187,11752,9426,17103,12794,25354,17931,24859,16823,15926,27070,32430,11763,19960,4,2,1561,1542,2394,3896,2710,6614,3668,10080,4607,8401,3261,3307,11179,14228,7216,12611,141422,93690,28302,3567,91911,11,7,9,6
2021-04-02T23:59:59+02:00,10,6,4663,5549,8128,11698,9362,17035,12655,25247,17695,24658,16372,15450,26594,31853,11731,19905,4,2,1559,1533,2379,3891,2703,6598,3647,10048,4537,8308,3192,3239,10941,13926,7065,12408,140213,92393,26889,3563,91493,11,7,9,6
2021-04-01T23:59:59+02:00,9,6,4620,5488,8016,11555,9232,16876,12382,24961,17250,24257,15619,14723,25835,30890,11604,19722,4,2,1542,1513,2350,3858,2680,6569,3608,10009,4469,8242,3079,3108,10005,12807,6450,11557,137968,88374,26223,3457,88840,10,5,9,6
2021-03-31T23:59:59+02:00,9,6,4408,5408,7905,11432,9091,16710,12163,24683,16896,23892,14922,13958,25001,29878,11495,19522,4,2,1533,1508,2336,3838,2654,6540,3558,9961,4398,8170,2989,3018,9430,12103,6085,11060,136163,85935,24759,3231,86443,10,5,9,6
2021-03-30T23:59:59+02:00,9,6,4377,5356,7829,11305,9004,16553,12002,24493,16612,23580,14321,13315,24240,28893,11356,19277,4,2,1519,1498,2315,3813,2628,6511,3517,9896,4331,8099,2862,2870,8835,11445,5732,10564,134673,83601,23542,2824,84299,5,5,9,6
2021-03-29T23:59:59+02:00,9,6,4337,5303,7729,11193,8896,16388,11842,24219,16283,23233,13777,12714,23476,27916,11196,19028,4,2,1501,1485,2296,3797,2606,6482,3483,9836,4267,8024,2809,2802,8544,11057,5543,10251,132822,82208,22782,2565,81927,5,5,9,6
2021-03-28T23:59:59+02:00,9,6,4302,5219,7644,11085,8816,16234,11707,23989,16024,22960,13448,12404,22904,27221,11022,18743,4,2,1492,1478,2274,3781,2591,6453,3443,9786,4230,7965,2761,2751,8464,10951,5498,10184,132323,81856,22256,2237,79144,4,5,9,6
2021-03-27T23:59:59+01:00,9,6,4288,5208,7618,11053,8750,16162,11607,23894,15879,22844,13243,12191,22701,27007,10987,18714,4,2,1491,1476,2271,3779,2590,6452,3429,9759,4220,7942,2753,2745,8406,10887,5463,10144,131439,81561,21610,2237,79098,4,5,9,6
2021-03-26T23:59:59+01:00,9,6,4245,5141,7508,10919,8576,15977,11272,23590,15266,22341,12324,11361,21911,26163,10840,18486,2,2,1486,1462,2266,3758,2577,6429,3412,9733,4179,7906,2723,2706,8225,10668,5342,9973,127380,80711,19999,2123,78542,4,5,9,6
2021-03-25T23:59:59+01:00,9,5,4190,4979,7345,10640,8331,15568,10888,22967,14621,21641,11650,10699,21040,25094,10521,17940,2,2,1466,1449,2233,3731,2543,6390,3375,9686,4108,7824,2590,2566,7247,9408,4725,9056,124088,76503,19218,1884,74809,4,4,9,6
2021-03-24T23:59:59+01:00,9,5,4114,4838,7208,10353,8115,15155,10624,22417,14149,21031,11044,10141,20104,24004,10188,17372,2,2,1445,1420,2206,3693,2499,6353,3333,9621,4029,7725,2489,2469,6595,8643,4339,8474,121483,73866,18024,1461,71355,2,2,7,6
2021-03-23T23:59:59+01:00,9,5,4074,4746,7101,10113,7962,14813,10361,21912,13747,20539,10576,9699,19378,23150,9873,16904,2,2,1434,1402,2180,3672,2480,6325,3273,9567,3935,7649,2395,2368,5866,7712,3885,7782,120018,70788,16915,1132,68021,2,1,7,6
2021-03-22T23:59:59+01:00,9,5,4021,4668,6972,9872,7801,14491,10101,21444,13397,20038,10183,9342,18806,22440,9679,16556,2,1,1425,1395,2173,3658,2468,6309,3249,9544,3905,7615,2334,2317,5409,7102,3527,7290,119122,68672,16512,1042,64183,2,1,7,6
2021-03-21T23:59:59+01:00,9,5,3974,4566,6840,9607,7633,14131,9879,20902,13054,19512,9863,9063,18269,21838,9490,16243,2,1,1422,1391,2172,3647,2464,6301,3243,9535,3895,7601,2320,2298,5292,6970,3469,7189,118915,68161,16115,1042,59840,2,1,7,6
2021-03-20T23:59:59+01:00,9,5,3963,4546,6804,9552,7575,14057,9795,20792,12948,19422,9776,8970,18129,21661,9439,16156,2,1,1419,1386,2168,3643,2459,6296,3229,9525,3875,7591,2285,2266,4964,6596,3280,6947,118083,66881,16020,1042,59488,2,1,7,6
2021-03-19T23:59:59+01:00,8,5,3789,4405,6512,9302,7135,13632,8883,20062,11222,18095,6918,6624,15877,19455,9077,15594,2,1,1415,1382,2163,3636,2447,6283,3216,9499,3823,7545,2218,2225,4589,6124,3011,6622,108790,65184,11303,1009,56494,2,1,7,5
2021-03-18T23:59:59+01:00,8,4,3685,4274,6335,8995,6866,13193,8493,19404,10585,17357,6202,5972,14654,17982,8560,14769,2,1,1411,1376,2140,3609,2429,6247,3187,9458,3783,7512,2173,2191,4168,5592,2729,6207,103653,63306,10297,901,53380,2,1,7,5
2021-03-17T23:59:59+01:00,8,4,3606,4200,6206,8848,6694,13016,8194,19094,10182,16967,5793,5586,13838,17061,8161,14180,2,1,1401,1363,2124,3589,2399,6215,3156,9430,3746,7475,2118,2131,3759,5146,2476,5819,100414,61575,8608,767,52608,2,1,7,5
2021-03-16T23:59:59+01:00,8,4,3528,4068,6051,8578,6487,12647,7883,18512,9633,16311,5265,5131,13020,16099,7823,13679,2,1,1392,1354,2115,3572,2383,6200,3140,9411,3721,7449,2091,2094,3239,4505,2136,5305,98085,59339,7196,763,49438,2,1,7,5
2021-03-15T23:59:59+01:00,8,4,3480,3922,5864,8303,6269,12235,7606,17940,9198,15688,4947,4846,12361,15357,7557,13217,2,1,1392,1344,2099,3557,2363,6176,3121,9362,3697,7410,2054,2043,2871,4043,1851,4910,96586,57544,6216,745,45993,2,0,7,5
2021-03-14T23:59:59+01:00,8,4,3435,3789,5634,7972,5979,11788,7298,17220,8738,14937,4623,4571,12072,15101,7508,13117,2,1,1385,1339,2083,3528,2350,6127,3103,9303,3680,7372,2047,2032,2793,3935,1798,4824,96461,57145,5600,550,41726,2,0,7,5
2021-03-13T23:59:59+01:00,8,4,3419,3749,5593,7856,5918,11666,7213,17072,8589,14782,4472,4421,11982,15016,7502,13106,2,1,1385,1339,2083,3528,2349,6127,3102,9302,3679,7372,2044,2024,2740,3880,1764,4770,95768,56934,5600,550,40993,2,0,7,5
2021-03-12T23:59:59+01:00,8,4,3399,3679,5536,7718,5858,11514,7127,16846,8453,14548,4366,4325,11708,14691,7346,12888,2,1,1385,1339,2079,3522,2348,6119,3098,9296,3677,7367,2042,2022,2652,3769,1680,4681,94340,56522,5592,550,40075,2,0,7,5
2021-03-11T23:59:59+01:00,8,4,3321,3486,5327,7421,5627,11098,6788,16177,8016,13909,4022,3989,10628,13432,6687,11974,2,1,1380,1337,2068,3508,2329,6094,3075,9262,3653,7334,2012,1997,2412,3503,1524,4462,90134,55429,5157,517,36616,2,0,7,5
2021-03-10T23:59:59+01:00,8,4,3225,3368,5108,7150,5415,10735,6517,15630,7678,13362,3799,3760,9982,12641,6298,11438,2,1,1375,1326,2041,3470,2300,6004,3027,9139,3596,7215,1968,1920,2196,3266,1391,4266,87660,54213,4781,283,33670,2,0,7,5
2021-03-09T23:59:59+01:00,7,4,3151,3240,4940,6963,5210,10450,6285,15195,7381,12853,3615,3553,9344,11942,5920,10911,2,1,1368,1315,2007,3410,2269,5902,2965,8997,3528,7133,1938,1894,1916,2948,1219,4019,85372,52789,4516,35,31069,2,0,7,5
2021-03-08T23:59:59+01:00,7,4,3087,3084,4709,6699,4969,10097,6024,14681,7020,12267,3413,3360,8953,11499,5722,10593,2,1,1365,1297,1993,3331,2238,5805,2927,8851,3495,7039,1923,1872,1713,2716,1095,3825,83895,51450,4145,33,28141,0,0,7,5
2021-03-07T23:59:59+01:00,7,4,3055,3024,4636,6584,4885,9984,5919,14517,6903,12120,3362,3313,8864,11390,5681,10526,2,1,1359,1292,1987,3319,2230,5780,2920,8812,3483,7020,1915,1860,1658,2648,1044,3756,83534,51048,3967,33,27266,0,0,7,5
2021-03-06T23:59:59+01:00,6,4,3041,2966,4595,6491,4848,9917,5861,14398,6855,12008,3338,3290,8807,11324,5646,10483,2,1,1357,1279,1982,3305,2218,5753,2917,8785,3472,7001,1905,1836,1630,2624,1038,3747,83210,50814,3967,33,26694,0,0,7,5
2021-03-05T23:59:59+01:00,6,4,3017,2873,4536,6379,4784,9819,5798,14246,6752,11855,3293,3235,8620,11096,5523,10307,2,1,1348,1246,1950,3250,2193,5647,2876,8651,3428,6863,1861,1790,1566,2554,1016,3719,82301,49923,3959,33,25876,0,0,7,5
2021-03-04T23:59:59+01:00,4,4,2965,2684,4379,6140,4566,9506,5591,13829,6439,11466,3117,3059,7598,9801,4888,9389,2,1,1329,1197,1913,3128,2161,5465,2830,8374,3371,6631,1789,1700,1529,2502,1011,3701,78129,48597,3685,32,23604,0,0,7,5
2021-03-03T23:59:59+01:00,3,4,2926,2613,4239,5949,4399,9237,5388,13450,6183,11047,2992,2927,6947,9025,4491,8780,2,1,1317,1161,1886,3055,2139,5354,2799,8195,3318,6474,1721,1658,1488,2432,991,3647,75400,47602,3442,32,21751,0,0,7,4
2021-03-02T23:59:59+01:00,3,4,2866,2522,4051,5730,4194,8966,5190,13070,5914,10671,2845,2766,6186,8062,4019,8070,2,1,1284,1119,1859,2983,2115,5212,2749,7922,3269,6276,1647,1598,1422,2352,967,3596,72235,46337,2986,32,19901,0,0,7,4
2021-03-01T23:59:59+01:00,3,3,2827,2459,3887,5577,4008,8747,5001,12749,5675,10278,2744,2651,5692,7404,3653,7558,2,1,1278,1083,1836,2882,2089,5018,2708,7672,3209,6040,1604,1562,1373,2291,937,3553,70062,45102,2677,32,18170,0,0,7,4
2021-02-28T23:59:59+01:00,3,3,2785,2411,3729,5459,3785,8557,4818,12498,5488,9972,2687,2578,5570,7249,3591,7457,2,1,1274,1078,1831,2869,2080,4994,2701,7636,3199,6023,1595,1555,1368,2283,934,3543,69583,44931,2456,31,16594,0,0,7,4
2021-02-27T23:59:59+01:00,3,2,2772,2350,3703,5379,3751,8483,4784,12405,5453,9898,2646,2544,5235,6860,3390,7205,2,1,1267,1070,1824,2857,2067,4959,2682,7571,3183,5967,1577,1546,1362,2272,932,3542,68260,44647,2456,30,16140,0,0,7,4
2021-02-26T23:59:59+01:00,3,2,2752,2309,3663,5291,3685,8379,4721,12294,5367,9810,2569,2491,4851,6377,3111,6871,2,1,1210,1020,1774,2751,2018,4778,2626,7296,3111,5757,1516,1495,1339,2251,918,3533,66438,43363,2329,29,15773,0,0,6,4
2021-02-25T23:59:59+01:00,3,2,2580,2202,3476,5109,3499,8152,4518,12007,5148,9535,2480,2425,4402,5822,2822,6442,2,1,1194,963,1743,2642,1964,4504,2557,6899,3016,5470,1470,1452,1318,2236,915,3524,64570,41841,2002,26,14046,0,0,6,3
2021-02-24T23:59:59+01:00,3,2,2427,2068,3286,4915,3353,7947,4321,11753,4927,9284,2343,2305,3941,5310,2560,6043,1,1,1179,934,1720,2557,1928,4364,2497,6643,2963,5265,1439,1420,1300,2215,911,3501,62789,40817,1523,18,12470,0,0,6,3
2021-02-23T23:59:59+01:00,3,2,2297,1930,3107,4688,3200,7708,4146,11482,4743,9036,2254,2212,3384,4646,2217,5527,1,1,1165,886,1687,2462,1889,4173,2429,6344,2867,5005,1381,1365,1271,2171,895,3474,60577,39448,1170,15,10829,0,0,6,3
2021-02-22T23:59:59+01:00,3,2,2257,1879,3023,4595,3130,7599,4052,11295,4635,8911,2202,2171,3013,4179,1931,5141,1,1,1153,827,1655,2336,1847,3927,2353,5950,2742,4708,1318,1311,1248,2138,887,3449,58896,37843,1083,5,10033,0,0,6,3
2021-02-21T23:59:59+01:00,3,2,2221,1848,2971,4526,3050,7486,3971,11150,4569,8794,2187,2148,2928,4064,1875,5053,1,1,1150,809,1638,2284,1820,3820,2320,5794,2680,4584,1287,1288,1238,2124,880,3434,58462,37144,1050,5,9328,0,0,6,3
2021-02-20T23:59:59+01:00,3,2,2209,1845,2948,4513,3034,7450,3945,11117,4548,8772,2184,2140,2874,4007,1840,4998,1,1,1150,806,1638,2282,1819,3811,2319,5789,2679,4580,1286,1285,1237,2121,879,3433,58246,37108,1049,5,9128,0,0,6,3
2021-02-19T23:59:59+01:00,2,2,2197,1831,2912,4461,3009,7363,3900,11035,4494,8709,2176,2134,2783,3893,1755,4904,1,1,1100,797,1599,2274,1808,3802,2309,5768,2671,4567,1280,1274,1226,2116,874,3426,57824,36886,1017,4,8713,0,0,6,3
2021-02-18T23:59:59+01:00,2,2,2066,1736,2755,4278,2885,7165,3763,10749,4355,8504,2142,2101,2541,3622,1599,4681,1,1,1022,761,1527,2175,1758,3680,2236,5611,2614,4482,1266,1255,1219,2102,861,3408,56751,35972,952,4,7237,0,0,6,3
2021-02-17T23:59:59+01:00,2,2,2022,1688,2664,4147,2775,6953,3610,10408,4213,8262,2083,2017,2322,3393,1471,4487,1,1,870,696,1414,2049,1681,3489,2139,5383,2542,4309,1232,1209,1193,2057,845,3363,55677,34467,806,3,6030,0,0,6,3
2021-02-16T23:59:59+01:00,2,2,1852,1577,2490,3939,2635,6678,3449,10054,4035,7956,2038,1990,2040,3073,1297,4233,1,1,843,674,1344,1971,1612,3348,2044,5209,2447,4175,1170,1163,1133,1968,812,3261,54335,33171,770,2,4229,0,0,6,3
2021-02-15T23:59:59+01:00,2,2,1817,1522,2402,3768,2558,6406,3327,9686,3920,7686,2012,1961,1821,2833,1171,4040,1,1,825,662,1315,1924,1570,3279,1987,5037,2384,4074,1112,1122,1066,1876,793,3157,53226,32181,754,1,2948,0,0,6,3
2021-02-14T23:59:59+01:00,2,2,1727,1492,2354,3707,2516,6312,3256,9581,3873,7608,2001,1951,1763,2773,1121,3980,1,1,810,652,1299,1901,1543,3256,1953,4996,2358,4018,1102,1113,1059,1867,790,3145,52887,31860,725,1,2401,0,0,6,3
2021-02-13T23:59:59+01:00,2,2,1726,1480,2344,3700,2510,6298,3253,9565,3866,7598,1992,1931,1739,2753,1117,3970,1,1,810,652,1299,1901,1543,3256,1953,4996,2358,4018,1102,1113,1059,1867,790,3145,52730,31860,725,1,2385,0,0,6,3
2021-02-12T23:59:59+01:00,2,2,1647,1395,2243,3586,2431,6125,3148,9327,3741,7333,1945,1873,1675,2682,1094,3941,1,1,803,644,1287,1878,1530,3237,1945,4965,2342,3998,1097,1108,1058,1848,790,3114,51788,31643,725,0,1671,0,0,6,3
2021-02-11T23:59:59+01:00,2,2,1452,1259,2062,3374,2303,5833,2997,8893,3583,6986,1872,1771,1633,2618,1074,3918,1,1,774,596,1192,1699,1403,2958,1805,4603,2176,3708,1044,1044,1014,1770,749,2972,50389,29508,684,0,553,0,0,6,1
2021-02-10T23:59:59+01:00,2,2,1359,1212,1978,3247,2234,5661,2915,8614,3472,6755,1802,1724,1586,2551,1055,3856,1,1,564,512,970,1473,1261,2647,1620,4142,1972,3326,924,917,881,1512,657,2630,49213,26009,645,0,161,0,0,6,1
2021-02-09T23:59:59+01:00,2,2,1324,1163,1943,3154,2206,5476,2848,8273,3402,6497,1728,1662,1524,2490,1036,3813,1,1,302,379,755,1207,1075,2269,1413,3603,1722,2870,758,755,708,1205,523,2125,47943,21670,515,0,80,0,0,5,1
2021-02-08T23:59:59+01:00,2,2,1317,1128,1911,3037,2169,5255,2796,7994,3343,6261,1685,1628,1475,2435,1019,3790,1,1,266,341,652,1054,970,2053,1254,3210,1526,2554,656,635,606,1018,451,1840,46818,19087,345,0,79,0,0,5,1
2021-02-07T23:59:59+01:00,2,2,1291,1112,1881,2985,2143,5173,2766,7891,3301,6195,1669,1612,1460,2416,1007,3775,1,1,232,286,603,965,909,1898,1163,2983,1429,2382,615,615,584,983,441,1809,46532,17899,144,0,0,0,0,5,0
2021-02-06T23:59:59+01:00,2,2,1286,1106,1875,2973,2134,5145,2753,7847,3290,6150,1656,1604,1455,2406,1004,3774,1,1,213,255,581,927,881,1833,1120,2864,1372,2299,599,596,577,983,441,1809,46313,17352,144,0,0,0,0,5,0
2021-02-05T23:59:59+01:00,2,2,1227,1054,1826,2865,2082,4949,2692,7550,3213,5934,1593,1551,1438,2383,996,3768,1,1,196,222,545,876,845,1753,1082,2744,1319,2199,565,572,565,959,429,1784,44976,16657,144,0,0,0,0,5,0
2021-02-04T23:59:59+01:00,2,2,1215,991,1785,2717,2010,4637,2610,7103,3113,5605,1548,1518,1421,2366,991,3757,1,1,167,170,471,756,746,1612,969,2505,1206,1985,519,519,517,903,408,1664,43351,15119,36,0,0,0,0,4,0
2021-02-03T23:59:59+01:00,2,2,1197,962,1755,2635,1971,4489,2544,6841,3061,5391,1511,1486,1391,2331,972,3727,1,1,139,141,397,644,630,1374,823,2127,1010,1693,399,383,373,681,288,1259,42228,12363,36,0,0,0,0,4,0
2021-02-02T23:59:59+01:00,2,2,1180,906,1721,2534,1929,4269,2471,6509,2956,5119,1457,1439,1367,2300,962,3702,1,1,116,116,321,522,524,1136,679,1796,821,1384,298,280,292,499,225,947,40785,9958,36,0,0,0,0,4,0
2021-02-01T23:59:59+01:00,1,2,1167,846,1686,2410,1878,4024,2394,6119,2834,4823,1390,1357,1337,2254,949,3673,0,0,83,76,221,352,351,743,430,1159,479,862,186,170,171,298,126,562,39104,6269,36,0,0,0,0,4,0
2021-01-31T23:59:59+01:00,1,2,1163,828,1669,2353,1853,3902,2362,5935,2767,4703,1359,1334,1326,2238,942,3657,0,0,72,70,187,280,273,576,341,905,397,695,160,155,159,289,122,548,38357,5229,33,0,0,0,0,4,0
2021-01-30T23:59:59+01:00,1,2,1163,825,1668,2348,1851,3891,2360,5924,2764,4693,1358,1330,1325,2237,942,3656,0,0,69,63,154,233,245,508,306,787,354,620,159,148,154,285,122,547,38302,4754,32,0,0,0,0,4,0
2021-01-29T23:59:59+01:00,1,2,1112,816,1629,2340,1840,3884,2352,5909,2756,4682,1354,1327,1321,2237,942,3656,0,0,61,45,117,178,201,353,250,639,310,492,148,139,143,275,119,546,38126,4016,30,0,0,0,0,4,0
2021-01-28T23:59:59+01:00,1,2,1038,790,1573,2277,1807,3815,2305,5838,2723,4630,1342,1315,1311,2231,930,3642,0,0,39,20,75,106,132,206,155,383,202,295,115,106,117,221,107,496,37539,2775,27,0,0,0,0,4,0
2021-01-27T23:59:59+01:00,1,2,890,738,1478,2202,1739,3701,2232,5709,2665,4504,1312,1270,1282,2193,914,3606,0,0,30,13,63,88,106,162,122,326,175,249,107,88,104,201,103,459,36416,2396,18,0,0,0,0,4,0
2021-01-26T23:59:59+01:00,1,2,875,718,1415,2127,1678,3571,2145,5537,2577,4392,1253,1230,1232,2120,889,3546,0,0,29,12,60,85,102,156,118,311,174,240,104,82,97,180,92,409,35291,2251,13,0,0,0,0,4,0
2021-01-25T23:59:59+01:00,1,2,862,697,1384,2065,1645,3474,2099,5367,2520,4300,1200,1205,1177,2060,872,3480,0,0,27,12,57,85,99,154,117,309,173,240,103,81,96,179,90,406,34403,2228,4,0,0,0,0,3,0
2021-01-24T23:59:59+01:00,1,2,859,696,1378,2054,1640,3457,2091,5342,2508,4268,1196,1198,1172,2053,871,3474,0,0,27,12,57,85,98,153,117,309,173,239,103,81,96,179,90,405,34253,2224,4,0,0,0,0,3,0
2021-01-23T23:59:59+01:00,1,2,859,696,1378,2054,1639,3457,2091,5342,2508,4268,1196,1198,1172,2053,871,3474,0,0,27,12,57,85,98,153,117,309,172,239,103,81,96,179,90,405,34253,2223,3,0,0,0,0,3,0
2021-01-22T23:59:59+01:00,1,2,858,686,1364,2031,1624,3433,2078,5308,2492,4248,1194,1193,1171,2030,870,3440,0,0,27,12,57,85,98,153,117,309,171,239,103,81,96,179,90,405,34017,2222,3,0,0,0,0,3,0
2021-01-21T23:59:59+01:00,1,2,826,650,1287,1876,1523,3240,1982,5036,2382,4048,1153,1133,1142,1961,832,3319,0,0,25,11,53,80,90,144,107,280,157,216,89,72,85,155,74,345,32389,1983,3,0,0,0,0,1,0
2021-01-20T23:59:59+01:00,1,2,626,551,1093,1659,1385,2966,1805,4630,2177,3707,1024,1014,1012,1720,755,3015,0,0,23,11,52,76,87,143,99,267,146,197,78,65,79,130,62,307,29138,1822,3,0,0,0,0,1,0
2021-01-19T23:59:59+01:00,1,2,341,407,844,1402,1181,2618,1569,4101,1913,3256,849,841,838,1425,630,2565,0,0,19,8,37,53,58,78,73,180,103,134,58,50,51,96,47,238,24780,1283,2,0,0,0,0,1,0
2021-01-18T23:59:59+01:00,1,2,300,371,731,1213,1063,2364,1376,3600,1672,2875,708,689,677,1169,526,2120,0,0,8,4,12,18,20,26,24,52,25,47,13,11,13,33,11,72,21455,389,1,0,0,0,0,1,0
2021-01-17T23:59:59+01:00,1,2,258,319,664,1117,983,2193,1278,3327,1558,2664,662,659,648,1109,498,2052,0,0,0,0,1,0,3,2,2,1,2,2,1,4,1,0,0,1,19991,20,1,0,0,0,0,0,0
2021-01-16T23:59:59+01:00,1,2,241,289,648,1082,959,2132,1237,3216,1507,2590,646,641,640,1109,498,2051,0,0,0,0,0,0,1,2,1,1,1,2,0,1,1,0,0,1,19488,11,1,0,0,0,0,0,0
2021-01-15T23:59:59+01:00,1,2,225,255,618,1030,932,2054,1203,3098,1455,2493,615,615,633,1088,491,2039,0,0,0,0,0,0,0,0,0,0,0,0,0,0,0,0,0,0,18847,0,0,0,0,0,0,0,0
2021-01-14T23:59:59+01:00,1,2,195,206,557,907,843,1910,1108,2876,1340,2308,571,571,593,1042,484,1993,0,0,0,0,0,0,0,0,0,0,0,0,0,0,0,0,0,0,17507,0,0,0,0,0,0,0,0
2021-01-13T23:59:59+01:00,1,2,166,185,508,836,771,1785,1009,2639,1185,2083,455,452,451,824,368,1552,0,0,0,0,0,0,0,0,0,0,0,0,0,0,0,0,0,0,15272,0,0,0,0,0,0,0,0
2021-01-12T23:59:59+01:00,1,2,142,164,477,767,719,1630,920,2436,1077,1851,365,343,351,591,270,1115,0,0,0,0,0,0,0,0,0,0,0,0,0,0,0,0,0,0,13221,0,0,0,0,0,0,0,0
2021-01-11T23:59:59+01:00,0,1,113,127,401,637,629,1376,756,1977,846,1463,227,202,201,357,153,673,0,0,0,0,0,0,0,0,0,0,0,0,0,0,0,0,0,0,10139,0,0,0,0,0,0,0,0
2021-01-10T23:59:59+01:00,0,1,87,92,310,458,473,999,547,1449,622,1066,189,178,184,344,147,659,0,0,0,0,0,0,0,0,0,0,0,0,0,0,0,0,0,0,7805,0,0,0,0,0,0,0,0
2021-01-09T23:59:59+01:00,0,1,77,84,263,396,402,867,480,1232,546,908,183,168,179,339,147,657,0,0,0,0,0,0,0,0,0,0,0,0,0,0,0,0,0,0,6929,0,0,0,0,0,0,0,0
2021-01-08T23:59:59+01:00,0,1,64,64,190,288,304,585,366,934,440,689,175,163,163,327,145,657,0,0,0,0,0,0,0,0,0,0,0,0,0,0,0,0,0,0,5555,0,0,0,0,0,0,0,0
2021-01-07T23:59:59+01:00,0,0,45,25,81,122,140,231,164,421,222,344,130,127,144,277,131,602,0,0,0,0,0,0,0,0,0,0,0,0,0,0,0,0,0,0,3206,0,0,0,0,0,0,0,0
2021-01-06T23:59:59+01:00,0,0,33,18,70,93,119,180,136,344,193,279,111,98,115,227,112,517,0,0,0,0,0,0,0,0,0,0,0,0,0,0,0,0,0,0,2645,0,0,0,0,0,0,0,0
2021-01-05T23:59:59+01:00,0,0,30,13,60,89,108,166,120,329,179,256,109,94,114,220,109,499,0,0,0,0,0,0,0,0,0,0,0,0,0,0,0,0,0,0,2495,0,0,0,0,0,0,0,0
2021-01-04T23:59:59+01:00,0,0,27,12,57,86,100,158,115,314,177,244,108,90,107,206,99,461,0,0,0,0,0,0,0,0,0,0,0,0,0,0,0,0,0,0,2361,0,0,0,0,0,0,0,0
2021-01-03T23:59:59+01:00,0,0,27,12,57,86,100,158,115,314,177,244,108,90,106,205,99,461,0,0,0,0,0,0,0,0,0,0,0,0,0,0,0,0,0,0,2359,0,0,0,0,0,0,0,0
2021-01-02T23:59:59+01:00,0,0,27,12,57,86,100,158,115,314,176,244,108,90,106,205,99,461,0,0,0,0,0,0,0,0,0,0,0,0,0,0,0,0,0,0,2358,0,0,0,0,0,0,0,0
2021-01-01T23:59:59+01:00,0,0,27,12,57,86,100,158,115,314,174,243,108,90,106,205,99,461,0,0,0,0,0,0,0,0,0,0,0,0,0,0,0,0,0,0,2355,0,0,0,0,0,0,0,0
2020-12-31T23:59:59+01:00,0,0,27,12,57,86,100,158,115,314,174,243,108,90,106,205,99,461,0,0,0,0,0,0,0,0,0,0,0,0,0,0,0,0,0,0,2355,0,0,0,0,0,0,0,0
2020-12-30T23:59:59+01:00,0,0,26,12,57,85,99,155,115,313,174,243,108,90,106,205,99,461,0,0,0,0,0,0,0,0,0,0,0,0,0,0,0,0,0,0,2348,0,0,0,0,0,0,0,0
2020-12-29T23:59:59+01:00,0,0,20,9,42,60,76,91,86,218,128,191,83,77,77,171,80,373,0,0,0,0,0,0,0,0,0,0,0,0,0,0,0,0,0,0,1782,0,0,0,0,0,0,0,0
2020-12-28T23:59:59+01:00,0,0,9,6,18,30,31,45,40,113,53,103,36,42,39,98,43,211,0,0,0,0,0,0,0,0,0,0,0,0,0,0,0,0,0,0,917,0,0,0,0,0,0,0,0
2020-12-27T23:59:59+01:00,0,0,2,2,4,5,7,11,10,24,6,23,6,7,7,25,5,56,0,0,0,0,0,0,0,0,0,0,0,0,0,0,0,0,0,0,200,0,0,0,0,0,0,0,0
