Datum,<24_1_m,<24_1_w,25-34_1_m,25-34_1_w,35-44_1_m,35-44_1_w,45-54_1_m,45-54_1_w,55-64_1_m,55-64_1_w,65-74_1_m,65-74_1_w,75-84_1_m,75-84_1_w,>84_1_m,>84_1_w,<24_2_m,<24_2_w,25-34_2_m,25-34_2_w,35-44_2_m,35-44_2_w,45-54_2_m,45-54_2_w,55-64_2_m,55-64_2_w,65-74_2_m,65-74_2_w,75-84_2_m,75-84_2_w,>84_2_m,>84_2_w,bp_1,bp_2,mo_1,mo_2,az_1,az_2,ja
2021-05-16T23:59:59+02:00,11611,11655,18476,18961,22084,27757,35561,43993,52568,54867,57833,63732,44294,54340,10837,19424,4592,3978,6106,7256,7124,11815,10981,17940,14902,17463,29233,33561,33201,41170,8580,15307,331706,216134,46371,33016,167338,11481,2578
2021-05-15T23:59:59+02:00,11505,11542,18320,18819,21923,27617,35123,43576,52222,54535,57733,63607,44255,54295,10834,19411,4545,3938,6019,7193,7035,11709,10883,17828,14800,17340,29133,33441,33130,41091,8576,15303,329337,215072,46371,33015,167204,11472,2405
2021-05-14T23:59:59+02:00,11192,11315,17907,18587,21544,27346,32382,41490,50478,52984,57584,63457,44209,54224,10823,19393,4398,3848,5735,7025,6746,11486,10543,17484,14461,17025,28610,32761,33018,40938,8563,15278,320314,211855,46318,33012,166598,11367,1685
2021-05-13T23:59:59+02:00,10687,10893,17096,18032,20678,26663,31251,40487,48187,50710,56887,62685,44027,53968,10793,19328,3840,3631,5429,6778,6459,11193,10149,17125,14073,16570,27735,31588,32662,40498,8537,15228,311908,207375,44477,32460,164601,10274,1386
2021-05-12T23:59:59+02:00,10400,10682,16735,17794,20277,26391,30781,40100,44918,46701,56662,62467,43948,53867,10780,19308,3727,3542,5265,6690,6259,11059,9935,16944,13844,16290,27144,30825,32524,40344,8515,15198,302809,204466,43656,32440,164318,10171,1028
2021-05-11T23:59:59+02:00,9953,10367,15964,17271,19460,25781,28822,38529,43228,45317,56370,62112,43868,53746,10765,19285,3605,3387,5066,6369,5994,10679,9594,16397,13403,15738,25754,29168,32086,39814,8478,15125,297362,198561,40606,32309,161918,8835,952
2021-05-10T23:59:59+02:00,9684,10203,15502,17026,18919,25465,27818,37794,41861,44218,56197,61918,43797,53645,10747,19262,3530,3254,4904,6148,5818,10380,9331,15921,13038,15317,24784,27921,31682,39347,8448,15078,294144,194195,39705,32291,159326,7534,881
2021-05-09T23:59:59+02:00,9511,10112,15213,16839,18538,25223,27102,37323,40018,42491,56066,61794,43753,53591,10740,19245,3398,3193,4739,6019,5677,10217,9149,15729,12886,15164,24512,27591,31564,39191,8440,15069,291224,193026,39338,32253,156391,6653,606
2021-05-08T23:59:59+02:00,9419,10019,15038,16702,18333,25012,26871,37085,39795,42305,55954,61672,43720,53553,10737,19236,3388,3172,4705,5985,5633,10168,9067,15663,12788,15082,24122,27139,31328,38928,8433,15054,289687,191843,38888,31555,156270,6651,606
2021-05-07T23:59:59+02:00,9231,9918,14727,16532,18000,24789,26489,36804,39383,41930,55694,61354,43680,53506,10732,19229,3059,3021,4383,5814,5392,9893,8745,15360,12375,14641,23018,25749,30785,38220,8412,15021,287294,188469,38462,30063,155946,5060,296
2021-05-06T23:59:59+02:00,8559,9519,13876,15919,16974,23943,25145,35686,37278,40214,54711,60204,43466,53225,10702,19177,2915,2897,4212,5612,5188,9597,8385,14933,11940,14156,21674,24047,30065,37366,8368,14921,276804,182972,37345,29108,154191,3938,258
2021-05-05T23:59:59+02:00,7978,9167,13090,15373,15949,23161,23721,34651,35462,38641,53041,58351,43192,52920,10675,19119,2813,2827,4051,5462,4998,9385,8046,14590,11585,13775,20224,22224,29138,36256,8339,14847,265539,177299,36441,27946,152431,3235,80
2021-05-04T23:59:59+02:00,7783,9057,12741,15193,15447,22895,23091,34303,34475,37890,52305,57497,43080,52797,10664,19086,2744,2745,3902,5292,4817,9128,7704,14163,11130,13274,18533,20262,28203,35142,8266,14752,261908,170692,35578,27019,150790,2318,28
2021-05-03T23:59:59+02:00,7602,8891,12351,14987,14942,22577,22386,33884,33330,36983,52086,57254,42990,52702,10655,19058,2679,2666,3808,5111,4673,8880,7482,13803,10795,12855,17285,18694,27429,34178,8212,14661,258698,165185,35119,26671,148843,1337,18
2021-05-02T23:59:59+02:00,7523,8788,12128,14837,14643,22372,21929,33580,32160,36022,51912,57059,42936,52625,10640,19030,2667,2658,3786,5078,4643,8841,7413,13731,10708,12753,16947,18290,27184,33909,8200,14650,256507,163642,35047,26560,146613,1239,17
2021-05-01T23:59:59+02:00,7497,8759,12070,14786,14563,22320,21833,33506,32043,35934,51907,57050,42933,52624,10638,19028,2660,2648,3763,5060,4602,8814,7370,13696,10647,12687,16740,18057,27086,33794,8197,14640,255966,162676,35047,26532,146462,1237,16
2021-04-30T23:59:59+02:00,7456,8713,11975,14707,14451,22198,21637,33334,31811,35721,51657,56722,42890,52573,10633,19020,2625,2623,3702,4994,4507,8706,7217,13497,10343,12410,15848,16922,26352,32883,8167,14567,254232,159528,35004,24651,146246,1168,16
2021-04-29T23:59:59+02:00,7226,8577,11677,14528,14097,21961,21112,33037,31056,35195,51076,55979,42804,52460,10612,18953,2585,2569,3603,4904,4378,8569,7020,13284,10063,12112,14725,15499,25244,31579,8114,14482,251128,153888,34919,23911,144287,915,16
2021-04-28T23:59:59+02:00,6924,8387,11291,14193,13618,21488,20489,32427,29736,33893,48585,53209,42550,52165,10563,18886,2544,2523,3532,4843,4269,8454,6847,13094,9808,11884,13422,13811,24007,30040,8070,14398,241282,148131,34807,22711,142309,698,6
2021-04-27T23:59:59+02:00,6817,8285,11138,14070,13435,21337,20206,32215,29180,33489,48420,53031,42499,52116,10556,18868,2499,2482,3434,4755,4183,8342,6664,12894,9527,11588,11994,11985,22595,28194,8009,14280,239978,141373,34761,21526,140917,520,6
2021-04-26T23:59:59+02:00,6760,8237,11027,14003,13276,21220,19970,31988,28328,32884,48140,52730,42450,52060,10551,18841,2477,2449,3381,4717,4118,8270,6558,12759,9331,11400,10908,10593,21522,26709,7960,14207,239289,136158,34738,20785,138432,410,6
2021-04-25T23:59:59+02:00,6708,8185,10916,13905,13119,21068,19714,31694,27503,32095,47743,52290,42376,51974,10538,18824,2448,2437,3352,4697,4100,8248,6524,12718,9269,11343,10722,10365,21313,26427,7955,14195,237614,135315,34696,20442,136336,350,6
2021-04-24T23:59:59+02:00,6682,8128,10837,13823,13027,20922,19576,31525,27348,31923,47639,52167,42301,51895,10534,18820,2441,2427,3326,4666,4059,8203,6445,12641,9138,11222,10563,10184,21192,26302,7943,14179,236179,134795,34680,19798,136282,332,6
2021-04-23T23:59:59+02:00,6609,8023,10703,13623,12833,20667,19256,31151,26939,31540,46749,51067,42155,51692,10519,18790,2423,2405,3282,4632,4007,8146,6347,12545,8974,11087,10273,9852,20905,25919,7902,14115,231854,133682,34624,18805,135832,321,6
2021-04-22T23:59:59+02:00,6494,7900,10483,13409,12487,20327,18724,30672,26260,30871,45053,48939,41659,51062,10482,18707,2406,2386,3236,4585,3932,8069,6224,12447,8698,10921,9806,9392,20503,25386,7864,14055,225652,131582,34520,18033,133351,289,6
2021-04-21T23:59:59+02:00,6392,7739,10249,13212,12149,20006,18220,30171,25347,29892,41018,44345,41237,50591,10426,18612,2395,2374,3192,4552,3884,8011,6135,12351,8524,10764,9437,8969,20053,24846,7813,13972,213675,129963,34455,17033,131470,270,6
2021-04-20T23:59:59+02:00,6292,7636,10045,12996,11874,19738,17796,29743,24731,29264,39286,42341,40671,49921,10366,18491,2370,2358,3150,4527,3818,7964,5995,12258,8366,10636,9127,8586,19599,24237,7740,13855,207490,128625,34370,15738,129325,217,6
2021-04-19T23:59:59+02:00,6213,7550,9892,12870,11669,19540,17405,29325,24139,28738,37781,40567,40150,49287,10318,18415,2353,2336,3115,4494,3775,7917,5956,12191,8280,10544,8850,8245,19234,23730,7706,13777,202514,126951,34317,15346,127022,200,6
2021-04-18T23:59:59+02:00,6137,7488,9763,12793,11478,19393,17119,29126,23684,28353,36522,39269,39838,48915,10291,18367,2340,2316,3084,4475,3748,7900,5910,12144,8230,10498,8742,8131,19092,23567,7692,13757,201001,126468,34281,14956,123248,196,6
2021-04-17T23:59:59+02:00,6130,7471,9726,12760,11435,19349,17037,29062,23606,28282,36224,38932,39742,48835,10286,18357,2328,2306,3058,4460,3685,7858,5836,12091,8152,10447,8631,8018,18996,23463,7674,13745,199777,125681,34273,14867,123178,194,6
2021-04-16T23:59:59+02:00,6063,7422,9644,12709,11311,19225,16820,28910,23201,27858,35196,37708,39383,48388,10270,18329,2180,2205,2835,4294,3327,7540,5041,11534,6639,9345,6198,6020,17412,21954,7521,13501,195686,116770,34191,10578,122554,192,6
2021-04-15T23:59:59+02:00,5983,7322,9441,12529,11003,18975,16303,28511,22467,27166,33286,35381,38490,47334,10201,18187,2133,2167,2772,4229,3208,7426,4799,11336,6279,9035,5725,5618,16845,21256,7373,13228,189893,113704,34140,9534,118540,185,6
2021-04-14T23:59:59+02:00,5911,7265,9278,12404,10770,18787,15891,28172,21773,26615,31296,33065,37451,46097,10139,18031,2043,2103,2694,4168,3097,7336,4588,11163,5955,8787,5247,5196,16277,20549,7202,12935,183546,111129,34001,8075,115392,130,6
2021-04-13T23:59:59+02:00,5852,7197,9138,12276,10591,18614,15529,27876,21187,26051,29145,30546,36323,44679,10024,17865,1994,2084,2657,4129,3042,7270,4452,11011,5688,8583,4900,4875,15822,20096,7103,12773,176668,109737,33938,6703,112281,33,6
2021-04-12T23:59:59+02:00,5787,7141,9025,12137,10387,18458,15190,27582,20578,25518,27091,28223,35296,43378,9918,17699,1960,2042,2629,4110,3018,7214,4383,10942,5586,8489,4744,4729,15517,19708,7013,12612,170976,108932,33865,5725,108561,33,6
2021-04-11T23:59:59+02:00,5741,7094,8936,12060,10224,18354,14907,27393,20113,25143,25893,26943,34673,42667,9851,17576,1949,2035,2606,4089,3000,7189,4348,10900,5505,8424,4647,4679,15404,19587,6983,12567,169212,108754,33796,5124,104554,28,6
2021-04-10T23:59:59+02:00,5722,7077,8901,12035,10165,18318,14838,27344,20014,25054,25536,26526,34386,42305,9844,17555,1946,2030,2597,4079,2984,7173,4315,10872,5446,8380,4571,4601,15275,19419,6946,12493,168003,107969,33076,5124,104535,28,6
2021-04-09T23:59:59+02:00,5664,7042,8818,11952,10041,18197,14666,27154,19737,24800,24594,25231,33583,41276,9819,17496,1915,1998,2545,4041,2904,7111,4154,10746,5189,8148,4148,4219,14705,18687,6757,12186,164660,104302,31568,5117,103836,28,6
2021-04-08T23:59:59+02:00,5581,6969,8669,11835,9819,18021,14249,26834,19116,24279,22742,23079,32113,39556,9698,17296,1880,1978,2489,3992,2829,7025,3994,10595,4887,7883,3687,3780,13711,17418,6384,11593,158930,99511,30662,4585,100258,23,6
2021-04-07T23:59:59+02:00,5518,6906,8494,11765,9589,17862,13914,26589,18615,23885,20766,20706,30600,37621,9605,17120,1843,1961,2433,3938,2765,6948,3882,10435,4701,7679,3418,3506,12999,16578,6077,11122,152922,96233,29490,4034,97137,12,6
2021-04-06T23:59:59+02:00,5457,6854,8353,11661,9431,17689,13560,26312,18079,23447,18721,18381,28926,35435,9444,16835,1805,1940,2408,3912,2732,6908,3819,10391,4621,7591,3313,3378,12481,15890,5842,10775,146112,93943,28536,3846,93931,11,6
2021-04-05T23:59:59+02:00,5417,6808,8261,11568,9295,17591,13327,26087,17631,23058,16864,16241,27520,33550,9321,16648,1781,1931,2381,3895,2705,6860,3777,10331,4532,7483,3206,3270,12127,15498,5710,10534,140723,92588,28101,3416,90357,11,6
2021-04-04T23:59:59+02:00,5409,6803,8255,11554,9278,17582,13305,26064,17601,23034,16708,16039,27352,33334,9316,16637,1780,1929,2380,3893,2703,6857,3775,10327,4526,7481,3198,3257,12115,15487,5708,10526,140010,92509,28008,3416,90247,11,6
2021-04-03T23:59:59+02:00,5405,6795,8239,11544,9257,17563,13260,26032,17529,22968,16627,15951,27312,33278,9312,16633,1777,1925,2369,3887,2685,6841,3746,10301,4447,7416,3072,3144,12045,15422,5703,10516,139484,91863,27979,3416,90236,11,6
2021-04-02T23:59:59+02:00,5376,6773,8185,11487,9187,17493,13109,25919,17296,22757,16152,15419,26886,32778,9287,16588,1774,1915,2358,3881,2675,6826,3720,10260,4382,7330,3003,3074,11770,15103,5594,10342,138289,90578,26567,3412,89830,11,6
2021-04-01T23:59:59+02:00,5322,6695,8070,11350,9056,17329,12827,25620,16837,22361,15357,14633,26211,31896,9188,16439,1749,1883,2335,3859,2649,6796,3687,10223,4314,7265,2881,2937,10759,13866,5096,9639,136058,86615,25903,3307,87224,10,6
2021-03-31T23:59:59+02:00,5099,6598,7957,11239,8925,17162,12593,25323,16488,21999,14611,13809,25451,30962,9103,16282,1738,1877,2322,3836,2627,6770,3633,10168,4242,7200,2791,2847,10126,13096,4811,9235,134276,84222,24449,3081,84870,10,6
2021-03-30T23:59:59+02:00,5065,6532,7881,11113,8842,17010,12427,25125,16199,21672,13981,13100,24735,30062,8994,16080,1725,1862,2303,3818,2601,6746,3595,10105,4173,7122,2667,2711,9491,12380,4527,8814,132806,81927,23236,2700,82770,7,6
2021-03-29T23:59:59+02:00,5019,6460,7775,11007,8735,16844,12258,24832,15865,21336,13406,12431,24035,29167,8870,15874,1713,1852,2286,3805,2586,6722,3561,10049,4119,7052,2616,2645,9168,11956,4382,8553,130981,80563,22481,2489,80446,7,6
2021-03-28T23:59:59+02:00,4975,6365,7686,10901,8666,16687,12112,24596,15598,21062,13070,12092,23476,28495,8732,15640,1704,1847,2275,3794,2579,6699,3524,10005,4087,6999,2574,2597,9088,11846,4344,8501,130485,80238,21955,2212,77707,7,6
2021-03-27T23:59:59+01:00,4961,6351,7659,10871,8595,16613,12009,24495,15451,20944,12861,11875,23291,28300,8704,15614,1703,1845,2272,3792,2577,6698,3511,9979,4076,6982,2565,2589,9023,11774,4319,8469,129612,79949,21307,2212,77669,7,6
2021-03-26T23:59:59+01:00,4912,6270,7541,10753,8422,16413,11652,24172,14820,20425,11930,11045,22571,27509,8597,15429,1695,1827,2268,3774,2564,6673,3489,9953,4034,6947,2542,2553,8816,11530,4229,8330,125615,79113,19709,2098,77131,7,6
2021-03-25T23:59:59+01:00,4847,6087,7371,10467,8174,16003,11242,23534,14205,19761,11234,10374,21719,26430,8355,14984,1673,1809,2237,3746,2528,6639,3451,9900,3959,6864,2404,2421,7787,10172,3737,7621,122376,75073,18940,1863,73466,7,5
2021-03-24T23:59:59+01:00,4766,5922,7220,10181,7974,15587,10970,22991,13749,19192,10614,9802,20812,25330,8082,14497,1650,1777,2210,3710,2486,6599,3395,9829,3894,6768,2302,2323,7090,9329,3427,7146,119828,72483,17753,1445,70107,6,1
2021-03-23T23:59:59+01:00,4720,5806,7106,9954,7824,15240,10702,22470,13351,18726,10148,9351,20064,24453,7843,14111,1637,1760,2186,3688,2464,6571,3335,9771,3803,6695,2205,2225,6298,8296,3059,6581,118390,69452,16657,1116,66822,6,0
2021-03-22T23:59:59+01:00,4660,5709,6975,9711,7666,14919,10439,21995,13010,18254,9770,8998,19502,23739,7696,13831,1626,1752,2179,3673,2450,6558,3315,9745,3766,6663,2152,2175,5786,7617,2771,6175,117536,67370,16256,1027,63082,6,0
2021-03-21T23:59:59+01:00,4605,5574,6839,9444,7504,14547,10202,21448,12680,17776,9442,8715,18982,23127,7541,13569,1623,1747,2178,3664,2447,6552,3308,9733,3756,6652,2136,2155,5657,7470,2729,6092,117349,66866,15859,1027,58787,6,0
2021-03-20T23:59:59+01:00,4594,5548,6803,9383,7440,14484,10109,21338,12581,17687,9359,8621,18844,22951,7500,13492,1621,1744,2174,3661,2442,6546,3295,9723,3731,6643,2103,2119,5296,7062,2583,5890,116525,65600,15765,1027,58444,6,0
2021-03-19T23:59:59+01:00,4394,5379,6516,9134,6963,14044,9127,20562,10776,16283,6478,6252,16794,20873,7205,13022,1615,1739,2169,3653,2431,6534,3283,9695,3673,6598,2039,2080,4871,6541,2376,5621,107256,63917,11062,995,55484,6,0
2021-03-18T23:59:59+01:00,4276,5211,6325,8835,6710,13584,8716,19897,10137,15579,5766,5590,15550,19340,6786,12340,1608,1731,2149,3626,2412,6496,3251,9659,3632,6564,2000,2049,4388,5945,2159,5283,102153,62060,10056,887,52433,5,0
2021-03-17T23:59:59+01:00,4185,5121,6198,8695,6533,13410,8414,19556,9725,15203,5360,5205,14711,18365,6451,11841,1596,1716,2134,3607,2381,6464,3216,9630,3594,6527,1947,1992,3942,5443,1954,4957,98918,60340,8373,755,51682,5,0
2021-03-16T23:59:59+01:00,4093,4964,6045,8429,6323,13025,8078,18975,9188,14571,4843,4748,13879,17373,6182,11424,1587,1707,2125,3591,2364,6453,3204,9608,3567,6499,1918,1954,3349,4731,1697,4533,96610,58132,6965,751,48565,4,0
2021-03-15T23:59:59+01:00,4024,4792,5852,8158,6119,12594,7794,18407,8759,13983,4548,4476,13197,16617,5968,11021,1586,1697,2110,3575,2343,6431,3183,9560,3546,6470,1884,1905,2941,4232,1471,4193,95155,56388,5992,736,45162,3,0
2021-03-14T23:59:59+01:00,3967,4623,5604,7843,5857,12125,7466,17668,8325,13292,4236,4221,12933,16376,5931,10936,1578,1687,2094,3546,2329,6380,3166,9503,3530,6443,1876,1894,2857,4115,1428,4121,95042,56001,5384,543,40977,3,0
2021-03-13T23:59:59+01:00,3952,4592,5571,7758,5801,12039,7392,17559,8201,13165,4083,4083,12854,16300,5926,10925,1578,1687,2094,3546,2328,6380,3165,9502,3529,6443,1871,1885,2798,4054,1403,4074,94359,55791,5384,543,40458,3,0
2021-03-12T23:59:59+01:00,3927,4501,5522,7628,5735,11896,7305,17320,8070,12957,3978,3987,12547,15956,5816,10737,1578,1687,2090,3539,2326,6372,3163,9495,3528,6439,1869,1883,2690,3925,1342,4009,92945,55389,5376,543,39561,3,0
2021-03-11T23:59:59+01:00,3825,4256,5309,7370,5509,11457,6951,16632,7656,12381,3646,3642,11392,14588,5280,9981,1572,1683,2080,3526,2307,6349,3141,9456,3503,6408,1842,1859,2423,3637,1219,3822,88782,54312,4948,512,36145,3,0
2021-03-10T23:59:59+01:00,3715,4114,5096,7105,5296,11084,6679,16061,7331,11898,3442,3426,10686,13720,4974,9543,1565,1664,2056,3487,2278,6262,3090,9327,3447,6298,1801,1789,2182,3372,1117,3662,86333,53116,4580,278,33257,3,0
2021-03-09T23:59:59+01:00,3634,3962,4929,6918,5113,10797,6445,15604,7033,11423,3272,3247,10003,12953,4670,9092,1555,1648,2022,3428,2245,6157,3021,9182,3388,6227,1774,1763,1881,3016,977,3460,84062,51710,4324,31,30709,3,0
2021-03-08T23:59:59+01:00,3557,3780,4701,6661,4876,10430,6184,15087,6678,10859,3086,3082,9589,12475,4518,8824,1552,1625,2005,3347,2215,6064,2979,9038,3360,6146,1760,1740,1657,2761,881,3296,82593,50396,3962,30,27832,0,0
2021-03-07T23:59:59+01:00,3523,3709,4625,6551,4791,10317,6086,14926,6565,10729,3039,3038,9505,12366,4486,8770,1544,1619,2000,3335,2206,6034,2972,9000,3348,6132,1754,1727,1589,2684,841,3240,82257,49995,3793,30,26976,0,0
2021-03-06T23:59:59+01:00,3505,3637,4582,6468,4755,10246,6028,14811,6519,10635,3021,3017,9440,12293,4462,8736,1542,1603,1993,3323,2196,6006,2969,8972,3337,6113,1746,1706,1557,2660,839,3232,81944,49764,3793,30,26418,0,0
2021-03-05T23:59:59+01:00,3476,3532,4520,6369,4698,10141,5962,14653,6419,10497,2987,2974,9229,12031,4369,8593,1532,1562,1965,3266,2169,5898,2927,8837,3295,5979,1704,1668,1491,2591,820,3207,81047,48881,3785,30,25618,0,0
2021-03-04T23:59:59+01:00,3407,3315,4353,6134,4496,9833,5741,14213,6121,10146,2812,2807,8120,10585,3848,7844,1510,1505,1930,3142,2141,5705,2881,8570,3244,5765,1639,1587,1457,2544,816,3192,76885,47599,3512,29,23378,0,0
2021-03-03T23:59:59+01:00,3360,3233,4212,5946,4331,9563,5527,13835,5888,9754,2689,2695,7422,9721,3521,7341,1496,1462,1902,3066,2119,5596,2851,8389,3188,5620,1572,1543,1416,2473,798,3145,74167,46607,3298,29,21573,0,0
2021-03-02T23:59:59+01:00,3301,3125,4020,5747,4132,9289,5327,13454,5637,9401,2555,2554,6579,8642,3137,6762,1461,1413,1874,2994,2093,5444,2806,8117,3138,5443,1501,1485,1354,2393,778,3106,71014,45371,2898,29,19750,0,0
2021-03-01T23:59:59+01:00,3259,3049,3846,5601,3960,9076,5143,13135,5412,9032,2467,2460,6027,7910,2843,6343,1453,1371,1853,2886,2062,5260,2763,7843,3087,5243,1460,1455,1308,2332,752,3071,68860,44170,2646,29,18057,0,0
2021-02-28T23:59:59+01:00,3210,2993,3674,5486,3764,8875,4953,12881,5234,8755,2423,2398,5890,7741,2797,6259,1448,1365,1850,2873,2052,5237,2758,7808,3078,5228,1452,1448,1302,2322,749,3064,68388,44005,2428,29,16517,0,0
2021-02-27T23:59:59+01:00,3191,2916,3648,5411,3733,8810,4917,12785,5196,8693,2384,2357,5519,7322,2642,6049,1441,1355,1840,2861,2041,5192,2738,7749,3063,5178,1437,1440,1294,2312,748,3063,67076,43724,2428,28,16069,0,0
2021-02-26T23:59:59+01:00,3166,2861,3603,5328,3674,8710,4857,12676,5104,8614,2311,2307,5084,6790,2428,5772,1372,1289,1795,2759,1993,5001,2679,7463,2992,4996,1380,1399,1272,2289,735,3055,65271,42442,2303,27,15711,0,0
2021-02-25T23:59:59+01:00,2977,2732,3417,5149,3498,8485,4640,12372,4899,8366,2232,2256,4573,6167,2205,5422,1355,1229,1760,2649,1952,4702,2601,7074,2905,4758,1340,1359,1255,2274,733,3046,63410,40968,1980,24,14000,0,0
2021-02-24T23:59:59+01:00,2794,2572,3246,4953,3342,8287,4436,12089,4687,8154,2103,2140,4084,5599,1992,5091,1334,1192,1741,2568,1914,4546,2544,6813,2852,4577,1314,1331,1236,2253,731,3026,61642,39955,1507,17,12420,0,0
2021-02-23T23:59:59+01:00,2640,2411,3069,4721,3195,8061,4252,11811,4515,7926,2021,2053,3457,4859,1732,4662,1319,1137,1710,2467,1873,4341,2473,6514,2756,4342,1263,1279,1213,2212,718,3002,59443,38605,1157,14,10785,0,0
2021-02-22T23:59:59+01:00,2590,2350,2988,4627,3122,7954,4156,11618,4411,7812,1981,2014,3039,4353,1503,4330,1305,1070,1676,2330,1828,4085,2391,6122,2633,4073,1210,1232,1192,2184,714,2980,57780,37021,1071,4,9997,0,0
2021-02-21T23:59:59+01:00,2552,2313,2932,4549,3045,7839,4070,11464,4352,7715,1966,1992,2949,4230,1456,4253,1299,1047,1660,2272,1800,3970,2357,5966,2577,3962,1178,1216,1184,2168,707,2967,57347,36326,1038,4,9292,0,0
2021-02-20T23:59:59+01:00,2540,2309,2910,4534,3029,7805,4040,11429,4336,7696,1961,1983,2888,4167,1430,4205,1299,1044,1660,2270,1798,3960,2357,5962,2576,3959,1177,1213,1183,2164,706,2967,57131,36291,1037,4,9094,0,0
2021-02-19T23:59:59+01:00,2524,2292,2877,4479,3000,7718,3997,11343,4283,7642,1955,1978,2777,4034,1369,4134,1239,1034,1629,2263,1787,3947,2348,5940,2565,3949,1173,1205,1171,2159,702,2960,56716,36067,1006,4,8680,0,0
2021-02-18T23:59:59+01:00,2367,2177,2734,4298,2878,7511,3851,11046,4155,7468,1929,1946,2507,3736,1245,3944,1146,985,1563,2171,1737,3825,2273,5776,2516,3878,1160,1189,1168,2144,691,2944,55652,35162,940,4,7200,0,0
2021-02-17T23:59:59+01:00,2314,2117,2644,4167,2767,7292,3693,10688,4025,7252,1878,1875,2266,3477,1143,3783,978,903,1455,2054,1669,3623,2179,5546,2444,3735,1131,1145,1142,2098,675,2905,54581,33679,795,3,6005,0,0
2021-02-16T23:59:59+01:00,2113,1987,2490,3958,2629,7001,3531,10321,3863,6996,1837,1849,1962,3119,1002,3575,945,876,1386,1974,1596,3475,2083,5366,2354,3626,1071,1094,1085,2006,641,2815,53250,32391,759,2,4224,0,0
2021-02-15T23:59:59+01:00,2074,1919,2403,3793,2551,6717,3403,9942,3758,6766,1813,1822,1718,2851,905,3417,926,861,1355,1926,1557,3402,2025,5200,2289,3528,1009,1053,1018,1915,626,2726,52153,31415,745,1,2954,0,0
2021-02-14T23:59:59+01:00,1981,1881,2359,3732,2505,6622,3338,9835,3712,6700,1804,1814,1649,2784,868,3366,911,851,1336,1898,1530,3381,1995,5156,2265,3477,999,1043,1011,1904,623,2717,51820,31096,716,1,2414,0,0
2021-02-13T23:59:59+01:00,1980,1866,2348,3727,2500,6607,3334,9820,3705,6688,1796,1796,1622,2764,867,3357,911,851,1336,1898,1530,3381,1995,5156,2265,3477,999,1043,1011,1904,623,2717,51664,31096,716,1,2397,0,0
2021-02-12T23:59:59+01:00,1887,1767,2256,3613,2418,6430,3226,9580,3589,6430,1752,1754,1559,2694,846,3331,903,843,1324,1877,1517,3360,1985,5126,2250,3459,995,1038,1010,1882,623,2691,50728,30882,716,1,1688,0,0
2021-02-11T23:59:59+01:00,1659,1610,2085,3398,2292,6119,3075,9153,3438,6113,1686,1660,1515,2639,835,3311,872,774,1220,1704,1397,3080,1844,4746,2094,3220,948,977,968,1801,593,2566,49349,28803,676,1,563,0,0
2021-02-10T23:59:59+01:00,1551,1548,2000,3268,2230,5949,2979,8871,3338,5897,1618,1615,1471,2572,819,3258,625,663,1017,1484,1254,2762,1655,4263,1905,2898,831,855,842,1537,525,2264,48187,25380,637,0,160,0,0
2021-02-09T23:59:59+01:00,1511,1486,1966,3178,2199,5754,2914,8521,3267,5669,1545,1557,1414,2512,805,3228,343,498,806,1218,1063,2384,1441,3710,1661,2490,679,692,665,1220,421,1841,46938,21132,509,0,79,0,0
2021-02-08T23:59:59+01:00,1501,1441,1937,3049,2158,5532,2861,8224,3210,5470,1507,1530,1371,2455,789,3211,299,438,700,1060,963,2161,1271,3308,1473,2212,580,580,564,1031,369,1619,45828,18628,339,0,79,0,0
2021-02-07T23:59:59+01:00,1470,1419,1909,3001,2132,5446,2828,8124,3172,5409,1494,1516,1357,2435,776,3198,263,376,651,966,903,2000,1182,3085,1375,2061,545,561,544,999,361,1591,45548,17463,138,0,0,0,0
2021-02-06T23:59:59+01:00,1465,1411,1901,2989,2124,5414,2815,8081,3161,5368,1483,1508,1350,2426,775,3197,241,338,627,928,875,1933,1142,2965,1321,1983,529,549,538,999,361,1591,45330,16920,138,0,0,0,0
2021-02-05T23:59:59+01:00,1394,1343,1857,2883,2072,5202,2748,7777,3088,5174,1425,1463,1332,2401,768,3191,224,301,590,890,840,1846,1104,2846,1269,1891,496,529,530,974,350,1569,43980,16249,138,0,0,0,0
2021-02-04T23:59:59+01:00,1381,1265,1812,2734,2006,4866,2657,7328,2993,4899,1386,1432,1315,2385,765,3181,191,232,511,774,750,1704,990,2595,1158,1701,454,485,489,915,332,1460,42374,14741,31,0,0,0,0
2021-02-03T23:59:59+01:00,1357,1228,1784,2654,1966,4698,2590,7057,2943,4710,1351,1402,1284,2347,751,3156,156,194,432,655,631,1458,838,2218,975,1436,336,356,351,692,228,1100,41247,12056,31,0,0,0,0
2021-02-02T23:59:59+01:00,1339,1165,1752,2547,1919,4465,2515,6721,2833,4465,1310,1358,1263,2318,742,3132,133,159,348,534,522,1207,684,1876,794,1163,248,257,274,506,176,823,39813,9704,31,0,0,0,0
2021-02-01T23:59:59+01:00,1322,1095,1714,2409,1866,4203,2437,6331,2717,4189,1246,1284,1235,2278,733,3107,97,99,236,365,346,779,425,1212,465,723,155,155,168,308,93,470,38135,6096,31,0,0,0,0
2021-01-31T23:59:59+01:00,1316,1072,1697,2344,1839,4081,2403,6141,2662,4084,1216,1267,1226,2262,727,3094,83,88,197,293,274,608,335,935,386,594,131,141,160,300,89,457,37400,5071,31,0,0,0,0
2021-01-30T23:59:59+01:00,1316,1069,1696,2339,1836,4068,2402,6130,2659,4076,1215,1263,1225,2260,727,3094,78,76,164,243,245,538,300,812,347,532,130,135,155,297,89,456,37345,4597,30,0,0,0,0
2021-01-29T23:59:59+01:00,1255,1060,1665,2332,1824,4059,2395,6118,2650,4064,1212,1261,1221,2260,727,3094,69,56,121,184,202,377,245,660,305,424,122,126,143,288,86,455,37169,3863,28,0,0,0,0
2021-01-28T23:59:59+01:00,1168,1029,1619,2277,1791,3989,2346,6039,2620,4020,1201,1250,1216,2254,717,3080,44,27,77,110,129,218,154,386,203,257,91,100,115,232,78,416,36591,2637,25,0,0,0,0
2021-01-27T23:59:59+01:00,1003,966,1528,2210,1729,3866,2279,5902,2561,3912,1177,1207,1191,2215,704,3051,32,19,66,87,104,174,123,330,177,216,83,84,105,210,75,387,35484,2272,17,0,0,0,0
2021-01-26T23:59:59+01:00,984,940,1466,2132,1663,3726,2187,5725,2480,3825,1119,1164,1147,2145,681,3001,31,18,63,84,100,167,119,315,176,208,80,80,96,186,66,343,34374,2132,11,0,0,0,0
2021-01-25T23:59:59+01:00,969,913,1433,2072,1631,3622,2135,5568,2428,3738,1070,1138,1096,2091,666,2944,29,18,60,84,97,164,118,314,174,207,80,80,95,185,64,340,33512,2109,2,0,0,0,0
2021-01-24T23:59:59+01:00,966,911,1426,2059,1626,3605,2128,5542,2416,3708,1067,1130,1091,2086,665,2939,29,18,60,84,96,163,118,314,174,206,80,80,95,185,64,340,33363,2106,2,0,0,0,0
2021-01-23T23:59:59+01:00,966,911,1426,2059,1626,3605,2128,5542,2416,3708,1067,1130,1090,2086,665,2939,29,18,60,84,96,163,118,314,173,206,80,80,95,185,64,340,33362,2105,2,0,0,0,0
2021-01-22T23:59:59+01:00,965,901,1409,2034,1615,3579,2112,5510,2404,3690,1065,1126,1089,2057,664,2912,29,18,60,84,96,163,118,314,173,206,80,80,95,185,64,340,33130,2105,2,0,0,0,0
2021-01-21T23:59:59+01:00,923,848,1323,1875,1520,3382,2007,5202,2298,3504,1026,1066,1054,1966,630,2792,27,17,54,79,89,154,109,283,159,186,67,72,84,160,51,291,31414,1882,2,0,0,0,0
2021-01-20T23:59:59+01:00,690,725,1141,1663,1382,3094,1831,4784,2101,3210,905,948,933,1725,574,2532,26,17,53,74,86,154,101,266,148,170,57,65,75,135,45,258,28236,1730,2,0,0,0,0
2021-01-19T23:59:59+01:00,383,552,898,1406,1175,2751,1593,4239,1847,2800,752,781,767,1421,481,2150,21,12,35,51,60,85,74,180,104,115,43,50,54,103,35,197,23995,1219,1,0,0,0,0
2021-01-18T23:59:59+01:00,331,490,786,1216,1054,2483,1392,3722,1612,2470,629,640,620,1157,408,1799,8,6,11,17,22,30,23,49,24,39,11,10,14,34,7,62,20809,367,0,0,0,0,0
2021-01-17T23:59:59+01:00,287,423,716,1121,980,2309,1296,3438,1497,2280,591,610,590,1101,387,1740,1,0,0,0,3,3,1,0,2,2,1,4,0,0,0,1,19366,18,0,0,0,0,0
2021-01-16T23:59:59+01:00,267,389,699,1086,955,2246,1256,3326,1449,2211,575,598,584,1101,387,1739,0,0,0,0,2,3,0,0,1,2,0,1,0,0,0,1,18868,10,0,0,0,0,0
2021-01-15T23:59:59+01:00,252,346,668,1050,927,2158,1221,3210,1396,2121,547,576,578,1079,380,1730,0,0,0,0,0,0,0,0,0,0,0,0,0,0,0,0,18239,0,0,0,0,0,0
2021-01-14T23:59:59+01:00,218,279,601,931,847,2010,1124,2983,1281,1958,509,538,544,1032,376,1694,0,0,0,0,0,0,0,0,0,0,0,0,0,0,0,0,16925,0,0,0,0,0,0
2021-01-13T23:59:59+01:00,183,254,550,858,775,1878,1017,2743,1133,1749,386,424,416,817,276,1299,0,0,0,0,0,0,0,0,0,0,0,0,0,0,0,0,14758,0,0,0,0,0,0
2021-01-12T23:59:59+01:00,159,228,518,787,721,1713,927,2527,1031,1550,302,312,323,581,197,921,0,0,0,0,0,0,0,0,0,0,0,0,0,0,0,0,12797,0,0,0,0,0,0
2021-01-11T23:59:59+01:00,128,177,439,648,627,1452,752,2037,802,1212,181,182,182,344,105,527,0,0,0,0,0,0,0,0,0,0,0,0,0,0,0,0,9795,0,0,0,0,0,0
2021-01-10T23:59:59+01:00,96,123,341,473,467,1052,538,1478,593,883,155,163,168,329,100,516,0,0,0,0,0,0,0,0,0,0,0,0,0,0,0,0,7475,0,0,0,0,0,0
2021-01-09T23:59:59+01:00,84,114,292,402,398,906,469,1254,522,752,150,155,163,325,100,514,0,0,0,0,0,0,0,0,0,0,0,0,0,0,0,0,6600,0,0,0,0,0,0
2021-01-08T23:59:59+01:00,71,89,213,286,300,627,356,951,426,576,143,148,148,316,98,514,0,0,0,0,0,0,0,0,0,0,0,0,0,0,0,0,5262,0,0,0,0,0,0
2021-01-07T23:59:59+01:00,50,32,85,125,135,246,163,434,225,300,108,123,135,285,95,489,0,0,0,0,0,0,0,0,0,0,0,0,0,0,0,0,3030,0,0,0,0,0,0
2021-01-06T23:59:59+01:00,35,24,74,95,116,192,137,355,195,242,86,96,111,233,80,419,0,0,0,0,0,0,0,0,0,0,0,0,0,0,0,0,2490,0,0,0,0,0,0
2021-01-05T23:59:59+01:00,32,19,64,89,105,179,122,339,183,223,84,91,109,226,78,401,0,0,0,0,0,0,0,0,0,0,0,0,0,0,0,0,2344,0,0,0,0,0,0
2021-01-04T23:59:59+01:00,29,18,61,85,97,170,117,321,181,214,83,89,100,209,70,372,0,0,0,0,0,0,0,0,0,0,0,0,0,0,0,0,2216,0,0,0,0,0,0
2021-01-03T23:59:59+01:00,29,18,61,85,97,170,117,321,181,214,83,89,99,208,70,372,0,0,0,0,0,0,0,0,0,0,0,0,0,0,0,0,2214,0,0,0,0,0,0
2021-01-02T23:59:59+01:00,29,18,61,85,97,170,117,321,180,214,83,89,99,208,70,372,0,0,0,0,0,0,0,0,0,0,0,0,0,0,0,0,2213,0,0,0,0,0,0
2021-01-01T23:59:59+01:00,29,18,61,85,97,170,117,321,179,213,83,89,99,208,70,372,0,0,0,0,0,0,0,0,0,0,0,0,0,0,0,0,2211,0,0,0,0,0,0
2020-12-31T23:59:59+01:00,29,18,61,85,97,170,117,321,179,213,83,89,99,208,70,372,0,0,0,0,0,0,0,0,0,0,0,0,0,0,0,0,2211,0,0,0,0,0,0
2020-12-30T23:59:59+01:00,28,18,61,83,96,168,117,320,179,213,83,89,99,208,70,372,0,0,0,0,0,0,0,0,0,0,0,0,0,0,0,0,2204,0,0,0,0,0,0
2020-12-29T23:59:59+01:00,23,12,42,59,76,102,86,226,131,165,64,75,75,174,56,297,0,0,0,0,0,0,0,0,0,0,0,0,0,0,0,0,1663,0,0,0,0,0,0
2020-12-28T23:59:59+01:00,9,7,19,28,34,51,40,119,49,84,29,43,43,101,29,172,0,0,0,0,0,0,0,0,0,0,0,0,0,0,0,0,857,0,0,0,0,0,0
2020-12-27T23:59:59+01:00,3,4,3,4,10,14,8,24,5,18,6,6,6,25,4,50,0,0,0,0,0,0,0,0,0,0,0,0,0,0,0,0,190,0,0,0,0,0,0
