Datum,<15_m,<15_w,15-24_1_m,15-24_1_w,25-34_1_m,25-34_1_w,35-44_1_m,35-44_1_w,45-54_1_m,45-54_1_w,55-64_1_m,55-64_1_w,65-74_1_m,65-74_1_w,75-84_1_m,75-84_1_w,>84_1_m,>84_1_w,<24_2_m,<24_2_w,25-34_2_m,25-34_2_w,35-44_2_m,35-44_2_w,45-54_2_m,45-54_2_w,55-64_2_m,55-64_2_w,65-74_2_m,65-74_2_w,75-84_2_m,75-84_2_w,>84_2_m,>84_2_w,bp_1,bp_2,mo_1,mo_2,az_1,az_2,ja,unb_1,unb_2
2021-07-17T23:59:59+02:00,5423,4878,47913,45350,57061,52613,67131,67906,88393,90892,100768,100509,70536,76877,49954,61268,14025,24148,22803,21494,36720,34094,49790,51414,73908,77151,80726,82286,64408,70575,47282,57797,13350,22861,751342,572706,68293,63783,180753,146806,25238,19,47
2021-07-16T23:59:59+02:00,5321,4801,47678,45121,56939,52511,67016,67795,88259,90799,100667,100409,70495,76829,49933,61249,14019,24141,21559,20250,35435,32866,48353,50107,72918,76230,80039,81639,64194,70358,47205,57701,13332,22829,749928,561207,68293,63725,180750,146610,24992,19,47
2021-07-15T23:59:59+02:00,5183,4674,47310,44806,56738,52317,66832,67619,88051,90603,100486,100244,70399,76728,49888,61178,14009,24113,20986,19759,34529,32181,47139,49183,71769,75332,77914,79529,63601,69768,47066,57530,13313,22769,747902,551969,68280,62739,180706,144809,24271,19,47
2021-07-14T23:59:59+02:00,4812,4348,46722,44235,56510,52054,66631,67419,87842,90363,100271,100048,70292,76620,49823,61096,13998,24089,20787,19619,34279,32030,46779,48886,71246,74948,77253,79001,63282,69493,46985,57446,13292,22734,744482,550220,68266,62559,180656,142921,23750,19,47
2021-07-13T23:59:59+02:00,4725,4271,46531,44083,56353,51911,66472,67276,87691,90242,100135,99930,70221,76559,49786,61053,13994,24078,20245,19097,33267,31232,45186,47449,69516,73317,75671,77462,62909,69105,46858,57280,13263,22687,743189,539476,68252,61809,180589,141320,23262,19,47
2021-07-12T23:59:59+02:00,4664,4195,46351,43894,56206,51774,66319,67154,87521,90106,99984,99797,70146,76477,49750,61003,13987,24060,19771,18665,32481,30613,43537,46008,67159,71247,73791,75968,62380,68522,46717,57119,13235,22639,741964,528444,68230,61255,180498,138755,22678,18,47
2021-07-11T23:59:59+02:00,4659,4191,46279,43843,56149,51724,66270,67120,87462,90057,99915,99738,70109,76435,49740,60988,13985,24046,19568,18518,32144,30367,43096,45636,66705,70894,73020,75276,61983,68147,46649,57031,13220,22607,741828,526685,68223,60933,180436,136306,22205,18,47
2021-07-10T23:59:59+02:00,4532,4055,45997,43534,55966,51532,66125,66949,87333,89920,99817,99635,70054,76377,49720,60962,13982,24037,19012,17965,31203,29503,41364,44064,65240,69628,72392,74662,61820,67998,46596,56979,13213,22593,739755,516138,68219,60917,180426,136274,22109,18,47
2021-07-09T23:59:59+02:00,4405,3941,45724,43281,55798,51343,65970,66792,87183,89760,99687,99532,70004,76305,49684,60921,13977,24025,18417,17393,30235,28550,39411,42141,62952,67511,71233,73524,61549,67676,46521,56855,13196,22568,737733,502486,68208,60535,180420,135869,21953,18,47
2021-07-08T23:59:59+02:00,4376,3916,45593,43174,55682,51228,65842,66692,87065,89640,99568,99435,69955,76253,49665,60884,13969,24012,17483,16591,28848,27519,37713,40710,60832,65704,67897,70395,60669,66709,46281,56515,13154,22473,737038,487335,68152,58482,180351,133306,21390,18,47
2021-07-07T23:59:59+02:00,4366,3911,45527,43132,55610,51188,65762,66653,87012,89602,99525,99386,69940,76231,49656,60867,13965,24001,16521,15738,27478,26518,36204,39486,59223,64258,64698,66945,59661,65673,46045,56195,13105,22401,736767,472116,68110,56605,180299,131177,21140,18,47
2021-07-06T23:59:59+02:00,4312,3866,45385,43009,55483,51048,65661,66546,86911,89518,99449,99304,69902,76174,49638,60839,13962,23988,15751,14995,26404,25612,34378,37791,55841,61249,62063,64509,58911,64889,45773,55861,13064,22299,735671,454332,68092,55792,180246,129058,20968,18,47
2021-07-05T23:59:59+02:00,4254,3822,45211,42838,55342,50956,65547,66439,86797,89427,99366,99212,69839,76110,49617,60812,13959,23974,15093,14370,25458,24803,33169,36666,52759,58286,59306,62053,58075,64083,45524,55551,13019,22222,734523,438330,68066,55447,180172,126593,20743,18,45
2021-07-04T23:59:59+02:00,4246,3816,45166,42813,55282,50930,65509,66418,86759,89397,99334,99184,69817,76091,49611,60797,13954,23964,14889,14171,25022,24456,32574,36141,52096,57764,58330,61189,57415,63454,45342,55350,13000,22175,734355,434266,68036,55243,180104,123924,20575,18,43
2021-07-03T23:59:59+02:00,4030,3641,44632,42249,54965,50561,65220,66146,86513,89140,99140,98985,69744,76019,49588,60751,13950,23953,14603,13851,24671,24106,31599,35227,50362,56218,57466,60452,57243,63260,45275,55266,12988,22150,730575,425717,68021,55230,180099,123882,20514,18,43
2021-07-02T23:59:59+02:00,3723,3355,43983,41661,54643,50231,64940,65849,86244,88894,98905,98763,69640,75907,49537,60682,13944,23936,14208,13428,23987,23521,30453,34178,47757,54080,55349,58673,56852,62838,45117,55111,12972,22113,726273,413412,68005,54186,180086,123152,20456,17,16
2021-07-01T23:59:59+02:00,3585,3246,43631,41311,54444,50064,64787,65692,86096,88759,98757,98649,69574,75838,49507,60649,13936,23921,13521,12738,22703,22438,28789,32667,45761,52340,52863,56410,55438,61274,44622,54497,12900,21985,724174,399938,67945,51883,180042,119347,20268,17,16
2021-06-30T23:59:59+02:00,3574,3230,43363,41117,54265,49940,64676,65605,86011,88699,98692,98601,69549,75815,49495,60626,13934,23913,12766,12120,21536,21536,27202,31300,43925,50617,49242,52472,54114,59949,44266,54059,12844,21857,723073,384195,67906,49994,180022,115919,20087,17,16
2021-06-29T23:59:59+02:00,3358,3011,42452,40276,53665,49350,64248,65182,85607,88247,98346,98275,69422,75666,49438,60556,13915,23882,12168,11515,20742,20775,25861,30101,41312,48223,47385,50933,53148,58843,43860,53523,12750,21705,717123,372225,67855,48491,180008,112544,19893,17,16
2021-06-28T23:59:59+02:00,3140,2832,41490,39270,53010,48708,63794,64803,85224,87860,98015,97934,69286,75506,49373,60457,13897,23859,11669,11067,20095,20188,24907,29209,39231,46289,45763,49579,52046,57800,43498,53019,12671,21585,710984,362794,67751,47476,179999,108874,19707,17,16
2021-06-27T23:59:59+02:00,3135,2829,41457,39240,52969,48677,63759,64772,85172,87825,97966,97908,69269,75495,49364,60443,13892,23857,11477,10876,19776,19871,24332,28654,38215,45452,44614,48490,51023,56797,43065,52516,12589,21450,710795,358247,67730,47039,179963,104587,19524,17,16
2021-06-26T23:59:59+02:00,2655,2356,40061,37869,52234,47929,63205,64209,84686,87311,97544,97478,69078,75319,49291,60338,13873,23834,11364,10778,19609,19722,24137,28445,37743,45015,44251,48144,50910,56654,43019,52469,12584,21435,702069,355342,67707,47034,179963,104569,19514,17,16
2021-06-25T23:59:59+02:00,2251,2023,39207,37050,51885,47570,62878,63885,84407,87000,97292,97213,68975,75206,49245,60278,13858,23812,11062,10469,19230,19300,23620,27833,35057,42725,42077,46242,50573,56277,42921,52340,12560,21405,697001,343835,67579,46589,179957,103926,19481,17,16
2021-06-24T23:59:59+02:00,2197,1974,38719,36593,51538,47241,62668,63684,84177,86809,97108,97062,68894,75142,49210,60233,13852,23796,10462,9889,18170,18433,22207,26591,32961,40893,39650,43954,49097,54642,42352,51641,12443,21203,694089,331018,67560,43989,179935,100390,19296,17,16
2021-06-23T23:59:59+02:00,2185,1951,38495,36359,51376,47081,62564,63583,84084,86716,97036,96978,68863,75110,49193,60211,13851,23786,10009,9461,17546,17887,21279,25751,31040,39284,35701,39518,47809,53289,41968,51137,12363,21037,692893,315606,67533,43371,179921,97096,19058,17,16
2021-06-22T23:59:59+02:00,2110,1889,37511,35419,50632,46409,62089,63144,83715,86316,96674,96668,68717,74972,49127,60131,13838,23754,9537,9016,16685,17206,20066,24685,27927,36520,33408,37654,46858,52322,41560,50580,12224,20803,686792,303498,67494,40635,179912,94034,18900,17,16
2021-06-21T23:59:59+02:00,1964,1750,36151,34184,49614,45537,61374,62488,83222,85845,96236,96267,68548,74802,49064,60038,13826,23721,9226,8725,16228,16846,19434,24200,26191,34971,31892,36368,45832,51258,41110,50033,12119,20615,678835,296205,67471,39996,179897,90441,18411,17,16
2021-06-20T23:59:59+02:00,1953,1742,36067,34132,49477,45425,61244,62361,83145,85791,96169,96209,68514,74774,49049,60020,13826,23710,9079,8623,16014,16676,19115,23942,25373,34317,30959,35422,45638,51058,41079,49981,12110,20595,678234,292421,67436,39409,179880,90113,18041,17,16
2021-06-19T23:59:59+02:00,1591,1443,34453,32583,48571,44607,60759,61856,82678,85316,95764,95856,68364,74611,48984,59939,13811,23686,9039,8547,15915,16555,18997,23792,25269,34161,30834,35284,45543,50962,41061,49956,12106,20585,669536,291099,67423,39406,179875,90080,18021,17,16
2021-06-18T23:59:59+02:00,1398,1270,32801,30990,47363,43421,59826,60945,81881,84573,95148,95281,68147,74394,48895,59800,13795,23656,8964,8460,15761,16407,18813,23607,25021,33925,30551,34968,45253,50619,40976,49881,12093,20571,658421,288953,67300,39290,179874,89657,17972,17,14
2021-06-17T23:59:59+02:00,1322,1212,31871,30148,46496,42720,59027,60103,81145,83926,94743,94903,68010,74250,48853,59725,13780,23627,8428,8094,15077,15853,17993,22786,23920,32807,29075,33620,43932,49126,40491,49271,11974,20383,651514,280058,67192,38470,179842,87008,17296,17,14
2021-06-16T23:59:59+02:00,1239,1148,31178,29448,45704,41975,58113,59240,80375,83162,94328,94529,67875,74089,48797,59635,13761,23601,7937,7777,14465,15346,17232,22073,22794,31865,27907,32523,42054,47030,39949,48697,11866,20198,644495,270439,67077,37872,179827,84623,16781,17,14
2021-06-15T23:59:59+02:00,1098,1030,29302,27653,43956,40444,56534,57604,78997,81850,93578,93864,67589,73799,48688,59477,13728,23536,7759,7648,14166,15110,16872,21777,22279,31491,27388,32100,41122,46020,39569,48281,11743,19978,629584,267413,67034,37370,179792,82220,16300,17,14
2021-06-14T23:59:59+02:00,1006,917,27761,26178,42356,38932,54889,55963,77904,80747,92884,93241,67337,73559,48592,59354,13708,23492,7575,7474,13793,14783,16352,21342,21599,30914,26726,31511,40747,45600,39192,47840,11616,19774,616391,264783,66980,36961,179764,79424,15668,17,14
2021-06-13T23:59:59+02:00,982,892,27559,25996,41973,38603,54352,55446,77558,80443,92693,93051,67248,73479,48555,59298,13693,23467,7434,7304,13529,14491,15972,20951,21174,30427,26199,31014,40351,45198,38734,47276,11437,19489,613696,262720,66849,36894,179734,76372,14992,17,14
2021-06-12T23:59:59+02:00,854,777,26028,24397,40804,37519,53680,54712,77030,79949,92145,92528,67093,73301,48486,59221,13680,23446,7388,7253,13409,14383,15839,20843,20993,30282,26084,30920,40334,45182,38726,47267,11437,19488,604129,261955,66846,36892,179726,76047,14932,17,14
2021-06-11T23:59:59+02:00,740,668,24406,22865,39447,36329,52459,53506,76061,79098,91567,91952,66858,73067,48425,59114,13661,23411,7331,7163,13239,14206,15631,20654,20724,30028,25822,30672,40026,44808,38642,47153,11420,19459,592354,260093,66770,36747,179717,75360,14776,17,14
2021-06-10T23:59:59+02:00,640,581,23413,21851,38228,35154,50867,52012,74745,77910,89961,90412,66504,72674,48300,58941,13635,23357,7051,6941,12722,13775,15004,20091,19966,29280,25036,30003,39332,43950,38292,46740,11308,19276,579482,256682,66299,36713,179668,71651,13719,17,14
2021-06-09T23:59:59+02:00,570,532,22965,21460,37571,34634,49758,50977,73507,76719,89373,89911,66381,72532,48251,58856,13620,23327,6779,6630,12127,13173,14227,19287,19057,28264,24059,28850,36776,41055,37727,46097,11160,19036,572350,246431,65843,36639,179628,68127,13106,17,13
2021-06-08T23:59:59+02:00,465,421,21457,19992,35964,33276,47656,49022,71374,74787,87908,88437,66069,72146,48118,58697,13588,23283,6649,6455,11755,12811,13753,18805,18458,27667,23509,28322,36495,40802,37438,45733,11052,18880,555030,244810,65567,36565,179599,64761,12447,17,13
2021-06-07T23:59:59+02:00,350,328,20456,19008,34420,31939,45382,47002,69246,72912,86932,87586,65849,71883,48044,58561,13568,23248,6497,6293,11338,12464,13217,18331,17731,27083,22882,27731,36177,40498,37028,45258,10945,18687,539855,242842,65397,36501,179544,60915,11901,17,13
2021-06-06T23:59:59+02:00,327,307,20274,18863,34029,31657,44777,46439,68630,72432,86723,87418,65793,71824,48030,58531,13561,23236,6364,6125,11018,12054,12792,17763,17100,26279,22189,26928,35712,40027,36553,44709,10789,18420,536759,240419,65075,36454,179494,56442,11506,17,13
2021-06-05T23:59:59+02:00,255,242,19028,17581,32693,30441,43550,45262,68056,71914,86193,86910,65702,71722,47982,58483,13554,23224,6314,6047,10915,11905,12669,17596,16935,26077,22023,26748,35651,39948,36531,44685,10787,18415,526762,239841,65075,36040,179452,55878,11486,17,13
2021-06-04T23:59:59+02:00,174,174,17831,16426,31380,29147,41995,43766,66713,70599,85382,86160,65516,71508,47907,58393,13538,23196,6213,5906,10742,11700,12453,17349,16583,25694,21507,26311,34769,39104,36217,44387,10770,18392,513918,238032,65009,35715,179445,52932,11416,17,13
2021-06-03T23:59:59+02:00,119,121,17192,15851,30397,28322,40540,42481,64944,69069,83131,83880,65092,71056,47779,58231,13520,23158,6045,5700,10440,11350,12140,16893,16140,25043,20966,25734,34106,38320,36044,44185,10737,18342,500151,235740,64317,35333,179400,50112,10998,17,13
2021-06-02T23:59:59+02:00,91,78,16852,15543,30091,28063,39874,41864,63359,67684,82193,83080,64952,70895,47719,58148,13517,23143,5934,5609,10270,11199,11920,16684,15849,24741,20628,25345,30880,34713,35819,43963,10708,18288,492677,227116,64316,35007,179399,49687,10737,17,13
2021-06-01T23:59:59+02:00,37,43,16064,14877,28605,26979,37530,39819,59817,64518,79773,80770,64602,70532,47591,57963,13484,23089,5658,5324,9757,10769,11394,16100,15190,23961,19890,24596,30537,34418,35621,43785,10680,18226,474454,225663,62764,34512,179331,46202,9527,17,12
2021-05-31T23:59:59+02:00,29,35,15496,14400,27671,26284,35567,38156,56383,61496,77745,79068,64268,70176,47448,57788,13451,23036,5499,5111,9358,10411,10971,15630,14662,23288,19277,23901,30253,34170,35441,43594,10645,18170,458696,225004,62053,34128,179265,42780,8466,17,12
2021-05-30T23:59:59+02:00,28,32,15350,14274,27393,26058,35116,37750,55673,60878,77424,78794,64209,70120,47423,57753,13447,23026,5399,4922,9031,10048,10567,15151,14221,22498,18760,23141,29582,33459,35217,43402,10623,18111,455730,224560,61621,34048,179221,37362,8159,17,12
2021-05-29T23:59:59+02:00,27,31,14953,13876,26541,25237,33358,36157,54195,59586,76834,78227,64059,69972,47371,57700,13440,23012,5365,4846,8970,9938,10479,15039,14115,22353,18631,23005,29552,33437,35211,43394,10622,18108,445599,224095,61590,34048,179216,36765,8154,17,12
2021-05-28T23:59:59+02:00,23,30,14542,13470,25725,24489,31510,34393,52024,57582,75779,77232,63854,69723,47319,57623,13430,22989,5280,4729,8800,9792,10328,14871,13958,22120,18427,22706,29483,33391,35194,43378,10621,18104,433627,223452,61120,34042,179128,35840,7845,17,12
2021-05-27T23:59:59+02:00,19,26,13917,13000,24661,23767,30266,33467,50421,56209,72689,74253,63416,69187,47185,57461,13406,22935,5166,4491,8474,9457,9932,14448,13523,21491,17930,22114,29267,33191,35086,43266,10599,18077,421493,222831,59168,33971,178506,32605,7101,17,12
2021-05-26T23:59:59+02:00,18,24,13428,12570,23751,23117,29351,32773,49333,55285,69733,71068,62804,68578,47050,57291,13376,22890,5081,4326,8219,9143,9637,14062,13168,20895,17498,21517,29076,33024,34989,43164,10573,18028,410683,222236,56994,33853,178011,29572,6735,17,12
2021-05-25T23:59:59+02:00,18,21,13085,12271,23174,22713,28304,31919,46737,53056,67469,68945,62453,68211,46937,57142,13360,22839,5001,4205,8015,8888,9383,13692,12857,20379,17124,20973,28919,32873,34906,43063,10547,17973,398856,221717,55929,33774,177392,26843,6460,17,12
2021-05-24T23:59:59+02:00,17,20,12788,11990,22674,22331,27688,31470,44119,50626,65021,66759,62147,67914,46827,57017,13327,22784,4928,4100,7768,8661,9071,13315,12534,19872,16744,20421,28779,32735,34832,42993,10527,17928,387219,221163,55448,33712,176731,24225,6104,17,12
2021-05-23T23:59:59+02:00,17,20,12729,11920,22579,22248,27609,31394,43863,50398,64436,66210,62068,67826,46802,56999,13325,22782,4908,4085,7731,8631,9013,13284,12456,19813,16672,20367,28770,32723,34829,42987,10527,17927,385022,220895,55369,33706,176719,24020,6098,17,12
2021-05-22T23:59:59+02:00,17,20,12505,11681,22259,21945,26606,30507,42031,48817,63582,65472,61907,67635,46736,56908,13315,22759,4892,4030,7704,8569,8973,13221,12426,19731,16645,20303,28760,32713,34825,42981,10526,17926,376541,220812,55358,33706,176714,23631,6072,17,12
2021-05-21T23:59:59+02:00,17,19,12200,11428,21690,21507,25799,29823,39646,46931,61615,63808,61647,67364,46652,56820,13300,22734,4873,4002,7651,8482,8907,13137,12348,19638,16572,20221,28744,32688,34818,42971,10524,17925,366159,220623,54300,33693,176524,23181,6000,17,12
2021-05-20T23:59:59+02:00,16,19,11579,10852,20576,20621,24661,28806,38143,45654,59278,61744,60831,66466,46453,56564,13266,22679,4592,3823,7253,8190,8469,12743,11896,19128,16157,19702,28624,32594,34767,42920,10520,17915,355710,220231,51950,33585,175251,20193,5280,17,12
2021-05-19T23:59:59+02:00,16,19,11141,10539,19790,20077,23816,28213,37244,44971,56056,58118,60142,65765,46344,56430,13244,22632,4440,3657,6999,7947,8192,12413,11570,18702,15788,19280,28530,32481,34725,42846,10510,17900,345289,219758,50338,33473,174123,17955,4790,17,12
2021-05-18T23:59:59+02:00,16,19,10812,10253,19219,19625,23178,27657,35848,43748,54655,57000,59776,65344,46216,56268,13219,22607,4333,3532,6754,7716,7935,12132,11339,18312,15443,18853,28447,32392,34695,42808,10506,17893,339948,219479,48500,33396,172658,15874,4337,17,12
2021-05-17T23:59:59+02:00,15,18,10593,10071,18787,19340,22752,27351,34652,42755,53351,55970,59530,65098,46153,56169,13203,22574,4262,3445,6546,7499,7686,11842,11085,17920,15136,18451,28358,32307,34672,42769,10500,17880,335894,219200,47515,33329,171150,14019,3806,17,12
2021-05-16T23:59:59+02:00,15,17,10405,9939,18495,19139,22417,27111,34017,42297,52117,54801,59337,64934,46117,56115,13192,22554,4194,3370,6328,7334,7394,11590,10819,17569,14844,18089,28294,32245,34656,42751,10493,17876,333468,218958,46639,33269,169535,12256,3360,17,11
2021-05-15T23:59:59+02:00,15,17,10308,9838,18344,18994,22249,26970,33632,41928,51722,54426,59221,64786,46069,56070,13189,22538,4152,3335,6244,7269,7299,11487,10720,17451,14738,17960,28201,32127,34565,42658,10489,17871,331078,217873,46638,33268,169399,12238,3184,17,11
2021-05-14T23:59:59+02:00,14,17,10025,9630,17912,18755,21850,26686,31280,40158,49578,52574,59004,64560,46021,55988,13173,22516,4024,3253,5959,7108,6992,11264,10375,17106,14395,17634,27629,31422,34445,42466,10471,17842,321948,214594,46585,33264,168785,12118,2406,17,11
2021-05-13T23:59:59+02:00,14,17,9564,9255,17120,18192,20981,26009,30161,39177,47340,50406,58159,63591,45812,55705,13134,22444,3523,3057,5622,6854,6681,10960,9969,16721,14021,17202,26738,30228,34024,41954,10440,17780,313468,210027,44722,32713,166775,10930,2101,15,11
2021-05-12T23:59:59+02:00,14,17,9271,9065,16688,17936,20514,25725,29634,38791,44342,46767,57586,62953,45728,55593,13116,22419,3382,2969,5393,6743,6403,10815,9688,16513,13783,16939,26097,29411,33859,41761,10414,17746,304318,207014,43898,32690,166484,10763,1445,14,11
2021-05-11T23:59:59+02:00,14,15,8830,8782,15918,17421,19654,25111,27894,37346,42415,45268,57209,62507,45643,55458,13096,22392,3263,2838,5166,6402,6102,10402,9329,15954,13345,16383,24678,27748,33352,41140,10363,17661,298834,201070,40841,32509,164007,9267,1277,14,10
2021-05-10T23:59:59+02:00,14,14,8571,8629,15409,17172,19030,24796,26906,36665,40963,44124,56951,62235,45566,55355,13075,22364,3154,2710,4937,6172,5851,10079,9004,15478,12984,15965,23632,26423,32867,40555,10328,17603,295573,196436,39934,32483,161348,7850,971,13,8
2021-05-09T23:59:59+02:00,14,14,8414,8545,15103,16989,18655,24547,26238,36242,39187,42471,56656,61956,45513,55297,13067,22346,3034,2656,4757,6035,5682,9906,8808,15273,12816,15792,23358,26093,32723,40380,10318,17588,292629,195247,39563,32442,158352,6831,697,13,8
2021-05-08T23:59:59+02:00,14,14,8341,8470,14926,16844,18446,24350,26012,36004,38956,42281,56529,61807,45477,55260,13064,22336,3027,2638,4724,5999,5639,9860,8731,15209,12730,15722,22991,25668,32442,40070,10310,17572,291080,194064,39110,31740,158231,6829,697,13,8
2021-05-07T23:59:59+02:00,13,13,8167,8373,14603,16664,18066,24120,25591,35720,38508,41904,56256,61455,45428,55213,13059,22326,2723,2504,4374,5815,5371,9599,8420,14899,12339,15327,21899,24302,31801,39242,10282,17522,288575,190634,38683,30249,157905,5231,303,13,8
2021-05-06T23:59:59+02:00,12,13,7515,8011,13711,16066,17018,23276,24256,34616,36362,40244,55130,60138,45185,54907,13024,22260,2596,2391,4200,5619,5163,9290,8078,14459,11908,14877,20601,22628,30956,38247,10231,17412,277961,185062,37410,29293,156094,4033,266,13,8
2021-05-05T23:59:59+02:00,10,13,6976,7705,12928,15514,15995,22511,22878,33593,34545,38763,53294,58107,44871,54562,12991,22194,2507,2331,4027,5462,4975,9078,7733,14122,11544,14521,19220,20854,29778,36844,10191,17310,266536,178980,36494,28129,154320,3299,87,13,8
2021-05-04T23:59:59+02:00,10,12,6787,7610,12571,15345,15512,22242,22240,33250,33589,38070,52443,57150,44751,54436,12973,22153,2451,2260,3874,5292,4801,8822,7395,13715,11118,14062,17574,18933,28689,35518,10097,17190,262794,172190,35632,27200,152673,2366,33,12,8
2021-05-03T23:59:59+02:00,10,12,6640,7465,12197,15130,15009,21933,21535,32848,32444,37181,52146,56835,44655,54330,12958,22122,2392,2189,3783,5113,4660,8587,7180,13369,10799,13654,16375,17441,27813,34421,10033,17083,259523,166644,35173,26849,150719,1374,23,12,8
2021-05-02T23:59:59+02:00,10,12,6562,7375,11989,14958,14716,21700,21062,32529,31297,36237,51863,56545,44593,54242,12942,22091,2379,2182,3762,5081,4631,8551,7115,13298,10717,13565,16064,17048,27517,34116,10021,17071,257106,165088,35102,26739,148481,1269,22,12,6
2021-05-01T23:59:59+02:00,10,12,6544,7350,11927,14913,14639,21641,20964,32457,31172,36145,51857,56529,44589,54241,12940,22089,2376,2173,3739,5064,4589,8526,7078,13261,10657,13510,15866,16825,27401,33979,10018,17061,256552,164122,35102,26712,148331,1267,22,12,6
2021-04-30T23:59:59+02:00,10,12,6505,7312,11837,14826,14534,21528,20769,32276,30934,35956,51585,56171,44544,54187,12935,22077,2348,2153,3677,5002,4495,8418,6927,13078,10383,13247,15058,15800,26535,32909,9977,16974,254791,160934,35060,24830,148114,1196,21,12,6
2021-04-29T23:59:59+02:00,10,12,6301,7189,11520,14639,14182,21292,20251,31988,30180,35469,50939,55346,44453,54073,12912,22004,2311,2107,3585,4913,4370,8283,6735,12862,10110,12962,14087,14570,25233,31368,9916,16882,251639,155251,34968,24085,146121,938,20,12,6
2021-04-28T23:59:59+02:00,10,12,6035,7024,11145,14309,13694,20831,19618,31385,29017,34342,48279,52356,44163,53749,12849,21926,2272,2067,3516,4853,4256,8168,6575,12678,9863,12745,12951,13094,23749,29498,9855,16780,241748,149312,34845,22882,144132,718,8,11,6
2021-04-27T23:59:59+02:00,10,12,5933,6932,10997,14189,13497,20673,19342,31174,28458,33959,48074,52136,44107,53699,12841,21904,2230,2033,3425,4759,4163,8059,6410,12494,9585,12470,11743,11534,22097,27348,9779,16635,240395,142517,34798,21698,142725,541,8,11,6
2021-04-26T23:59:59+02:00,10,12,5885,6888,10884,14124,13338,20553,19116,30965,27631,33389,47737,51771,44055,53634,12832,21875,2209,2004,3373,4716,4099,7988,6308,12363,9397,12296,10829,10377,20823,25604,9721,16549,239686,137258,34774,20961,140220,431,8,11,4
2021-04-25T23:59:59+02:00,10,12,5839,6841,10781,14029,13180,20401,18874,30682,26874,32653,47240,51259,43972,53535,12818,21856,2182,1993,3343,4697,4081,7969,6275,12323,9340,12236,10668,10185,20582,25281,9711,16535,237997,136404,34733,20619,138107,372,8,11,4
2021-04-24T23:59:59+02:00,10,12,5818,6793,10706,13945,13084,20261,18744,30508,26712,32475,47141,51136,43879,53441,12814,21851,2175,1983,3319,4670,4042,7923,6203,12250,9210,12119,10511,10004,20451,25150,9695,16517,236542,135882,34717,19980,138052,354,8,11,4
2021-04-23T23:59:59+02:00,10,12,5754,6702,10576,13747,12886,20009,18439,30136,26321,32116,46197,50006,43725,53196,12792,21819,2158,1963,3277,4636,3994,7868,6109,12161,9045,11991,10244,9706,20127,24732,9647,16437,232168,134764,34661,18982,137595,343,8,11,4
2021-04-22T23:59:59+02:00,10,12,5652,6587,10369,13552,12537,19679,17931,29665,25694,31525,44470,47854,43152,52466,12746,21718,2145,1952,3237,4584,3919,7794,5981,12061,8787,11826,9815,9299,19676,24143,9597,16359,225939,132652,34551,18205,135110,311,8,11,4
2021-04-21T23:59:59+02:00,10,11,5558,6449,10141,13350,12208,19367,17429,29171,24979,30796,40208,42998,42676,51931,12680,21614,2133,1943,3202,4548,3863,7737,5904,11969,8612,11666,9486,8916,19178,23559,9538,16264,213862,131020,34485,17202,133210,289,8,11,4
2021-04-20T23:59:59+02:00,10,11,5479,6359,9948,13136,11935,19105,17009,28762,24428,30235,38455,40991,42023,51156,12610,21476,2108,1930,3163,4523,3797,7692,5773,11873,8442,11538,9204,8596,18709,22896,9441,16123,207663,129665,34396,15901,131051,235,8,10,4
2021-04-19T23:59:59+02:00,10,10,5399,6281,9791,13009,11736,18901,16647,28381,23887,29767,36901,39202,41435,50431,12554,21387,2092,1912,3128,4489,3757,7649,5734,11804,8361,11447,8968,8314,18306,22331,9395,16033,202650,127984,34342,15512,128721,217,8,8,4
2021-04-18T23:59:59+02:00,10,9,5337,6230,9661,12926,11538,18764,16369,28184,23484,29456,35596,37841,41087,50025,12522,21325,2080,1896,3099,4468,3731,7633,5689,11758,8310,11399,8868,8223,18153,22143,9382,16010,201119,127498,34303,15124,124926,213,8,8,4
2021-04-17T23:59:59+02:00,10,9,5331,6214,9626,12895,11493,18724,16293,28118,23420,29398,35288,37504,40980,49928,12516,21314,2070,1888,3072,4456,3673,7588,5618,11708,8225,11349,8759,8115,18050,22027,9361,15997,199896,126704,34294,15034,124855,211,8,8,4
2021-04-16T23:59:59+02:00,10,9,5269,6175,9539,12836,11361,18614,16084,27960,23077,29053,34211,36249,40574,49408,12496,21281,1938,1801,2850,4279,3320,7276,4861,11186,6762,10271,6299,6110,16270,20369,9172,15701,195774,117560,34210,10689,124206,209,8,8,4
2021-04-15T23:59:59+02:00,10,9,5202,6085,9339,12666,11065,18366,15588,27568,22388,28455,32314,33932,39533,48201,12420,21117,1893,1769,2785,4215,3205,7157,4644,11006,6390,9962,5839,5715,15681,19685,8987,15373,189964,114456,34159,9641,120119,202,8,8,4
2021-04-14T23:59:59+02:00,10,8,5141,6039,9170,12537,10846,18188,15188,27256,21743,27976,30394,31683,38317,46786,12346,20932,1812,1714,2702,4149,3096,7066,4443,10841,6086,9711,5360,5304,15097,18997,8785,15025,183600,111851,34022,8184,116922,146,8,8,4
2021-04-13T23:59:59+02:00,10,8,5093,5984,9032,12407,10667,18019,14848,26982,21220,27511,28297,29235,37060,45195,12206,20729,1767,1698,2666,4107,3041,7005,4313,10700,5817,9502,5021,4999,14651,18548,8653,14826,176725,110442,33958,6816,113804,49,8,8,4
2021-04-12T23:59:59+02:00,9,8,5032,5936,8924,12271,10465,17871,14529,26703,20680,27054,26260,26970,35904,43732,12079,20532,1734,1656,2638,4088,3015,6952,4253,10634,5714,9403,4861,4855,14353,18179,8542,14627,171021,109611,33885,5839,110037,47,8,8,4
2021-04-11T23:59:59+02:00,9,8,4993,5893,8834,12192,10307,17770,14268,26527,20257,26730,25063,25685,35199,42948,11992,20385,1725,1650,2617,4068,2993,6927,4220,10589,5628,9336,4770,4801,14238,18057,8504,14575,169243,109415,33815,5234,105986,42,8,8,4
2021-04-10T23:59:59+02:00,9,8,4982,5879,8793,12166,10252,17736,14200,26478,20161,26650,24749,25311,34856,42529,11985,20364,1720,1645,2608,4059,2979,6911,4191,10560,5571,9297,4692,4722,14112,17895,8458,14491,168033,108628,33095,5234,105964,42,8,8,4
2021-04-09T23:59:59+02:00,9,8,4936,5849,8708,12088,10130,17613,14035,26303,19901,26409,23918,24160,33906,41325,11952,20291,1692,1615,2554,4024,2907,6850,4041,10447,5321,9072,4273,4348,13552,17183,8232,14127,164687,104964,31588,5227,105252,42,6,8,4
2021-04-08T23:59:59+02:00,9,8,4859,5784,8561,11978,9916,17437,13640,25990,19299,25941,22218,22182,32224,39363,11806,20057,1662,1600,2500,3977,2826,6764,3893,10309,5030,8809,3821,3923,12570,15943,7762,13371,158950,100010,30683,4708,101625,37,6,8,4
2021-04-07T23:59:59+02:00,9,7,4812,5731,8381,11904,9688,17288,13320,25763,18831,25581,20410,20072,30471,37106,11691,19847,1629,1584,2446,3925,2765,6683,3784,10163,4842,8620,3561,3635,11889,15138,7393,12826,152921,96711,29511,4142,98466,25,6,8,4
2021-04-06T23:59:59+02:00,9,7,4765,5687,8237,11792,9527,17125,13003,25498,18314,25196,18559,18012,28556,34620,11496,19505,1595,1565,2424,3899,2732,6646,3719,10119,4763,8532,3454,3512,11413,14495,7113,12420,146103,94418,28555,3954,95236,24,6,8,4
2021-04-05T23:59:59+02:00,9,7,4734,5645,8141,11703,9389,17025,12791,25287,17915,24850,16836,16078,26931,32478,11352,19283,1575,1554,2394,3880,2703,6598,3678,10060,4678,8416,3344,3405,11076,14127,6957,12141,140701,93032,28120,3525,91621,24,6,6,4
2021-04-04T23:59:59+02:00,9,7,4726,5639,8133,11692,9376,17012,12766,25267,17887,24825,16704,15904,26735,32231,11343,19270,1574,1553,2392,3877,2701,6595,3676,10057,4674,8413,3334,3392,11065,14116,6955,12133,139981,92954,28028,3525,91508,24,5,4,4
2021-04-03T23:59:59+02:00,9,7,4722,5632,8119,11684,9356,16992,12727,25236,17809,24763,16624,15815,26690,32173,11338,19263,1571,1551,2383,3869,2683,6581,3652,10029,4592,8358,3216,3277,10983,14043,6949,12123,139454,92307,28000,3525,91496,24,5,4,4
2021-04-02T23:59:59+02:00,9,7,4697,5612,8062,11630,9293,16924,12588,25130,17575,24563,16173,15338,26215,31602,11306,19210,1569,1542,2370,3863,2676,6565,3631,9997,4523,8266,3147,3209,10746,13744,6797,11923,138254,91019,26593,3521,91078,24,5,4,4
2021-04-01T23:59:59+02:00,8,7,4654,5551,7950,11489,9162,16764,12315,24845,17130,24164,15425,14614,25461,30644,11181,19029,1552,1521,2339,3831,2654,6535,3591,9958,4455,8201,3036,3081,9818,12632,6189,11077,136026,87030,25929,3417,88431,21,3,4,4
2021-03-31T23:59:59+02:00,8,7,4445,5471,7840,11367,9022,16599,12097,24569,16779,23799,14729,13853,24629,29637,11076,18837,1543,1516,2325,3811,2629,6507,3543,9911,4385,8132,2946,2992,9248,11937,5827,10584,134233,84619,24475,3194,86049,21,3,4,4
2021-03-30T23:59:59+02:00,8,7,4414,5418,7768,11240,8937,16441,11935,24379,16502,23490,14137,13210,23874,28661,10939,18596,1529,1506,2305,3786,2603,6477,3502,9846,4315,8061,2823,2846,8670,11284,5480,10102,132761,82319,23265,2797,83923,17,3,4,4
2021-03-29T23:59:59+02:00,8,7,4373,5360,7669,11128,8831,16280,11777,24107,16178,23145,13596,12613,23117,27690,10786,18351,1511,1493,2286,3770,2582,6448,3467,9790,4252,7987,2770,2778,8384,10899,5291,9795,130932,80945,22516,2539,81561,17,3,4,4
2021-03-28T23:59:59+02:00,8,7,4339,5275,7584,11021,8754,16128,11643,23878,15921,22872,13272,12304,22551,27000,10612,18072,1502,1488,2264,3756,2568,6419,3427,9740,4214,7931,2722,2727,8307,10795,5248,9730,130435,80607,21998,2212,78801,17,3,4,4
2021-03-27T23:59:59+01:00,8,7,4325,5264,7558,10991,8689,16057,11543,23782,15779,22756,13066,12091,22352,26790,10577,18043,1501,1486,2261,3754,2567,6418,3414,9717,4203,7909,2712,2720,8251,10730,5214,9690,129556,80316,21356,2212,78759,17,3,4,4
2021-03-26T23:59:59+01:00,8,7,4282,5195,7450,10861,8514,15875,11211,23483,15172,22252,12153,11276,21571,25957,10436,17820,1496,1472,2256,3733,2554,6395,3397,9691,4162,7872,2682,2681,8074,10513,5097,9523,125546,79479,19760,2098,78210,17,3,4,4
2021-03-25T23:59:59+01:00,8,6,4223,5036,7289,10583,8271,15472,10829,22862,14534,21557,11484,10617,20706,24891,10124,17285,1476,1458,2224,3707,2520,6357,3360,9643,4092,7789,2548,2543,7103,9268,4493,8620,122290,75317,18987,1864,74494,17,2,4,4
2021-03-24T23:59:59+01:00,8,6,4149,4896,7154,10300,8057,15060,10569,22319,14069,20951,10882,10058,19776,23808,9801,16724,1455,1428,2198,3670,2475,6322,3320,9580,4014,7690,2449,2444,6462,8509,4112,8041,119711,72703,17803,1448,71068,16,1,4,4
2021-03-23T23:59:59+01:00,8,6,4109,4802,7048,10066,7904,14722,10313,21816,13669,20460,10418,9616,19057,22958,9491,16263,1443,1410,2172,3649,2454,6296,3259,9526,3924,7616,2357,2342,5736,7585,3668,7355,118258,69652,16701,1123,67763,16,0,4,4
2021-03-22T23:59:59+01:00,8,6,4057,4722,6922,9825,7745,14403,10058,21352,13323,19964,10027,9260,18495,22248,9304,15923,1434,1403,2163,3635,2442,6280,3236,9503,3895,7583,2296,2292,5284,6982,3322,6867,117379,67564,16304,1036,63955,16,0,4,4
2021-03-21T23:59:59+01:00,8,6,4011,4617,6791,9560,7579,14047,9836,20815,12983,19440,9707,8982,17969,21648,9114,15617,1431,1400,2162,3624,2439,6273,3230,9494,3885,7569,2282,2273,5164,6848,3264,6766,117185,67056,15910,1036,59631,11,0,4,4
2021-03-20T23:59:59+01:00,8,6,4000,4594,6756,9506,7521,13976,9752,20710,12879,19350,9620,8888,17834,21475,9064,15530,1428,1396,2158,3621,2434,6268,3217,9484,3866,7559,2247,2241,4841,6475,3080,6525,116364,65792,15815,1036,59286,11,0,4,4
2021-03-19T23:59:59+01:00,8,6,3826,4453,6466,9254,7080,13556,8840,19982,11155,18025,6778,6551,15609,19283,8712,14969,1424,1392,2153,3615,2422,6255,3205,9461,3816,7513,2180,2200,4472,6003,2818,6210,107115,64123,11122,1004,56312,11,0,4,4
2021-03-18T23:59:59+01:00,8,5,3721,4320,6289,8946,6815,13116,8450,19328,10516,17288,6070,5899,14396,17817,8205,14156,1420,1386,2128,3587,2404,6219,3175,9414,3772,7475,2135,2166,4054,5476,2538,5801,102022,62246,10119,896,53200,7,0,4,4
2021-03-17T23:59:59+01:00,8,5,3644,4246,6158,8802,6649,12938,8155,19018,10117,16896,5665,5516,13581,16887,7812,13581,1410,1374,2112,3568,2374,6187,3144,9387,3735,7439,2079,2108,3650,5031,2289,5418,98798,60535,8439,762,52437,7,0,4,4
2021-03-16T23:59:59+01:00,7,5,3566,4111,6007,8531,6442,12571,7841,18436,9572,16240,5145,5064,12769,15925,7482,13091,1401,1365,2103,3552,2359,6173,3129,9367,3709,7413,2051,2072,3132,4392,1957,4914,96489,58324,7039,758,49273,6,0,4,4
2021-03-15T23:59:59+01:00,7,5,3519,3964,5822,8254,6224,12163,7568,17864,9137,15616,4831,4784,12117,15182,7219,12633,1401,1355,2087,3537,2339,6147,3111,9319,3685,7374,2015,2021,2775,3934,1674,4524,95002,56549,6070,744,45833,4,0,4,4
2021-03-14T23:59:59+01:00,7,5,3473,3832,5595,7925,5939,11720,7263,17145,8676,14865,4518,4512,11827,14926,7174,12534,1394,1349,2071,3508,2324,6097,3093,9261,3668,7335,2008,2010,2697,3827,1622,4440,94884,56150,5465,550,41583,3,0,4,4
2021-03-13T23:59:59+01:00,7,5,3458,3792,5556,7817,5880,11608,7183,17006,8534,14716,4366,4363,11735,14841,7168,12523,1394,1349,2071,3508,2323,6097,3092,9260,3667,7335,2005,2002,2645,3772,1588,4386,94197,55940,5465,550,40892,3,0,4,4
2021-03-12T23:59:59+01:00,7,5,3440,3720,5500,7681,5818,11461,7100,16782,8400,14484,4259,4267,11465,14518,7014,12308,1394,1349,2067,3502,2322,6089,3088,9254,3666,7329,2003,2000,2559,3662,1508,4300,92782,55538,5457,550,39986,3,0,4,4
2021-03-11T23:59:59+01:00,7,5,3362,3525,5292,7383,5588,11044,6762,16119,7970,13848,3924,3933,10394,13264,6367,11407,1389,1346,2057,3489,2303,6063,3065,9220,3643,7297,1974,1975,2322,3402,1358,4082,88619,54465,5041,517,36530,2,0,4,4
2021-03-10T23:59:59+01:00,7,5,3267,3407,5080,7113,5375,10689,6492,15574,7635,13305,3705,3706,9752,12472,5983,10874,1385,1335,2031,3451,2273,5973,3017,9099,3585,7179,1931,1899,2106,3165,1229,3894,86159,53267,4674,282,33604,2,0,4,4
2021-03-09T23:59:59+01:00,6,5,3193,3277,4925,6924,5181,10410,6264,15144,7337,12802,3522,3501,9125,11771,5611,10357,1378,1325,1996,3391,2242,5871,2956,8955,3518,7098,1902,1873,1832,2849,1061,3649,83899,51858,4420,35,31032,2,0,4,4
2021-03-08T23:59:59+01:00,6,5,3127,3118,4699,6659,4944,10057,6005,14634,6975,12214,3323,3309,8738,11328,5415,10045,1375,1307,1982,3313,2211,5779,2918,8810,3485,7005,1887,1851,1632,2618,943,3459,82433,50541,4059,33,28105,0,0,4,4
2021-03-07T23:59:59+01:00,6,5,3095,3059,4625,6547,4861,9944,5900,14472,6860,12069,3273,3267,8655,11223,5377,9978,1369,1302,1975,3301,2203,5752,2911,8771,3473,6986,1879,1839,1577,2551,891,3392,82084,50138,3895,33,27233,0,0,4,4
2021-03-06T23:59:59+01:00,6,5,3081,3001,4581,6458,4827,9881,5842,14358,6812,11960,3249,3244,8599,11157,5343,9935,1367,1289,1970,3287,2191,5725,2908,8743,3462,6967,1871,1815,1550,2527,886,3383,81768,49907,3895,33,26672,0,0,4,4
2021-03-05T23:59:59+01:00,6,5,3057,2908,4523,6349,4765,9782,5779,14207,6712,11807,3205,3189,8415,10927,5224,9763,1358,1256,1940,3232,2167,5618,2866,8609,3418,6829,1829,1770,1486,2456,864,3357,80870,49021,3887,33,25862,0,0,4,4
2021-03-04T23:59:59+01:00,4,5,3004,2715,4364,6111,4546,9473,5573,13787,6401,11417,3027,3013,7401,9639,4607,8851,1338,1206,1903,3109,2137,5436,2820,8334,3362,6598,1759,1681,1450,2408,860,3339,76730,47707,3617,32,23587,0,0,4,4
2021-03-03T23:59:59+01:00,3,5,2965,2643,4223,5920,4381,9206,5371,13410,6148,10997,2906,2883,6757,8870,4214,8248,1326,1168,1876,3038,2115,5328,2788,8158,3309,6441,1690,1637,1409,2338,840,3286,74021,46715,3389,32,21736,0,0,4,3
2021-03-02T23:59:59+01:00,3,5,2904,2554,4039,5704,4173,8935,5174,13035,5881,10623,2760,2726,5991,7907,3752,7545,1293,1125,1849,2966,2091,5190,2739,7885,3260,6243,1619,1577,1346,2259,821,3243,70870,45474,2943,32,19894,0,0,4,3
2021-03-01T23:59:59+01:00,3,4,2864,2491,3873,5553,3986,8715,4986,12713,5643,10237,2660,2612,5502,7253,3401,7041,1287,1090,1826,2865,2064,4999,2699,7635,3201,6007,1576,1541,1298,2200,795,3204,68723,44255,2645,32,18165,0,0,4,3
2021-02-28T23:59:59+01:00,3,4,2823,2442,3715,5435,3767,8526,4803,12463,5456,9933,2603,2540,5379,7097,3339,6940,1283,1085,1822,2851,2055,4975,2692,7599,3191,5990,1568,1534,1292,2191,793,3194,68248,44084,2427,31,16589,0,0,4,3
2021-02-27T23:59:59+01:00,3,3,2808,2377,3689,5355,3733,8457,4769,12373,5421,9860,2562,2506,5050,6710,3143,6690,1276,1077,1815,2839,2042,4940,2673,7534,3175,5934,1550,1525,1286,2180,790,3193,66942,43799,2427,30,16136,0,0,4,3
2021-02-26T23:59:59+01:00,3,3,2788,2336,3649,5271,3668,8355,4708,12265,5336,9772,2486,2453,4673,6229,2874,6367,1217,1028,1765,2730,1993,4759,2619,7260,3102,5723,1489,1474,1263,2158,776,3184,65151,42512,2302,29,15779,0,0,4,2
2021-02-25T23:59:59+01:00,3,3,2614,2227,3464,5090,3486,8131,4506,11979,5118,9498,2399,2388,4224,5677,2586,5946,1201,971,1734,2622,1940,4487,2547,6866,3008,5437,1445,1431,1243,2143,774,3175,63294,41000,1980,26,14061,0,0,4,1
2021-02-24T23:59:59+01:00,3,3,2459,2089,3274,4898,3338,7925,4309,11727,4899,9250,2262,2270,3774,5168,2329,5553,1186,943,1711,2536,1906,4348,2487,6610,2956,5231,1415,1400,1225,2123,770,3156,61537,39986,1511,18,12478,0,0,4,1
2021-02-23T23:59:59+01:00,3,3,2322,1951,3096,4671,3183,7694,4138,11454,4717,9004,2176,2176,3221,4503,1992,5041,1172,895,1680,2441,1867,4156,2419,6311,2858,4971,1358,1345,1196,2080,757,3131,59339,38624,1164,14,10838,0,0,4,1
2021-02-22T23:59:59+01:00,3,3,2282,1900,3011,4578,3113,7586,4044,11269,4610,8879,2126,2135,2858,4042,1706,4657,1160,836,1648,2315,1824,3912,2343,5919,2733,4673,1296,1290,1173,2047,751,3109,57672,37026,1080,4,10046,0,0,4,1
2021-02-21T23:59:59+01:00,3,3,2246,1868,2960,4509,3031,7472,3963,11123,4544,8762,2112,2112,2774,3928,1651,4569,1156,818,1631,2262,1799,3802,2310,5764,2670,4549,1264,1267,1163,2033,744,3096,57241,36325,1047,4,9338,0,0,4,1
2021-02-20T23:59:59+01:00,3,3,2235,1865,2938,4496,3015,7436,3937,11090,4523,8741,2109,2104,2720,3871,1616,4514,1156,815,1631,2260,1798,3793,2309,5759,2669,4545,1263,1264,1162,2030,743,3095,57026,36289,1046,4,9140,0,0,4,1
2021-02-19T23:59:59+01:00,2,3,2223,1852,2902,4444,2990,7348,3892,11008,4469,8678,2101,2098,2632,3758,1536,4421,1104,806,1592,2252,1788,3784,2299,5738,2660,4533,1257,1253,1151,2025,738,3088,56614,36065,1015,4,8724,0,0,4,1
2021-02-18T23:59:59+01:00,2,3,2091,1756,2745,4260,2866,7149,3755,10721,4330,8475,2069,2064,2393,3493,1384,4199,1025,771,1517,2154,1739,3662,2227,5580,2604,4446,1243,1233,1146,2011,728,3070,55560,35153,948,4,7243,0,0,4,1
2021-02-17T23:59:59+01:00,2,3,2047,1707,2653,4126,2757,6935,3602,10380,4189,8233,2012,1981,2174,3264,1260,4012,871,708,1408,2029,1664,3472,2133,5356,2531,4275,1209,1188,1121,1966,713,3030,54498,33672,803,3,6032,0,0,4,1
2021-02-16T23:59:59+01:00,2,3,1874,1594,2480,3919,2618,6660,3441,10026,4013,7926,1968,1954,1899,2946,1090,3760,844,686,1336,1955,1596,3330,2038,5185,2434,4144,1148,1141,1063,1876,681,2937,53173,32393,767,2,4229,0,0,4,1
2021-02-15T23:59:59+01:00,2,3,1840,1539,2393,3751,2540,6387,3319,9660,3899,7657,1942,1927,1684,2708,969,3574,826,673,1307,1909,1555,3262,1983,5013,2371,4044,1083,1101,999,1786,662,2844,52082,31418,754,1,2954,0,0,4,1
2021-02-14T23:59:59+01:00,2,3,1751,1508,2348,3689,2499,6297,3249,9557,3853,7579,1931,1917,1627,2649,919,3515,811,663,1290,1884,1529,3239,1949,4973,2346,3989,1073,1092,992,1776,659,2832,51750,31097,725,1,2414,0,0,4,1
2021-02-13T23:59:59+01:00,2,3,1750,1496,2338,3682,2493,6283,3245,9541,3846,7569,1923,1897,1604,2629,916,3505,811,663,1290,1884,1529,3239,1949,4973,2346,3989,1073,1092,992,1776,659,2832,51596,31097,725,1,2397,0,0,4,1
2021-02-12T23:59:59+01:00,2,3,1670,1410,2239,3570,2413,6110,3140,9303,3724,7304,1877,1841,1541,2557,893,3478,805,656,1278,1863,1514,3220,1941,4942,2330,3969,1068,1087,991,1757,659,2802,50659,30882,725,1,1687,0,0,4,1
2021-02-11T23:59:59+01:00,2,3,1467,1272,2057,3355,2285,5818,2988,8872,3565,6959,1805,1740,1499,2497,879,3456,777,605,1184,1684,1389,2947,1802,4584,2167,3683,1018,1026,950,1686,626,2671,49269,28799,684,1,562,0,0,4,1
2021-02-10T23:59:59+01:00,2,3,1371,1223,1970,3228,2217,5646,2906,8595,3453,6728,1734,1692,1454,2430,863,3399,563,521,962,1460,1251,2639,1617,4122,1965,3306,901,900,829,1435,547,2355,48105,25374,644,0,161,0,0,4,1
2021-02-09T23:59:59+01:00,2,3,1336,1173,1933,3136,2190,5466,2839,8253,3383,6470,1661,1630,1394,2370,847,3362,300,384,744,1197,1064,2264,1407,3586,1718,2854,733,736,661,1148,437,1909,46850,21143,515,0,80,0,0,3,1
2021-02-08T23:59:59+01:00,2,3,1329,1139,1902,3016,2152,5244,2787,7972,3324,6234,1620,1596,1349,2315,831,3342,264,342,643,1043,958,2046,1247,3196,1521,2538,630,617,557,969,380,1659,45731,18611,344,0,79,0,0,3,1
2021-02-07T23:59:59+01:00,2,3,1301,1123,1873,2964,2126,5162,2758,7869,3282,6169,1604,1580,1334,2296,820,3327,231,286,595,953,899,1891,1155,2971,1424,2367,590,597,536,936,370,1630,45447,17433,143,0,0,0,0,3,0
2021-02-06T23:59:59+01:00,2,3,1296,1117,1867,2952,2117,5134,2745,7825,3271,6124,1591,1572,1329,2286,817,3326,212,252,573,916,871,1825,1113,2854,1367,2285,574,579,529,936,370,1630,45228,16888,143,0,0,0,0,3,0
2021-02-05T23:59:59+01:00,2,3,1235,1065,1818,2841,2065,4938,2686,7529,3194,5908,1528,1518,1310,2260,809,3319,196,223,538,869,837,1746,1074,2737,1314,2186,540,555,518,912,360,1605,43882,16212,143,0,0,0,0,3,0
2021-02-04T23:59:59+01:00,2,3,1223,1001,1777,2692,1994,4628,2601,7085,3094,5582,1483,1485,1292,2244,806,3311,168,169,465,752,738,1607,965,2499,1202,1971,493,503,475,858,342,1492,42266,14701,35,0,0,0,0,2,0
2021-02-03T23:59:59+01:00,2,3,1205,972,1746,2611,1955,4482,2534,6823,3042,5363,1446,1452,1263,2209,788,3282,137,140,392,640,622,1371,820,2121,1005,1685,378,369,340,644,239,1131,41141,12036,35,0,0,0,0,2,0
2021-02-02T23:59:59+01:00,2,3,1188,916,1714,2511,1912,4259,2460,6491,2935,5089,1394,1406,1240,2179,778,3258,116,116,315,519,519,1136,676,1791,815,1377,280,269,262,472,188,847,39698,9700,35,0,0,0,0,2,0
2021-02-01T23:59:59+01:00,1,3,1175,856,1679,2386,1862,4013,2383,6098,2816,4793,1327,1324,1209,2133,767,3233,83,76,215,348,346,741,429,1154,478,858,174,164,152,279,100,494,38021,6091,35,0,0,0,0,2,0
2021-01-31T23:59:59+01:00,1,3,1170,838,1662,2328,1838,3890,2351,5915,2749,4674,1296,1301,1198,2118,760,3221,72,70,182,278,269,575,340,901,396,691,148,148,144,271,96,480,37279,5061,32,0,0,0,0,2,0
2021-01-30T23:59:59+01:00,1,3,1170,835,1661,2323,1836,3879,2349,5904,2746,4664,1295,1297,1197,2117,760,3220,68,63,150,231,241,507,305,783,353,616,147,141,139,267,96,479,37224,4586,31,0,0,0,0,2,0
2021-01-29T23:59:59+01:00,1,3,1117,826,1622,2316,1825,3872,2341,5890,2738,4652,1291,1294,1193,2117,760,3220,60,45,113,176,197,353,248,634,309,488,136,132,127,256,93,479,37048,3846,29,0,0,0,0,1,0
2021-01-28T23:59:59+01:00,1,3,1042,801,1564,2256,1792,3803,2294,5819,2705,4598,1279,1282,1186,2111,751,3206,38,20,72,104,128,206,153,379,201,291,103,101,102,205,83,432,36466,2618,26,0,0,0,0,1,0
2021-01-27T23:59:59+01:00,1,3,892,750,1473,2181,1725,3688,2222,5689,2647,4473,1251,1238,1162,2072,739,3174,27,12,62,85,103,162,121,322,174,247,95,84,91,186,79,401,35362,2251,17,0,0,0,0,1,0
2021-01-26T23:59:59+01:00,1,3,878,731,1408,2108,1662,3558,2135,5517,2559,4362,1196,1198,1116,2001,715,3125,26,11,59,82,99,156,117,308,173,237,93,79,84,165,68,355,34261,2112,11,0,0,0,0,1,0
2021-01-25T23:59:59+01:00,1,3,865,710,1376,2048,1631,3461,2090,5351,2502,4272,1145,1173,1069,1944,697,3066,24,11,56,82,96,154,116,306,172,237,92,78,83,164,66,352,33401,2089,2,0,0,0,0,1,0
2021-01-24T23:59:59+01:00,1,3,862,709,1370,2037,1626,3444,2082,5325,2491,4240,1141,1167,1064,1937,696,3061,24,11,56,82,95,153,116,306,172,236,92,78,83,164,66,352,33253,2086,2,0,0,0,0,1,0
2021-01-23T23:59:59+01:00,1,3,862,709,1370,2037,1626,3444,2082,5325,2491,4240,1141,1167,1063,1937,696,3061,24,11,56,82,95,153,116,306,171,236,92,78,83,164,66,352,33252,2085,2,0,0,0,0,1,0
2021-01-22T23:59:59+01:00,1,3,862,699,1356,2015,1610,3420,2069,5291,2475,4220,1139,1162,1062,1914,695,3028,24,11,56,82,95,153,116,306,170,236,92,78,83,164,66,352,33018,2084,2,0,0,0,0,1,0
2021-01-21T23:59:59+01:00,1,3,831,662,1279,1860,1511,3231,1972,5019,2367,4022,1099,1103,1031,1833,657,2901,22,10,52,77,87,145,106,277,156,213,79,70,74,144,54,300,31379,1866,2,0,0,0,0,1,0
2021-01-20T23:59:59+01:00,1,3,628,563,1085,1642,1377,2957,1795,4614,2164,3685,974,984,913,1604,592,2631,21,10,51,73,84,144,99,264,145,194,69,64,69,122,45,268,28209,1722,2,0,0,0,0,1,0
2021-01-19T23:59:59+01:00,1,3,341,417,834,1385,1176,2618,1560,4087,1905,3236,807,816,749,1331,494,2226,17,7,36,52,55,78,73,177,101,131,52,49,48,91,34,207,23984,1208,1,0,0,0,0,1,0
2021-01-18T23:59:59+01:00,1,3,298,376,722,1197,1054,2364,1368,3590,1666,2856,679,668,604,1087,420,1841,7,3,11,17,19,27,24,50,25,46,12,11,13,33,7,61,20793,366,0,0,0,0,0,1,0
2021-01-17T23:59:59+01:00,1,3,257,321,656,1103,977,2193,1271,3315,1551,2645,634,638,577,1031,399,1783,0,0,1,0,2,2,2,1,2,2,1,4,1,0,0,1,19355,19,0,0,0,0,0,0,0
2021-01-16T23:59:59+01:00,1,3,240,289,640,1070,953,2130,1230,3205,1500,2572,618,621,570,1031,399,1782,0,0,0,0,1,2,1,1,1,2,0,1,1,0,0,1,18854,11,0,0,0,0,0,0,0
2021-01-15T23:59:59+01:00,1,3,226,256,611,1023,926,2052,1195,3089,1448,2476,587,595,563,1010,392,1770,0,0,0,0,0,0,0,0,0,0,0,0,0,0,0,0,18223,0,0,0,0,0,0,0,0
2021-01-14T23:59:59+01:00,1,2,196,204,551,901,837,1909,1103,2866,1333,2293,543,552,525,966,386,1728,0,0,0,0,0,0,0,0,0,0,0,0,0,0,0,0,16896,0,0,0,0,0,0,0,0
2021-01-13T23:59:59+01:00,1,2,164,185,502,832,765,1783,1005,2634,1179,2071,430,435,397,761,288,1331,0,0,0,0,0,0,0,0,0,0,0,0,0,0,0,0,14765,0,0,0,0,0,0,0,0
2021-01-12T23:59:59+01:00,1,2,142,164,471,763,715,1628,916,2432,1072,1840,341,327,307,541,207,943,0,0,0,0,0,0,0,0,0,0,0,0,0,0,0,0,12812,0,0,0,0,0,0,0,0
2021-01-11T23:59:59+01:00,0,1,113,127,395,633,625,1375,753,1974,845,1454,211,190,169,313,109,546,0,0,0,0,0,0,0,0,0,0,0,0,0,0,0,0,9833,0,0,0,0,0,0,0,0
2021-01-10T23:59:59+01:00,0,1,87,92,305,457,470,995,546,1447,621,1058,174,167,157,300,104,533,0,0,0,0,0,0,0,0,0,0,0,0,0,0,0,0,7514,0,0,0,0,0,0,0,0
2021-01-09T23:59:59+01:00,0,1,76,84,259,394,400,863,479,1230,545,900,167,157,152,295,104,531,0,0,0,0,0,0,0,0,0,0,0,0,0,0,0,0,6637,0,0,0,0,0,0,0,0
2021-01-08T23:59:59+01:00,0,1,63,64,186,286,303,584,364,932,439,681,159,152,136,283,102,531,0,0,0,0,0,0,0,0,0,0,0,0,0,0,0,0,5266,0,0,0,0,0,0,0,0
2021-01-07T23:59:59+01:00,0,0,44,24,78,120,136,230,163,419,222,339,116,121,123,251,98,504,0,0,0,0,0,0,0,0,0,0,0,0,0,0,0,0,2988,0,0,0,0,0,0,0,0
2021-01-06T23:59:59+01:00,0,0,30,17,69,91,115,180,135,342,193,275,97,93,97,205,83,429,0,0,0,0,0,0,0,0,0,0,0,0,0,0,0,0,2451,0,0,0,0,0,0,0,0
2021-01-05T23:59:59+01:00,0,0,27,12,59,86,105,166,120,327,179,253,96,88,95,198,81,411,0,0,0,0,0,0,0,0,0,0,0,0,0,0,0,0,2303,0,0,0,0,0,0,0,0
2021-01-04T23:59:59+01:00,0,0,24,11,56,83,97,157,115,312,177,241,95,85,88,184,71,380,0,0,0,0,0,0,0,0,0,0,0,0,0,0,0,0,2176,0,0,0,0,0,0,0,0
2021-01-03T23:59:59+01:00,0,0,24,11,56,83,97,157,115,312,177,241,95,85,87,183,71,380,0,0,0,0,0,0,0,0,0,0,0,0,0,0,0,0,2174,0,0,0,0,0,0,0,0
2021-01-02T23:59:59+01:00,0,0,24,11,56,83,97,157,115,312,176,241,95,85,87,183,71,380,0,0,0,0,0,0,0,0,0,0,0,0,0,0,0,0,2173,0,0,0,0,0,0,0,0
2021-01-01T23:59:59+01:00,0,0,24,11,56,83,97,157,115,312,174,240,95,85,87,183,71,380,0,0,0,0,0,0,0,0,0,0,0,0,0,0,0,0,2170,0,0,0,0,0,0,0,0
2020-12-31T23:59:59+01:00,0,0,24,11,56,83,97,157,115,312,174,240,95,85,87,183,71,380,0,0,0,0,0,0,0,0,0,0,0,0,0,0,0,0,2170,0,0,0,0,0,0,0,0
2020-12-30T23:59:59+01:00,0,0,23,11,56,82,96,154,115,311,174,240,95,85,87,183,71,380,0,0,0,0,0,0,0,0,0,0,0,0,0,0,0,0,2163,0,0,0,0,0,0,0,0
2020-12-29T23:59:59+01:00,0,0,18,8,41,59,73,91,85,216,127,188,73,73,65,151,56,304,0,0,0,0,0,0,0,0,0,0,0,0,0,0,0,0,1628,0,0,0,0,0,0,0,0
2020-12-28T23:59:59+01:00,0,0,8,5,17,28,31,45,39,111,53,101,30,40,37,91,29,175,0,0,0,0,0,0,0,0,0,0,0,0,0,0,0,0,840,0,0,0,0,0,0,0,0
2020-12-27T23:59:59+01:00,0,0,2,2,4,5,7,11,10,23,6,22,5,7,6,25,3,48,0,0,0,0,0,0,0,0,0,0,0,0,0,0,0,0,186,0,0,0,0,0,0,0,0
