Datum,<15_m,<15_w,15-24_1_m,15-24_1_w,25-34_1_m,25-34_1_w,35-44_1_m,35-44_1_w,45-54_1_m,45-54_1_w,55-64_1_m,55-64_1_w,65-74_1_m,65-74_1_w,75-84_1_m,75-84_1_w,>84_1_m,>84_1_w,<24_2_m,<24_2_w,25-34_2_m,25-34_2_w,35-44_2_m,35-44_2_w,45-54_2_m,45-54_2_w,55-64_2_m,55-64_2_w,65-74_2_m,65-74_2_w,75-84_2_m,75-84_2_w,>84_2_m,>84_2_w,bp_1,bp_2,mo_1,mo_2,az_1,az_2,ja,unb_1,unb_2
2021-07-25T23:59:59+02:00,6150,5582,49876,47173,58336,53890,68209,69024,89559,91951,101795,101470,70998,77389,50208,61576,14082,24282,30648,29187,44740,41002,57479,58454,79424,81917,88661,89380,66400,72580,47991,58681,13530,23153,763565,636477,68444,65118,181033,156827,28489,19,42
2021-07-24T23:59:59+02:00,6119,5556,49765,47084,58275,53830,68164,68972,89515,91911,101759,101431,70994,77383,50205,61573,14081,24279,29145,27678,43631,39972,56800,57758,78819,81361,88035,88825,66225,72393,47921,58584,13516,23133,762997,626814,68437,65113,181030,156688,28413,19,42
2021-07-23T23:59:59+02:00,6035,5470,49588,46913,58182,53727,68058,68871,89411,91810,101669,101340,70958,77327,50185,61542,14077,24273,27468,26159,42394,38902,55885,56893,78147,80761,87335,88176,65954,72125,47843,58485,13495,23103,761644,616316,68433,65055,181011,156222,28329,19,42
2021-07-22T23:59:59+02:00,5897,5356,49295,46634,57985,53530,67890,68706,89231,91662,101518,101210,70893,77247,50145,61492,14066,24255,26651,25333,41480,38097,54955,56071,77411,80139,85674,86689,65585,71730,47737,58354,13465,23052,759741,607862,68395,64582,180990,154771,27867,19,42
2021-07-21T23:59:59+02:00,5622,5074,48762,46109,57678,53220,67661,68434,88958,91415,101253,100945,70767,77117,50087,61429,14057,24230,26400,25115,41061,37819,54524,55690,77047,79858,84876,86089,65420,71602,47682,58289,13447,23027,756153,605923,68371,64317,180970,153003,27305,19,42
2021-07-20T23:59:59+02:00,5545,5001,48481,45833,57509,53016,67489,68290,88781,91264,101091,100801,70694,77052,50048,61383,14048,24205,25245,23970,39774,36793,53198,54498,76150,79095,83529,84753,65121,71261,47578,58152,13419,22982,754493,595619,68366,64176,180930,151429,26723,19,42
2021-07-19T23:59:59+02:00,5467,4917,48161,45510,57294,52807,67323,68091,88596,91090,100944,100642,70618,76972,50008,61333,14039,24176,24426,23140,38487,35684,51482,53011,74902,78056,82431,83778,64834,71005,47486,58034,13395,22943,752720,585673,68358,64066,180903,149656,25988,19,42
2021-07-18T23:59:59+02:00,5460,4916,48097,45459,57207,52736,67261,68026,88518,91028,100875,100578,70587,76931,49982,61300,14037,24164,24293,23038,38231,35475,51159,52731,74662,77866,81538,83021,64651,70828,47430,57961,13390,22921,752469,584637,68335,63907,180864,147445,25475,19,42
2021-07-17T23:59:59+02:00,5435,4880,48003,45385,57138,52674,67201,67972,88463,90970,100832,100559,70580,76916,49977,61296,14037,24163,22905,21573,36838,34181,49915,51545,74067,77315,80907,82427,64524,70681,47364,57900,13381,22901,751936,573788,68333,63883,180861,147308,25332,19,42
2021-07-16T23:59:59+02:00,5333,4803,47764,45156,57016,52570,67086,67861,88327,90876,100730,100458,70537,76868,49956,61277,14031,24156,21656,20329,35546,32950,48475,50233,73073,76389,80214,81778,64307,70463,47286,57803,13363,22869,750518,562255,68333,63824,180855,147106,25080,19,42
2021-07-15T23:59:59+02:00,5195,4676,47372,44839,56811,52373,66898,67682,88116,90680,100545,100291,70440,76767,49909,61203,14021,24127,21054,19831,34627,32257,47250,49304,71910,75487,78077,79660,63713,69872,47144,57628,13344,22807,748491,552998,68319,62820,180811,145274,24305,19,42
2021-07-14T23:59:59+02:00,4823,4350,46784,44268,56582,52109,66697,67481,87907,90440,100330,100095,70333,76659,49844,61121,14010,24103,20853,19688,34374,32105,46889,49007,71386,75103,77414,79131,63394,69597,47063,57544,13323,22772,745067,551240,68305,62639,180761,143382,23784,19,42
2021-07-13T23:59:59+02:00,4736,4273,46591,44116,56424,51966,66538,67338,87756,90320,100194,99977,70262,76598,49807,61077,14006,24088,20308,19162,33357,31306,45291,47565,69651,73465,75827,77589,63021,69209,46935,57377,13294,22721,743773,540462,68291,61887,180694,141774,23290,19,42
2021-07-12T23:59:59+02:00,4675,4197,46411,43927,56276,51828,66385,67216,87587,90184,100043,99843,70187,76516,49770,61026,13999,24070,19832,18727,32570,30685,43639,46122,67290,71394,73947,76093,62492,68625,46793,57215,13266,22672,742546,529413,68270,61332,180603,139206,22703,18,42
2021-07-11T23:59:59+02:00,4670,4193,46339,43876,56219,51778,66336,67182,87528,90135,99974,99784,70150,76474,49760,61011,13997,24056,19629,18580,32233,30439,43198,45750,66834,71040,73175,75399,62095,68249,46724,57127,13251,22640,742410,527653,68263,61011,180541,136749,22230,18,42
2021-07-10T23:59:59+02:00,4543,4057,46057,43567,56036,51585,66191,67011,87398,89998,99876,99681,70095,76416,49740,60985,13994,24047,19073,18026,31292,29575,41462,44173,65367,69771,72546,74784,61931,68100,46671,57075,13244,22626,740335,517088,68259,60995,180531,136717,22134,18,42
2021-07-09T23:59:59+02:00,4416,3943,45784,43314,55868,51396,66037,66854,87248,89838,99746,99578,70045,76344,49704,60944,13989,24035,18477,17454,30323,28620,39504,42247,63078,67654,71387,73645,61660,67778,46596,56949,13227,22601,738314,503420,68248,60613,180525,136311,21978,18,42
2021-07-08T23:59:59+02:00,4386,3918,45652,43207,55751,51281,65909,66753,87129,89717,99627,99481,69995,76291,49685,60907,13978,24022,17538,16651,28930,27583,37794,40808,60950,65839,68048,70510,60777,66809,46356,56609,13182,22506,737613,488220,68192,58555,180456,133735,21410,18,42
2021-07-07T23:59:59+02:00,4376,3913,45585,43165,55677,51238,65828,66714,87075,89679,99584,99430,69979,76269,49676,60889,13974,24011,16574,15796,27555,26578,36279,39581,59335,64390,64844,67057,59766,65772,46120,56290,13132,22434,737333,472976,68149,56666,180402,131600,21160,18,42
2021-07-06T23:59:59+02:00,4322,3868,45444,43043,55550,51098,65726,66607,86974,89593,99507,99348,69941,76212,49658,60861,13971,23997,15804,15052,26480,25671,34449,37880,55947,61380,62209,64617,59016,64986,45848,55956,13091,22331,736233,455166,68131,55853,180349,129478,20989,18,42
2021-07-05T23:59:59+02:00,4264,3824,45269,42871,55408,51006,65612,66500,86860,89502,99424,99256,69878,76148,49637,60834,13968,23983,15145,14424,25528,24860,33233,36752,52861,58415,59448,62159,58180,64180,45599,55645,13046,22254,735085,439138,68102,55503,180275,127007,20764,18,42
2021-07-04T23:59:59+02:00,4256,3818,45224,42845,55348,50980,65574,66479,86822,89471,99392,99228,69856,76129,49631,60819,13963,23973,14940,14221,25091,24512,32637,36226,52198,57891,58468,61295,57521,63551,45417,55443,13027,22207,734917,435068,68072,55299,180207,124331,20594,18,40
2021-07-03T23:59:59+02:00,4038,3642,44689,42281,55030,50610,65285,66205,86577,89214,99197,99029,69783,76057,49608,60773,13959,23962,14654,13901,24740,24161,31661,35310,50462,56342,57604,60558,57349,63356,45350,55358,13015,22182,731129,426509,68057,55285,180202,124289,20533,18,40
2021-07-02T23:59:59+02:00,3730,3356,44039,41691,54706,50280,65005,65907,86308,88968,98962,98806,69679,75945,49556,60704,13953,23945,14241,13463,24044,23569,30511,34261,47853,54199,55481,58779,56958,62932,45192,55202,12999,22144,726818,414128,68041,54239,180189,123559,20475,17,15
2021-07-01T23:59:59+02:00,3592,3247,43687,41341,54506,50112,64852,65749,86160,88833,98814,98692,69612,75876,49526,60671,13945,23930,13554,12769,22756,22486,28845,32747,45851,52455,52991,56512,55541,61367,44697,54586,12927,22016,724716,400629,67981,51932,180144,119745,20287,17,15
2021-06-30T23:59:59+02:00,3581,3231,43419,41147,54325,49987,64740,65662,86074,88772,98747,98644,69585,75853,49514,60648,13941,23921,12799,12151,21588,21581,27256,31377,44012,50731,49367,52569,54215,60041,44341,54147,12871,21888,723605,384868,67942,50042,180124,116313,20103,17,15
2021-06-29T23:59:59+02:00,3364,3012,42508,40306,53725,49397,64311,65239,85669,88320,98401,98317,69458,75704,49457,60578,13922,23890,12200,11546,20793,20819,25913,30178,41397,48333,47506,51029,53248,58934,43934,53611,12777,21735,717651,372883,67891,48537,180110,112935,19909,17,15
2021-06-28T23:59:59+02:00,3147,2833,41546,39300,53069,48755,63857,64859,85286,87933,98070,97975,69322,75544,49392,60478,13904,23867,11700,11098,20145,20232,24958,29284,39311,46396,45884,49673,52144,57891,43572,53107,12698,21615,711510,363440,67786,47519,180101,109263,19723,17,15
2021-06-27T23:59:59+02:00,3142,2830,41513,39269,53028,48724,63822,64828,85233,87898,98020,97948,69305,75533,49383,60464,13899,23865,11507,10907,19824,19915,24382,28729,38291,45555,44731,48582,51121,56888,43139,52603,12616,21480,711321,358881,67762,47081,180065,104971,19539,17,15
2021-06-26T23:59:59+02:00,2662,2357,40115,37898,52294,47975,63268,64265,84747,87383,97598,97517,69114,75357,49310,60359,13880,23842,11394,10808,19656,19766,24187,28515,37818,45119,44367,48235,51008,56745,43093,52556,12611,21465,702591,355967,67739,47076,180065,104953,19529,17,15
2021-06-25T23:59:59+02:00,2258,2024,39260,37079,51944,47615,62939,63941,84468,87072,97347,97252,69011,75244,49264,60299,13865,23820,11090,10498,19276,19343,23670,27902,35129,42824,42191,46326,50671,56368,42994,52427,12587,21435,697524,344435,67606,46631,180059,104310,19496,17,15
2021-06-24T23:59:59+02:00,2204,1974,38772,36622,51597,47286,62728,63739,84238,86881,97163,97101,68930,75180,49229,60254,13859,23804,10490,9917,18216,18475,22253,26656,33032,40991,39762,44036,49195,54730,42425,51728,12470,21232,694609,331601,67587,44030,180037,100772,19311,17,15
2021-06-23T23:59:59+02:00,2192,1951,38548,36388,51435,47126,62624,63637,84144,86789,97091,97017,68899,75149,49212,60232,13856,23794,10037,9489,17591,17929,21321,25812,31108,39379,35811,39596,47906,53373,42040,51224,12389,21066,693412,316168,67560,43411,180023,97473,19072,17,15
2021-06-22T23:59:59+02:00,2116,1889,37563,35448,50691,46454,62149,63198,83774,86388,96729,96707,68753,75011,49146,60152,13843,23762,9564,9044,16730,17245,20106,24747,27992,36614,33513,37729,46955,52406,41632,50667,12249,20832,687307,304044,67521,40675,180014,94409,18914,17,15
2021-06-21T23:59:59+02:00,1970,1750,36203,34213,49673,45581,61433,62542,83281,85917,96291,96306,68584,74841,49082,60058,13831,23729,9252,8752,16272,16884,19477,24262,26256,35062,31990,36441,45910,51330,41180,50120,12144,20641,679346,296747,67498,40036,179999,90771,18425,17,15
2021-06-20T23:59:59+02:00,1959,1742,36119,34160,49536,45469,61303,62415,83204,85863,96224,96248,68550,74813,49067,60040,13831,23718,9105,8650,16057,16715,19159,24004,25438,34407,31056,35496,45715,51129,41149,50068,12135,20621,678744,292961,67463,39449,179982,90443,18055,17,15
2021-06-19T23:59:59+02:00,1595,1443,34505,32611,48630,44651,60817,61910,82737,85388,95818,95895,68400,74650,49002,59959,13816,23694,9063,8573,15958,16594,19040,23854,25334,34250,30930,35358,45620,51033,41131,50043,12131,20611,670043,291634,67450,39446,179976,90410,18035,17,14
2021-06-18T23:59:59+02:00,1401,1270,32852,31017,47422,43462,59883,60999,81940,84644,95203,95320,68183,74433,48913,59820,13800,23664,8988,8486,15802,16445,18856,23668,25086,34014,30646,35042,45329,50689,41046,49967,12118,20597,658923,289478,67325,39330,179975,89987,17986,17,14
2021-06-17T23:59:59+02:00,1325,1212,31922,30173,46553,42760,59082,60157,81203,83997,94798,94941,68046,74289,48871,59744,13785,23635,8451,8119,15118,15889,18035,22847,23984,32893,29169,33692,44007,49192,40561,49357,11999,20409,652011,280573,67214,38508,179942,87334,17309,17,14
2021-06-16T23:59:59+02:00,1242,1148,31228,29473,45758,42013,58165,59292,80428,83231,94382,94565,67910,74129,48815,59653,13766,23609,7960,7801,14506,15382,17274,22130,22855,31948,28000,32593,42126,47090,40019,48782,11891,20224,644972,270936,67099,37910,179926,84944,16793,17,14
2021-06-15T23:59:59+02:00,1100,1030,29349,27678,44010,40481,56585,57655,79045,81917,93631,93898,67624,73838,48705,59495,13733,23544,7783,7671,14207,15145,16914,21834,22340,31573,27478,32170,41193,46078,39639,48364,11768,20004,630042,267903,67056,37408,179891,82538,16312,17,14
2021-06-14T23:59:59+02:00,1008,917,27807,26203,42408,38969,54935,56015,77952,80813,92937,93275,67372,73598,48609,59372,13713,23500,7598,7497,13831,14817,16393,21398,21656,30994,26807,31578,40814,45658,39257,47916,11637,19799,616841,265261,67002,36999,179863,79708,15680,17,14
2021-06-13T23:59:59+02:00,984,892,27605,26021,42025,38640,54398,55497,77606,80509,92745,93085,67283,73518,48572,59316,13698,23475,7456,7327,13567,14525,16013,21007,21230,30507,26279,31080,40417,45256,38799,47352,11458,19514,614145,263194,66871,36932,179832,76655,15004,17,14
2021-06-12T23:59:59+02:00,856,777,26070,24417,40854,37555,53725,54763,77074,80015,92194,92561,67128,73340,48503,59239,13685,23454,7410,7276,13447,14417,15880,20898,21046,30360,26163,30984,40400,45240,38791,47342,11458,19513,604557,262421,66868,36930,179825,76329,14943,17,14
2021-06-11T23:59:59+02:00,742,668,24445,22882,39495,36363,52501,53557,76105,79164,91616,91986,66893,73106,48442,59131,13666,23419,7352,7187,13277,14237,15670,20707,20777,30105,25897,30730,40092,44864,38707,47228,11441,19485,592770,260547,66791,36785,179817,75636,14786,17,14
2021-06-10T23:59:59+02:00,642,581,23451,21868,38275,35182,50907,52059,74788,77974,90008,90445,66539,72713,48316,58959,13640,23365,7072,6964,12759,13804,15043,20142,20018,29355,25107,30060,39397,44004,38357,46814,11329,19302,579881,257122,66319,36751,179767,71924,13728,17,14
2021-06-09T23:59:59+02:00,572,532,23002,21477,37618,34662,49796,51022,73550,76780,89417,89941,66414,72570,48266,58874,13625,23335,6800,6653,12164,13202,14264,19337,19107,28338,24129,28907,36838,41107,37793,46171,11181,19062,572733,246861,65863,36677,179725,68399,13115,17,13
2021-06-08T23:59:59+02:00,466,421,21489,20003,36008,33297,47690,49066,71416,74848,87949,88466,66101,72184,48133,58715,13593,23291,6670,6475,11790,12838,13788,18855,18506,27739,23577,28378,36556,40854,37504,45806,11073,18906,555378,245229,65589,36602,179696,65027,12456,17,13
2021-06-07T23:59:59+02:00,351,328,20483,19018,34461,31958,45416,47042,69283,72971,86973,87615,65879,71920,48059,58579,13573,23256,6518,6312,11371,12491,13252,18379,17779,27153,22947,27783,36236,40549,37086,45326,10960,18710,540179,243254,65419,36538,179640,61149,11910,17,13
2021-06-06T23:59:59+02:00,328,307,20301,18873,34068,31676,44811,46479,68668,72491,86764,87447,65823,71861,48048,58551,13566,23244,6385,6143,11051,12081,12825,17809,17146,26347,22254,26980,35770,40078,36607,44774,10804,18442,537081,240827,65097,36491,179596,56662,11515,17,13
2021-06-05T23:59:59+02:00,256,242,19050,17590,32727,30457,43582,45303,68093,71970,86234,86937,65732,71759,48000,58503,13559,23232,6334,6064,10948,11931,12702,17639,16980,26144,22087,26798,35709,39999,36585,44749,10802,18437,527060,240241,65097,36077,179557,56094,11495,17,13
2021-06-04T23:59:59+02:00,175,174,17851,16435,31411,29163,42027,43807,66750,70652,85422,86186,65545,71545,47924,58413,13543,23204,6232,5922,10775,11725,12487,17391,16627,25761,21570,26361,34826,39154,36271,44451,10785,18414,514206,238427,65030,35752,179550,53147,11424,17,13
2021-06-03T23:59:59+02:00,120,121,17211,15861,30427,28338,40572,42522,64981,69123,83172,83904,65121,71093,47796,58251,13525,23166,6062,5716,10471,11374,12172,16935,16183,25105,21028,25783,34161,38367,36097,44249,10752,18364,500437,236123,64337,35369,179508,50320,11005,17,13
2021-06-02T23:59:59+02:00,92,78,16871,15553,30120,28079,39905,41901,63394,67737,82233,83104,64980,70930,47736,58168,13522,23151,5951,5624,10301,11223,11950,16725,15890,24804,20689,25393,30930,34756,35872,44027,10723,18310,492951,227483,64336,35043,179506,49895,10744,17,13
2021-06-01T23:59:59+02:00,38,43,16084,14884,28631,26994,37559,39849,59846,64564,79812,80792,64630,70566,47608,57983,13489,23096,5674,5336,9785,10789,11414,16133,15224,24017,19950,24642,30586,34460,35673,43848,10695,18248,474696,225989,62784,34546,179437,46403,9534,17,12
2021-05-31T23:59:59+02:00,30,35,15515,14407,27697,26299,35596,38185,56410,61541,77782,79089,64296,70210,47465,57808,13456,23043,5512,5121,9378,10427,10987,15657,14692,23338,19325,23936,30300,34210,35491,43654,10659,18191,458932,225325,62072,34161,179371,42917,8472,17,12
2021-05-30T23:59:59+02:00,29,32,15369,14281,27418,26073,35146,37779,55700,60923,77460,78815,64236,70152,47440,57773,13452,23033,5410,4931,9051,10060,10578,15173,14245,22540,18801,23168,29626,33497,35265,43460,10637,18130,455963,224879,61639,34081,179327,37444,8165,17,12
2021-05-29T23:59:59+02:00,27,31,14972,13883,26566,25253,33386,36185,54221,59630,76870,78248,64085,70004,47387,57720,13445,23019,5376,4855,8989,9949,10490,15060,14139,22395,18672,23032,29596,33474,35259,43452,10636,18127,445825,224412,61608,34081,179322,36845,8160,17,12
2021-05-28T23:59:59+02:00,23,30,14561,13477,25749,24505,31536,34420,52050,57626,75815,77253,63880,69755,47335,57643,13435,22996,5291,4738,8817,9803,10339,14892,13982,22162,18465,22730,29527,33428,35242,43436,10635,18123,433849,223761,61138,34075,179234,35920,7851,17,12
2021-05-27T23:59:59+02:00,19,26,13936,13007,24685,23783,30292,33494,50446,56253,72722,74274,63442,69219,47200,57481,13411,22942,5177,4499,8490,9468,9942,14467,13545,21532,17967,22135,29308,33224,35133,43324,10613,18095,421712,223139,59186,34004,178610,32666,7107,17,12
2021-05-26T23:59:59+02:00,18,24,13447,12577,23774,23133,29377,32800,49358,55328,69766,71088,62830,68610,47065,57311,13381,22896,5091,4334,8235,9154,9646,14081,13190,20934,17534,21538,29117,33057,35035,43220,10587,18045,410900,222540,57012,33886,178114,29629,6740,17,12
2021-05-25T23:59:59+02:00,18,21,13104,12277,23197,22729,28329,31946,46763,53098,67502,68963,62479,68243,46952,57162,13364,22845,5011,4213,8030,8898,9392,13711,12878,20415,17158,20993,28960,32906,34952,43119,10561,17990,399068,222016,55947,33806,177495,26897,6465,17,12
2021-05-24T23:59:59+02:00,17,20,12806,11996,22696,22347,27713,31497,44143,50667,65053,66777,62173,67946,46842,57037,13331,22790,4938,4108,7781,8668,9079,13334,12553,19906,16773,20438,28817,32768,34878,43048,10540,17945,387427,221458,55465,33743,176833,24261,6109,17,12
2021-05-23T23:59:59+02:00,17,20,12747,11926,22601,22264,27633,31421,43887,50439,64468,66228,62094,67858,46817,57019,13329,22788,4918,4093,7744,8638,9021,13303,12475,19847,16700,20384,28808,32756,34875,43042,10540,17944,385229,221189,55386,33737,176821,24056,6103,17,12
2021-05-22T23:59:59+02:00,17,20,12523,11687,22281,21961,26630,30533,42054,48857,63614,65490,61933,67667,46751,56928,13319,22765,4902,4038,7717,8576,8981,13240,12445,19765,16672,20320,28798,32746,34871,43036,10539,17943,376745,221105,55375,33737,176816,23667,6077,17,12
2021-05-21T23:59:59+02:00,17,19,12218,11434,21711,21523,25823,29849,39669,46969,61645,63827,61673,67396,46667,56840,13304,22740,4883,4010,7663,8489,8915,13154,12367,19671,16599,20236,28782,32721,34864,43026,10537,17942,366360,220910,54316,33724,176626,23217,6005,17,12
2021-05-20T23:59:59+02:00,16,19,11597,10857,20597,20637,24685,28831,38165,45692,59307,61763,60857,66497,46468,56584,13270,22685,4602,3830,7265,8197,8476,12759,11915,19161,16183,19717,28661,32627,34813,42975,10533,17932,355907,220516,51965,33616,175353,20226,5285,17,12
2021-05-19T23:59:59+02:00,16,19,11158,10544,19811,20092,23840,28237,37266,45009,56084,58136,60167,65794,46359,56450,13248,22638,4449,3664,7010,7953,8199,12429,11588,18734,15814,19295,28564,32514,34771,42901,10523,17917,345482,220039,50353,33503,174221,17985,4795,17,12
2021-05-18T23:59:59+02:00,16,19,10826,10258,19239,19640,23201,27681,35869,43786,54682,57018,59800,65373,46231,56288,13223,22613,4342,3539,6765,7721,7942,12147,11356,18340,15469,18867,28481,32425,34741,42862,10519,17910,340134,219758,48515,33426,172756,15898,4341,17,12
2021-05-17T23:59:59+02:00,15,18,10606,10076,18807,19355,22773,27375,34671,42791,53378,55988,59554,65127,46168,56189,13207,22580,4270,3452,6557,7503,7691,11857,11100,17946,15161,18464,28391,32339,34717,42821,10513,17897,336077,219477,47529,33359,171246,14031,3809,17,12
2021-05-16T23:59:59+02:00,15,17,10418,9944,18515,19154,22438,27135,34036,42332,52143,54819,59361,64963,46132,56135,13196,22560,4202,3376,6339,7338,7399,11605,10834,17594,14868,18101,28327,32277,34701,42803,10506,17893,333649,219236,46653,33298,169631,12264,3363,17,11
2021-05-15T23:59:59+02:00,15,17,10320,9843,18364,19009,22270,26995,33652,41963,51749,54444,59245,64815,46084,56090,13193,22544,4161,3341,6255,7273,7304,11501,10732,17475,14760,17972,28233,32159,34610,42710,10502,17888,331260,218145,46652,33297,169496,12245,3187,17,11
2021-05-14T23:59:59+02:00,14,17,10037,9635,17932,18769,21871,26712,31297,40192,49605,52592,59028,64589,46036,56007,13177,22522,4032,3259,5970,7111,6996,11277,10387,17128,14417,17646,27660,31454,34490,42518,10484,17859,322125,214860,46599,33293,168883,12125,2408,17,11
2021-05-13T23:59:59+02:00,14,17,9575,9258,17140,18206,20999,26035,30179,39211,47366,50422,58183,63619,45827,55724,13138,22450,3528,3062,5633,6857,6685,10971,9981,16741,14043,17214,26766,30260,34068,42005,10453,17797,313638,210286,44736,32741,166872,10933,2102,15,11
2021-05-12T23:59:59+02:00,14,17,9282,9067,16708,17950,20531,25751,29651,38825,44368,46783,57609,62980,45743,55612,13120,22425,3387,2974,5404,6746,6407,10826,9699,16533,13805,16951,26122,29443,33903,41810,10427,17763,304485,207268,43912,32718,166580,10765,1446,13,11
2021-05-11T23:59:59+02:00,14,15,8840,8783,15937,17435,19671,25136,27911,37380,42441,45284,57232,62534,45658,55477,13100,22398,3268,2843,5174,6404,6106,10412,9339,15974,13367,16395,24699,27779,33396,41189,10376,17678,298997,201314,40855,32537,164103,9268,1278,13,10
2021-05-10T23:59:59+02:00,14,14,8581,8630,15427,17186,19044,24821,26923,36699,40989,44141,56974,62263,45581,55374,13079,22370,3159,2715,4945,6174,5851,10088,9014,15498,13006,15977,23653,26452,32911,40603,10341,17620,295733,196674,39948,32511,161445,7849,972,12,8
2021-05-09T23:59:59+02:00,14,14,8424,8546,15121,17003,18669,24572,26255,36276,39212,42488,56678,61984,45528,55316,13071,22352,3039,2661,4765,6037,5682,9915,8818,15293,12838,15803,23379,26121,32767,40428,10331,17605,292788,195483,39577,32470,158448,6830,698,12,8
2021-05-08T23:59:59+02:00,14,14,8350,8471,14944,16858,18460,24375,26029,36038,38981,42299,56551,61835,45492,55279,13068,22342,3032,2643,4732,6001,5639,9869,8741,15229,12752,15733,23011,25695,32485,40117,10323,17589,291239,194297,39124,31767,158327,6828,698,12,8
2021-05-07T23:59:59+02:00,13,13,8176,8374,14621,16678,18079,24144,25608,35753,38533,41921,56278,61483,45443,55233,13063,22332,2728,2509,4382,5817,5371,9608,8429,14919,12361,15337,21919,24326,31843,39289,10295,17539,288731,190862,38697,30275,158001,5230,304,12,8
2021-05-06T23:59:59+02:00,12,13,7523,8012,13727,16080,17029,23299,24271,34644,36386,40260,55152,60165,45200,54928,13028,22266,2601,2396,4209,5621,5162,9298,8086,14477,11929,14885,20619,22647,30993,38287,10244,17428,278110,185265,37420,29318,156186,4031,267,12,8
2021-05-05T23:59:59+02:00,10,13,6984,7706,12943,15528,16005,22535,22893,33621,34566,38777,53316,58133,44884,54583,12995,22200,2511,2336,4035,5464,4974,9086,7741,14138,11564,14529,19235,20868,29806,36875,10204,17326,266683,179157,36505,28153,154404,3293,88,12,8
2021-05-04T23:59:59+02:00,10,12,6795,7611,12586,15358,15522,22265,22255,33277,33610,38083,52462,57173,44763,54457,12977,22159,2455,2265,3882,5294,4800,8830,7403,13731,11138,14070,17588,18947,28715,35548,10110,17206,262939,172363,35642,27224,152749,2360,34,11,8
2021-05-03T23:59:59+02:00,10,12,6648,7464,12212,15142,15017,21956,21549,32873,32462,37194,52164,56857,44667,54350,12962,22127,2396,2194,3789,5115,4661,8595,7188,13384,10817,13662,16389,17455,27839,34451,10046,17099,259659,166817,35183,26873,150789,1365,24,11,8
2021-05-02T23:59:59+02:00,10,12,6569,7374,12004,14970,14724,21723,21076,32553,31312,36250,51881,56567,44605,54260,12946,22096,2383,2187,3768,5083,4632,8559,7123,13313,10735,13573,16078,17062,27543,34146,10034,17087,257240,165261,35113,26763,148545,1260,23,11,6
2021-05-01T23:59:59+02:00,10,12,6551,7349,11942,14925,14647,21664,20978,32481,31186,36158,51875,56551,44601,54259,12944,22094,2380,2178,3745,5066,4590,8534,7086,13276,10675,13518,15880,16839,27427,34009,10031,17077,256686,164295,35113,26736,148394,1258,23,11,6
2021-04-30T23:59:59+02:00,10,12,6512,7311,11852,14836,14542,21549,20783,32296,30948,35968,51603,56192,44556,54205,12939,22082,2352,2158,3683,5004,4496,8426,6935,13093,10400,13255,15072,15814,26560,32938,9990,16989,254916,161104,35071,24853,148176,1187,22,11,6
2021-04-29T23:59:59+02:00,10,12,6308,7188,11534,14649,14190,21313,20265,32010,30194,35478,50957,55367,44465,54091,12916,22008,2315,2112,3591,4915,4371,8291,6742,12876,10127,12970,14101,14584,25257,31396,9929,16897,251762,155417,34979,24108,146182,929,21,11,6
2021-04-28T23:59:59+02:00,10,12,6041,7023,11158,14317,13702,20850,19631,31407,29029,34351,48296,52377,44175,53767,12853,21930,2276,2072,3522,4855,4256,8176,6582,12692,9881,12752,12963,13107,23772,29524,9868,16794,241863,149470,34854,22905,144192,709,9,11,6
2021-04-27T23:59:59+02:00,10,12,5939,6931,11009,14197,13504,20689,19354,31196,28470,33968,48091,52157,44119,53717,12845,21908,2234,2038,3431,4761,4163,8067,6417,12508,9603,12476,11755,11546,22121,27372,9792,16649,240506,142672,34807,21721,142783,532,9,11,6
2021-04-26T23:59:59+02:00,10,12,5891,6887,10896,14132,13345,20569,19128,30987,27642,33399,47754,51792,44067,53652,12836,21879,2213,2009,3379,4718,4100,7997,6315,12377,9416,12301,10841,10389,20845,25626,9734,16563,239797,137411,34783,20984,140278,422,9,11,4
2021-04-25T23:59:59+02:00,10,12,5845,6840,10793,14037,13185,20417,18884,30704,26884,32663,47257,51280,43984,53553,12822,21860,2186,1998,3349,4699,4082,7978,6282,12337,9359,12241,10680,10197,20604,25303,9724,16549,238105,136557,34742,20642,138163,363,9,11,4
2021-04-24T23:59:59+02:00,10,12,5824,6792,10718,13953,13089,20276,18753,30530,26722,32485,47157,51157,43891,53459,12818,21855,2179,1988,3325,4672,4043,7932,6210,12264,9229,12124,10523,10016,20472,25172,9708,16531,236647,136035,34726,20002,138108,345,9,11,4
2021-04-23T23:59:59+02:00,10,12,5760,6701,10588,13754,12891,20024,18448,30157,26331,32125,46213,50026,43737,53214,12796,21823,2161,1967,3283,4638,3995,7877,6116,12175,9064,11996,10256,9718,20148,24754,9659,16451,232272,134914,34670,19004,137648,334,9,11,4
2021-04-22T23:59:59+02:00,10,12,5657,6586,10381,13559,12542,19693,17940,29685,25703,31533,44483,47874,43164,52484,12750,21722,2148,1956,3243,4586,3920,7803,5988,12075,8806,11831,9827,9311,19697,24165,9609,16373,226036,132802,34560,18227,135162,302,9,11,4
2021-04-21T23:59:59+02:00,10,11,5563,6448,10152,13357,12214,19381,17438,29191,24989,30804,40218,43015,42689,51948,12684,21618,2136,1947,3208,4550,3865,7745,5911,11983,8631,11671,9498,8928,19199,23577,9550,16278,213953,131167,34494,17224,133263,279,9,11,4
2021-04-20T23:59:59+02:00,10,11,5484,6358,9959,13142,11940,19118,17018,28783,24437,30243,38463,41006,42036,51173,12614,21480,2111,1934,3169,4525,3799,7700,5780,11887,8460,11543,9216,8608,18730,22913,9453,16137,207746,129810,34404,15923,131106,225,9,10,4
2021-04-19T23:59:59+02:00,10,10,5404,6280,9801,13015,11739,18914,16656,28402,23896,29775,36909,39216,41448,50447,12558,21391,2095,1916,3134,4491,3760,7657,5741,11817,8378,11452,8980,8325,18327,22347,9407,16047,202729,128128,34349,15534,128776,205,9,8,4
2021-04-18T23:59:59+02:00,10,9,5342,6229,9671,12932,11541,18777,16378,28204,23493,29464,35604,37855,41100,50041,12526,21329,2083,1900,3105,4470,3734,7641,5696,11771,8327,11403,8880,8234,18174,22159,9394,16024,201198,127642,34310,15146,124980,200,9,8,4
2021-04-17T23:59:59+02:00,10,9,5336,6213,9636,12901,11496,18737,16302,28138,23429,29406,35295,37517,40993,49944,12520,21318,2073,1892,3078,4458,3676,7596,5625,11721,8241,11352,8771,8126,18071,22043,9373,16011,199973,126846,34301,15056,124909,198,9,8,4
2021-04-16T23:59:59+02:00,10,9,5273,6174,9547,12842,11364,18627,16093,27980,23086,29060,34217,36260,40587,49424,12500,21285,1940,1804,2855,4281,3323,7282,4866,11195,6767,10272,6303,6114,16285,20380,9184,15714,195844,117670,34217,10692,124260,196,9,8,4
2021-04-15T23:59:59+02:00,10,9,5206,6084,9347,12672,11068,18379,15597,27587,22396,28462,32320,33943,39546,48215,12424,21121,1895,1772,2790,4217,3208,7163,4649,11015,6394,9963,5844,5719,15696,19696,8998,15386,190032,114565,34166,9644,120171,189,9,8,4
2021-04-14T23:59:59+02:00,10,8,5145,6038,9178,12543,10849,18202,15196,27274,21751,27983,30399,31693,38330,46800,12350,20936,1814,1717,2707,4151,3099,7071,4447,10849,6090,9712,5364,5307,15112,19008,8796,15038,183668,111955,34029,8187,116971,133,9,8,4
2021-04-13T23:59:59+02:00,10,8,5097,5984,9041,12413,10670,18033,14856,27000,21229,27518,28302,29246,37073,45208,12210,20733,1769,1701,2670,4108,3044,7010,4317,10708,5820,9502,5024,5002,14665,18559,8664,14839,176795,110540,33965,6819,113854,36,9,8,4
2021-04-12T23:59:59+02:00,9,8,5036,5936,8932,12277,10468,17885,14537,26721,20689,27062,26264,26979,35917,43745,12083,20536,1736,1659,2641,4089,3018,6957,4257,10640,5716,9402,4864,4858,14367,18190,8553,14640,171089,109704,33892,5842,110086,34,9,8,4
2021-04-11T23:59:59+02:00,9,8,4997,5893,8841,12198,10310,17784,14276,26544,20266,26738,25067,25694,35212,42961,11996,20389,1727,1653,2620,4069,2996,6932,4224,10594,5630,9335,4773,4804,14252,18068,8515,14588,169311,109507,33822,5237,106033,29,9,8,4
2021-04-10T23:59:59+02:00,9,8,4986,5879,8800,12172,10255,17750,14208,26495,20170,26658,24753,25320,34869,42542,11989,20368,1722,1648,2611,4060,2982,6916,4195,10565,5573,9296,4695,4725,14126,17906,8469,14504,168101,108720,33102,5237,106011,29,9,8,4
2021-04-09T23:59:59+02:00,9,8,4940,5849,8715,12094,10133,17627,14041,26320,19910,26417,23922,24169,33919,41338,11956,20295,1694,1618,2557,4025,2910,6854,4045,10452,5322,9071,4276,4351,13566,17194,8243,14140,164754,105054,31594,5230,105299,29,7,8,4
2021-04-08T23:59:59+02:00,9,8,4863,5784,8568,11984,9919,17451,13645,26007,19308,25949,22222,22191,32237,39376,11810,20061,1664,1602,2503,3978,2829,6768,3897,10314,5031,8808,3824,3926,12584,15952,7773,13383,159015,100097,30689,4710,101673,24,7,8,4
2021-04-07T23:59:59+02:00,9,7,4816,5732,8388,11908,9691,17302,13325,25780,18840,25589,20413,20079,30483,37119,11695,19850,1631,1586,2449,3926,2768,6688,3788,10168,4843,8619,3563,3638,11902,15147,7404,12838,152982,96797,29516,4143,98513,13,7,8,4
2021-04-06T23:59:59+02:00,9,7,4769,5687,8244,11796,9530,17138,13008,25515,18323,25204,18562,18018,28568,34632,11500,19508,1597,1567,2427,3900,2735,6651,3723,10124,4763,8530,3456,3515,11426,14503,7124,12432,146161,94501,28560,3955,95282,12,7,8,4
2021-04-05T23:59:59+02:00,9,7,4738,5645,8148,11707,9392,17038,12796,25304,17924,24857,16838,16084,26943,32489,11356,19286,1577,1556,2397,3881,2706,6603,3681,10065,4678,8415,3346,3408,11089,14135,6968,12153,140756,93115,28125,3526,91667,12,7,6,4
2021-04-04T23:59:59+02:00,9,7,4730,5639,8140,11696,9379,17025,12771,25284,17896,24832,16706,15910,26747,32242,11347,19273,1576,1555,2395,3878,2704,6600,3679,10062,4674,8412,3336,3395,11078,14123,6966,12145,140036,93036,28033,3526,91554,12,6,4,4
2021-04-03T23:59:59+02:00,9,7,4726,5631,8126,11688,9359,17005,12732,25253,17818,24770,16626,15821,26702,32185,11342,19266,1573,1553,2386,3870,2686,6586,3655,10034,4592,8357,3218,3280,10996,14049,6960,12135,139509,92388,28005,3526,91542,12,6,4,4
2021-04-02T23:59:59+02:00,9,7,4700,5611,8069,11634,9296,16937,12593,25147,17584,24570,16175,15344,26227,31613,11310,19213,1571,1544,2373,3864,2679,6570,3634,10002,4523,8264,3149,3212,10759,13750,6808,11934,138308,91098,26597,3522,91124,12,6,4,4
2021-04-01T23:59:59+02:00,8,7,4657,5550,7957,11493,9165,16777,12320,24862,17139,24171,15427,14619,25473,30655,11185,19032,1554,1522,2342,3832,2657,6540,3594,9963,4455,8199,3038,3084,9831,12638,6200,11088,136079,87107,25933,3418,88477,10,4,4,4
2021-03-31T23:59:59+02:00,8,7,4448,5470,7847,11371,9025,16612,12102,24586,16788,23806,14731,13857,24641,29648,11080,18840,1545,1517,2328,3812,2631,6512,3546,9915,4385,8129,2948,2994,9261,11943,5838,10593,134286,84691,24479,3194,86094,10,4,4,4
2021-03-30T23:59:59+02:00,8,7,4417,5417,7775,11244,8939,16454,11940,24396,16511,23497,14139,13214,23886,28671,10943,18599,1531,1507,2308,3787,2605,6483,3506,9849,4315,8058,2825,2848,8679,11290,5488,10107,132813,82381,23269,2797,83967,6,4,4,4
2021-03-29T23:59:59+02:00,8,7,4376,5359,7675,11132,8833,16293,11782,24124,16186,23151,13598,12617,23128,27700,10790,18354,1513,1494,2289,3771,2584,6454,3471,9793,4252,7983,2772,2780,8392,10905,5298,9799,130982,81003,22520,2539,81603,6,4,4,4
2021-03-28T23:59:59+02:00,8,7,4342,5274,7590,11025,8756,16141,11648,23895,15929,22878,13274,12308,22562,27010,10616,18075,1504,1489,2267,3757,2570,6425,3431,9743,4214,7927,2724,2729,8315,10801,5255,9734,130485,80665,22002,2212,78843,6,4,4,4
2021-03-27T23:59:59+01:00,8,7,4328,5263,7564,10995,8691,16070,11548,23799,15787,22762,13068,12095,22362,26800,10581,18046,1503,1487,2264,3755,2569,6424,3418,9720,4203,7905,2714,2722,8259,10736,5221,9694,129606,80374,21359,2212,78801,6,4,4,4
2021-03-26T23:59:59+01:00,8,7,4285,5194,7455,10865,8516,15888,11216,23500,15179,22258,12155,11280,21581,25966,10440,17823,1498,1473,2259,3734,2556,6401,3401,9694,4162,7868,2684,2683,8082,10519,5104,9527,125593,79537,19763,2098,78252,6,4,4,4
2021-03-25T23:59:59+01:00,8,6,4226,5035,7294,10587,8273,15485,10834,22879,14541,21562,11486,10621,20716,24900,10128,17288,1478,1459,2227,3708,2522,6362,3364,9646,4092,7787,2550,2545,7110,9272,4499,8623,122336,75371,18990,1864,74536,6,3,4,4
2021-03-24T23:59:59+01:00,8,6,4151,4895,7159,10304,8059,15072,10573,22335,14075,20956,10884,10062,19786,23816,9805,16727,1457,1429,2201,3671,2477,6327,3323,9583,4014,7688,2451,2446,6468,8512,4118,8044,119753,72755,17806,1448,71109,5,1,4,4
2021-03-23T23:59:59+01:00,8,6,4111,4801,7052,10070,7906,14734,10318,21832,13675,20465,10420,9620,19067,22966,9495,16266,1445,1411,2175,3650,2456,6301,3262,9529,3923,7614,2359,2344,5742,7587,3674,7357,118299,69701,16704,1123,67805,5,0,4,4
2021-03-22T23:59:59+01:00,8,6,4059,4721,6925,9829,7747,14414,10062,21368,13328,19968,10029,9264,18504,22256,9308,15926,1436,1404,2166,3636,2444,6285,3239,9506,3894,7581,2298,2293,5290,6984,3328,6869,117417,67611,16307,1036,63994,5,0,4,4
2021-03-21T23:59:59+01:00,8,6,4013,4616,6794,9564,7581,14059,9840,20830,12988,19444,9709,8986,17975,21653,9118,15619,1433,1401,2165,3625,2441,6278,3233,9497,3884,7567,2284,2274,5173,6852,3270,6768,117222,67103,15913,1036,59664,5,0,4,4
2021-03-20T23:59:59+01:00,8,6,4002,4594,6759,9510,7523,13988,9756,20725,12884,19355,9622,8892,17840,21480,9068,15532,1430,1397,2161,3622,2436,6273,3220,9487,3865,7557,2249,2242,4850,6479,3086,6527,116402,65839,15818,1036,59320,5,0,4,4
2021-03-19T23:59:59+01:00,8,6,3828,4453,6469,9258,7082,13566,8844,19996,11159,18028,6780,6554,15614,19287,8716,14971,1426,1393,2156,3616,2424,6260,3208,9463,3815,7511,2182,2201,4481,6007,2824,6212,107150,64169,11122,1004,56343,5,0,4,4
2021-03-18T23:59:59+01:00,8,5,3723,4320,6292,8949,6817,13127,8454,19340,10521,17291,6072,5901,14402,17820,8209,14158,1422,1387,2131,3589,2406,6224,3178,9420,3774,7476,2137,2167,4063,5479,2543,5803,102058,62298,10119,896,53228,4,0,4,4
2021-03-17T23:59:59+01:00,8,5,3646,4246,6161,8805,6651,12949,8160,19030,10122,16899,5667,5518,13587,16890,7816,13583,1412,1375,2115,3570,2376,6192,3147,9392,3737,7440,2081,2108,3657,5033,2294,5420,98835,60582,8439,762,52465,4,0,4,4
2021-03-16T23:59:59+01:00,7,5,3568,4111,6010,8534,6444,12582,7846,18446,9577,16243,5147,5065,12775,15929,7486,13093,1403,1366,2106,3554,2361,6178,3132,9372,3711,7414,2053,2072,3139,4394,1960,4915,96526,58368,7039,758,49299,3,0,4,4
2021-03-15T23:59:59+01:00,7,5,3521,3964,5825,8257,6226,12173,7572,17874,9140,15619,4833,4784,12122,15186,7223,12636,1403,1356,2090,3539,2341,6153,3114,9324,3687,7375,2017,2022,2778,3935,1676,4523,95036,56585,6070,744,45857,3,0,4,4
2021-03-14T23:59:59+01:00,7,5,3475,3832,5598,7928,5941,11729,7267,17155,8679,14868,4520,4512,11832,14930,7178,12537,1396,1350,2074,3510,2326,6103,3096,9266,3670,7336,2010,2011,2700,3828,1624,4439,94918,56186,5465,550,41606,2,0,4,4
2021-03-13T23:59:59+01:00,7,5,3459,3792,5559,7820,5882,11614,7186,17016,8537,14719,4368,4363,11740,14843,7172,12526,1396,1350,2074,3510,2325,6103,3095,9265,3669,7336,2007,2003,2648,3773,1590,4385,94229,55976,5465,550,40910,2,0,4,4
2021-03-12T23:59:59+01:00,7,5,3441,3720,5503,7684,5820,11467,7103,16792,8403,14486,4261,4267,11470,14520,7018,12311,1396,1350,2070,3504,2324,6095,3091,9259,3668,7330,2005,2001,2562,3663,1510,4299,92813,55574,5457,550,40004,2,0,4,4
2021-03-11T23:59:59+01:00,7,5,3363,3525,5295,7386,5589,11049,6765,16127,7973,13849,3926,3933,10399,13266,6371,11410,1391,1347,2060,3491,2305,6070,3068,9225,3645,7298,1976,1976,2325,3402,1360,4081,88648,54500,5041,517,36545,2,0,4,4
2021-03-10T23:59:59+01:00,7,5,3268,3407,5083,7116,5376,10693,6495,15581,7638,13306,3706,3706,9758,12474,5987,10877,1387,1336,2033,3453,2275,5980,3020,9104,3587,7180,1933,1900,2109,3165,1231,3893,86188,53301,4674,282,33617,2,0,4,4
2021-03-09T23:59:59+01:00,6,5,3194,3277,4928,6927,5182,10414,6267,15150,7340,12803,3523,3501,9130,11773,5615,10360,1380,1326,1997,3393,2244,5878,2959,8960,3520,7099,1904,1874,1835,2849,1063,3648,83927,51891,4420,35,31044,2,0,4,4
2021-03-08T23:59:59+01:00,6,5,3128,3118,4702,6662,4945,10061,6008,14639,6978,12215,3324,3309,8743,11330,5418,10048,1377,1308,1983,3315,2213,5785,2920,8815,3487,7006,1889,1852,1635,2618,945,3458,82460,50572,4059,33,28116,0,0,4,4
2021-03-07T23:59:59+01:00,6,5,3096,3059,4628,6550,4862,9948,5903,14476,6863,12070,3274,3267,8660,11225,5380,9981,1371,1303,1976,3303,2205,5758,2913,8776,3475,6987,1881,1840,1579,2551,893,3391,82111,50168,3895,33,27243,0,0,4,4
2021-03-06T23:59:59+01:00,6,5,3082,3001,4584,6460,4828,9885,5845,14362,6815,11961,3250,3244,8604,11159,5346,9938,1369,1290,1971,3289,2193,5731,2910,8748,3464,6968,1873,1816,1552,2527,888,3382,81795,49937,3895,33,26681,0,0,4,4
2021-03-05T23:59:59+01:00,6,5,3058,2908,4526,6351,4766,9786,5782,14211,6715,11808,3207,3189,8420,10929,5227,9766,1360,1257,1941,3234,2169,5624,2868,8614,3420,6830,1830,1771,1488,2456,866,3356,80898,49050,3887,33,25871,0,0,4,4
2021-03-04T23:59:59+01:00,4,5,3005,2715,4367,6113,4548,9476,5576,13791,6404,11418,3029,3013,7406,9641,4609,8854,1340,1207,1903,3111,2139,5441,2822,8338,3364,6598,1760,1682,1452,2408,862,3338,76758,47732,3617,32,23595,0,0,4,4
2021-03-03T23:59:59+01:00,3,5,2966,2643,4226,5922,4383,9209,5374,13414,6151,10998,2908,2883,6762,8872,4216,8252,1328,1169,1876,3040,2117,5332,2790,8162,3311,6441,1691,1638,1411,2338,842,3285,74050,46739,3389,32,21744,0,0,4,3
2021-03-02T23:59:59+01:00,3,5,2905,2554,4042,5706,4175,8937,5177,13039,5883,10624,2762,2726,5996,7908,3754,7547,1295,1126,1849,2968,2093,5194,2741,7889,3262,6243,1620,1578,1347,2259,822,3242,70895,45496,2943,32,19901,0,0,4,3
2021-03-01T23:59:59+01:00,3,4,2865,2492,3876,5555,3988,8717,4989,12717,5645,10238,2662,2612,5507,7254,3403,7043,1289,1090,1826,2867,2066,5003,2701,7639,3203,6007,1577,1542,1299,2200,796,3203,68749,44276,2645,32,18172,0,0,4,3
2021-02-28T23:59:59+01:00,3,4,2824,2443,3718,5437,3768,8528,4806,12467,5458,9934,2605,2540,5384,7098,3341,6942,1285,1085,1822,2853,2057,4979,2694,7603,3193,5990,1569,1535,1293,2191,794,3193,68273,44105,2427,31,16596,0,0,4,3
2021-02-27T23:59:59+01:00,3,3,2809,2378,3692,5357,3734,8459,4772,12377,5423,9861,2564,2506,5055,6711,3145,6692,1278,1077,1815,2841,2044,4944,2675,7538,3177,5934,1551,1526,1287,2180,791,3192,66967,43820,2427,30,16143,0,0,4,3
2021-02-26T23:59:59+01:00,3,3,2789,2337,3652,5273,3669,8357,4711,12269,5338,9773,2488,2453,4678,6230,2876,6369,1219,1027,1765,2732,1995,4763,2621,7264,3104,5723,1490,1475,1264,2158,777,3183,65176,42532,2302,29,15786,0,0,4,2
2021-02-25T23:59:59+01:00,3,3,2615,2228,3468,5092,3487,8134,4508,11983,5120,9499,2401,2388,4229,5678,2588,5948,1203,970,1734,2624,1942,4490,2549,6870,3010,5437,1446,1432,1244,2143,775,3174,63320,41019,1980,26,14068,0,0,4,1
2021-02-24T23:59:59+01:00,3,3,2460,2090,3278,4900,3339,7928,4311,11729,4901,9251,2264,2269,3776,5168,2331,5555,1188,942,1711,2538,1908,4351,2489,6614,2958,5231,1415,1401,1226,2123,771,3155,61557,40004,1511,18,12484,0,0,4,1
2021-02-23T23:59:59+01:00,3,3,2323,1952,3100,4672,3184,7697,4140,11456,4719,9005,2178,2175,3223,4503,1993,5043,1174,894,1680,2443,1869,4158,2421,6315,2860,4971,1358,1346,1197,2080,758,3130,59358,38641,1164,14,10843,0,0,4,1
2021-02-22T23:59:59+01:00,3,3,2283,1901,3015,4579,3114,7589,4046,11271,4612,8880,2128,2134,2859,4042,1707,4657,1162,835,1648,2317,1826,3913,2345,5921,2735,4673,1296,1291,1174,2047,752,3109,57688,37041,1080,4,10051,0,0,4,1
2021-02-21T23:59:59+01:00,3,3,2247,1869,2964,4510,3032,7475,3965,11125,4546,8763,2114,2111,2775,3928,1652,4569,1158,817,1631,2264,1801,3803,2312,5766,2672,4549,1264,1268,1164,2033,745,3096,57257,36340,1047,4,9343,0,0,4,1
2021-02-20T23:59:59+01:00,3,3,2236,1866,2942,4497,3016,7439,3939,11092,4525,8742,2111,2103,2721,3871,1617,4514,1158,814,1631,2262,1800,3794,2311,5761,2671,4545,1263,1265,1163,2030,744,3095,57042,36304,1046,4,9145,0,0,4,1
2021-02-19T23:59:59+01:00,2,3,2224,1853,2906,4445,2991,7351,3894,11010,4471,8679,2103,2097,2633,3758,1537,4421,1106,805,1592,2254,1790,3785,2301,5740,2662,4533,1257,1254,1152,2025,739,3088,56630,36080,1015,4,8729,0,0,4,1
2021-02-18T23:59:59+01:00,2,3,2092,1757,2749,4261,2867,7152,3757,10723,4332,8476,2071,2063,2394,3493,1385,4199,1027,770,1517,2156,1741,3663,2229,5582,2606,4446,1243,1234,1147,2011,729,3070,55576,35168,948,4,7248,0,0,4,1
2021-02-17T23:59:59+01:00,2,3,2048,1708,2657,4127,2758,6938,3604,10382,4191,8234,2014,1980,2175,3264,1261,4012,873,707,1408,2031,1666,3473,2135,5358,2533,4275,1209,1189,1122,1966,714,3030,54514,33687,803,3,6037,0,0,4,1
2021-02-16T23:59:59+01:00,2,3,1875,1595,2483,3920,2619,6663,3443,10028,4015,7927,1970,1953,1900,2945,1091,3760,846,685,1336,1957,1598,3331,2040,5187,2436,4144,1148,1142,1064,1876,682,2937,53187,32408,767,2,4234,0,0,4,1
2021-02-15T23:59:59+01:00,2,3,1841,1540,2395,3752,2541,6390,3320,9661,3900,7658,1944,1926,1685,2707,970,3574,828,672,1307,1911,1557,3263,1985,5015,2373,4044,1083,1102,1000,1786,663,2844,52095,31433,754,1,2956,0,0,4,1
2021-02-14T23:59:59+01:00,2,3,1752,1509,2350,3690,2499,6300,3250,9558,3854,7580,1933,1916,1628,2648,920,3515,813,662,1290,1886,1530,3240,1951,4975,2348,3989,1073,1093,993,1776,660,2832,51763,31111,725,1,2415,0,0,4,1
2021-02-13T23:59:59+01:00,2,3,1751,1497,2340,3683,2493,6286,3246,9542,3847,7570,1925,1896,1605,2628,917,3505,813,662,1290,1886,1530,3240,1951,4975,2348,3989,1073,1093,993,1776,660,2832,51609,31111,725,1,2398,0,0,4,1
2021-02-12T23:59:59+01:00,2,3,1671,1411,2241,3571,2413,6112,3141,9304,3725,7305,1878,1840,1542,2556,894,3478,807,655,1278,1865,1515,3221,1943,4944,2332,3969,1068,1088,992,1757,660,2802,50670,30896,725,1,1688,0,0,4,1
2021-02-11T23:59:59+01:00,2,3,1468,1273,2058,3356,2285,5820,2989,8872,3566,6959,1806,1739,1500,2496,880,3456,779,604,1184,1686,1390,2947,1804,4585,2169,3683,1018,1027,951,1686,627,2671,49278,28811,684,1,562,0,0,4,1
2021-02-10T23:59:59+01:00,2,3,1372,1224,1970,3229,2217,5648,2907,8595,3454,6728,1735,1691,1455,2429,864,3399,565,520,962,1462,1252,2639,1619,4123,1966,3306,901,900,830,1435,548,2355,48113,25384,644,0,161,0,0,4,1
2021-02-09T23:59:59+01:00,2,3,1337,1174,1933,3137,2190,5468,2840,8253,3384,6470,1662,1629,1394,2369,847,3362,302,383,744,1199,1065,2264,1409,3587,1718,2854,733,736,662,1148,438,1909,46856,21152,515,0,80,0,0,3,1
2021-02-08T23:59:59+01:00,2,3,1330,1139,1902,3017,2152,5246,2788,7972,3325,6234,1621,1595,1349,2314,831,3342,266,342,643,1044,959,2046,1249,3197,1521,2538,630,617,558,969,381,1659,45736,18620,344,0,79,0,0,3,1
2021-02-07T23:59:59+01:00,2,3,1303,1123,1873,2965,2127,5164,2759,7869,3283,6169,1605,1579,1334,2295,820,3327,232,286,595,954,899,1891,1157,2972,1424,2367,590,597,537,936,371,1630,45454,17440,143,0,0,0,0,3,0
2021-02-06T23:59:59+01:00,2,3,1298,1117,1867,2953,2118,5136,2746,7825,3272,6124,1592,1571,1329,2285,817,3326,213,252,573,917,871,1825,1115,2855,1367,2285,574,579,530,936,371,1630,45235,16895,143,0,0,0,0,3,0
2021-02-05T23:59:59+01:00,2,3,1237,1065,1818,2842,2066,4940,2687,7529,3195,5908,1529,1517,1310,2259,809,3319,197,223,538,870,837,1746,1076,2738,1314,2186,540,555,519,912,361,1605,43889,16219,143,0,0,0,0,3,0
2021-02-04T23:59:59+01:00,2,3,1225,1001,1777,2693,1995,4629,2603,7085,3095,5582,1484,1484,1292,2243,806,3311,169,169,465,753,738,1607,966,2500,1202,1971,493,503,476,858,343,1492,42273,14707,35,0,0,0,0,2,0
2021-02-03T23:59:59+01:00,2,3,1207,972,1746,2612,1956,4483,2536,6823,3043,5364,1447,1451,1263,2208,788,3282,138,140,392,641,622,1371,821,2122,1005,1685,378,369,341,644,240,1131,41149,12042,35,0,0,0,0,2,0
2021-02-02T23:59:59+01:00,2,3,1190,916,1714,2512,1913,4260,2462,6491,2936,5090,1394,1405,1240,2178,779,3258,117,116,315,520,519,1136,677,1792,815,1377,280,269,263,472,188,847,39706,9705,35,0,0,0,0,2,0
2021-02-01T23:59:59+01:00,1,3,1177,856,1679,2387,1863,4014,2385,6098,2817,4794,1327,1323,1209,2132,768,3233,84,76,215,349,346,741,429,1155,478,858,174,164,152,279,100,494,38029,6094,35,0,0,0,0,2,0
2021-01-31T23:59:59+01:00,1,3,1172,838,1662,2329,1839,3891,2353,5915,2750,4675,1296,1300,1198,2117,761,3221,73,70,182,279,269,575,340,902,396,691,148,148,144,271,96,480,37287,5064,32,0,0,0,0,2,0
2021-01-30T23:59:59+01:00,1,3,1172,835,1661,2324,1837,3880,2351,5904,2747,4665,1295,1296,1197,2116,761,3220,69,63,150,232,241,507,305,784,353,616,147,141,139,267,96,479,37232,4589,31,0,0,0,0,2,0
2021-01-29T23:59:59+01:00,1,3,1119,826,1622,2317,1826,3873,2343,5890,2739,4653,1291,1293,1193,2116,761,3220,61,45,113,177,197,353,248,635,309,488,136,132,127,256,93,479,37056,3849,29,0,0,0,0,1,0
2021-01-28T23:59:59+01:00,1,3,1044,801,1564,2257,1793,3804,2296,5819,2706,4599,1279,1281,1186,2110,752,3206,39,20,72,105,128,206,153,380,201,291,103,101,102,205,83,432,36474,2621,26,0,0,0,0,1,0
2021-01-27T23:59:59+01:00,1,3,894,750,1473,2182,1726,3689,2224,5689,2648,4474,1251,1237,1162,2071,740,3174,28,12,62,86,103,162,121,323,174,247,95,84,91,186,79,401,35370,2254,17,0,0,0,0,1,0
2021-01-26T23:59:59+01:00,1,3,880,731,1408,2109,1663,3559,2137,5517,2560,4363,1196,1197,1116,2000,716,3125,27,11,59,83,99,156,117,309,173,237,93,79,84,165,68,355,34269,2115,11,0,0,0,0,1,0
2021-01-25T23:59:59+01:00,1,3,867,710,1376,2049,1632,3462,2092,5351,2503,4273,1145,1172,1069,1943,698,3066,25,11,56,83,96,154,116,307,172,237,92,78,83,164,66,352,33409,2092,2,0,0,0,0,1,0
2021-01-24T23:59:59+01:00,1,3,864,709,1370,2038,1627,3445,2084,5325,2492,4241,1141,1166,1064,1936,697,3061,25,11,56,83,95,153,116,307,172,236,92,78,83,164,66,352,33261,2089,2,0,0,0,0,1,0
2021-01-23T23:59:59+01:00,1,3,864,709,1370,2038,1627,3445,2084,5325,2492,4241,1141,1166,1064,1936,697,3061,25,11,56,83,95,153,116,307,171,236,92,78,83,164,66,352,33261,2088,2,0,0,0,0,1,0
2021-01-22T23:59:59+01:00,1,3,864,699,1356,2016,1611,3421,2071,5291,2476,4221,1139,1161,1063,1913,696,3028,25,11,56,83,95,153,116,307,170,236,92,78,83,164,66,352,33027,2087,2,0,0,0,0,1,0
2021-01-21T23:59:59+01:00,1,3,833,662,1279,1861,1512,3231,1974,5019,2368,4023,1099,1102,1032,1833,658,2901,23,10,52,78,87,145,106,278,156,213,79,70,74,144,54,300,31388,1869,2,0,0,0,0,1,0
2021-01-20T23:59:59+01:00,1,3,630,563,1085,1643,1378,2957,1797,4614,2165,3686,974,984,914,1604,593,2631,21,10,51,74,84,144,99,265,145,194,69,64,69,122,45,268,28219,1724,2,0,0,0,0,1,0
2021-01-19T23:59:59+01:00,1,3,343,417,834,1386,1177,2618,1562,4087,1905,3237,807,816,750,1331,495,2226,17,7,36,52,55,78,73,178,101,131,52,49,48,91,34,207,23993,1209,1,0,0,0,0,1,0
2021-01-18T23:59:59+01:00,1,3,300,376,722,1198,1055,2364,1370,3590,1666,2857,679,667,605,1087,421,1841,7,3,11,17,19,27,24,50,25,46,12,11,13,33,7,61,20801,366,0,0,0,0,0,1,0
2021-01-17T23:59:59+01:00,1,3,259,321,656,1104,977,2193,1273,3315,1551,2646,634,638,578,1031,400,1783,0,0,1,0,2,2,2,1,2,2,1,4,1,0,0,1,19363,19,0,0,0,0,0,0,0
2021-01-16T23:59:59+01:00,1,3,242,289,640,1071,953,2130,1232,3205,1500,2573,618,621,571,1031,400,1782,0,0,0,0,1,2,1,1,1,2,0,1,1,0,0,1,18862,11,0,0,0,0,0,0,0
2021-01-15T23:59:59+01:00,1,3,227,256,611,1024,926,2052,1197,3089,1448,2477,587,595,564,1010,393,1770,0,0,0,0,0,0,0,0,0,0,0,0,0,0,0,0,18230,0,0,0,0,0,0,0,0
2021-01-14T23:59:59+01:00,1,2,197,204,551,902,837,1909,1104,2866,1333,2294,543,552,526,966,387,1728,0,0,0,0,0,0,0,0,0,0,0,0,0,0,0,0,16902,0,0,0,0,0,0,0,0
2021-01-13T23:59:59+01:00,1,2,165,185,502,833,765,1783,1006,2634,1179,2072,430,435,399,761,289,1331,0,0,0,0,0,0,0,0,0,0,0,0,0,0,0,0,14772,0,0,0,0,0,0,0,0
2021-01-12T23:59:59+01:00,1,2,143,164,471,764,715,1628,917,2432,1072,1840,341,327,308,541,207,943,0,0,0,0,0,0,0,0,0,0,0,0,0,0,0,0,12816,0,0,0,0,0,0,0,0
2021-01-11T23:59:59+01:00,0,1,114,127,395,634,625,1375,753,1974,845,1454,211,190,169,313,109,546,0,0,0,0,0,0,0,0,0,0,0,0,0,0,0,0,9835,0,0,0,0,0,0,0,0
2021-01-10T23:59:59+01:00,0,1,88,92,305,458,470,995,546,1447,621,1058,174,167,157,300,104,533,0,0,0,0,0,0,0,0,0,0,0,0,0,0,0,0,7516,0,0,0,0,0,0,0,0
2021-01-09T23:59:59+01:00,0,1,77,84,259,395,400,863,479,1230,545,900,167,157,152,295,104,531,0,0,0,0,0,0,0,0,0,0,0,0,0,0,0,0,6639,0,0,0,0,0,0,0,0
2021-01-08T23:59:59+01:00,0,1,64,64,186,287,303,584,364,932,439,681,159,152,136,283,102,531,0,0,0,0,0,0,0,0,0,0,0,0,0,0,0,0,5268,0,0,0,0,0,0,0,0
2021-01-07T23:59:59+01:00,0,0,45,24,78,121,136,230,163,419,222,339,116,121,123,251,98,504,0,0,0,0,0,0,0,0,0,0,0,0,0,0,0,0,2990,0,0,0,0,0,0,0,0
2021-01-06T23:59:59+01:00,0,0,31,17,69,92,115,180,135,342,193,275,97,93,97,205,83,429,0,0,0,0,0,0,0,0,0,0,0,0,0,0,0,0,2453,0,0,0,0,0,0,0,0
2021-01-05T23:59:59+01:00,0,0,28,12,59,87,105,166,120,327,179,253,96,88,95,198,81,411,0,0,0,0,0,0,0,0,0,0,0,0,0,0,0,0,2305,0,0,0,0,0,0,0,0
2021-01-04T23:59:59+01:00,0,0,25,11,56,84,97,157,115,312,177,241,95,85,88,184,71,380,0,0,0,0,0,0,0,0,0,0,0,0,0,0,0,0,2178,0,0,0,0,0,0,0,0
2021-01-03T23:59:59+01:00,0,0,25,11,56,84,97,157,115,312,177,241,95,85,87,183,71,380,0,0,0,0,0,0,0,0,0,0,0,0,0,0,0,0,2176,0,0,0,0,0,0,0,0
2021-01-02T23:59:59+01:00,0,0,25,11,56,84,97,157,115,312,176,241,95,85,87,183,71,380,0,0,0,0,0,0,0,0,0,0,0,0,0,0,0,0,2175,0,0,0,0,0,0,0,0
2021-01-01T23:59:59+01:00,0,0,25,11,56,84,97,157,115,312,174,240,95,85,87,183,71,380,0,0,0,0,0,0,0,0,0,0,0,0,0,0,0,0,2172,0,0,0,0,0,0,0,0
2020-12-31T23:59:59+01:00,0,0,25,11,56,84,97,157,115,312,174,240,95,85,87,183,71,380,0,0,0,0,0,0,0,0,0,0,0,0,0,0,0,0,2172,0,0,0,0,0,0,0,0
2020-12-30T23:59:59+01:00,0,0,24,11,56,83,96,154,115,311,174,240,95,85,87,183,71,380,0,0,0,0,0,0,0,0,0,0,0,0,0,0,0,0,2165,0,0,0,0,0,0,0,0
2020-12-29T23:59:59+01:00,0,0,18,8,41,59,73,91,85,216,127,188,73,73,65,151,56,304,0,0,0,0,0,0,0,0,0,0,0,0,0,0,0,0,1628,0,0,0,0,0,0,0,0
2020-12-28T23:59:59+01:00,0,0,8,5,17,28,31,45,39,111,53,101,30,40,37,91,29,175,0,0,0,0,0,0,0,0,0,0,0,0,0,0,0,0,840,0,0,0,0,0,0,0,0
2020-12-27T23:59:59+01:00,0,0,2,2,4,5,7,11,10,23,6,22,5,7,6,25,3,48,0,0,0,0,0,0,0,0,0,0,0,0,0,0,0,0,186,0,0,0,0,0,0,0,0
