Datum,<24_1_m,<24_1_w,25-34_1_m,25-34_1_w,35-44_1_m,35-44_1_w,45-54_1_m,45-54_1_w,55-64_1_m,55-64_1_w,65-74_1_m,65-74_1_w,75-84_1_m,75-84_1_w,>84_1_m,>84_1_w,<24_2_m,<24_2_w,25-34_2_m,25-34_2_w,35-44_2_m,35-44_2_w,45-54_2_m,45-54_2_w,55-64_2_m,55-64_2_w,65-74_2_m,65-74_2_w,75-84_2_m,75-84_2_w,>84_2_m,>84_2_w,bp_1,bp_2,mo_1,mo_2,az_1,az_2,ja
2021-05-07T23:59:59+02:00,9151,9875,14643,16482,17910,24734,26346,36733,39266,41827,55553,61187,43628,53445,10724,19213,3029,2992,4343,5774,5348,9833,8670,15276,12302,14574,22868,25531,30574,37922,8384,14956,286404,187235,38398,30032,155627,4821,288
2021-05-06T23:59:59+02:00,8525,9483,13818,15878,16906,23896,25045,35628,37197,40141,54582,60043,43417,53167,10694,19161,2909,2874,4186,5588,5157,9555,8333,14870,11882,14104,21542,23854,29864,37094,8340,14858,276082,181840,37311,29084,153937,3835,251
2021-05-05T23:59:59+02:00,7956,9136,13040,15336,15887,23115,23627,34597,35384,38572,52912,58190,43144,52863,10667,19103,2809,2816,4028,5446,4971,9353,7999,14548,11535,13734,20118,22067,28963,36005,8312,14788,264844,176307,36410,27925,152201,3186,74
2021-05-04T23:59:59+02:00,7761,9026,12692,15159,15389,22849,23002,34253,34398,37822,52176,57337,43032,52739,10656,19070,2740,2734,3879,5276,4790,9096,7657,14123,11082,13234,18431,20111,28035,34899,8239,14693,261227,169727,35549,27001,150563,2269,22
2021-05-03T23:59:59+02:00,7580,8865,12306,14953,14887,22537,22303,33836,33256,36917,51958,57093,42942,52644,10647,19042,2678,2657,3790,5102,4652,8854,7442,13770,10754,12821,17200,18565,27262,33941,8189,14604,258044,164308,35090,26667,148615,1289,17
2021-05-02T23:59:59+02:00,7501,8763,12084,14803,14589,22334,21848,33533,32087,35956,51784,56898,42888,52567,10632,19014,2666,2649,3768,5069,4622,8815,7374,13698,10664,12719,16862,18161,27017,33672,8177,14593,255858,162763,35022,26556,146385,1191,16
2021-05-01T23:59:59+02:00,7475,8734,12026,14752,14509,22282,21752,33459,31970,35868,51779,56889,42885,52566,10630,19012,2659,2639,3745,5051,4581,8788,7331,13663,10603,12653,16655,17928,26919,33557,8174,14583,255318,161797,35022,26528,146233,1189,15
2021-04-30T23:59:59+02:00,7434,8688,11933,14673,14397,22160,21556,33287,31738,35655,51529,56561,42842,52515,10625,19004,2624,2614,3684,4985,4487,8681,7179,13465,10299,12377,15764,16793,26185,32646,8144,14510,253585,158650,34979,24651,146018,1121,15
2021-04-29T23:59:59+02:00,7205,8553,11641,14498,14051,21926,21036,32993,30987,35131,50949,55818,42757,52402,10604,18939,2584,2562,3588,4898,4362,8552,6986,13260,10022,12088,14646,15377,25084,31347,8091,14427,250491,153044,34894,23911,144090,904,15
2021-04-28T23:59:59+02:00,6904,8363,11257,14163,13572,21453,20414,32384,29667,33830,48460,53048,42503,52107,10555,18872,2545,2517,3523,4838,4256,8440,6821,13074,9778,11864,13382,13745,23891,29864,8047,14345,240650,147515,34783,22721,142113,688,6
2021-04-27T23:59:59+02:00,6798,8261,11104,14040,13389,21303,20132,32172,29112,33426,48296,52872,42452,52058,10548,18854,2501,2476,3425,4752,4170,8328,6643,12877,9505,11570,11985,11974,22517,28087,7987,14229,239348,140973,34737,21536,140726,511,6
2021-04-26T23:59:59+02:00,6741,8213,10993,13973,13231,21186,19897,31946,28259,32821,48016,52571,42403,52002,10543,18827,2479,2443,3372,4714,4105,8256,6537,12744,9308,11382,10899,10581,21444,26606,7938,14155,238661,135762,34714,20794,138241,401,6
2021-04-25T23:59:59+02:00,6689,8161,10882,13875,13074,21034,19641,31651,27434,32032,47619,52132,42329,51916,10530,18810,2450,2431,3343,4694,4087,8234,6503,12703,9246,11325,10713,10353,21235,26324,7933,14143,236986,134919,34672,20451,136145,341,6
2021-04-24T23:59:59+02:00,6663,8104,10803,13793,12982,20888,19503,31483,27279,31860,47517,52011,42254,51840,10526,18806,2443,2421,3317,4663,4046,8189,6425,12626,9116,11204,10553,10172,21114,26198,7921,14127,235559,134397,34656,19808,136091,324,6
2021-04-23T23:59:59+02:00,6591,7999,10669,13593,12788,20634,19185,31109,26872,31477,46628,50912,42108,51638,10511,18776,2425,2399,3273,4629,3994,8132,6326,12531,8952,11069,10262,9840,20827,25815,7880,14063,231241,133284,34600,18814,135643,313,6
2021-04-22T23:59:59+02:00,6477,7877,10450,13379,12444,20297,18657,30630,26196,30810,44933,48789,41614,51011,10475,18693,2408,2382,3227,4582,3919,8055,6203,12432,8676,10903,9796,9380,20425,25282,7842,14003,225065,131185,34496,18043,133165,281,6
2021-04-21T23:59:59+02:00,6376,7717,10218,13182,12109,19976,18154,30131,25283,29833,40903,44200,41192,50541,10419,18598,2397,2370,3183,4549,3871,7997,6114,12337,8502,10746,9429,8956,19975,24742,7791,13920,213110,129568,34431,17043,131285,262,6
2021-04-20T23:59:59+02:00,6277,7616,10018,12970,11838,19711,17731,29709,24677,29215,39225,42284,40634,49886,10359,18478,2372,2354,3143,4524,3805,7950,5975,12244,8345,10618,9119,8574,19521,24133,7718,13803,207135,128235,34346,15748,129141,209,6
2021-04-19T23:59:59+02:00,6201,7532,9866,12844,11634,19514,17343,29295,24090,28694,37731,40517,40115,49255,10311,18403,2355,2332,3108,4491,3763,7903,5936,12177,8260,10526,8842,8233,19156,23626,7684,13725,202208,126562,34293,15357,126838,192,6
2021-04-18T23:59:59+02:00,6125,7470,9738,12767,11443,19367,17057,29096,23635,28309,36473,39220,39803,48883,10284,18355,2343,2312,3077,4472,3736,7886,5891,12130,8211,10480,8734,8119,19014,23463,7670,13705,200698,126082,34257,14967,123064,188,6
2021-04-17T23:59:59+02:00,6118,7453,9701,12735,11400,19323,16977,29033,23557,28238,36176,38885,39707,48804,10279,18346,2331,2302,3051,4457,3673,7844,5817,12076,8133,10429,8623,8006,18918,23359,7652,13693,199483,125294,34249,14878,122994,186,6
2021-04-16T23:59:59+02:00,6053,7405,9620,12684,11275,19202,16762,28884,23153,27818,35169,37687,39354,48362,10263,18320,2184,2201,2829,4291,3315,7528,5023,11520,6623,9329,6190,6010,17334,21852,7499,13449,195466,116400,34167,10587,122372,184,6
2021-04-15T23:59:59+02:00,5973,7305,9417,12504,10970,18953,16246,28486,22420,27127,33266,35367,38461,47311,10194,18179,2137,2163,2766,4226,3196,7414,4782,11322,6264,9019,5717,5607,16767,21156,7351,13176,189699,113336,34116,9544,118358,177,6
2021-04-14T23:59:59+02:00,5901,7248,9255,12379,10739,18767,15836,28148,21728,26576,31275,33051,37422,46074,10132,18023,2046,2099,2688,4165,3084,7324,4571,11149,5941,8773,5239,5189,16200,20450,7180,12883,183353,110770,33985,8083,115210,122,6
2021-04-13T23:59:59+02:00,5842,7180,9116,12252,10559,18594,15475,27853,21142,26012,29124,30532,36294,44656,10017,17857,1997,2081,2652,4127,3030,7258,4437,10995,5674,8567,4887,4864,15746,19998,7081,12720,176478,109371,33922,6712,112099,25,6
2021-04-12T23:59:59+02:00,5777,7124,9005,12117,10356,18442,15139,27562,20534,25482,27070,28210,35267,43356,9911,17691,1963,2039,2624,4108,3006,7202,4368,10926,5572,8473,4731,4718,15440,19610,6991,12559,170807,108566,33851,5733,108379,25,6
2021-04-11T23:59:59+02:00,5731,7077,8915,12040,10193,18338,14856,27373,20069,25107,25872,26931,34644,42645,9844,17568,1952,2032,2601,4087,2988,7177,4333,10884,5490,8408,4634,4668,15327,19489,6961,12515,169044,108389,33781,5132,104372,19,6
2021-04-10T23:59:59+02:00,5713,7060,8880,12015,10134,18302,14787,27324,19970,25018,25515,26514,34357,42283,9837,17547,1949,2027,2592,4077,2972,7161,4300,10856,5432,8364,4558,4590,15198,19322,6924,12441,167836,107606,33061,5132,104353,19,6
2021-04-09T23:59:59+02:00,5655,7025,8797,11932,10011,18181,14616,27134,19694,24768,24573,25219,33555,41255,9812,17488,1918,1995,2540,4039,2892,7099,4138,10730,5173,8133,4136,4209,14628,18591,6735,12134,164493,103940,31557,5125,103659,19,6
2021-04-08T23:59:59+02:00,5572,6952,8648,11815,9789,18005,14199,26814,19073,24248,22722,23068,32085,39535,9691,17288,1882,1975,2484,3990,2818,7013,3978,10579,4872,7868,3676,3771,13642,17334,6366,11543,158765,99177,30651,4594,100082,14,6
2021-04-07T23:59:59+02:00,5510,6889,8473,11745,9560,17846,13864,26569,18572,23854,20746,20696,30572,37600,9598,17112,1845,1958,2428,3938,2755,6937,3867,10421,4686,7665,3408,3497,12931,16494,6059,11072,152758,95902,29479,4043,96963,10,6
2021-04-06T23:59:59+02:00,5449,6837,8332,11641,9402,17673,13511,26293,18036,23416,18701,18372,28899,35415,9437,16828,1807,1937,2403,3912,2722,6897,3804,10377,4606,7577,3303,3369,12413,15805,5824,10724,145953,93611,28526,3854,93757,9,6
2021-04-05T23:59:59+02:00,5409,6792,8240,11548,9266,17575,13278,26068,17588,23027,16845,16233,27494,33530,9314,16640,1783,1928,2375,3895,2695,6849,3762,10317,4517,7468,3198,3261,12059,15413,5692,10483,140565,92256,28091,3424,90185,9,6
2021-04-04T23:59:59+02:00,5401,6787,8234,11534,9249,17566,13256,26045,17558,23003,16689,16031,27326,33314,9309,16629,1782,1926,2374,3892,2693,6846,3760,10313,4511,7466,3190,3248,12047,15402,5690,10475,139852,92177,27998,3423,90075,9,6
2021-04-03T23:59:59+02:00,5397,6779,8218,11524,9228,17546,13211,26013,17486,22937,16608,15943,27286,33258,9305,16625,1779,1922,2363,3886,2676,6831,3731,10287,4432,7401,3064,3136,11977,15337,5685,10465,139325,91534,27969,3423,90064,9,6
2021-04-02T23:59:59+02:00,5368,6757,8164,11467,9158,17477,13061,25900,17253,22726,16133,15411,26860,32758,9280,16580,1776,1912,2352,3880,2666,6816,3705,10246,4367,7315,2995,3066,11701,15018,5575,10291,138130,90249,26559,3417,89658,9,6
2021-04-01T23:59:59+02:00,5314,6679,8049,11330,9027,17313,12779,25601,16794,22332,15339,14625,26185,31876,9181,16431,1751,1880,2329,3858,2641,6788,3672,10210,4301,7253,2876,2938,10713,13821,5087,9619,135899,86411,25895,3312,87055,8,6
2021-03-31T23:59:59+02:00,5091,6582,7936,11219,8896,17146,12545,25304,16445,21971,14593,13801,25425,30942,9096,16274,1740,1874,2316,3835,2619,6763,3618,10154,4229,7188,2787,2848,10080,13051,4802,9215,134118,84019,24441,3086,84701,8,6
2021-03-30T23:59:59+02:00,5057,6516,7861,11093,8813,16994,12380,25106,16156,21644,13963,13092,24709,30042,8987,16072,1727,1859,2297,3817,2593,6739,3579,10091,4161,7110,2663,2712,9444,12334,4517,8793,132649,81719,23228,2706,82602,5,6
2021-03-29T23:59:59+02:00,5011,6444,7755,10987,8706,16828,12212,24814,15823,21308,13388,12423,24009,29147,8863,15866,1715,1849,2280,3804,2578,6715,3544,10035,4105,7040,2611,2646,9121,11910,4372,8531,130825,80350,22473,2495,80280,5,6
2021-03-28T23:59:59+02:00,4967,6349,7666,10881,8637,16671,12067,24578,15557,21034,13052,12084,23452,28476,8725,15632,1706,1844,2269,3793,2571,6692,3507,9991,4073,6987,2569,2598,9041,11800,4334,8479,130331,80025,21947,2218,77544,5,6
2021-03-27T23:59:59+01:00,4953,6335,7639,10851,8566,16598,11964,24477,15411,20916,12843,11867,23267,28281,8697,15606,1705,1842,2266,3791,2569,6691,3494,9965,4062,6970,2560,2590,8976,11728,4309,8447,129458,79736,21300,2218,77507,5,6
2021-03-26T23:59:59+01:00,4906,6254,7521,10733,8393,16399,11607,24154,14780,20398,11913,11039,22548,27491,8590,15421,1697,1824,2262,3773,2556,6666,3472,9939,4020,6935,2536,2554,8769,11484,4219,8308,125469,78899,19702,2104,76970,5,6
2021-03-25T23:59:59+01:00,4841,6071,7351,10447,8145,15989,11198,23516,14166,19734,11217,10367,21696,26412,8348,14976,1675,1806,2231,3745,2520,6632,3434,9887,3945,6853,2397,2422,7741,10126,3727,7599,122231,74861,18933,1869,73305,5,5
2021-03-24T23:59:59+01:00,4761,5907,7200,10162,7946,15573,10926,22974,13711,19165,10597,9795,20792,25312,8076,14489,1652,1774,2204,3709,2478,6592,3377,9816,3880,6758,2295,2323,7044,9283,3417,7124,119683,72270,17747,1451,69955,4,1
2021-03-23T23:59:59+01:00,4715,5792,7087,9936,7797,15226,10659,22453,13314,18700,10133,9344,20044,24436,7837,14103,1639,1757,2180,3687,2457,6564,3318,9759,3790,6686,2199,2225,6251,8250,3049,6559,118251,69244,16651,1122,66674,4,0
2021-03-22T23:59:59+01:00,4655,5696,6956,9693,7640,14906,10396,21979,12976,18230,9757,8991,19482,23723,7690,13824,1628,1750,2173,3672,2443,6554,3298,9735,3756,6655,2146,2176,5749,7583,2764,6161,117402,67206,16250,1033,62942,4,0
2021-03-21T23:59:59+01:00,4600,5561,6820,9427,7480,14534,10161,21432,12647,17752,9429,8708,18962,23111,7535,13562,1625,1745,2172,3663,2439,6548,3291,9725,3747,6645,2132,2156,5631,7448,2723,6085,117218,66738,15853,1033,58650,4,0
2021-03-20T23:59:59+01:00,4589,5535,6784,9366,7416,14472,10068,21322,12549,17663,9346,8614,18824,22935,7494,13485,1623,1742,2168,3660,2434,6543,3278,9714,3722,6636,2099,2120,5272,7039,2576,5883,116395,65473,15759,1032,58308,4,0
2021-03-19T23:59:59+01:00,4389,5366,6497,9118,6939,14032,9085,20546,10745,16261,6465,6246,16774,20858,7199,13015,1617,1737,2164,3652,2424,6531,3265,9686,3664,6590,2035,2081,4845,6516,2369,5613,107130,63790,11056,995,55349,4,0
2021-03-18T23:59:59+01:00,4272,5199,6306,8819,6687,13572,8676,19881,10107,15557,5754,5584,15531,19329,6780,12335,1610,1729,2145,3624,2406,6493,3233,9650,3623,6555,1996,2050,4362,5920,2151,5274,102033,61930,10051,887,52305,4,0
2021-03-17T23:59:59+01:00,4181,5110,6180,8679,6511,13397,8374,19539,9698,15181,5348,5199,14692,18354,6445,11836,1598,1714,2130,3605,2375,6461,3198,9621,3585,6518,1943,1993,3916,5418,1946,4948,98799,60210,8371,755,51554,4,0
2021-03-16T23:59:59+01:00,4088,4953,6028,8413,6303,13013,8038,18959,9161,14549,4830,4742,13860,17363,6176,11419,1590,1705,2122,3589,2359,6450,3187,9599,3558,6490,1916,1955,3329,4715,1691,4526,96491,58026,6963,751,48441,4,0
2021-03-15T23:59:59+01:00,4020,4781,5835,8142,6100,12582,7754,18391,8732,13963,4535,4470,13178,16607,5962,11016,1589,1696,2108,3573,2339,6428,3168,9553,3538,6462,1883,1907,2933,4226,1471,4187,95038,56321,5990,736,45040,4,0
2021-03-14T23:59:59+01:00,3963,4612,5587,7829,5839,12113,7429,17652,8298,13272,4223,4215,12914,16366,5925,10931,1581,1686,2092,3544,2325,6377,3154,9498,3523,6435,1875,1896,2858,4123,1431,4121,94925,55972,5382,543,40861,4,0
2021-03-13T23:59:59+01:00,3948,4581,5554,7745,5783,12028,7356,17543,8174,13145,4071,4077,12835,16290,5920,10920,1581,1686,2092,3544,2324,6377,3153,9497,3522,6435,1870,1887,2799,4062,1406,4074,94242,55762,5382,543,40346,4,0
2021-03-12T23:59:59+01:00,3923,4491,5505,7615,5717,11885,7269,17304,8043,12937,3966,3981,12528,15946,5810,10732,1581,1686,2088,3537,2322,6369,3151,9490,3521,6431,1868,1885,2691,3933,1345,4009,92828,55360,5374,543,39450,4,0
2021-03-11T23:59:59+01:00,3821,4247,5292,7357,5492,11446,6915,16618,7635,12366,3635,3636,11373,14578,5274,9976,1574,1682,2078,3524,2303,6345,3129,9451,3496,6400,1841,1861,2424,3640,1220,3821,88665,54274,4947,512,36049,3,0
2021-03-10T23:59:59+01:00,3711,4105,5079,7092,5279,11074,6643,16047,7310,11883,3431,3420,10667,13709,4968,9538,1566,1663,2054,3485,2274,6258,3078,9322,3440,6290,1798,1791,2183,3375,1118,3661,86216,53075,4579,278,33161,3,0
2021-03-09T23:59:59+01:00,3630,3954,4912,6905,5096,10787,6409,15590,7012,11408,3261,3241,9984,12942,4664,9087,1556,1647,2020,3426,2241,6153,3009,9177,3381,6219,1771,1765,1882,3019,978,3459,83945,51669,4323,31,30614,3,0
2021-03-08T23:59:59+01:00,3553,3772,4684,6648,4859,10420,6148,15073,6657,10844,3075,3077,9571,12464,4512,8819,1553,1624,2003,3345,2211,6060,2968,9033,3353,6138,1757,1742,1658,2764,882,3295,82476,50356,3961,30,27739,0,0
2021-03-07T23:59:59+01:00,3519,3701,4608,6538,4776,10307,6050,14912,6545,10714,3029,3033,9487,12355,4480,8765,1545,1618,1998,3333,2202,6030,2961,8995,3341,6124,1750,1729,1590,2687,842,3239,82142,49954,3792,30,26885,0,0
2021-03-06T23:59:59+01:00,3501,3629,4565,6455,4740,10236,5993,14797,6499,10620,3011,3012,9422,12282,4456,8731,1544,1602,1991,3321,2192,6002,2958,8967,3330,6105,1742,1708,1558,2663,840,3231,81829,49724,3792,30,26328,0,0
2021-03-05T23:59:59+01:00,3472,3524,4504,6356,4683,10131,5927,14640,6399,10483,2977,2969,9211,12020,4363,8588,1534,1561,1963,3264,2165,5894,2916,8832,3288,5971,1700,1670,1492,2593,821,3206,80933,48840,3784,30,25530,0,0
2021-03-04T23:59:59+01:00,3403,3307,4337,6121,4481,9824,5708,14200,6101,10132,2802,2802,8102,10574,3842,7839,1512,1504,1929,3141,2139,5701,2871,8565,3238,5760,1636,1589,1459,2546,817,3191,76773,47569,3511,29,23291,0,0
2021-03-03T23:59:59+01:00,3357,3226,4196,5934,4316,9555,5495,13822,5869,9741,2679,2690,7404,9710,3515,7336,1497,1461,1901,3065,2117,5592,2840,8384,3182,5615,1569,1545,1418,2475,799,3144,74057,46575,3297,29,21491,0,0
2021-03-02T23:59:59+01:00,3298,3118,4004,5736,4118,9281,5295,13441,5619,9388,2546,2549,6561,8631,3131,6757,1462,1412,1873,2993,2091,5440,2795,8112,3132,5438,1498,1487,1356,2395,779,3105,70906,45339,2898,29,19669,0,0
2021-03-01T23:59:59+01:00,3256,3043,3830,5590,3946,9068,5112,13122,5395,9019,2458,2455,6009,7899,2837,6338,1454,1370,1852,2885,2060,5256,2752,7839,3081,5238,1457,1457,1310,2334,753,3070,68753,44139,2646,29,17978,0,0
2021-02-28T23:59:59+01:00,3207,2990,3663,5480,3753,8868,4926,12872,5219,8747,2415,2393,5873,7730,2791,6254,1449,1364,1849,2872,2050,5233,2747,7804,3072,5223,1449,1450,1304,2324,750,3063,68282,43974,2428,29,16471,0,0
2021-02-27T23:59:59+01:00,3188,2913,3639,5405,3721,8803,4890,12770,5178,8684,2375,2349,5503,7311,2636,6044,1442,1354,1839,2860,2039,5188,2727,7745,3057,5173,1434,1442,1296,2314,749,3062,66955,43693,2428,28,16026,0,0
2021-02-26T23:59:59+01:00,3163,2858,3595,5322,3664,8703,4832,12666,5088,8607,2303,2302,5069,6779,2422,5767,1373,1288,1794,2758,1991,4997,2668,7459,2986,4991,1377,1401,1274,2291,736,3054,65168,42411,2303,27,15669,0,0
2021-02-25T23:59:59+01:00,2974,2729,3410,5143,3488,8478,4616,12363,4884,8359,2224,2251,4559,6156,2199,5417,1356,1228,1759,2648,1951,4701,2590,7072,2899,4755,1337,1361,1257,2276,733,3045,63310,40944,1980,24,13960,0,0
2021-02-24T23:59:59+01:00,2791,2569,3239,4947,3334,8280,4413,12080,4673,8147,2096,2136,4070,5588,1986,5086,1335,1191,1740,2567,1913,4544,2533,6811,2846,4574,1312,1332,1238,2255,731,3025,61545,39930,1507,17,12383,0,0
2021-02-23T23:59:59+01:00,2637,2408,3062,4716,3187,8056,4230,11803,4503,7919,2014,2050,3443,4848,1726,4657,1320,1136,1709,2466,1872,4339,2462,6514,2750,4339,1261,1280,1215,2214,718,3001,59346,38582,1157,14,10756,0,0
2021-02-22T23:59:59+01:00,2587,2348,2981,4623,3115,7949,4136,11613,4401,7805,1975,2011,3037,4352,1503,4327,1306,1069,1675,2329,1827,4083,2380,6121,2627,4070,1208,1233,1194,2183,714,2979,57722,36994,1071,4,9970,0,0
2021-02-21T23:59:59+01:00,2549,2311,2925,4546,3040,7835,4051,11460,4344,7709,1960,1989,2947,4229,1456,4251,1300,1046,1659,2271,1799,3968,2346,5965,2571,3959,1176,1217,1186,2167,707,2967,57290,36300,1038,4,9274,0,0
2021-02-20T23:59:59+01:00,2537,2307,2903,4531,3024,7801,4022,11425,4328,7690,1955,1980,2886,4166,1430,4203,1300,1043,1659,2270,1797,3959,2346,5961,2570,3956,1175,1214,1185,2163,706,2967,57074,36267,1037,4,9077,0,0
2021-02-19T23:59:59+01:00,2521,2290,2870,4476,2995,7714,3981,11339,4275,7636,1949,1975,2775,4033,1369,4132,1240,1033,1628,2263,1786,3946,2337,5939,2559,3946,1171,1206,1173,2158,702,2960,56659,36043,1006,4,8665,0,0
2021-02-18T23:59:59+01:00,2364,2175,2727,4295,2873,7507,3836,11043,4147,7462,1923,1943,2505,3735,1245,3942,1147,984,1562,2171,1736,3824,2262,5775,2510,3875,1158,1190,1170,2143,691,2944,55595,35138,940,4,7187,0,0
2021-02-17T23:59:59+01:00,2311,2115,2637,4164,2762,7288,3678,10685,4018,7248,1872,1872,2264,3476,1143,3781,979,902,1453,2054,1668,3622,2168,5546,2438,3732,1129,1146,1144,2097,675,2905,54523,33655,795,3,5996,0,0
2021-02-16T23:59:59+01:00,2111,1985,2485,3955,2624,6997,3516,10318,3857,6992,1831,1846,1960,3118,1002,3574,946,876,1384,1974,1596,3474,2073,5366,2348,3623,1069,1095,1087,2006,641,2815,53195,32371,759,2,4217,0,0
2021-02-15T23:59:59+01:00,2072,1917,2398,3791,2546,6713,3390,9939,3752,6762,1807,1819,1716,2850,905,3416,927,861,1353,1927,1557,3401,2016,5200,2283,3525,1007,1054,1020,1915,626,2726,52099,31397,745,1,2949,0,0
2021-02-14T23:59:59+01:00,1979,1879,2354,3730,2500,6618,3325,9832,3706,6696,1798,1811,1647,2783,868,3366,912,851,1335,1899,1530,3380,1986,5156,2259,3474,997,1044,1013,1904,623,2717,51767,31079,716,1,2409,0,0
2021-02-13T23:59:59+01:00,1979,1864,2343,3725,2495,6603,3321,9817,3699,6684,1790,1793,1620,2763,867,3357,912,851,1335,1899,1530,3380,1986,5156,2259,3474,997,1044,1013,1904,623,2717,51612,31079,716,1,2392,0,0
2021-02-12T23:59:59+01:00,1886,1765,2252,3611,2413,6426,3213,9577,3583,6426,1746,1751,1557,2693,846,3331,904,843,1323,1878,1517,3359,1977,5126,2244,3456,993,1039,1012,1882,623,2691,50676,30866,716,1,1684,0,0
2021-02-11T23:59:59+01:00,1659,1609,2082,3397,2290,6115,3064,9150,3433,6110,1683,1658,1514,2638,835,3311,873,774,1219,1705,1397,3079,1838,4746,2088,3218,946,978,970,1801,593,2566,49310,28790,676,1,562,0,0
2021-02-10T23:59:59+01:00,1551,1547,1997,3267,2228,5945,2968,8868,3333,5894,1615,1613,1470,2571,819,3258,626,663,1015,1485,1255,2762,1649,4264,1900,2898,828,856,844,1537,525,2263,48148,25370,637,0,159,0,0
2021-02-09T23:59:59+01:00,1511,1485,1963,3177,2197,5750,2904,8518,3263,5666,1542,1555,1413,2511,805,3228,344,498,803,1219,1064,2384,1437,3711,1657,2490,676,693,667,1220,421,1840,46900,21124,509,0,79,0,0
2021-02-08T23:59:59+01:00,1501,1440,1934,3048,2156,5529,2852,8221,3206,5468,1504,1528,1370,2454,789,3211,300,438,697,1060,963,2161,1269,3308,1470,2212,577,581,565,1031,368,1618,45793,18618,339,0,79,0,0
2021-02-07T23:59:59+01:00,1470,1418,1906,3000,2130,5443,2819,8121,3168,5407,1491,1514,1356,2434,776,3198,264,376,648,966,903,2000,1180,3085,1373,2061,544,562,545,999,360,1590,45513,17456,138,0,0,0,0
2021-02-06T23:59:59+01:00,1465,1410,1898,2988,2122,5411,2806,8078,3157,5366,1480,1506,1349,2425,775,3197,242,338,624,928,875,1933,1140,2965,1319,1983,528,551,539,999,360,1590,45295,16914,138,0,0,0,0
2021-02-05T23:59:59+01:00,1394,1342,1854,2882,2070,5199,2739,7774,3084,5172,1422,1461,1331,2400,768,3191,225,301,588,890,840,1846,1103,2847,1267,1891,495,531,531,974,349,1568,43945,16246,138,0,0,0,0
2021-02-04T23:59:59+01:00,1382,1264,1809,2733,2004,4864,2648,7326,2989,4897,1383,1430,1314,2384,765,3181,191,232,510,774,750,1704,989,2596,1156,1701,453,487,490,915,332,1459,42342,14739,31,0,0,0,0
2021-02-03T23:59:59+01:00,1358,1227,1780,2653,1964,4696,2581,7056,2939,4707,1348,1400,1283,2346,751,3156,156,194,431,655,631,1459,838,2219,973,1437,335,358,352,692,228,1099,41214,12057,31,0,0,0,0
2021-02-02T23:59:59+01:00,1340,1164,1748,2546,1917,4463,2506,6720,2829,4462,1307,1356,1262,2317,742,3132,133,159,347,534,522,1208,684,1877,793,1164,247,259,276,507,176,822,39780,9708,31,0,0,0,0
2021-02-01T23:59:59+01:00,1323,1094,1710,2408,1864,4201,2428,6330,2713,4186,1243,1282,1234,2277,733,3107,97,99,235,365,346,780,425,1213,465,723,154,155,168,308,93,469,38102,6095,31,0,0,0,0
2021-01-31T23:59:59+01:00,1317,1071,1693,2343,1837,4079,2394,6140,2658,4081,1213,1265,1225,2261,727,3094,83,88,196,293,274,609,335,936,386,594,131,142,160,300,89,456,37367,5072,31,0,0,0,0
2021-01-30T23:59:59+01:00,1317,1068,1692,2338,1834,4066,2393,6129,2655,4073,1212,1261,1224,2259,727,3094,78,76,163,243,245,539,300,813,347,532,130,136,155,297,89,455,37312,4598,30,0,0,0,0
2021-01-29T23:59:59+01:00,1256,1059,1661,2331,1822,4057,2386,6117,2646,4061,1209,1259,1220,2259,727,3094,69,56,120,184,202,378,245,661,305,425,122,127,143,288,86,454,37136,3865,28,0,0,0,0
2021-01-28T23:59:59+01:00,1169,1028,1615,2276,1789,3987,2337,6038,2616,4017,1198,1248,1215,2253,717,3080,44,27,76,110,129,219,154,387,203,259,91,101,115,232,78,415,36558,2640,25,0,0,0,0
2021-01-27T23:59:59+01:00,1004,965,1524,2209,1727,3865,2270,5901,2557,3909,1174,1205,1190,2214,704,3051,32,19,65,87,104,175,123,331,177,218,83,85,105,210,75,386,35452,2275,17,0,0,0,0
2021-01-26T23:59:59+01:00,985,939,1462,2131,1662,3725,2178,5724,2476,3821,1116,1162,1146,2144,681,3001,31,18,62,84,100,168,119,315,176,210,80,81,96,186,66,342,34342,2134,11,0,0,0,0
2021-01-25T23:59:59+01:00,970,913,1429,2072,1630,3621,2127,5567,2424,3734,1067,1136,1095,2090,666,2944,29,18,59,84,97,165,118,314,174,209,80,81,95,185,64,339,33483,2111,2,0,0,0,0
2021-01-24T23:59:59+01:00,967,911,1423,2059,1625,3604,2120,5541,2412,3704,1064,1128,1090,2085,665,2939,29,18,59,84,96,164,118,314,174,208,80,81,95,185,64,339,33335,2108,2,0,0,0,0
2021-01-23T23:59:59+01:00,967,911,1423,2059,1625,3604,2120,5541,2412,3704,1064,1128,1089,2085,665,2939,29,18,59,84,96,164,118,314,173,208,80,81,95,185,64,339,33334,2107,2,0,0,0,0
2021-01-22T23:59:59+01:00,966,901,1406,2034,1614,3578,2105,5509,2400,3686,1062,1124,1088,2056,664,2912,29,18,59,84,96,164,118,314,173,208,80,81,95,185,64,339,33103,2107,2,0,0,0,0
2021-01-21T23:59:59+01:00,924,848,1320,1875,1519,3381,2002,5201,2296,3501,1023,1064,1053,1965,630,2792,27,17,53,79,89,155,109,283,159,188,67,73,84,160,51,290,31392,1884,2,0,0,0,0
2021-01-20T23:59:59+01:00,691,725,1138,1663,1381,3094,1826,4783,2099,3208,902,946,932,1724,574,2532,26,17,52,74,86,155,101,266,148,172,57,66,75,135,45,257,28216,1732,2,0,0,0,0
2021-01-19T23:59:59+01:00,383,552,895,1406,1174,2751,1590,4238,1845,2798,749,779,766,1420,481,2150,21,12,35,51,60,86,74,180,104,117,43,51,54,103,35,196,23976,1222,1,0,0,0,0
2021-01-18T23:59:59+01:00,331,489,783,1216,1053,2483,1391,3721,1610,2467,626,638,619,1156,408,1799,8,6,11,17,22,31,23,49,24,41,11,11,14,34,7,61,20790,370,0,0,0,0,0
2021-01-17T23:59:59+01:00,287,423,714,1121,980,2309,1295,3437,1496,2278,590,608,589,1100,387,1740,1,0,0,0,3,3,1,0,2,2,1,4,0,0,0,0,19354,17,0,0,0,0,0
2021-01-16T23:59:59+01:00,267,389,697,1086,955,2246,1255,3325,1448,2209,574,597,583,1100,387,1739,0,0,0,0,2,3,0,0,1,2,0,1,0,0,0,0,18857,9,0,0,0,0,0
2021-01-15T23:59:59+01:00,252,346,667,1050,927,2158,1221,3210,1395,2119,546,575,577,1078,380,1730,0,0,0,0,0,0,0,0,0,0,0,0,0,0,0,0,18231,0,0,0,0,0,0
2021-01-14T23:59:59+01:00,218,279,600,931,847,2010,1124,2983,1280,1956,508,537,543,1031,376,1694,0,0,0,0,0,0,0,0,0,0,0,0,0,0,0,0,16917,0,0,0,0,0,0
2021-01-13T23:59:59+01:00,183,254,549,858,775,1878,1017,2743,1132,1748,385,423,415,816,276,1299,0,0,0,0,0,0,0,0,0,0,0,0,0,0,0,0,14751,0,0,0,0,0,0
2021-01-12T23:59:59+01:00,159,228,518,787,721,1713,927,2527,1031,1549,301,311,323,580,197,921,0,0,0,0,0,0,0,0,0,0,0,0,0,0,0,0,12793,0,0,0,0,0,0
2021-01-11T23:59:59+01:00,128,177,439,648,627,1452,752,2037,802,1211,180,181,182,343,105,527,0,0,0,0,0,0,0,0,0,0,0,0,0,0,0,0,9791,0,0,0,0,0,0
2021-01-10T23:59:59+01:00,96,123,341,473,467,1052,538,1478,593,882,155,163,168,329,100,516,0,0,0,0,0,0,0,0,0,0,0,0,0,0,0,0,7474,0,0,0,0,0,0
2021-01-09T23:59:59+01:00,84,114,292,402,398,906,469,1254,522,751,150,155,163,325,100,514,0,0,0,0,0,0,0,0,0,0,0,0,0,0,0,0,6599,0,0,0,0,0,0
2021-01-08T23:59:59+01:00,71,89,213,286,300,627,356,951,426,575,143,148,148,316,98,514,0,0,0,0,0,0,0,0,0,0,0,0,0,0,0,0,5261,0,0,0,0,0,0
2021-01-07T23:59:59+01:00,50,32,85,125,135,246,163,434,225,300,108,123,135,285,95,489,0,0,0,0,0,0,0,0,0,0,0,0,0,0,0,0,3030,0,0,0,0,0,0
2021-01-06T23:59:59+01:00,35,24,74,95,116,192,137,355,195,242,86,96,111,233,80,419,0,0,0,0,0,0,0,0,0,0,0,0,0,0,0,0,2490,0,0,0,0,0,0
2021-01-05T23:59:59+01:00,32,19,64,89,105,179,122,339,183,223,84,91,109,226,78,401,0,0,0,0,0,0,0,0,0,0,0,0,0,0,0,0,2344,0,0,0,0,0,0
2021-01-04T23:59:59+01:00,29,18,61,85,97,170,117,321,181,214,83,89,100,209,70,372,0,0,0,0,0,0,0,0,0,0,0,0,0,0,0,0,2216,0,0,0,0,0,0
2021-01-03T23:59:59+01:00,29,18,61,85,97,170,117,321,181,214,83,89,99,208,70,372,0,0,0,0,0,0,0,0,0,0,0,0,0,0,0,0,2214,0,0,0,0,0,0
2021-01-02T23:59:59+01:00,29,18,61,85,97,170,117,321,180,214,83,89,99,208,70,372,0,0,0,0,0,0,0,0,0,0,0,0,0,0,0,0,2213,0,0,0,0,0,0
2021-01-01T23:59:59+01:00,29,18,61,85,97,170,117,321,179,213,83,89,99,208,70,372,0,0,0,0,0,0,0,0,0,0,0,0,0,0,0,0,2211,0,0,0,0,0,0
2020-12-31T23:59:59+01:00,29,18,61,85,97,170,117,321,179,213,83,89,99,208,70,372,0,0,0,0,0,0,0,0,0,0,0,0,0,0,0,0,2211,0,0,0,0,0,0
2020-12-30T23:59:59+01:00,28,18,61,83,96,168,117,320,179,213,83,89,99,208,70,372,0,0,0,0,0,0,0,0,0,0,0,0,0,0,0,0,2204,0,0,0,0,0,0
2020-12-29T23:59:59+01:00,23,12,42,59,76,102,86,226,131,165,64,75,75,174,56,297,0,0,0,0,0,0,0,0,0,0,0,0,0,0,0,0,1663,0,0,0,0,0,0
2020-12-28T23:59:59+01:00,9,7,19,28,34,51,40,119,49,84,29,43,43,101,29,172,0,0,0,0,0,0,0,0,0,0,0,0,0,0,0,0,857,0,0,0,0,0,0
2020-12-27T23:59:59+01:00,3,4,3,4,10,14,8,24,5,18,6,6,6,25,4,50,0,0,0,0,0,0,0,0,0,0,0,0,0,0,0,0,190,0,0,0,0,0,0
