Datum,<24_1_m,<24_1_w,25-34_1_m,25-34_1_w,35-44_1_m,35-44_1_w,45-54_1_m,45-54_1_w,55-64_1_m,55-64_1_w,65-74_1_m,65-74_1_w,75-84_1_m,75-84_1_w,>84_1_m,>84_1_w,<24_2_m,<24_2_w,25-34_2_m,25-34_2_w,35-44_2_m,35-44_2_w,45-54_2_m,45-54_2_w,55-64_2_m,55-64_2_w,65-74_2_m,65-74_2_w,75-84_2_m,75-84_2_w,>84_2_m,>84_2_w,bp_1,bp_2,mo_1,mo_2,az_1,az_2,ja
2021-07-03T23:59:59+02:00,48345,45593,54725,50304,64941,65890,86266,88889,98907,98754,69690,75933,49626,60733,14021,24063,14672,13945,24282,23728,31093,34740,49612,55580,56131,59053,56867,62832,45199,55134,13024,22199,728491,420022,67935,54762,179840,122893,20414
2021-07-02T23:59:59+02:00,47526,44846,54454,50019,64697,65638,86029,88688,98711,98563,69598,75834,49580,60675,14017,24047,14294,13536,23683,23190,30056,33773,47360,53692,54315,57488,56518,62477,45059,54988,13009,22165,724816,409145,67921,53818,179828,122283,20357
2021-07-01T23:59:59+02:00,47037,44388,54255,49853,64547,65480,85882,88554,98566,98451,69534,75766,49552,60645,14010,24033,13596,12839,22470,22188,28496,32356,45423,51998,51869,55262,55115,60922,44567,54381,12940,22041,722722,396075,67864,51641,179785,118565,20182
2021-06-30T23:59:59+02:00,46763,44177,54082,49731,64435,65394,85801,88493,98502,98404,69510,75746,49540,60623,14008,24025,12876,12251,21401,21381,27013,31094,43706,50391,48927,52119,53952,59762,44227,53980,12885,21921,721634,382641,67828,49893,179769,115349,20003
2021-06-29T23:59:59+02:00,45653,43142,53486,49145,64013,64976,85403,88047,98167,98084,69383,75599,49483,60553,13989,23995,12259,11597,20617,20642,25709,29909,41115,48011,47092,50594,52996,58663,43832,53456,12798,21777,715768,370769,67779,48418,179756,112065,19815
2021-06-28T23:59:59+02:00,44481,41963,52837,48509,63560,64604,85024,87661,97839,97742,69246,75440,49418,60454,13971,23972,11721,11125,19986,20070,24779,29045,39053,46097,45479,49245,51895,57621,43470,52956,12719,21658,709665,361465,67678,47420,179747,108403,19631
2021-06-27T23:59:59+02:00,44443,41930,52796,48480,63529,64573,84973,87626,97793,97716,69229,75429,49409,60440,13967,23970,11515,10917,19671,19756,24213,28496,38050,45281,44341,48163,50876,56624,43038,52458,12637,21524,709484,356979,67657,46988,179713,104144,19449
2021-06-26T23:59:59+02:00,42572,40088,52070,47736,62978,64014,84490,87114,97370,97286,69040,75253,49336,60335,13948,23947,11390,10809,19512,19613,24021,28286,37582,44848,43985,47823,50764,56485,42992,52414,12632,21509,700791,354114,67634,46984,179713,104128,19439
2021-06-25T23:59:59+02:00,41317,38937,51723,47380,62653,63690,84211,86802,97119,97021,68937,75140,49290,60275,13933,23925,11068,10483,19132,19194,23507,27679,34903,42563,41814,45928,50429,56111,42894,52285,12608,21479,695732,342639,67506,46539,179708,103492,19407
2021-06-24T23:59:59+02:00,40777,38435,51377,47052,62443,63492,83982,86615,96938,96871,68855,75076,49255,60231,13927,23909,10459,9880,18080,18335,22094,26444,32824,40743,39394,43646,48958,54478,42325,51588,12492,21279,692841,329890,67487,43939,179685,99968,19222
2021-06-23T23:59:59+02:00,40542,38179,51214,46892,62341,63391,83889,86521,96868,96789,68825,75044,49240,60209,13926,23898,10006,9444,17477,17811,21172,25617,30927,39153,35540,39346,47698,53149,41944,51086,12413,21115,691653,314906,67460,43321,179671,96687,18984
2021-06-22T23:59:59+02:00,39481,37179,50473,46220,61871,62953,83522,86121,96506,96481,68678,74907,49176,60129,13913,23866,9516,8986,16621,17134,19965,24551,27830,36401,33264,37496,46765,52199,41538,50531,12274,20882,685567,302860,67420,40587,179661,93678,18828
2021-06-21T23:59:59+02:00,37979,35805,49456,45346,61160,62297,83028,85650,96068,96080,68511,74737,49113,60037,13901,23833,9203,8688,16166,16775,19336,24067,26100,34856,31754,36214,45746,51141,41089,49985,12169,20695,677616,295590,67398,39949,179648,90106,18339
2021-06-20T23:59:59+02:00,37884,35745,49316,45235,61032,62170,82952,85597,96002,96023,68477,74710,49099,60020,13901,23825,9054,8584,15951,16607,19024,23810,25283,34207,30824,35278,45554,50945,41057,49932,12160,20678,677016,291828,67363,39365,179634,89780,17975
2021-06-19T23:59:59+02:00,35912,33899,48409,44424,60549,61666,82488,85124,95597,95670,68327,74547,49034,59939,13887,23801,9013,8507,15853,16490,18907,23661,25181,34055,30701,35140,45459,50849,41039,49907,12156,20668,668338,290520,67350,39362,179629,89748,17956
2021-06-18T23:59:59+02:00,34067,32135,47202,43238,59620,60758,81693,84384,94983,95095,68110,74330,48945,59800,13872,23771,8940,8422,15704,16341,18724,23476,24933,33820,30420,34827,45169,50506,40956,49834,12143,20654,657242,288388,67227,39246,179628,89329,17906
2021-06-17T23:59:59+02:00,33061,31234,46340,42541,58826,59924,80964,83737,94580,94720,67974,74187,48903,59725,13857,23742,8404,8056,15025,15788,17905,22663,23832,32706,28950,33484,43851,49015,40472,49224,12024,20467,650360,279514,67120,38427,179598,86688,17237
2021-06-16T23:59:59+02:00,32311,30495,45570,41814,57923,59066,80205,82979,94169,94352,67844,74029,48848,59635,13837,23716,7915,7742,14417,15283,17152,21954,22707,31768,27785,32390,41977,46929,39934,48650,11916,20282,643482,269935,67004,37830,179583,84312,16724
2021-06-15T23:59:59+02:00,30301,28590,43829,40300,56353,57439,78835,81676,93424,93693,67561,73739,48739,59477,13804,23651,7739,7613,14119,15050,16795,21665,22195,31395,27271,31975,41053,45929,39558,48239,11793,20065,628655,266926,66962,37332,179549,81951,16245
2021-06-14T23:59:59+02:00,28673,27007,42236,38793,54716,55806,77747,80577,92731,93074,67309,73499,48643,59356,13784,23608,7554,7441,13746,14725,16275,21233,21517,30819,26613,31391,40680,45511,39182,47799,11666,19862,615509,264307,66908,36925,179521,79161,15621
2021-06-13T23:59:59+02:00,28453,26804,41852,38467,54189,55293,77402,80276,92544,92885,67220,73421,48607,59301,13769,23583,7416,7274,13482,14433,15901,20844,21091,30334,26088,30895,40284,45111,38723,47238,11487,19578,612841,262251,66777,36858,179489,76111,14959
2021-06-12T23:59:59+02:00,26798,25098,40686,37385,53520,54563,76880,79782,91999,92363,67065,73244,48538,59226,13756,23562,7370,7223,13360,14328,15769,20738,20911,30190,25974,30801,40267,45095,38715,47229,11487,19578,603311,261487,66774,36858,179481,75791,14899
2021-06-11T23:59:59+02:00,25062,23464,39329,36198,52309,53362,75917,78938,91423,91787,66830,73011,48477,59119,13737,23527,7313,7133,13190,14151,15563,20552,20644,29940,25713,30553,39959,44721,38632,47115,11470,19549,591577,259633,66699,36713,179470,75108,14744
2021-06-10T23:59:59+02:00,23977,22364,38110,35026,50725,51870,74607,77755,89818,90250,66477,72620,48353,58945,13711,23473,7034,6911,12675,13725,14939,19994,19890,29195,24933,29887,39268,43865,38282,46705,11358,19366,578724,256236,66242,36681,179420,71415,13695
2021-06-09T23:59:59+02:00,23485,21954,37476,34521,49629,50844,73374,76566,89231,89750,66356,72478,48304,58860,13696,23443,6764,6601,12081,13123,14167,19199,18984,28182,23956,28738,36712,40978,37717,46063,11210,19127,571685,246003,65822,36615,179380,67904,13080
2021-06-08T23:59:59+02:00,21873,20380,35870,33166,47532,48893,71241,74641,87767,88280,66045,72093,48171,58702,13664,23399,6634,6425,11710,12763,13693,18719,18386,27590,23412,28211,36432,40730,37428,45701,11102,18970,554394,244388,65548,36540,179351,64554,12424
2021-06-07T23:59:59+02:00,20758,19304,34329,31835,45263,46876,69112,72769,86794,87430,65825,71830,48097,58567,13644,23364,6482,6265,11297,12418,13157,18245,17663,27005,22785,27621,36116,40426,37019,45226,10995,18776,539237,242433,65379,36476,179301,60707,11880
2021-06-06T23:59:59+02:00,20554,19137,33938,31555,44659,46312,68497,72290,86586,87263,65770,71771,48083,58538,13637,23353,6350,6096,10980,12013,12738,17679,17033,26206,22093,26824,35655,39959,36546,44679,10840,18509,536147,240021,65058,36430,179254,56265,11484
2021-06-05T23:59:59+02:00,19233,17785,32604,30335,43433,45134,67920,71770,86056,86752,65679,71669,48035,58490,13630,23341,6300,6023,10877,11868,12617,17515,16872,26005,21928,26649,35594,39880,36524,44655,10838,18504,526152,239447,65058,36014,179192,55724,11464
2021-06-04T23:59:59+02:00,17961,16563,31291,29044,41881,43637,66578,70460,85245,86003,65493,71455,47960,58400,13614,23313,6200,5884,10704,11663,12403,17270,16526,25624,21416,26213,34711,39036,36210,44358,10821,18481,513328,237651,64992,35694,179184,52781,11394
2021-06-03T23:59:59+02:00,17269,15936,30305,28227,40434,42361,64819,68942,83000,83726,65072,71005,47832,58238,13596,23276,6033,5677,10403,11315,12090,16817,16085,24980,20875,25637,34049,38255,36036,44157,10788,18431,499622,235367,64299,35313,179139,49970,10978
2021-06-02T23:59:59+02:00,16914,15593,30002,27976,39768,41747,63237,67557,82064,82926,64932,70844,47772,58155,13593,23262,5922,5586,10234,11163,11871,16609,15794,24680,20543,25250,30829,34649,35811,43935,10759,18376,492189,226754,64298,34990,179137,49549,10718
2021-06-01T23:59:59+02:00,16077,14895,28528,26901,37446,39720,59710,64404,79665,80638,64584,70483,47645,57971,13560,23208,5648,5303,9725,10735,11346,16029,15132,23900,19806,24505,30488,34355,35615,43758,10731,18314,474100,225307,62750,34498,179075,46075,9510
2021-05-31T23:59:59+02:00,15501,14407,27599,26207,35484,38059,56282,61389,77638,78935,64250,70129,47504,57799,13527,23155,5489,5092,9330,10377,10925,15561,14606,23229,19195,23814,30205,34108,35436,43570,10696,18258,458359,224654,62039,34114,179011,42667,8456
2021-05-30T23:59:59+02:00,15353,14280,27321,25982,35035,37653,55574,60773,77318,78664,64193,70074,47479,57763,13523,23144,5388,4905,9004,10013,10522,15085,14168,22445,18684,23054,29535,33401,35213,43379,10674,18198,455408,224218,61606,34034,178966,37267,8149
2021-05-29T23:59:59+02:00,14957,13883,26469,25165,33283,36061,54100,59480,76729,78098,64043,69927,47427,57710,13516,23130,5354,4827,8944,9904,10434,14974,14063,22301,18555,22919,29505,33379,35207,43371,10673,18195,445300,223759,61572,34034,178962,36668,8144
2021-05-28T23:59:59+02:00,14546,13476,25657,24420,31435,34299,51936,57484,75677,77106,63838,69679,47375,57633,13506,23107,5271,4710,8778,9759,10285,14811,13907,22068,18352,22626,29438,33334,35191,43356,10672,18191,433359,223137,61106,34028,178873,35748,7836
2021-05-27T23:59:59+02:00,13921,13011,24597,23703,30196,33376,50337,56115,72594,74134,63403,69145,47241,57471,13483,23053,5157,4473,8452,9421,9890,14392,13469,21441,17861,22035,29223,33134,35083,43244,10650,18164,421280,222525,59165,33961,178253,32521,7082
2021-05-26T23:59:59+02:00,13433,12578,23689,23060,29285,32684,49254,55192,69640,70956,62793,68538,47106,57301,13453,23008,5073,4309,8199,9105,9597,14008,13116,20846,17433,21440,29032,32968,34986,43142,10624,18114,410498,221937,56997,33843,177758,29495,6717
2021-05-25T23:59:59+02:00,13090,12275,23116,22658,28238,31833,46664,52968,67379,68838,62443,68172,46994,57152,13437,22956,4995,4189,7996,8854,9344,13639,12806,20332,17062,20901,28877,32817,34903,43041,10599,18060,398693,221423,55935,33765,177137,26779,6448
2021-05-24T23:59:59+02:00,12792,11991,22618,22280,27625,31385,44049,50545,64937,66653,62138,67875,46882,57029,13403,22902,4921,4085,7750,8626,9031,13263,12483,19827,16680,20348,28738,32678,34832,42972,10578,18017,387085,220866,55455,33703,176470,24166,6094
2021-05-23T23:59:59+02:00,12732,11920,22523,22197,27546,31310,43793,50317,64353,66105,62059,67787,46857,57012,13401,22900,4901,4070,7712,8596,8975,13233,12406,19769,16610,20293,28730,32666,34829,42966,10578,18016,384889,220604,55377,33697,176458,23961,6088
2021-05-22T23:59:59+02:00,12507,11681,22206,21895,26546,30426,41964,48743,63499,65368,61899,67596,46791,56921,13391,22877,4885,4014,7685,8535,8936,13172,12376,19687,16583,20230,28722,32656,34825,42960,10577,18015,376432,220525,55362,33697,176453,23573,6063
2021-05-21T23:59:59+02:00,12202,11427,21637,21460,25740,29742,39580,46859,61531,63703,61638,67325,46707,56833,13376,22852,4866,3985,7632,8448,8870,13088,12298,19596,16510,20148,28707,32631,34818,42950,10575,18014,366054,220338,54304,33684,176263,23123,5991
2021-05-20T23:59:59+02:00,11580,10853,20525,20580,24600,28730,38077,45583,59194,61643,60820,66428,46508,56577,13342,22797,4585,3807,7232,8157,8433,12695,11848,19090,16098,19631,28588,32537,34767,42899,10571,18004,355612,219952,51966,33575,174988,20144,5271
2021-05-19T23:59:59+02:00,11144,10541,19739,20034,23757,28140,37179,44900,55976,58018,60133,65727,46399,56443,13319,22750,4435,3641,6980,7915,8157,12368,11523,18667,15730,19209,28494,32424,34725,42825,10561,17989,345201,219489,50353,33465,173863,17907,4782
2021-05-18T23:59:59+02:00,10816,10255,19171,19583,23121,27582,35783,43679,54577,56905,59766,65306,46271,56282,13294,22725,4328,3517,6740,7683,7901,12090,11294,18278,15387,18783,28412,32335,34694,42787,10557,17982,339866,219213,48521,33390,172399,15835,4330
2021-05-17T23:59:59+02:00,10594,10074,18740,19300,22697,27280,34589,42687,53277,55877,59522,65060,46208,56184,13278,22692,4258,3430,6533,7469,7653,11800,11040,17887,15083,18385,28323,32251,34671,42748,10551,17969,335822,218941,47544,33324,170892,13985,3801
2021-05-16T23:59:59+02:00,10406,9941,18447,19099,22365,27041,33954,42230,52043,54709,59330,64896,46172,56129,13267,22672,4190,3356,6315,7305,7360,11549,10775,17537,14793,18022,28259,32189,34655,42730,10544,17965,333399,218700,46669,33265,169280,12226,3353
2021-05-15T23:59:59+02:00,10309,9839,18295,18954,22197,26903,33569,41862,51649,54335,59214,64748,46124,56084,13264,22656,4148,3321,6230,7240,7266,11447,10676,17419,14688,17894,28166,32071,34564,42637,10540,17960,331013,217619,46669,33264,169144,12208,3176
2021-05-14T23:59:59+02:00,10028,9630,17866,18718,21803,26619,31220,40093,49507,52487,58997,64522,46075,56002,13248,22634,4019,3238,5947,7079,6960,11225,10332,17074,14347,17569,27595,31366,34443,42445,10522,17931,321903,214345,46616,33260,168529,12086,2401
2021-05-13T23:59:59+02:00,9567,9255,17074,18159,20935,25942,30101,39114,47269,50323,58151,63556,45866,55720,13209,22562,3519,3042,5611,6825,6650,10921,9927,16690,13972,17140,26702,30175,34022,41934,10491,17870,313434,209786,44755,32709,166518,10900,2096
2021-05-12T23:59:59+02:00,9275,9065,16642,17903,20468,25659,29574,38728,44273,46691,57578,62917,45782,55608,13191,22537,3380,2955,5382,6715,6373,10777,9646,16483,13737,16880,26071,29369,33858,41745,10465,17836,304290,206810,43931,32687,166229,10734,1441
2021-05-11T23:59:59+02:00,8836,8782,15869,17388,19606,25045,27833,37286,42347,45195,57200,62472,45698,55473,13169,22510,3261,2825,5154,6374,6072,10365,9285,15926,13301,16327,24656,27708,33353,41123,10415,17750,298806,200872,40873,32508,163756,9241,1274
2021-05-10T23:59:59+02:00,8578,8629,15362,17142,18985,24730,26846,36606,40900,44051,56942,62200,45620,55371,13148,22482,3154,2696,4928,6144,5824,10047,8961,15454,12942,15912,23614,26383,32867,40539,10380,17692,295550,196246,39969,32483,161101,7836,972
2021-05-09T23:59:59+02:00,8422,8546,15059,16958,18611,24481,26179,36184,39124,42399,56647,61920,45567,55313,13141,22463,3035,2643,4748,6008,5655,9875,8767,15249,12775,15742,23340,26053,32724,40365,10370,17677,292611,195061,39598,32444,158108,6824,697
2021-05-08T23:59:59+02:00,8350,8472,14879,16813,18403,24284,25954,35948,38893,42210,56520,61771,45531,55275,13138,22453,3028,2625,4715,5972,5612,9829,8690,15185,12689,15672,22971,25628,32444,40054,10362,17661,291062,193877,39147,31741,157988,6822,697
2021-05-07T23:59:59+02:00,8174,8375,14556,16632,18024,24055,25533,35665,38446,41835,56247,61419,45482,55228,13131,22443,2724,2491,4364,5789,5345,9568,8379,14876,12297,15278,21881,24265,31804,39226,10334,17611,288559,190454,38720,30251,157663,5224,303
2021-05-06T23:59:59+02:00,7521,8013,13665,16031,16974,23207,24198,34560,36297,40170,55119,60101,45241,54924,13096,22376,2597,2378,4190,5594,5138,9259,8038,14435,11866,14830,20583,22594,30960,38233,10282,17500,277925,184890,37447,29295,155855,4026,266
2021-05-05T23:59:59+02:00,6981,7705,12885,15478,15955,22444,22821,33539,34479,38690,53287,58072,44926,54579,13063,22310,2508,2318,4017,5438,4949,9047,7695,14098,11504,14476,19213,20827,29785,36832,10242,17399,266507,178838,36537,28133,154084,3291,86
2021-05-04T23:59:59+02:00,6792,7610,12526,15307,15471,22175,22187,33196,33524,37996,52437,57116,44805,54452,13045,22268,2452,2247,3865,5270,4775,8795,7359,13689,11077,14021,17569,18912,28695,35509,10147,17281,262764,172067,35674,27205,152437,2359,32
2021-05-03T23:59:59+02:00,6645,7465,12153,15093,14967,21866,21485,32795,32378,37110,52142,56802,44709,54347,13030,22237,2392,2177,3774,5093,4640,8562,7145,13344,10760,13614,16373,17420,27819,34408,10082,17174,259504,166526,35215,26856,150483,1373,22
2021-05-02T23:59:59+02:00,6566,7375,11945,14922,14674,21635,21012,32477,31233,36166,51859,56512,44647,54259,13014,22206,2380,2170,3753,5061,4611,8526,7080,13273,10678,13524,16064,17028,27524,34105,10070,17162,257090,164974,35143,26745,148248,1269,21
2021-05-01T23:59:59+02:00,6548,7350,11883,14878,14597,21576,20915,32405,31109,36076,51853,56496,44643,54258,13012,22204,2377,2161,3730,5044,4569,8501,7044,13237,10619,13469,15866,16805,27408,33968,10067,17152,256540,164011,35143,26718,148099,1267,21
2021-04-30T23:59:59+02:00,6509,7313,11793,14791,14492,21463,20722,32224,30871,35888,51581,56138,44599,54204,13007,22192,2349,2141,3668,4982,4475,8393,6893,13053,10346,13208,15057,15779,26542,32898,10027,17065,254783,160821,35100,24838,147884,1197,20
2021-04-29T23:59:59+02:00,6308,7189,11480,14604,14140,21230,20205,31939,30122,35403,50937,55316,44507,54092,12984,22119,2312,2096,3576,4893,4351,8260,6702,12837,10073,12922,14086,14548,25243,31357,9965,16973,251631,155141,35008,24092,145916,941,20
2021-04-28T23:59:59+02:00,6042,7024,11107,14273,13652,20771,19573,31339,28958,34276,48275,52329,44215,53768,12921,22041,2275,2056,3507,4833,4238,8144,6544,12653,9827,12705,12955,13077,23763,29491,9904,16871,241737,149223,34886,22890,143933,722,8
2021-04-27T23:59:59+02:00,5940,6932,10960,14152,13459,20614,19300,31130,28402,33895,48072,52110,44159,53718,12913,22019,2233,2023,3416,4740,4145,8036,6381,12468,9550,12432,11748,11518,22111,27344,9827,16726,240392,142440,34840,21705,142535,545,8
2021-04-26T23:59:59+02:00,5892,6890,10847,14087,13302,20495,19076,30923,27581,33330,47736,51746,44107,53654,12904,21990,2212,1994,3364,4697,4083,7967,6283,12337,9365,12257,10838,10364,20839,25598,9767,16638,239691,137197,34815,20963,140046,435,8
2021-04-25T23:59:59+02:00,5847,6842,10746,13993,13144,20343,18833,30642,26827,32596,47239,51236,44026,53557,12890,21971,2185,1983,3334,4679,4065,7948,6250,12297,9308,12198,10677,10171,20597,25275,9757,16624,238007,136344,34772,20620,137945,376,8
2021-04-24T23:59:59+02:00,5826,6794,10672,13910,13047,20204,18705,30468,26665,32419,47140,51113,43933,53463,12886,21966,2178,1973,3310,4653,4026,7902,6179,12224,9178,12081,10521,9989,20466,25144,9741,16606,236556,135824,34756,19981,137891,358,8
2021-04-23T23:59:59+02:00,5763,6703,10545,13712,12852,19953,18403,30097,26275,32062,46194,49983,43779,53219,12864,21934,2161,1953,3268,4619,3978,7847,6085,12134,9013,11954,10254,9691,20144,24727,9693,16525,232192,134709,34700,18982,137438,347,8
2021-04-22T23:59:59+02:00,5660,6588,10340,13516,12503,19624,17898,29628,25652,31474,44465,47832,43206,52490,12819,21833,2147,1942,3229,4568,3902,7773,5957,12035,8755,11789,9826,9284,19693,24139,9643,16448,225969,132602,34590,18205,134961,315,8
2021-04-21T23:59:59+02:00,5566,6449,10113,13314,12173,19314,17397,29134,24941,30747,40207,42977,42728,51956,12753,21728,2136,1933,3194,4532,3846,7718,5880,11943,8580,11630,9497,8901,19197,23557,9583,16353,213899,130976,34524,17202,133066,294,8
2021-04-20T23:59:59+02:00,5487,6359,9920,13100,11899,19053,16977,28727,24390,30188,38456,40969,42076,51181,12681,21590,2111,1920,3155,4507,3780,7674,5750,11847,8412,11503,9215,8582,18728,22897,9486,16212,207700,129629,34434,15902,130911,240,8
2021-04-19T23:59:59+02:00,5408,6280,9764,12973,11703,18854,16616,28346,23850,29722,36909,39179,41488,50457,12625,21502,2096,1902,3120,4473,3740,7631,5711,11778,8330,11413,8979,8299,18324,22332,9440,16122,202695,127949,34380,15511,128593,222,8
2021-04-18T23:59:59+02:00,5345,6228,9635,12890,11508,18717,16338,28151,23452,29412,35605,37821,41139,50052,12593,21439,2084,1886,3090,4452,3714,7616,5666,11732,8279,11365,8879,8208,18172,22144,9427,16099,201172,127464,34341,15123,124804,218,8
2021-04-17T23:59:59+02:00,5339,6212,9601,12859,11463,18677,16262,28085,23388,29355,35297,37484,41032,49955,12587,21428,2074,1878,3063,4440,3656,7571,5595,11683,8194,11315,8772,8100,18068,22028,9406,16086,199950,126671,34332,15034,124734,216,8
2021-04-16T23:59:59+02:00,5279,6173,9515,12802,11336,18568,16054,27932,23050,29014,34223,36233,40627,49436,12567,21395,1942,1791,2843,4265,3305,7259,4851,11167,6747,10251,6312,6103,16293,20374,9214,15789,195844,117578,34249,10706,124103,214,8
2021-04-15T23:59:59+02:00,5212,6083,9315,12632,11042,18320,15560,27541,22361,28417,32329,33917,39587,48228,12490,21230,1898,1759,2778,4202,3191,7141,4635,10987,6377,9942,5854,5709,15704,19689,9029,15461,190037,114482,34199,9659,120020,207,8
2021-04-14T23:59:59+02:00,5151,6036,9148,12504,10823,18143,15161,27227,21717,27942,30409,31671,38372,46815,12416,21045,1817,1704,2695,4136,3083,7050,4434,10823,6075,9692,5374,5298,15117,19002,8827,15111,183681,111877,34062,8202,116829,151,8
2021-04-13T23:59:59+02:00,5104,5982,9011,12374,10645,17976,14821,26954,21194,27481,28310,29225,37111,45222,12275,20842,1772,1688,2659,4094,3029,6989,4306,10682,5809,9483,5036,4992,14668,18555,8696,14912,176811,110472,33999,6836,113709,54,8
2021-04-12T23:59:59+02:00,5042,5934,8903,12240,10444,17828,14502,26677,20655,27024,26274,26959,35954,43754,12148,20646,1739,1647,2631,4075,3003,6936,4247,10617,5708,9385,4876,4848,14370,18186,8585,14713,171110,109643,33926,5862,109940,53,8
2021-04-11T23:59:59+02:00,5003,5891,8814,12161,10286,17727,14243,26501,20232,26700,25077,25673,35250,42971,12060,20499,1730,1641,2610,4055,2981,6912,4214,10572,5622,9317,4785,4794,14256,18065,8546,14661,169331,109450,33857,5255,105892,48,8
2021-04-10T23:59:59+02:00,4992,5877,8774,12135,10231,17693,14176,26453,20136,26620,24762,25299,34908,42551,12053,20478,1725,1636,2601,4046,2967,6896,4185,10543,5565,9278,4707,4715,14130,17903,8500,14577,168124,108663,33136,5255,105870,48,8
2021-04-09T23:59:59+02:00,4946,5847,8689,12057,10109,17569,14011,26278,19876,26380,23933,24151,33958,41347,12020,20405,1697,1606,2547,4011,2895,6835,4035,10430,5315,9054,4286,4340,13568,17192,8273,14210,164777,104992,31630,5248,105163,48,6
2021-04-08T23:59:59+02:00,4869,5783,8542,11947,9895,17392,13616,25965,19274,25912,22229,22174,32278,39383,11873,20170,1666,1591,2493,3964,2815,6750,3885,10293,5022,8792,3830,3913,12586,15952,7801,13451,159041,100038,30725,4718,101530,42,6
2021-04-07T23:59:59+02:00,4821,5729,8363,11873,9668,17244,13297,25739,18806,25552,20423,20068,30524,37124,11757,19959,1633,1575,2439,3914,2755,6669,3776,10147,4835,8603,3565,3623,11904,15147,7431,12900,153019,96733,29553,4147,98369,30,6
2021-04-06T23:59:59+02:00,4774,5687,8220,11763,9509,17081,12981,25472,18289,25166,18572,18008,28609,34636,11561,19616,1599,1556,2417,3888,2722,6632,3711,10103,4756,8516,3458,3501,11428,14507,7150,12491,146201,94441,28600,3959,95137,29,6
2021-04-05T23:59:59+02:00,4742,5645,8125,11674,9374,16981,12771,25260,17893,24819,16852,16079,26986,32492,11415,19391,1579,1545,2387,3869,2694,6585,3670,10046,4669,8400,3347,3393,11090,14138,6993,12210,140804,93051,28166,3529,91523,29,6
2021-04-04T23:59:59+02:00,4735,5639,8117,11664,9360,16968,12746,25240,17865,24795,16720,15905,26790,32246,11406,19378,1579,1544,2385,3866,2692,6582,3668,10043,4665,8397,3337,3380,11078,14127,6991,12202,140086,92972,28073,3529,91409,29,6
2021-04-03T23:59:59+02:00,4731,5632,8103,11656,9340,16948,12707,25209,17787,24732,16641,15816,26745,32188,11401,19371,1576,1542,2376,3858,2674,6568,3644,10015,4583,8342,3219,3265,10996,14054,6985,12192,139559,92325,28045,3529,91397,29,6
2021-04-02T23:59:59+02:00,4706,5612,8046,11603,9277,16879,12568,25103,17554,24532,16189,15338,26271,31617,11369,19318,1574,1533,2363,3852,2667,6552,3623,9983,4514,8250,3150,3197,10758,13755,6833,11992,138361,91036,26636,3525,90979,29,6
2021-04-01T23:59:59+02:00,4662,5551,7934,11462,9146,16720,12293,24818,17109,24131,15442,14614,25518,30659,11244,19137,1557,1512,2332,3820,2645,6522,3583,9944,4446,8186,3039,3069,9827,12642,6224,11144,136134,87041,25971,3420,88331,27,4
2021-03-31T23:59:59+02:00,4453,5471,7823,11340,9006,16556,12075,24542,16758,23769,14746,13852,24688,29650,11139,18942,1548,1507,2318,3800,2620,6494,3536,9898,4378,8117,2949,2980,9258,11947,5860,10651,134342,84634,24517,3196,85947,27,4
2021-03-30T23:59:59+02:00,4422,5418,7751,11215,8922,16398,11914,24352,16480,23461,14154,13210,23934,28675,11001,18700,1534,1497,2299,3776,2594,6464,3497,9834,4312,8046,2826,2834,8678,11292,5512,10166,132876,82336,23305,2798,83822,23,4
2021-03-29T23:59:59+02:00,4381,5360,7652,11103,8815,16237,11755,24081,16157,23116,13613,12613,23173,27706,10847,18453,1516,1484,2280,3761,2573,6435,3462,9778,4249,7972,2773,2768,8391,10906,5323,9860,131047,80964,22551,2540,81460,23,4
2021-03-28T23:59:59+02:00,4347,5275,7566,10995,8738,16086,11620,23851,15900,22844,13289,12303,22604,27017,10673,18174,1507,1479,2259,3747,2561,6406,3422,9728,4211,7916,2725,2717,8314,10801,5280,9795,130551,80630,22031,2213,78696,21,4
2021-03-27T23:59:59+01:00,4334,5264,7540,10965,8673,16015,11520,23755,15758,22728,13083,12089,22405,26807,10638,18145,1506,1477,2256,3745,2560,6405,3409,9705,4200,7894,2715,2710,8258,10736,5246,9755,129672,80339,21388,2213,78655,21,4
2021-03-26T23:59:59+01:00,4290,5195,7432,10835,8498,15833,11190,23455,15154,22227,12172,11274,21621,25974,10496,17921,1499,1463,2251,3724,2547,6382,3392,9679,4159,7857,2686,2672,8081,10519,5129,9588,125667,79504,19790,2099,78106,21,4
2021-03-25T23:59:59+01:00,4232,5035,7272,10558,8256,15431,10809,22834,14515,21532,11503,10614,20756,24908,10184,17385,1479,1449,2219,3699,2513,6345,3355,9632,4090,7775,2552,2537,7110,9276,4526,8688,122414,75356,19017,1865,74390,21,3
2021-03-24T23:59:59+01:00,4157,4894,7137,10274,8043,15022,10550,22292,14049,20926,10902,10055,19822,23823,9859,16822,1458,1420,2193,3662,2468,6309,3315,9568,4012,7676,2453,2438,6466,8516,4143,8107,119827,72734,17832,1448,70966,20,2
2021-03-23T23:59:59+01:00,4117,4800,7031,10041,7890,14685,10294,21789,13655,20436,10435,9613,19100,22974,9549,16362,1447,1403,2167,3641,2447,6283,3256,9514,3923,7604,2359,2336,5740,7593,3697,7419,118381,69688,16731,1120,67658,20,1
2021-03-22T23:59:59+01:00,4066,4720,6905,9801,7730,14368,10040,21326,13309,19940,10044,9258,18538,22263,9357,16020,1438,1396,2158,3627,2435,6267,3233,9491,3894,7572,2299,2286,5290,6990,3348,6930,117505,67600,16333,1033,63846,20,1
2021-03-21T23:59:59+01:00,4020,4616,6776,9536,7566,14012,9816,20788,12970,19417,9724,8981,18011,21664,9168,15713,1435,1393,2157,3616,2432,6260,3227,9482,3884,7558,2285,2267,5170,6856,3290,6830,117311,67093,15939,1033,59527,15,1
2021-03-20T23:59:59+01:00,4009,4593,6741,9484,7508,13941,9732,20684,12865,19327,9637,8887,17875,21491,9118,15626,1432,1390,2153,3613,2427,6255,3214,9472,3865,7548,2250,2235,4846,6483,3105,6589,116488,65828,15844,1033,59185,15,1
2021-03-19T23:59:59+01:00,3835,4452,6451,9233,7067,13522,8825,19956,11142,18003,6784,6545,15645,19298,8761,15061,1428,1386,2148,3607,2415,6242,3202,9449,3815,7502,2183,2194,4478,6011,2840,6272,107222,64155,11143,1001,56214,15,1
2021-03-18T23:59:59+01:00,3731,4318,6274,8925,6804,13083,8438,19303,10503,17268,6076,5893,14430,17831,8251,14245,1424,1380,2123,3580,2396,6205,3171,9400,3769,7464,2138,2160,4059,5484,2560,5860,102122,62269,10140,893,53110,10,1
2021-03-17T23:59:59+01:00,3654,4244,6143,8782,6640,12905,8144,18993,10106,16878,5671,5510,13613,16901,7857,13664,1414,1368,2107,3561,2366,6173,3140,9373,3733,7428,2082,2102,3654,5038,2311,5475,98894,60555,8460,759,52350,10,1
2021-03-16T23:59:59+01:00,3575,4110,5994,8512,6433,12539,7831,18411,9562,16224,5153,5059,12801,15942,7526,13173,1405,1360,2099,3546,2351,6159,3125,9353,3707,7402,2053,2067,3139,4402,1979,4972,96589,58355,7060,755,49195,8,1
2021-03-15T23:59:59+01:00,3528,3965,5809,8235,6214,12134,7559,17840,9129,15601,4838,4779,12147,15199,7261,12712,1405,1351,2083,3532,2331,6133,3106,9305,3683,7363,2016,2016,2786,3945,1698,4582,95100,56588,6092,741,45758,6,0
2021-03-14T23:59:59+01:00,3481,3834,5583,7908,5929,11691,7254,17122,8672,14848,4526,4508,11856,14946,7215,12613,1398,1345,2067,3503,2316,6083,3088,9247,3666,7324,2009,2005,2708,3838,1646,4497,94985,56188,5485,547,41516,5,0
2021-03-13T23:59:59+01:00,3467,3796,5544,7806,5871,11579,7176,16987,8531,14703,4374,4360,11764,14861,7209,12602,1398,1345,2067,3503,2315,6083,3087,9246,3665,7324,2006,1997,2656,3783,1612,4443,94299,55978,5485,547,40846,5,0
2021-03-12T23:59:59+01:00,3449,3724,5490,7669,5809,11435,7093,16763,8397,14471,4267,4264,11493,14538,7055,12387,1398,1345,2063,3497,2314,6075,3083,9240,3664,7318,2004,1995,2569,3674,1531,4358,92883,55576,5477,547,39944,5,0
2021-03-11T23:59:59+01:00,3369,3528,5282,7371,5579,11019,6752,16101,7966,13836,3929,3929,10416,13283,6406,11483,1392,1342,2053,3484,2295,6050,3060,9206,3641,7287,1975,1970,2332,3412,1381,4140,88710,54501,5050,514,36489,5,0
2021-03-10T23:59:59+01:00,3274,3410,5071,7101,5367,10665,6484,15560,7633,13294,3709,3703,9775,12491,6020,10948,1388,1331,2027,3446,2265,5960,3012,9084,3583,7170,1932,1894,2116,3175,1253,3951,86253,53304,4683,279,33569,4,0
2021-03-09T23:59:59+01:00,3200,3280,4917,6915,5174,10385,6258,15130,7335,12792,3526,3498,9146,11789,5646,10428,1381,1321,1992,3386,2234,5858,2951,8941,3516,7090,1903,1868,1842,2860,1085,3706,83986,51898,4429,32,31004,4,0
2021-03-08T23:59:59+01:00,3135,3121,4691,6651,4937,10031,5999,14621,6974,12206,3328,3306,8759,11345,5450,10117,1378,1303,1978,3308,2203,5767,2913,8796,3484,6996,1888,1848,1639,2629,967,3515,82518,50582,4068,30,28085,0,0
2021-03-07T23:59:59+01:00,3102,3062,4618,6538,4856,9919,5894,14459,6858,12062,3277,3262,8676,11240,5412,10050,1372,1298,1971,3296,2195,5740,2906,8757,3472,6978,1880,1837,1584,2562,915,3447,82173,50180,3900,30,27212,0,0
2021-03-06T23:59:59+01:00,3088,3002,4574,6449,4822,9856,5836,14345,6810,11954,3253,3239,8620,11174,5378,10007,1370,1285,1966,3282,2183,5713,2903,8729,3461,6959,1872,1813,1557,2538,909,3438,81857,49948,3900,30,26650,0,0
2021-03-05T23:59:59+01:00,3064,2909,4516,6341,4760,9757,5773,14194,6710,11801,3210,3185,8436,10944,5259,9834,1361,1252,1936,3227,2159,5606,2861,8595,3418,6821,1830,1768,1493,2467,887,3412,80960,49063,3892,30,25841,0,0
2021-03-04T23:59:59+01:00,3010,2716,4358,6104,4541,9449,5566,13778,6401,11412,3032,3011,7419,9654,4642,8922,1341,1204,1900,3106,2130,5424,2815,8320,3363,6592,1761,1680,1457,2419,883,3394,76822,47760,3621,29,23572,0,0
2021-03-03T23:59:59+01:00,2970,2645,4218,5912,4376,9181,5365,13402,6147,10993,2911,2880,6773,8884,4246,8317,1329,1166,1873,3035,2108,5316,2784,8144,3310,6435,1692,1636,1416,2349,863,3340,74105,46767,3392,29,21723,0,0
2021-03-02T23:59:59+01:00,2910,2558,4034,5697,4168,8911,5169,13026,5881,10620,2765,2723,6005,7919,3782,7612,1297,1123,1846,2963,2084,5179,2735,7871,3261,6237,1622,1576,1353,2270,843,3296,70952,45527,2945,29,19883,0,0
2021-03-01T23:59:59+01:00,2870,2495,3869,5546,3981,8692,4981,12705,5643,10234,2665,2609,5515,7263,3428,7107,1291,1088,1823,2862,2057,4990,2695,7621,3202,6000,1579,1540,1304,2211,817,3256,68801,44307,2646,29,18156,0,0
2021-02-28T23:59:59+01:00,2829,2446,3710,5429,3761,8503,4798,12455,5456,9929,2608,2536,5392,7107,3366,7007,1287,1083,1819,2848,2048,4966,2688,7586,3192,5983,1571,1533,1298,2202,815,3247,68327,44137,2427,29,16578,0,0
2021-02-27T23:59:59+01:00,2814,2379,3684,5349,3727,8435,4764,12365,5421,9856,2567,2502,5062,6721,3169,6757,1280,1075,1812,2836,2036,4931,2669,7522,3176,5927,1553,1524,1292,2191,812,3246,67020,43854,2427,28,16125,0,0
2021-02-26T23:59:59+01:00,2793,2336,3644,5265,3662,8333,4703,12257,5336,9768,2491,2449,4686,6240,2897,6431,1220,1026,1762,2728,1987,4750,2614,7248,3103,5717,1492,1473,1269,2169,798,3237,65224,42566,2302,27,15765,0,0
2021-02-25T23:59:59+01:00,2618,2227,3459,5085,3479,8111,4501,11971,5118,9494,2404,2385,4236,5688,2609,6007,1204,969,1731,2620,1935,4478,2542,6857,3010,5431,1448,1430,1250,2154,796,3228,63365,41059,1980,24,14047,0,0
2021-02-24T23:59:59+01:00,2463,2089,3269,4893,3330,7903,4304,11719,4899,9246,2267,2267,3785,5177,2352,5612,1188,941,1708,2535,1901,4341,2483,6601,2958,5225,1418,1399,1232,2134,792,3209,61602,40048,1510,17,12463,0,0
2021-02-23T23:59:59+01:00,2326,1951,3092,4666,3178,7674,4131,11446,4714,9000,2180,2173,3233,4515,2015,5101,1174,893,1678,2441,1862,4149,2415,6302,2861,4965,1361,1344,1204,2091,779,3184,59410,38689,1160,14,10825,0,0
2021-02-22T23:59:59+01:00,2286,1899,3007,4573,3108,7567,4038,11261,4607,8875,2130,2132,2872,4055,1731,4717,1162,835,1646,2315,1819,3905,2339,5911,2736,4667,1299,1290,1181,2059,773,3162,57748,37095,1076,4,10034,0,0
2021-02-21T23:59:59+01:00,2250,1867,2956,4504,3026,7453,3957,11115,4541,8758,2115,2109,2788,3941,1676,4629,1158,817,1629,2262,1795,3795,2306,5756,2673,4544,1267,1267,1171,2045,766,3147,57316,36394,1043,4,9326,0,0
2021-02-20T23:59:59+01:00,2239,1864,2934,4491,3010,7417,3931,11082,4520,8737,2112,2101,2734,3884,1641,4574,1158,814,1629,2260,1794,3786,2305,5751,2672,4540,1266,1264,1170,2042,765,3146,57101,36358,1042,4,9128,0,0
2021-02-19T23:59:59+01:00,2226,1851,2898,4439,2985,7329,3885,11000,4466,8674,2104,2095,2645,3771,1560,4482,1106,805,1590,2252,1784,3777,2295,5730,2663,4528,1260,1253,1159,2037,760,3139,56687,36134,1011,4,8712,0,0
2021-02-18T23:59:59+01:00,2094,1755,2741,4255,2861,7131,3748,10713,4327,8471,2072,2061,2406,3503,1408,4260,1026,770,1516,2154,1735,3655,2223,5572,2607,4441,1246,1233,1154,2023,750,3121,55630,35222,944,4,7232,0,0
2021-02-17T23:59:59+01:00,2051,1706,2649,4121,2753,6917,3595,10373,4186,8229,2015,1978,2187,3274,1285,4071,872,706,1407,2028,1661,3466,2130,5348,2534,4270,1212,1188,1127,1978,735,3080,54567,33739,799,3,6024,0,0
2021-02-16T23:59:59+01:00,1878,1593,2477,3914,2614,6642,3434,10019,4010,7922,1971,1951,1912,2957,1115,3819,845,684,1335,1954,1593,3324,2036,5177,2438,4139,1150,1141,1068,1888,702,2985,53241,32457,763,2,4224,0,0
2021-02-15T23:59:59+01:00,1844,1540,2390,3748,2537,6370,3312,9653,3896,7653,1945,1924,1695,2719,994,3632,827,671,1306,1908,1552,3256,1980,5005,2375,4039,1085,1101,1004,1798,683,2891,52149,31480,750,1,2953,0,0
2021-02-14T23:59:59+01:00,1755,1509,2345,3686,2496,6280,3242,9550,3850,7575,1934,1914,1638,2660,944,3572,812,661,1289,1883,1526,3233,1946,4964,2350,3984,1075,1092,997,1788,680,2879,51816,31158,721,1,2413,0,0
2021-02-13T23:59:59+01:00,1754,1497,2336,3679,2489,6266,3238,9534,3843,7565,1926,1894,1615,2640,940,3562,812,661,1289,1883,1526,3233,1946,4964,2350,3984,1075,1092,997,1788,680,2879,51661,31158,721,1,2396,0,0
2021-02-12T23:59:59+01:00,1674,1411,2236,3567,2409,6094,3133,9296,3722,7301,1880,1838,1552,2568,917,3535,806,654,1277,1862,1511,3214,1938,4933,2334,3964,1070,1087,996,1769,680,2849,50725,30943,721,1,1687,0,0
2021-02-11T23:59:59+01:00,1471,1273,2054,3352,2281,5803,2981,8865,3563,6956,1808,1737,1510,2508,902,3513,778,604,1184,1682,1386,2941,1802,4577,2170,3678,1020,1025,955,1698,645,2717,49335,28861,680,1,562,0,0
2021-02-10T23:59:59+01:00,1375,1224,1967,3226,2213,5631,2899,8588,3451,6726,1737,1689,1464,2441,886,3455,562,520,962,1456,1248,2634,1616,4116,1968,3304,902,899,833,1447,564,2395,48171,25426,640,0,161,0,0
2021-02-09T23:59:59+01:00,1340,1174,1930,3134,2186,5452,2833,8248,3380,6469,1664,1629,1404,2381,869,3416,299,383,744,1194,1062,2261,1405,3580,1720,2852,734,735,664,1155,452,1939,46918,21179,511,0,80,0,0
2021-02-08T23:59:59+01:00,1333,1139,1899,3014,2147,5231,2780,7967,3321,6233,1623,1596,1358,2327,853,3397,263,342,643,1041,957,2044,1245,3190,1522,2536,630,616,559,976,392,1687,45799,18643,340,0,79,0,0
2021-02-07T23:59:59+01:00,1305,1125,1871,2964,2121,5149,2751,7864,3279,6168,1607,1580,1344,2308,841,3382,230,287,596,951,898,1890,1153,2966,1425,2366,589,596,538,942,382,1657,45520,17466,139,0,0,0,0
2021-02-06T23:59:59+01:00,1300,1119,1865,2952,2112,5121,2738,7821,3268,6123,1594,1572,1339,2298,838,3381,211,253,574,914,870,1824,1111,2849,1368,2284,573,578,531,942,382,1657,45302,16921,139,0,0,0,0
2021-02-05T23:59:59+01:00,1238,1067,1816,2842,2060,4925,2678,7524,3191,5907,1531,1518,1320,2272,830,3374,195,224,539,868,836,1745,1072,2732,1315,2185,539,554,520,918,372,1632,43954,16246,139,0,0,0,0
2021-02-04T23:59:59+01:00,1226,1003,1775,2692,1990,4615,2593,7082,3091,5581,1486,1485,1302,2256,827,3365,169,170,466,751,737,1606,963,2495,1203,1970,493,503,477,864,353,1518,42338,14738,31,0,0,0,0
2021-02-03T23:59:59+01:00,1208,974,1744,2611,1951,4470,2527,6819,3040,5362,1449,1452,1273,2221,809,3336,138,140,392,639,620,1370,818,2118,1006,1685,377,369,342,649,246,1145,41215,12054,31,0,0,0,0
2021-02-02T23:59:59+01:00,1191,918,1712,2512,1908,4248,2454,6487,2934,5089,1397,1406,1250,2191,800,3312,117,116,315,518,517,1135,675,1789,815,1376,280,268,264,475,193,858,39778,9711,31,0,0,0,0
2021-02-01T23:59:59+01:00,1177,858,1677,2387,1858,4003,2378,6094,2815,4792,1330,1325,1219,2145,789,3287,83,76,214,347,346,741,428,1153,477,855,173,164,153,282,104,502,38103,6098,31,0,0,0,0
2021-01-31T23:59:59+01:00,1172,840,1660,2329,1835,3883,2348,5912,2751,4673,1300,1302,1208,2130,783,3273,72,70,181,278,269,575,339,900,395,688,147,148,145,274,100,489,37368,5070,31,0,0,0,0
2021-01-30T23:59:59+01:00,1172,837,1659,2324,1833,3872,2346,5901,2748,4663,1299,1298,1207,2129,783,3272,68,63,149,231,241,507,304,782,352,613,146,141,140,270,100,488,37313,4595,30,0,0,0,0
2021-01-29T23:59:59+01:00,1119,828,1620,2317,1822,3865,2338,5887,2740,4652,1295,1295,1203,2129,783,3272,60,45,112,176,197,353,247,633,309,486,136,132,128,259,97,488,37137,3858,28,0,0,0,0
2021-01-28T23:59:59+01:00,1043,803,1564,2257,1789,3796,2291,5816,2707,4598,1283,1283,1196,2123,774,3258,38,20,71,104,128,206,152,378,201,289,103,101,103,208,87,441,36556,2630,25,0,0,0,0
2021-01-27T23:59:59+01:00,893,751,1472,2182,1722,3681,2220,5686,2649,4473,1255,1239,1171,2084,762,3227,27,12,62,85,103,162,120,321,174,245,95,84,92,189,84,409,35450,2264,17,0,0,0,0
2021-01-26T23:59:59+01:00,879,732,1407,2108,1659,3552,2134,5512,2561,4362,1199,1199,1124,2013,738,3176,26,11,59,82,99,156,116,307,173,235,93,79,85,168,73,362,34344,2124,11,0,0,0,0
2021-01-25T23:59:59+01:00,866,712,1375,2048,1628,3455,2088,5346,2504,4272,1148,1174,1077,1956,720,3118,24,11,56,82,96,154,115,305,172,235,92,78,84,167,71,359,33485,2101,2,0,0,0,0
2021-01-24T23:59:59+01:00,863,711,1369,2037,1623,3438,2080,5320,2492,4240,1144,1168,1072,1949,719,3113,24,11,56,82,95,153,115,305,172,234,92,78,84,167,71,359,33336,2098,2,0,0,0,0
2021-01-23T23:59:59+01:00,863,711,1369,2037,1623,3438,2080,5320,2492,4240,1144,1168,1071,1949,719,3113,24,11,56,82,95,153,115,305,171,234,92,78,84,167,71,359,33335,2097,2,0,0,0,0
2021-01-22T23:59:59+01:00,863,701,1355,2015,1607,3414,2068,5286,2476,4220,1142,1163,1070,1926,718,3080,24,11,56,82,95,153,115,305,170,234,92,78,84,167,71,359,33102,2096,2,0,0,0,0
2021-01-21T23:59:59+01:00,832,664,1279,1859,1509,3225,1972,5014,2368,4021,1101,1103,1039,1845,678,2951,22,10,52,77,87,145,106,277,156,211,79,70,75,147,57,307,31458,1878,2,0,0,0,0
2021-01-20T23:59:59+01:00,627,565,1085,1639,1376,2952,1794,4609,2165,3686,975,984,920,1616,611,2675,21,10,51,73,84,144,99,264,145,192,69,64,70,123,48,272,28277,1729,2,0,0,0,0
2021-01-19T23:59:59+01:00,340,419,834,1382,1175,2614,1558,4083,1906,3237,808,816,756,1338,512,2263,17,7,36,52,55,78,73,177,101,130,52,49,48,91,37,209,24040,1212,1,0,0,0,0
2021-01-18T23:59:59+01:00,296,378,722,1194,1054,2361,1366,3585,1666,2857,678,668,609,1094,434,1872,7,3,11,17,19,27,24,50,25,45,12,11,12,33,8,61,20834,365,0,0,0,0,0
2021-01-17T23:59:59+01:00,256,324,657,1101,977,2191,1269,3310,1551,2646,632,638,582,1037,413,1811,0,0,1,0,2,2,2,1,2,2,1,4,0,0,0,1,19395,18,0,0,0,0,0
2021-01-16T23:59:59+01:00,239,292,641,1068,953,2128,1228,3200,1500,2573,616,621,575,1037,413,1810,0,0,0,0,1,2,1,1,1,2,0,1,0,0,0,1,18894,10,0,0,0,0,0
2021-01-15T23:59:59+01:00,225,259,612,1021,926,2050,1193,3084,1448,2477,585,595,568,1016,406,1798,0,0,0,0,0,0,0,0,0,0,0,0,0,0,0,0,18263,0,0,0,0,0,0
2021-01-14T23:59:59+01:00,197,206,552,900,836,1907,1101,2862,1333,2294,543,553,530,972,400,1756,0,0,0,0,0,0,0,0,0,0,0,0,0,0,0,0,16942,0,0,0,0,0,0
2021-01-13T23:59:59+01:00,165,186,503,832,764,1781,1003,2629,1179,2073,429,436,401,766,300,1349,0,0,0,0,0,0,0,0,0,0,0,0,0,0,0,0,14796,0,0,0,0,0,0
2021-01-12T23:59:59+01:00,143,165,472,763,714,1626,915,2428,1072,1842,340,328,310,544,216,957,0,0,0,0,0,0,0,0,0,0,0,0,0,0,0,0,12835,0,0,0,0,0,0
2021-01-11T23:59:59+01:00,113,127,396,633,624,1374,752,1970,844,1454,210,192,171,316,114,556,0,0,0,0,0,0,0,0,0,0,0,0,0,0,0,0,9846,0,0,0,0,0,0
2021-01-10T23:59:59+01:00,87,92,305,457,469,995,545,1443,620,1057,173,168,159,303,109,544,0,0,0,0,0,0,0,0,0,0,0,0,0,0,0,0,7526,0,0,0,0,0,0
2021-01-09T23:59:59+01:00,76,84,259,394,400,863,478,1226,544,899,166,158,154,298,109,542,0,0,0,0,0,0,0,0,0,0,0,0,0,0,0,0,6650,0,0,0,0,0,0
2021-01-08T23:59:59+01:00,63,65,186,286,303,584,363,930,438,680,158,153,138,286,107,542,0,0,0,0,0,0,0,0,0,0,0,0,0,0,0,0,5282,0,0,0,0,0,0
2021-01-07T23:59:59+01:00,44,24,77,120,136,230,162,417,222,339,116,122,125,254,103,515,0,0,0,0,0,0,0,0,0,0,0,0,0,0,0,0,3006,0,0,0,0,0,0
2021-01-06T23:59:59+01:00,30,17,69,91,115,180,134,340,193,275,97,94,99,208,88,438,0,0,0,0,0,0,0,0,0,0,0,0,0,0,0,0,2468,0,0,0,0,0,0
2021-01-05T23:59:59+01:00,27,12,59,86,105,166,119,325,179,253,96,89,97,201,86,420,0,0,0,0,0,0,0,0,0,0,0,0,0,0,0,0,2320,0,0,0,0,0,0
2021-01-04T23:59:59+01:00,24,11,56,83,97,157,114,310,177,241,95,86,90,187,76,388,0,0,0,0,0,0,0,0,0,0,0,0,0,0,0,0,2192,0,0,0,0,0,0
2021-01-03T23:59:59+01:00,24,11,56,83,97,157,114,310,177,241,95,86,89,186,76,388,0,0,0,0,0,0,0,0,0,0,0,0,0,0,0,0,2190,0,0,0,0,0,0
2021-01-02T23:59:59+01:00,24,11,56,83,97,157,114,310,176,241,95,86,89,186,76,388,0,0,0,0,0,0,0,0,0,0,0,0,0,0,0,0,2189,0,0,0,0,0,0
2021-01-01T23:59:59+01:00,24,11,56,83,97,157,114,310,174,240,95,86,89,186,76,388,0,0,0,0,0,0,0,0,0,0,0,0,0,0,0,0,2186,0,0,0,0,0,0
2020-12-31T23:59:59+01:00,24,11,56,83,97,157,114,310,174,240,95,86,89,186,76,388,0,0,0,0,0,0,0,0,0,0,0,0,0,0,0,0,2186,0,0,0,0,0,0
2020-12-30T23:59:59+01:00,23,11,56,82,96,154,114,309,174,240,95,86,89,186,76,388,0,0,0,0,0,0,0,0,0,0,0,0,0,0,0,0,2179,0,0,0,0,0,0
2020-12-29T23:59:59+01:00,18,8,41,59,73,91,84,214,127,188,73,74,66,153,61,310,0,0,0,0,0,0,0,0,0,0,0,0,0,0,0,0,1640,0,0,0,0,0,0
2020-12-28T23:59:59+01:00,8,5,17,28,31,45,39,111,53,101,30,41,38,92,31,177,0,0,0,0,0,0,0,0,0,0,0,0,0,0,0,0,847,0,0,0,0,0,0
2020-12-27T23:59:59+01:00,2,2,4,5,7,11,10,23,6,22,5,7,6,25,3,49,0,0,0,0,0,0,0,0,0,0,0,0,0,0,0,0,187,0,0,0,0,0,0
