Datum,<24_1_m,<24_1_w,25-34_1_m,25-34_1_w,35-44_1_m,35-44_1_w,45-54_1_m,45-54_1_w,55-64_1_m,55-64_1_w,65-74_1_m,65-74_1_w,75-84_1_m,75-84_1_w,>84_1_m,>84_1_w,<24_2_m,<24_2_w,25-34_2_m,25-34_2_w,35-44_2_m,35-44_2_w,45-54_2_m,45-54_2_w,55-64_2_m,55-64_2_w,65-74_2_m,65-74_2_w,75-84_2_m,75-84_2_w,>84_2_m,>84_2_w,bp_1,bp_2,mo_1,mo_2,az_1,az_2,ja
2021-05-23T23:59:59+02:00,14401,13979,22733,22085,27638,32262,46206,52728,64484,66099,59808,65853,44936,55191,10959,19649,5502,4813,7668,8582,8831,13552,12749,20309,16691,19570,29762,34115,33503,41584,8641,15415,383449,219073,54998,33518,174789,22921,5775
2021-05-22T23:59:59+02:00,14148,13726,22428,21761,26499,31274,44384,51182,63776,65473,59662,65678,44882,55110,10951,19631,5481,4753,7645,8525,8796,13493,12721,20219,16669,19519,29758,34108,33501,41582,8641,15415,375026,218998,54985,33518,174787,22543,5767
2021-05-21T23:59:59+02:00,13802,13426,21845,21329,25600,30542,41803,49120,62122,64041,59475,65475,44809,55030,10939,19613,5459,4714,7592,8443,8735,13416,12652,20127,16602,19444,29750,34093,33496,41572,8639,15414,364705,218831,53927,33507,174644,22115,5695
2021-05-20T23:59:59+02:00,13113,12795,20765,20488,24529,29568,40278,47794,59810,61962,58821,64756,44633,54800,10913,19564,5158,4527,7219,8182,8356,13064,12231,19637,16245,19033,29661,34025,33453,41527,8637,15405,354436,218467,51749,33407,173384,19466,5020
2021-05-19T23:59:59+02:00,12618,12427,19981,19958,23704,28983,39393,47104,56301,58021,58504,64453,44541,54673,10895,19524,4990,4369,6987,7951,8084,12767,11903,19227,15922,18668,29584,33936,33415,41460,8629,15395,344072,218029,50215,33313,172269,17421,4524
2021-05-18T23:59:59+02:00,12247,12097,19407,19520,23084,28426,37840,45770,55098,57043,58180,64077,44423,54530,10874,19503,4878,4221,6742,7734,7848,12491,11673,18856,15616,18283,29526,33875,33387,41427,8626,15388,338776,217761,48414,33244,170838,15475,4091
2021-05-17T23:59:59+02:00,11988,11881,18978,19252,22655,28119,36483,44637,53973,56161,57986,63871,44366,54436,10864,19476,4797,4117,6524,7522,7601,12207,11431,18488,15328,17919,29459,33821,33367,41391,8620,15376,334763,217499,47442,33179,169354,13723,3567
2021-05-16T23:59:59+02:00,11797,11734,18686,19054,22325,27872,35794,44135,52753,55009,57877,63776,44332,54388,10855,19459,4718,4036,6292,7355,7341,11958,11167,18140,15072,17615,29410,33782,33353,41373,8613,15373,332388,217266,46569,33123,167769,12089,3120
2021-05-15T23:59:59+02:00,11691,11620,18528,18911,22162,27731,35354,43714,52405,54676,57775,63651,44292,54342,10852,19446,4671,3994,6202,7288,7250,11851,11069,18025,14967,17491,29310,33660,33280,41294,8609,15369,330005,216193,46569,33122,167634,12073,2942
2021-05-14T23:59:59+02:00,11375,11391,18108,18679,21776,27457,32609,41619,50655,53122,57623,63497,44245,54271,10840,19427,4523,3903,5914,7119,6955,11625,10726,17675,14621,17170,28785,32975,33168,41142,8596,15344,320958,212970,46516,33118,167022,11955,2198
2021-05-13T23:59:59+02:00,10859,10956,17295,18124,20905,26774,31475,40612,48361,50847,56924,62725,44063,54014,10809,19362,3962,3680,5601,6867,6657,11322,10317,17298,14227,16704,27904,31798,32812,40701,8570,15294,312531,208464,44657,32566,165022,10789,1895
2021-05-12T23:59:59+02:00,10539,10733,16883,17878,20446,26491,30971,40221,45080,46837,56696,62507,43984,53913,10795,19342,3814,3581,5385,6762,6399,11174,10065,17094,13986,16415,27309,31034,32673,40547,8547,15263,303415,205549,43836,32545,164734,10623,1331
2021-05-11T23:59:59+02:00,10050,10413,16093,17345,19603,25876,29001,38646,43380,45447,56403,62152,43904,53791,10780,19319,3671,3424,5161,6418,6099,10764,9700,16513,13518,15840,25904,29373,32228,40011,8510,15189,297963,199629,40782,32366,162284,9154,1174
2021-05-10T23:59:59+02:00,9759,10242,15594,17092,19026,25556,27967,37908,41991,44333,56229,61958,43833,53690,10762,19295,3561,3278,4955,6183,5877,10457,9390,16025,13126,15402,24877,28033,31804,39519,8479,15139,294742,195032,39881,32343,159648,7766,964
2021-05-09T23:59:59+02:00,9570,10150,15305,16904,18644,25314,27247,37438,40147,42604,56098,61834,43789,53636,10755,19278,3421,3216,4779,6045,5718,10283,9199,15815,12952,15241,24604,27703,31686,39362,8471,15130,291822,193861,39514,32304,156688,6771,689
2021-05-08T23:59:59+02:00,9478,10057,15130,16767,18439,25103,27016,37200,39924,42418,55986,61712,43756,53598,10752,19269,3411,3194,4745,6011,5674,10234,9117,15749,12854,15158,24214,27250,31450,39099,8464,15115,290285,192677,39064,31604,156567,6769,689
2021-05-07T23:59:59+02:00,9279,9944,14789,16586,18078,24871,26602,36913,39492,42036,55725,61393,43716,53551,10747,19262,3072,3034,4398,5838,5421,9958,8784,15443,12430,14714,23110,25860,30907,38391,8443,15082,287806,189301,38638,30112,156243,5175,297
2021-05-06T23:59:59+02:00,8589,9545,13912,15969,17023,24016,25224,35786,37371,40312,54742,60242,43502,53270,10717,19210,2926,2908,4226,5631,5212,9647,8418,14996,11988,14220,21765,24155,30187,37536,8399,14982,277315,183795,37371,29157,154485,3985,259
2021-05-05T23:59:59+02:00,8008,9193,13126,15421,15998,23233,23799,34751,35554,38738,53071,58389,43227,52966,10690,19152,2821,2838,4061,5480,5020,9427,8070,14641,11627,13831,20273,22283,29208,36361,8368,14901,266048,177881,36466,27994,152721,3254,81
2021-05-04T23:59:59+02:00,7813,9082,12776,15242,15496,22965,23168,34402,34567,37987,52334,57535,43115,52843,10679,19118,2751,2755,3908,5309,4839,9168,7727,14209,11170,13326,18582,20321,28273,35246,8295,14806,262411,171266,35603,27067,151079,2323,29
2021-05-03T23:59:59+02:00,7632,8916,12386,15035,14991,22646,22463,33983,33421,37079,52115,57292,43024,52748,10670,19090,2685,2675,3814,5128,4694,8919,7504,13847,10833,12906,17330,18753,27499,34282,8241,14715,259198,165750,35144,26718,149130,1338,19
2021-05-02T23:59:59+02:00,7545,8806,12160,14871,14682,22417,21978,33650,32229,36087,51935,57081,42968,52668,10655,19062,2673,2667,3792,5095,4664,8880,7435,13774,10745,12804,16992,18349,27254,34013,8229,14704,256803,164206,35072,26607,146901,1239,18
2021-05-01T23:59:59+02:00,7519,8777,12102,14820,14602,22365,21882,33577,32112,35999,51930,57072,42965,52667,10653,19060,2666,2657,3769,5077,4623,8853,7392,13739,10684,12738,16785,18116,27156,33898,8226,14694,256263,163240,35072,26579,146750,1237,17
2021-04-30T23:59:59+02:00,7478,8731,12006,14741,14490,22242,21686,33405,31880,35786,51680,56744,42922,52616,10648,19052,2631,2632,3708,5011,4528,8745,7239,13540,10380,12461,15893,16980,26422,32987,8196,14621,254527,160091,35029,24698,146534,1168,17
2021-04-29T23:59:59+02:00,7245,8594,11708,14562,14135,22005,21159,33107,31124,35260,51099,56000,42836,52503,10627,18985,2590,2578,3609,4921,4399,8607,7042,13326,10098,12161,14769,15557,25314,31683,8143,14536,251417,154447,34943,23954,144572,915,17
2021-04-28T23:59:59+02:00,6943,8404,11322,14226,13655,21532,20534,32495,29803,33958,48609,53227,42582,52208,10578,18918,2549,2532,3538,4860,4287,8490,6869,13135,9844,11931,13444,13838,24062,30116,8099,14451,241567,148586,34827,22754,142593,698,7
2021-04-27T23:59:59+02:00,6835,8302,11168,14103,13470,21381,20248,32283,29247,33554,48444,53049,42531,52159,10571,18900,2504,2491,3440,4772,4201,8378,6685,12935,9560,11635,12016,12011,22649,28267,8038,14333,240257,141820,34782,21568,141199,520,7
2021-04-26T23:59:59+02:00,6778,8254,11057,14036,13311,21264,20011,32056,28394,32949,48164,52748,42482,52103,10566,18873,2482,2458,3387,4731,4135,8305,6578,12799,9363,11445,10929,10617,21576,26782,7988,14260,239567,136591,34759,20827,138713,410,7
2021-04-25T23:59:59+02:00,6726,8202,10946,13938,13154,21112,19753,31761,27569,32159,47767,52308,42408,52017,10553,18856,2453,2446,3357,4711,4117,8283,6544,12758,9301,11388,10742,10389,21367,26500,7983,14248,237890,135746,34717,20484,136615,350,7
2021-04-24T23:59:59+02:00,6700,8144,10867,13856,13062,20965,19615,31592,27414,31987,47663,52185,42333,51938,10549,18852,2446,2436,3331,4680,4076,8238,6464,12680,9170,11267,10583,10208,21246,26375,7971,14232,236452,135224,34701,19840,136562,332,7
2021-04-23T23:59:59+02:00,6627,8039,10732,13655,12868,20710,19294,31217,27005,31604,46774,51085,42187,51735,10534,18822,2428,2414,3286,4646,4024,8181,6366,12584,9005,11132,10292,9876,20959,25992,7930,14168,232123,134110,34646,18845,136112,321,7
2021-04-22T23:59:59+02:00,6511,7916,10509,13442,12522,20370,18761,30733,26326,30934,45078,48955,41692,51105,10497,18739,2410,2395,3240,4598,3949,8102,6241,12484,8728,10965,9826,9416,20557,25459,7892,14108,225917,132008,34538,18066,133628,289,7
2021-04-21T23:59:59+02:00,6409,7755,10274,13245,12184,20049,18257,30231,25413,29955,41045,44359,41270,50634,10441,18644,2399,2383,3196,4565,3901,8044,6152,12388,8555,10808,9457,8993,20107,24919,7841,14025,213939,130390,34473,17066,131746,270,7
2021-04-20T23:59:59+02:00,6309,7652,10070,13029,11909,19781,17832,29803,24797,29326,39311,42353,40703,49961,10381,18522,2374,2367,3154,4540,3835,7997,6012,12295,8397,10680,9147,8610,19653,24310,7768,13908,207750,129052,34389,15771,129593,217,7
2021-04-19T23:59:59+02:00,6228,7566,9916,12903,11702,19583,17440,29384,24205,28800,37803,40578,40182,49327,10333,18446,2357,2345,3119,4507,3792,7950,5973,12227,8311,10588,8870,8269,19288,23803,7734,13830,202766,127378,34335,15379,127288,199,7
2021-04-18T23:59:59+02:00,6152,7504,9787,12826,11510,19435,17154,29185,23749,28415,36544,39280,39870,48955,10306,18398,2344,2325,3088,4488,3765,7933,5927,12180,8261,10542,8762,8155,19146,23640,7720,13810,201252,126895,34298,14989,123513,195,7
2021-04-17T23:59:59+02:00,6145,7487,9750,12793,11467,19391,17072,29121,23671,28344,36246,38943,39774,48875,10301,18388,2332,2315,3062,4473,3701,7891,5853,12127,8182,10491,8651,8042,19050,23536,7702,13798,200028,126106,34290,14900,123443,193,7
2021-04-16T23:59:59+02:00,6078,7437,9667,12743,11339,19267,16854,28969,23265,27919,35218,37719,39415,48428,10285,18360,2183,2213,2839,4306,3340,7570,5056,11567,6662,9384,6213,6039,17466,22025,7549,13554,195932,117165,34206,10603,122818,191,7
2021-04-15T23:59:59+02:00,5998,7337,9463,12562,11031,19017,16335,28569,22528,27225,33307,35391,38522,47374,10216,18218,2135,2174,2776,4241,3221,7454,4813,11369,6301,9074,5740,5636,16893,21325,7396,13277,190133,114077,34154,9557,118799,184,7
2021-04-14T23:59:59+02:00,5926,7280,9298,12437,10796,18829,15922,28230,21832,26674,31317,33075,37482,46134,10154,18060,2045,2110,2698,4180,3109,7364,4602,11196,5976,8825,5262,5214,16322,20615,7225,12984,183778,111493,34014,8098,115647,129,7
2021-04-13T23:59:59+02:00,5867,7212,9158,12309,10617,18656,15560,27934,21246,26109,29166,30556,36354,44716,10039,17894,1996,2091,2661,4141,3053,7298,4466,11044,5709,8621,4915,4893,15866,20161,7126,12822,176900,110098,33951,6726,112535,32,7
2021-04-12T23:59:59+02:00,5800,7156,9044,12170,10413,18500,15221,27640,20636,25574,27111,28233,35327,43415,9933,17728,1962,2049,2632,4121,3029,7242,4397,10975,5606,8527,4759,4747,15557,19770,7036,12656,171203,109279,33878,5747,108813,32,7
2021-04-11T23:59:59+02:00,5754,7109,8955,12093,10249,18396,14936,27449,20168,25197,25913,26953,34704,42703,9866,17605,1951,2042,2609,4100,3010,7216,4361,10931,5525,8462,4661,4694,15443,19646,7005,12611,169432,109088,33809,5145,104802,27,7
2021-04-10T23:59:59+02:00,5735,7092,8920,12068,10190,18360,14867,27400,20069,25108,25556,26536,34417,42341,9859,17584,1948,2037,2600,4090,2994,7200,4328,10903,5466,8418,4585,4616,15314,19478,6968,12537,168223,108303,33089,5145,104783,27,7
2021-04-09T23:59:59+02:00,5677,7057,8837,11985,10065,18239,14695,27210,19792,24854,24614,25241,33614,41312,9834,17525,1916,2005,2548,4052,2914,7138,4167,10777,5209,8186,4161,4234,14744,18745,6779,12230,164880,104633,31581,5138,104083,27,7
2021-04-08T23:59:59+02:00,5593,6984,8688,11868,9842,18059,14278,26889,19168,24331,22762,23089,32145,39592,9713,17325,1881,1985,2492,4003,2839,7052,4007,10626,4907,7921,3697,3793,13727,17450,6395,11617,159144,99757,30675,4606,100500,22,7
2021-04-07T23:59:59+02:00,5530,6921,8511,11798,9612,17900,13943,26643,18667,23937,20784,20717,30631,37656,9620,17149,1844,1968,2436,3948,2775,6974,3895,10465,4719,7713,3426,3512,13015,16608,6088,11146,153135,96478,29502,4036,97375,11,7
2021-04-06T23:59:59+02:00,5469,6869,8369,11694,9453,17727,13589,26366,18129,23498,18739,18391,28957,35469,9459,16864,1806,1947,2411,3922,2742,6934,3831,10421,4639,7625,3321,3384,12497,15920,5853,10799,146321,94187,28548,3848,94166,10,7
2021-04-05T23:59:59+02:00,5429,6823,8276,11600,9316,17627,13355,26140,17680,23106,16880,16251,27551,33584,9336,16677,1782,1938,2384,3905,2715,6886,3789,10361,4550,7517,3214,3276,12143,15528,5721,10558,140922,92832,28113,3418,90589,10,7
2021-04-04T23:59:59+02:00,5421,6818,8269,11586,9299,17618,13333,26117,17650,23082,16724,16049,27383,33368,9331,16666,1781,1936,2383,3903,2713,6883,3787,10357,4544,7515,3206,3263,12131,15517,5719,10550,140208,92753,28020,3418,90479,10,7
2021-04-03T23:59:59+02:00,5417,6810,8253,11576,9278,17599,13288,26085,17578,23016,16643,15961,27343,33312,9327,16662,1778,1932,2372,3897,2695,6867,3758,10331,4465,7450,3080,3150,12061,15452,5714,10540,139682,92107,27991,3418,90468,10,7
2021-04-02T23:59:59+02:00,5388,6788,8199,11519,9207,17529,13137,25972,17343,22803,16168,15429,26917,32812,9302,16617,1775,1922,2361,3891,2685,6852,3732,10290,4400,7364,3011,3080,11786,15133,5605,10366,138486,90822,26579,3414,90058,10,7
2021-04-01T23:59:59+02:00,5333,6710,8083,11382,9074,17364,12855,25672,16882,22404,15373,14642,26242,31929,9203,16468,1750,1890,2338,3869,2657,6821,3698,10252,4332,7298,2888,2942,10773,13895,5106,9662,136254,86849,25913,3308,87444,9,5
2021-03-31T23:59:59+02:00,5110,6613,7970,11271,8942,17197,12621,25375,16533,22042,14627,13818,25483,30995,9118,16311,1739,1884,2325,3846,2635,6795,3644,10197,4261,7233,2798,2852,10136,13121,4819,9255,134472,84443,24459,3083,85090,9,5
2021-03-30T23:59:59+02:00,5076,6546,7894,11144,8859,17045,12455,25177,16241,21715,13997,13108,24767,30095,9009,16109,1726,1869,2306,3828,2609,6771,3605,10134,4192,7155,2674,2715,9501,12405,4535,8834,133002,82146,23246,2702,82984,6,5
2021-03-29T23:59:59+02:00,5030,6474,7788,11038,8753,16879,12286,24884,15907,21377,13422,12438,24066,29201,8884,15903,1714,1859,2289,3815,2594,6747,3570,10078,4138,7085,2622,2649,9178,11981,4390,8573,131176,80780,22491,2491,80658,6,5
2021-03-28T23:59:59+02:00,4986,6379,7699,10932,8683,16722,12140,24648,15640,21103,13086,12099,23507,28529,8746,15669,1705,1854,2278,3804,2587,6724,3533,10034,4105,7032,2580,2601,9097,11869,4351,8520,130680,80449,21966,2214,77917,6,5
2021-03-27T23:59:59+01:00,4972,6365,7672,10902,8612,16648,12037,24547,15492,20985,12877,11882,23322,28334,8718,15643,1704,1852,2275,3802,2585,6723,3520,10008,4094,7015,2571,2593,9032,11797,4326,8488,129807,80160,21318,2214,77878,6,5
2021-03-26T23:59:59+01:00,4922,6284,7553,10784,8439,16448,11680,24224,14858,20465,11945,11052,22602,27543,8611,15458,1696,1834,2271,3784,2572,6698,3498,9982,4052,6979,2548,2557,8825,11553,4236,8349,125809,79323,19719,2100,77335,6,5
2021-03-25T23:59:59+01:00,4857,6100,7383,10496,8191,16035,11269,23582,14242,19797,11249,10381,21742,26461,8364,15009,1674,1816,2240,3756,2536,6664,3460,9929,3977,6896,2410,2425,7794,10193,3744,7639,122552,75278,18943,1865,73659,6,4
2021-03-24T23:59:59+01:00,4773,5932,7232,10206,7989,15618,10994,23035,13784,19224,10624,9806,20830,25357,8091,14522,1650,1784,2213,3720,2494,6624,3404,9857,3912,6801,2307,2327,7096,9349,3434,7164,119970,72684,17755,1446,70291,5,1
2021-03-23T23:59:59+01:00,4727,5816,7118,9978,7839,15270,10726,22514,13384,18757,10157,9355,20081,24479,7852,14136,1637,1767,2189,3698,2471,6596,3344,9799,3820,6728,2210,2229,6303,8315,3066,6599,118529,69649,16657,1117,67003,5,0
2021-03-22T23:59:59+01:00,4667,5719,6987,9734,7681,14948,10463,22038,13041,18284,9777,9002,19515,23761,7705,13851,1626,1759,2182,3683,2457,6583,3324,9773,3782,6695,2157,2179,5791,7635,2777,6193,117661,67563,16256,1028,63256,5,0
2021-03-21T23:59:59+01:00,4612,5584,6851,9467,7519,14576,10224,21489,12710,17804,9449,8718,18994,23146,7549,13589,1623,1754,2181,3674,2454,6577,3317,9761,3772,6684,2141,2159,5662,7488,2735,6110,117467,67059,15859,1028,58955,5,0
2021-03-20T23:59:59+01:00,4601,5558,6815,9406,7455,14513,10131,21379,12610,17714,9366,8624,18856,22970,7508,13512,1621,1751,2177,3671,2449,6571,3304,9751,3747,6675,2108,2123,5301,7080,2589,5908,116643,65793,15765,1028,58610,5,0
2021-03-19T23:59:59+01:00,4400,5389,6528,9157,6977,14073,9149,20601,10805,16310,6484,6255,16806,20892,7213,13042,1615,1746,2172,3663,2438,6559,3292,9723,3689,6630,2044,2084,4876,6559,2382,5639,107372,64110,11061,996,55648,5,0
2021-03-18T23:59:59+01:00,4281,5219,6337,8856,6724,13612,8738,19934,10164,15604,5771,5594,15561,19357,6794,12360,1608,1738,2152,3636,2419,6521,3260,9687,3648,6596,2005,2053,4393,5963,2165,5301,102263,62253,10055,888,52588,4,0
2021-03-17T23:59:59+01:00,4190,5129,6210,8715,6547,13437,8436,19592,9752,15226,5365,5208,14722,18382,6459,11861,1596,1723,2137,3617,2388,6489,3225,9658,3610,6559,1951,1996,3947,5461,1960,4975,99027,60533,8372,755,51832,4,0
2021-03-16T23:59:59+01:00,4098,4972,6057,8449,6337,13051,8100,19011,9215,14594,4848,4751,13890,17389,6190,11444,1587,1714,2128,3601,2371,6477,3213,9636,3583,6531,1922,1958,3354,4749,1703,4551,96719,58324,6964,751,48713,3,0
2021-03-15T23:59:59+01:00,4029,4800,5864,8178,6132,12620,7815,18441,8785,14006,4553,4479,13208,16633,5976,11041,1586,1704,2113,3585,2350,6452,3192,9583,3561,6493,1888,1908,2945,4248,1476,4211,95264,56557,5991,736,45305,2,0
2021-03-14T23:59:59+01:00,3972,4631,5616,7862,5870,12151,7486,17702,8351,13315,4241,4224,12944,16392,5939,10956,1578,1694,2097,3555,2336,6400,3175,9522,3544,6463,1880,1897,2861,4131,1432,4137,95151,56157,5383,543,41118,2,0
2021-03-13T23:59:59+01:00,3957,4600,5583,7776,5814,12065,7411,17593,8225,13188,4088,4086,12865,16316,5934,10945,1578,1694,2097,3555,2335,6400,3174,9521,3543,6463,1875,1888,2802,4070,1407,4090,94468,55947,5383,543,40595,2,0
2021-03-12T23:59:59+01:00,3932,4510,5534,7645,5748,11922,7324,17354,8094,12980,3983,3990,12558,15972,5824,10757,1578,1694,2093,3548,2333,6392,3171,9514,3542,6459,1873,1886,2694,3941,1346,4025,93054,55544,5375,543,39698,2,0
2021-03-11T23:59:59+01:00,3830,4265,5321,7387,5522,11482,6971,16664,7680,12403,3650,3645,11401,14604,5287,10000,1572,1689,2083,3535,2314,6369,3149,9475,3517,6428,1846,1862,2427,3653,1223,3837,88889,54465,4947,512,36276,2,0
2021-03-10T23:59:59+01:00,3720,4123,5108,7122,5309,11109,6697,16091,7354,11918,3446,3428,10691,13733,4979,9559,1565,1670,2059,3496,2285,6282,3098,9346,3461,6318,1805,1791,2186,3388,1121,3677,86426,53268,4579,278,33382,2,0
2021-03-09T23:59:59+01:00,3639,3971,4941,6935,5126,10822,6463,15635,7055,11443,3276,3249,10007,12966,4675,9108,1555,1654,2025,3437,2252,6177,3029,9201,3402,6247,1778,1765,1885,3032,981,3475,84155,51862,4323,31,30833,2,0
2021-03-08T23:59:59+01:00,3562,3789,4713,6678,4889,10455,6201,15117,6700,10879,3090,3084,9593,12488,4523,8840,1552,1631,2008,3356,2222,6084,2987,9057,3374,6166,1764,1742,1661,2776,885,3311,82686,50546,3961,30,27954,0,0
2021-03-07T23:59:59+01:00,3528,3718,4637,6568,4804,10342,6103,14956,6587,10749,3043,3040,9508,12377,4490,8784,1544,1625,2003,3344,2213,6054,2980,9019,3362,6152,1758,1729,1593,2699,845,3255,82344,50145,3792,30,27098,0,0
2021-03-06T23:59:59+01:00,3510,3646,4594,6485,4768,10271,6045,14841,6541,10655,3025,3019,9443,12304,4466,8750,1542,1609,1996,3332,2203,6026,2977,8991,3351,6133,1750,1708,1561,2675,843,3247,82031,49914,3792,30,26540,0,0
2021-03-05T23:59:59+01:00,3481,3541,4532,6385,4710,10166,5979,14682,6441,10516,2991,2976,9232,12042,4373,8607,1532,1568,1967,3275,2176,5918,2935,8855,3309,5999,1708,1670,1495,2606,824,3222,81131,49029,3784,30,25739,0,0
2021-03-04T23:59:59+01:00,3412,3323,4362,6149,4508,9857,5754,14239,6138,10162,2816,2809,8123,10596,3852,7857,1510,1511,1932,3151,2148,5724,2889,8587,3258,5785,1643,1589,1461,2559,820,3207,76968,47745,3511,29,23478,0,0
2021-03-03T23:59:59+01:00,3363,3241,4220,5959,4343,9586,5538,13859,5904,9768,2693,2697,7425,9732,3525,7354,1496,1468,1904,3075,2126,5615,2859,8406,3202,5640,1576,1545,1420,2487,802,3160,74250,46752,3297,29,21660,0,0
2021-03-02T23:59:59+01:00,3304,3133,4028,5757,4144,9312,5338,13474,5651,9415,2558,2555,6582,8653,3141,6775,1461,1419,1876,3003,2100,5462,2813,8134,3152,5463,1505,1487,1358,2407,782,3121,71096,45514,2898,29,19826,0,0
2021-03-01T23:59:59+01:00,3262,3055,3852,5610,3970,9089,5152,13153,5423,9042,2470,2461,6030,7921,2847,6356,1453,1376,1855,2891,2069,5274,2768,7859,3099,5260,1464,1457,1312,2346,756,3085,68942,44295,2647,29,18104,0,0
2021-02-28T23:59:59+01:00,3212,2998,3677,5493,3769,8885,4960,12893,5242,8759,2426,2399,5893,7752,2801,6272,1448,1370,1852,2878,2058,5248,2763,7824,3089,5245,1456,1450,1306,2336,753,3078,68470,44125,2429,29,16532,0,0
2021-02-27T23:59:59+01:00,3193,2921,3651,5418,3738,8820,4923,12797,5204,8697,2387,2358,5522,7333,2646,6062,1441,1360,1842,2866,2047,5203,2743,7765,3074,5194,1441,1442,1298,2326,752,3077,67158,43843,2429,28,16083,0,0
2021-02-26T23:59:59+01:00,3168,2866,3606,5335,3679,8720,4862,12688,5112,8618,2314,2308,5087,6801,2432,5785,1372,1294,1797,2764,1999,5012,2684,7479,3003,5012,1384,1401,1276,2303,739,3069,65352,42561,2304,27,15725,0,0
2021-02-25T23:59:59+01:00,2979,2736,3420,5156,3503,8495,4645,12384,4907,8370,2235,2257,4576,6178,2209,5435,1355,1231,1761,2653,1955,4709,2606,7089,2913,4768,1344,1361,1259,2288,737,3060,63491,41065,1981,24,14013,0,0
2021-02-24T23:59:59+01:00,2796,2576,3249,4960,3346,8297,4441,12101,4695,8158,2106,2141,4087,5610,1996,5104,1334,1194,1741,2572,1917,4553,2549,6828,2860,4587,1318,1333,1240,2267,735,3040,61723,40051,1508,17,12432,0,0
2021-02-23T23:59:59+01:00,2641,2415,3072,4728,3199,8070,4257,11823,4523,7930,2024,2054,3460,4870,1736,4675,1319,1139,1710,2471,1876,4348,2478,6529,2764,4352,1267,1281,1217,2226,722,3016,59523,38701,1157,14,10797,0,0
2021-02-22T23:59:59+01:00,2591,2354,2991,4634,3126,7963,4161,11630,4419,7816,1984,2015,3042,4364,1507,4343,1305,1072,1676,2334,1831,4090,2396,6137,2641,4083,1214,1234,1196,2198,718,2994,57860,37115,1071,4,10009,0,0
2021-02-21T23:59:59+01:00,2552,2317,2935,4556,3049,7847,4074,11475,4359,7719,1969,1993,2952,4241,1460,4266,1299,1049,1660,2276,1803,3975,2362,5981,2584,3972,1182,1218,1188,2182,711,2981,57427,36419,1038,4,9299,0,0
2021-02-20T23:59:59+01:00,2540,2313,2913,4541,3033,7813,4044,11441,4343,7700,1964,1984,2891,4178,1434,4218,1299,1046,1660,2274,1801,3965,2362,5977,2583,3969,1181,1215,1187,2178,710,2981,57212,36384,1037,4,9101,0,0
2021-02-19T23:59:59+01:00,2524,2296,2880,4486,3004,7725,4001,11355,4290,7646,1958,1979,2780,4045,1373,4147,1239,1036,1629,2267,1790,3952,2353,5955,2572,3959,1177,1207,1175,2173,706,2974,56797,36160,1006,4,8686,0,0
2021-02-18T23:59:59+01:00,2367,2181,2737,4304,2882,7519,3855,11056,4162,7472,1932,1947,2510,3747,1249,3956,1146,987,1563,2175,1740,3830,2278,5791,2523,3888,1164,1191,1172,2158,695,2958,55732,35255,940,4,7204,0,0
2021-02-17T23:59:59+01:00,2314,2120,2647,4172,2771,7300,3697,10698,4032,7256,1881,1876,2269,3488,1147,3795,978,905,1455,2058,1672,3628,2184,5561,2451,3745,1135,1147,1146,2112,679,2919,54661,33772,795,3,6007,0,0
2021-02-16T23:59:59+01:00,2113,1990,2492,3962,2633,7009,3535,10331,3870,7000,1840,1850,1965,3130,1006,3587,945,878,1386,1978,1599,3480,2086,5381,2361,3636,1075,1096,1089,2020,645,2829,53330,32482,759,2,4224,0,0
2021-02-15T23:59:59+01:00,2074,1922,2405,3797,2555,6725,3407,9952,3765,6770,1816,1823,1721,2862,909,3429,926,861,1355,1930,1560,3407,2028,5213,2296,3538,1013,1055,1022,1929,630,2740,52233,31502,745,1,2954,0,0
2021-02-14T23:59:59+01:00,1981,1884,2361,3736,2509,6630,3342,9845,3719,6704,1807,1815,1652,2795,872,3378,911,851,1336,1902,1533,3386,1998,5169,2272,3487,1003,1045,1015,1918,627,2731,51900,31183,716,1,2414,0,0
2021-02-13T23:59:59+01:00,1980,1869,2350,3731,2504,6615,3338,9830,3712,6692,1799,1797,1625,2775,871,3369,911,851,1336,1902,1533,3386,1998,5169,2272,3487,1003,1045,1015,1918,627,2731,51744,31183,716,1,2397,0,0
2021-02-12T23:59:59+01:00,1887,1769,2258,3617,2422,6438,3230,9590,3596,6434,1755,1755,1562,2705,850,3343,903,843,1324,1881,1520,3365,1988,5139,2257,3469,999,1040,1014,1896,627,2705,50807,30969,716,1,1688,0,0
2021-02-11T23:59:59+01:00,1659,1612,2087,3402,2296,6127,3079,9163,3445,6117,1689,1661,1518,2650,839,3323,872,774,1220,1706,1399,3085,1847,4759,2101,3229,952,979,972,1815,597,2580,49428,28886,676,1,563,0,0
2021-02-10T23:59:59+01:00,1551,1550,2002,3272,2234,5957,2983,8881,3345,5901,1621,1616,1474,2581,823,3270,625,663,1017,1486,1256,2766,1657,4275,1911,2906,835,857,846,1551,529,2278,48264,25458,637,0,160,0,0
2021-02-09T23:59:59+01:00,1511,1488,1968,3182,2203,5761,2918,8531,3274,5673,1548,1558,1417,2521,809,3240,343,498,806,1220,1065,2388,1443,3722,1666,2497,683,694,669,1233,424,1854,47014,21205,509,0,79,0,0
2021-02-08T23:59:59+01:00,1501,1443,1939,3052,2162,5539,2865,8233,3217,5474,1510,1531,1374,2464,793,3223,299,438,700,1061,964,2163,1272,3315,1477,2215,581,581,565,1036,369,1621,45902,18657,339,0,79,0,0
2021-02-07T23:59:59+01:00,1470,1421,1911,3004,2136,5453,2832,8133,3179,5413,1497,1517,1360,2444,780,3210,263,376,651,967,904,2002,1183,3092,1379,2064,546,562,545,1004,361,1593,45622,17492,138,0,0,0,0
2021-02-06T23:59:59+01:00,1465,1413,1903,2992,2128,5421,2819,8090,3168,5372,1486,1509,1353,2435,779,3209,241,338,627,929,876,1935,1143,2972,1325,1986,530,550,539,1004,361,1593,45404,16949,138,0,0,0,0
2021-02-05T23:59:59+01:00,1394,1345,1859,2886,2076,5209,2752,7786,3095,5179,1428,1464,1335,2410,772,3203,224,301,590,891,841,1848,1104,2853,1272,1894,497,530,531,979,350,1571,44055,16276,138,0,0,0,0
2021-02-04T23:59:59+01:00,1381,1267,1813,2737,2009,4871,2661,7337,3000,4904,1389,1433,1318,2394,769,3193,191,232,511,775,751,1706,990,2602,1162,1704,455,486,490,920,332,1462,42445,14769,31,0,0,0,0
2021-02-03T23:59:59+01:00,1357,1230,1784,2657,1969,4702,2594,7066,2950,4715,1354,1403,1287,2356,755,3168,156,194,432,656,632,1460,838,2223,978,1439,336,357,352,696,228,1101,41316,12078,31,0,0,0,0
2021-02-02T23:59:59+01:00,1339,1167,1752,2550,1922,4469,2519,6730,2840,4470,1313,1359,1266,2327,746,3144,133,159,348,534,523,1209,684,1881,796,1166,248,258,275,509,176,824,39882,9723,31,0,0,0,0
2021-02-01T23:59:59+01:00,1322,1097,1714,2412,1869,4206,2441,6340,2723,4195,1249,1286,1239,2287,737,3119,97,99,236,365,347,779,425,1214,466,725,155,155,168,310,93,471,38205,6105,31,0,0,0,0
2021-01-31T23:59:59+01:00,1316,1074,1697,2347,1842,4084,2407,6150,2667,4090,1219,1269,1230,2271,731,3106,83,88,197,293,275,608,335,936,387,596,131,141,160,302,89,458,37469,5079,31,0,0,0,0
2021-01-30T23:59:59+01:00,1316,1071,1696,2342,1839,4071,2406,6139,2664,4082,1218,1265,1229,2269,731,3106,78,76,164,243,246,538,300,813,348,534,130,135,155,299,89,457,37414,4605,30,0,0,0,0
2021-01-29T23:59:59+01:00,1255,1062,1665,2335,1827,4062,2399,6127,2655,4070,1215,1263,1225,2269,731,3106,69,56,121,184,203,377,245,661,306,426,122,126,143,290,86,456,37238,3871,28,0,0,0,0
2021-01-28T23:59:59+01:00,1168,1031,1619,2280,1794,3992,2350,6048,2625,4026,1204,1252,1220,2263,721,3092,44,27,77,110,129,218,154,387,204,259,91,100,115,234,78,417,36660,2644,25,0,0,0,0
2021-01-27T23:59:59+01:00,1003,968,1528,2213,1732,3869,2283,5911,2566,3918,1180,1209,1195,2224,708,3063,32,19,66,87,104,174,123,331,178,218,83,84,105,212,75,388,35553,2279,17,0,0,0,0
2021-01-26T23:59:59+01:00,984,942,1466,2135,1666,3729,2191,5733,2485,3831,1122,1166,1151,2154,685,3013,31,18,63,84,100,167,119,316,177,210,80,80,96,188,66,344,34442,2139,11,0,0,0,0
2021-01-25T23:59:59+01:00,969,915,1433,2075,1634,3625,2139,5575,2434,3744,1073,1140,1100,2100,670,2956,29,18,60,84,97,164,118,315,175,209,80,80,95,187,64,341,33580,2116,2,0,0,0,0
2021-01-24T23:59:59+01:00,966,913,1426,2062,1629,3608,2132,5549,2422,3714,1070,1132,1095,2095,669,2951,29,18,60,84,96,163,118,315,175,208,80,80,95,187,64,341,33431,2113,2,0,0,0,0
2021-01-23T23:59:59+01:00,966,913,1426,2062,1629,3608,2132,5549,2422,3714,1070,1132,1094,2095,669,2951,29,18,60,84,96,163,118,315,174,208,80,80,95,187,64,341,33430,2112,2,0,0,0,0
2021-01-22T23:59:59+01:00,965,903,1409,2037,1618,3582,2116,5517,2410,3696,1068,1128,1093,2066,668,2924,29,18,60,84,96,163,118,315,174,208,80,80,95,187,64,341,33198,2112,2,0,0,0,0
2021-01-21T23:59:59+01:00,923,850,1323,1878,1523,3385,2011,5209,2304,3510,1029,1068,1058,1975,634,2804,27,17,54,79,89,154,109,284,160,188,67,72,84,162,51,292,31482,1889,2,0,0,0,0
2021-01-20T23:59:59+01:00,690,727,1141,1666,1385,3097,1834,4790,2106,3216,908,950,937,1734,578,2544,26,17,53,74,86,154,101,267,149,172,57,65,75,137,45,259,28301,1737,2,0,0,0,0
2021-01-19T23:59:59+01:00,383,554,898,1408,1177,2754,1596,4245,1852,2806,755,783,771,1430,484,2162,21,12,35,51,60,85,74,180,104,117,43,50,54,104,35,197,24057,1222,1,0,0,0,0
2021-01-18T23:59:59+01:00,331,490,786,1217,1055,2484,1392,3724,1615,2472,629,641,621,1158,408,1799,8,6,11,17,22,30,23,49,24,39,11,10,14,34,7,62,20822,367,0,0,0,0,0
2021-01-17T23:59:59+01:00,287,423,716,1122,981,2310,1296,3441,1500,2282,591,611,591,1101,387,1740,1,0,0,0,3,3,1,0,2,2,1,4,0,0,0,1,19379,18,0,0,0,0,0
2021-01-16T23:59:59+01:00,267,389,699,1087,956,2247,1256,3329,1452,2213,575,599,585,1101,387,1739,0,0,0,0,2,3,0,0,1,2,0,1,0,0,0,1,18881,10,0,0,0,0,0
2021-01-15T23:59:59+01:00,252,346,668,1051,928,2159,1221,3213,1399,2123,547,577,579,1079,380,1730,0,0,0,0,0,0,0,0,0,0,0,0,0,0,0,0,18252,0,0,0,0,0,0
2021-01-14T23:59:59+01:00,218,279,601,932,848,2011,1124,2986,1284,1960,509,539,545,1032,376,1694,0,0,0,0,0,0,0,0,0,0,0,0,0,0,0,0,16938,0,0,0,0,0,0
2021-01-13T23:59:59+01:00,183,254,550,859,776,1879,1017,2746,1136,1751,386,425,417,817,276,1299,0,0,0,0,0,0,0,0,0,0,0,0,0,0,0,0,14771,0,0,0,0,0,0
2021-01-12T23:59:59+01:00,159,228,518,787,722,1713,927,2529,1031,1552,302,313,324,581,197,921,0,0,0,0,0,0,0,0,0,0,0,0,0,0,0,0,12804,0,0,0,0,0,0
2021-01-11T23:59:59+01:00,128,177,439,648,628,1452,752,2038,802,1213,181,182,182,344,105,527,0,0,0,0,0,0,0,0,0,0,0,0,0,0,0,0,9798,0,0,0,0,0,0
2021-01-10T23:59:59+01:00,96,123,341,473,468,1052,538,1479,593,884,155,163,168,329,100,516,0,0,0,0,0,0,0,0,0,0,0,0,0,0,0,0,7478,0,0,0,0,0,0
2021-01-09T23:59:59+01:00,84,114,292,402,398,906,469,1255,522,753,150,155,163,325,100,514,0,0,0,0,0,0,0,0,0,0,0,0,0,0,0,0,6602,0,0,0,0,0,0
2021-01-08T23:59:59+01:00,71,89,213,286,300,627,356,951,426,577,143,148,148,316,98,514,0,0,0,0,0,0,0,0,0,0,0,0,0,0,0,0,5263,0,0,0,0,0,0
2021-01-07T23:59:59+01:00,50,32,85,125,135,246,163,434,225,301,108,123,135,285,95,489,0,0,0,0,0,0,0,0,0,0,0,0,0,0,0,0,3031,0,0,0,0,0,0
2021-01-06T23:59:59+01:00,35,24,74,95,116,192,137,355,195,243,86,96,111,233,80,419,0,0,0,0,0,0,0,0,0,0,0,0,0,0,0,0,2491,0,0,0,0,0,0
2021-01-05T23:59:59+01:00,32,19,64,89,105,179,122,339,183,224,84,91,109,226,78,401,0,0,0,0,0,0,0,0,0,0,0,0,0,0,0,0,2345,0,0,0,0,0,0
2021-01-04T23:59:59+01:00,29,18,61,85,97,170,117,321,181,215,83,89,100,209,70,372,0,0,0,0,0,0,0,0,0,0,0,0,0,0,0,0,2217,0,0,0,0,0,0
2021-01-03T23:59:59+01:00,29,18,61,85,97,170,117,321,181,215,83,89,99,208,70,372,0,0,0,0,0,0,0,0,0,0,0,0,0,0,0,0,2215,0,0,0,0,0,0
2021-01-02T23:59:59+01:00,29,18,61,85,97,170,117,321,180,215,83,89,99,208,70,372,0,0,0,0,0,0,0,0,0,0,0,0,0,0,0,0,2214,0,0,0,0,0,0
2021-01-01T23:59:59+01:00,29,18,61,85,97,170,117,321,179,214,83,89,99,208,70,372,0,0,0,0,0,0,0,0,0,0,0,0,0,0,0,0,2212,0,0,0,0,0,0
2020-12-31T23:59:59+01:00,29,18,61,85,97,170,117,321,179,214,83,89,99,208,70,372,0,0,0,0,0,0,0,0,0,0,0,0,0,0,0,0,2212,0,0,0,0,0,0
2020-12-30T23:59:59+01:00,28,18,61,83,96,168,117,320,179,214,83,89,99,208,70,372,0,0,0,0,0,0,0,0,0,0,0,0,0,0,0,0,2205,0,0,0,0,0,0
2020-12-29T23:59:59+01:00,23,12,42,59,76,102,86,226,131,166,64,75,75,174,56,297,0,0,0,0,0,0,0,0,0,0,0,0,0,0,0,0,1664,0,0,0,0,0,0
2020-12-28T23:59:59+01:00,9,7,19,28,34,51,40,119,49,85,29,43,43,101,29,172,0,0,0,0,0,0,0,0,0,0,0,0,0,0,0,0,858,0,0,0,0,0,0
2020-12-27T23:59:59+01:00,3,4,3,4,10,14,8,24,5,18,6,6,6,25,4,50,0,0,0,0,0,0,0,0,0,0,0,0,0,0,0,0,190,0,0,0,0,0,0
