Datum,<15_m,<15_w,15-24_1_m,15-24_1_w,25-34_1_m,25-34_1_w,35-44_1_m,35-44_1_w,45-54_1_m,45-54_1_w,55-64_1_m,55-64_1_w,65-74_1_m,65-74_1_w,75-84_1_m,75-84_1_w,>84_1_m,>84_1_w,<24_2_m,<24_2_w,25-34_2_m,25-34_2_w,35-44_2_m,35-44_2_w,45-54_2_m,45-54_2_w,55-64_2_m,55-64_2_w,65-74_2_m,65-74_2_w,75-84_2_m,75-84_2_w,>84_2_m,>84_2_w,bp_1,bp_2,mo_1,mo_2,az_1,az_2,ja,unb_1,unb_2
2021-08-21T23:59:59+02:00,7671,7080,54124,51082,61300,56775,70662,71466,92196,94411,104222,103567,72186,78567,50798,62360,14255,24616,48593,46051,57390,52455,66918,67244,88263,90002,100367,99799,70257,76384,49526,60697,13908,23801,789304,744906,69380,66646,181706,174570,36927,21,43
2021-08-20T23:59:59+02:00,7642,7047,54047,51011,61233,56718,70604,71409,92140,94352,104174,103532,72165,78541,50786,62335,14247,24606,48506,45977,57326,52394,66866,67197,88215,89947,100311,99763,70238,76365,49519,60683,13901,23797,788819,744443,69310,66637,181703,174548,36736,21,43
2021-08-19T23:59:59+02:00,7577,6968,53913,50893,61093,56609,70491,71299,92028,94265,104083,103442,72118,78486,50757,62295,14238,24586,48373,45876,57213,52309,66780,67121,88124,89869,100218,99701,70206,76337,49499,60660,13897,23788,787811,743817,69273,66605,181688,174507,36348,21,43
2021-08-18T23:59:59+02:00,7504,6911,53768,50759,60971,56500,70379,71205,91919,94180,103985,103363,72060,78435,50724,62259,14228,24565,48257,45750,57101,52215,66691,67046,88012,89783,100149,99633,70161,76299,49480,60637,13891,23772,786830,743129,69245,66583,181681,174458,35938,21,43
2021-08-17T23:59:59+02:00,7421,6832,53608,50596,60871,56377,70264,71085,91816,94077,103879,103265,72011,78393,50696,62234,14220,24554,48072,45574,56973,52083,66574,66943,87887,89692,100041,99540,70110,76251,49456,60619,13884,23761,785762,742123,69223,66553,181676,174411,35517,21,43
2021-08-16T23:59:59+02:00,7348,6771,53482,50467,60776,56267,70167,70990,91725,93973,103788,103166,71968,78343,50669,62191,14212,24546,47937,45462,56872,52014,66482,66862,87790,89614,99959,99445,70070,76215,49433,60594,13877,23756,784900,741516,69176,66518,181663,174346,35089,21,43
2021-08-15T23:59:59+02:00,7300,6732,53402,50384,60708,56201,70102,70925,91670,93925,103737,103120,71933,78317,50662,62177,14208,24539,47831,45366,56777,51927,66416,66798,87717,89553,99904,99399,70033,76185,49421,60575,13872,23746,784430,741040,69166,66490,181653,174266,34772,21,43
2021-08-14T23:59:59+02:00,7279,6716,53329,50315,60661,56161,70067,70878,91632,93887,103698,103084,71912,78309,50653,62166,14206,24537,47590,45094,56616,51741,66268,66646,87584,89431,99791,99291,69984,76142,49410,60552,13868,23741,783953,739222,69159,66484,181653,174257,34704,21,43
2021-08-13T23:59:59+02:00,7242,6681,53221,50220,60578,56080,70013,70810,91557,93831,103647,103039,71889,78288,50641,62155,14204,24530,47084,44593,56376,51474,66040,66399,87312,89182,99595,99089,69897,76043,49372,60492,13862,23721,783206,735758,69155,66476,181653,174184,34591,21,43
2021-08-12T23:59:59+02:00,7213,6655,53119,50150,60517,56006,69943,70764,91488,93774,103588,102995,71859,78255,50627,62139,14202,24516,46589,44153,56099,51173,65782,66179,87058,88963,99260,98820,69795,75909,49319,60428,13851,23693,782779,732722,69130,66454,181638,173740,34242,21,43
2021-08-11T23:59:59+02:00,7149,6585,52955,49979,60387,55888,69858,70672,91382,93670,103489,102889,71798,78190,50596,62099,14196,24501,45912,43532,55722,50793,65526,65886,86766,88703,98929,98453,69655,75765,49260,60329,13840,23665,781613,728631,69109,66420,181629,173307,33911,21,43
2021-08-10T23:59:59+02:00,7074,6501,52759,49794,60250,55771,69756,70552,91260,93541,103369,102786,71747,78133,50566,62068,14188,24492,44957,42628,55058,50145,65039,65437,86308,88223,98444,97997,69457,75569,49168,60232,13820,23628,780276,722401,69100,66391,181623,172804,33587,21,43
2021-08-09T23:59:59+02:00,7032,6456,52648,49705,60176,55700,69702,70492,91193,93472,103302,102728,71705,78098,50560,62052,14184,24484,43948,41565,54348,49461,64568,65012,85866,87788,97934,97530,69276,75347,49088,60109,13795,23592,779731,715958,69032,66348,181612,172245,33293,21,43
2021-08-08T23:59:59+02:00,6987,6418,52583,49640,60131,55670,69669,70469,91141,93425,103249,102687,71684,78077,50546,62032,14178,24479,43894,41503,54281,49417,64512,64979,85800,87731,97871,97482,69252,75319,49069,60085,13787,23585,779457,715693,69027,66334,181598,172167,32962,21,43
2021-08-07T23:59:59+02:00,6950,6378,52473,49514,60063,55596,69614,70405,91071,93364,103198,102640,71667,78060,50536,62026,14178,24478,42928,40476,53722,48841,64079,64576,85429,87340,97553,97137,69109,75176,49013,60004,13770,23568,778684,709325,69022,66319,181598,172159,32886,21,41
2021-08-06T23:59:59+02:00,6910,6317,52335,49385,59988,55531,69548,70321,90994,93290,103139,102587,71643,78037,50525,62008,14176,24473,42249,39867,53475,48578,63857,64338,85198,87122,97325,96938,69026,75085,48971,59964,13764,23555,777818,705736,69019,66239,181597,172022,32752,21,41
2021-08-05T23:59:59+02:00,6803,6210,52083,49161,59819,55345,69407,70180,90838,93145,103003,102454,71584,77975,50499,61968,14163,24455,41419,39174,52960,48120,63493,63996,84750,86725,96710,96424,68842,74902,48906,59866,13746,23524,776223,701232,68968,66193,181568,170897,32312,21,41
2021-08-04T23:59:59+02:00,6716,6126,51888,48935,59671,55169,69297,70031,90704,93030,102885,102339,71524,77913,50473,61922,14152,24426,40576,38382,52589,47723,63178,63684,84381,86396,96299,96024,68679,74732,48830,59770,13731,23490,774837,696671,68927,66177,181554,170105,31862,21,41
2021-08-03T23:59:59+02:00,6642,6071,51720,48798,59548,55048,69206,69942,90606,92933,102791,102258,71473,77878,50453,61898,14144,24412,39587,37428,51797,47050,62639,63165,83865,85917,95593,95395,68439,74519,48739,59656,13710,23447,773815,690459,68918,66158,181547,168930,31520,21,41
2021-08-02T23:59:59+02:00,6593,6028,51586,48659,59458,54970,69124,69874,90554,92863,102716,102197,71435,77836,50433,61876,14137,24399,38309,36253,50833,46242,61932,62589,83263,85353,94797,94698,68187,74264,48653,59525,13690,23409,773128,682841,68870,66115,181520,167618,31199,21,41
2021-08-01T23:59:59+02:00,6551,5976,51414,48499,59314,54860,69031,69761,90447,92772,102629,102106,71395,77799,50411,61835,14133,24383,38126,36117,50680,46151,61805,62497,83084,85214,94347,94296,68071,74156,48614,59476,13680,23389,772093,682210,68842,66060,181502,166307,30858,21,41
2021-07-31T23:59:59+02:00,6508,5943,51319,48380,59259,54790,68983,69719,90407,92743,102603,102082,71384,77787,50403,61832,14133,24380,36519,34606,49776,45288,61269,61933,82579,84701,93866,93864,67881,73951,48535,59381,13662,23356,771491,673069,68838,66053,181502,166192,30803,21,41
2021-07-30T23:59:59+02:00,6473,5890,51168,48244,59178,54708,68913,69662,90334,92664,102548,102044,71367,77764,50394,61809,14130,24376,35053,33193,48803,44337,60542,61247,81896,84083,93185,93287,67648,73718,48430,59231,13643,23325,770736,663547,68814,66042,181496,165888,30599,21,41
2021-07-29T23:59:59+02:00,6358,5770,50737,47876,58966,54440,68722,69472,90145,92479,102388,101907,71291,77682,50362,61755,14115,24358,34325,32576,48182,43894,60145,60903,81474,83733,92419,92615,67453,73564,48368,59145,13623,23296,768428,659717,68762,65906,181454,164253,30158,21,41
2021-07-28T23:59:59+02:00,6286,5707,50481,47680,58834,54291,68599,69379,90021,92358,102282,101813,71234,77625,50338,61717,14106,24341,33997,32280,47870,43664,59922,60692,81300,83572,92183,92418,67379,73499,48339,59111,13610,23286,767123,658055,68732,65818,181427,163737,29789,21,41
2021-07-27T23:59:59+02:00,6235,5661,50320,47541,58699,54200,68505,69294,89923,92249,102175,101739,71192,77572,50309,61684,14099,24328,32536,30868,46599,42565,59091,59907,80698,83049,91168,91572,67104,73216,48252,58985,13580,23245,766243,649393,68708,65752,181403,161955,29350,21,41
2021-07-26T23:59:59+02:00,6212,5632,50198,47452,58598,54115,68430,69241,89835,92189,102111,101690,71154,77536,50285,61664,14094,24319,31165,29604,45279,41442,57991,58924,79998,82417,90002,90547,66797,72945,48162,58870,13558,23203,765705,640324,68642,65663,181365,159662,29022,21,41
2021-07-25T23:59:59+02:00,6194,5614,50084,47345,58512,54049,68370,69184,89771,92133,102053,101644,71121,77500,50268,61641,14091,24309,30957,29445,45017,41247,57738,58699,79728,82214,89045,89696,66591,72772,48095,58797,13547,23179,765301,639162,68630,65550,181341,157207,28590,21,41
2021-07-24T23:59:59+02:00,6160,5585,49966,47252,58450,53986,68322,69129,89726,92090,102014,101605,71116,77494,50265,61638,14090,24305,29344,27842,43855,40155,57042,57987,79112,81641,88403,89133,66412,72580,48024,58696,13533,23156,764704,629059,68622,65539,181333,157068,28513,21,41
2021-07-23T23:59:59+02:00,6076,5498,49788,47075,58355,53881,68214,69027,89621,91988,101924,101511,71080,77437,50244,61607,14086,24299,27642,26307,42594,39072,56116,57100,78423,81029,87696,88470,66141,72308,47946,58595,13512,23126,763329,618495,68618,65378,181314,156599,28429,21,41
2021-07-22T23:59:59+02:00,5938,5384,49493,46794,58155,53681,68042,68861,89438,91836,101768,101379,71015,77355,50204,61555,14075,24280,26819,25474,41674,38259,55174,56273,77680,80402,86026,86968,65770,71909,47838,58463,13481,23074,761407,609996,68576,64882,181283,155125,27966,21,41
2021-07-21T23:59:59+02:00,5661,5100,48957,46266,57848,53368,67811,68584,89162,91589,101497,101112,70888,77224,50146,61490,14066,24254,26564,25252,41253,37979,54738,55889,77314,80123,85216,86363,65604,71780,47783,58397,13463,23049,757800,608042,68551,64612,181259,153348,27392,21,41
2021-07-20T23:59:59+02:00,5584,5027,48671,45988,57678,53163,67637,68440,88982,91437,101334,100968,70811,77158,50107,61443,14057,24226,25394,24099,39954,36947,53403,54690,76414,79353,83856,85020,65301,71438,47677,58260,13435,23004,756122,597659,68546,64467,181215,151764,26807,21,41
2021-07-19T23:59:59+02:00,5504,4942,48343,45662,57463,52954,67471,68239,88797,91261,101185,100807,70735,77075,50066,61393,14048,24197,24562,23256,38646,35825,51672,53191,75153,78307,82747,84040,65013,71182,47586,58142,13411,22965,754327,587634,68537,64322,181185,149981,26072,21,41
2021-07-18T23:59:59+02:00,5497,4941,48277,45609,57373,52880,67408,68173,88710,91195,101114,100742,70703,77034,50040,61360,14046,24185,24427,23153,38385,35611,51347,52908,74906,78116,81850,83277,64828,71005,47530,58069,13406,22943,754061,586588,68514,64163,181145,147755,25546,21,41
2021-07-17T23:59:59+02:00,5472,4905,48177,45531,57300,52818,67348,68117,88652,91134,101071,100723,70696,77019,50035,61354,14046,24184,23033,21679,36990,34311,50101,51717,74306,77563,81217,82682,64699,70857,47464,58008,13397,22923,753505,575695,68512,64139,181140,147618,25404,21,41
2021-07-16T23:59:59+02:00,5368,4827,47932,45298,57177,52712,67233,68007,88515,91038,100966,100620,70651,76969,50012,61335,14040,24177,21772,20429,35687,33063,48649,50395,73302,76632,80516,82023,64480,70637,47383,57909,13378,22890,752059,564047,68512,64080,181134,147416,25151,21,41
2021-07-15T23:59:59+02:00,5226,4700,47533,44973,56969,52512,67042,67824,88303,90838,100778,100454,70554,76868,49964,61261,14030,24148,21164,19925,34761,32367,47416,49459,72128,75721,78362,79896,63882,70041,47240,57732,13359,22828,750001,554729,68495,63056,181087,145570,24373,21,41
2021-07-14T23:59:59+02:00,4854,4372,46941,44398,56738,52245,66840,67622,88091,90596,100561,100257,70447,76758,49899,61178,14019,24124,20960,19778,34507,32213,47051,49161,71600,75334,77697,79362,63561,69766,47159,57648,13337,22793,746550,552949,68481,62875,181036,143668,23852,21,39
2021-07-13T23:59:59+02:00,4765,4293,46738,44244,56571,52093,66678,67474,87935,90470,100416,100131,70375,76697,49860,61132,14015,24108,20394,19243,33483,31399,45441,47706,69846,73677,76099,77812,63188,69375,47031,57478,13308,22742,745191,542050,68465,62107,180963,142057,23355,21,39
2021-07-12T23:59:59+02:00,4700,4217,46552,44054,56421,51953,66524,67348,87762,90331,100260,99993,70300,76614,49823,61081,14008,24090,19914,18805,32694,30776,43779,46253,67472,71602,74209,76310,62658,68791,46889,57316,13280,22692,743932,530947,68444,61545,180867,139484,22767,21,39
2021-07-11T23:59:59+02:00,4695,4213,46480,44001,56363,51903,66475,67312,87702,90282,100188,99934,70263,76571,49813,61065,14006,24076,19708,18658,32355,30530,43335,45881,67015,71245,73430,75614,62261,68415,46819,57227,13265,22659,743793,529182,68435,61222,180801,137012,22292,21,39
2021-07-10T23:59:59+02:00,4569,4079,46197,43689,56178,51708,66328,67138,87571,90142,100089,99828,70207,76514,49792,61039,14003,24067,19144,18099,31403,29664,41586,44297,65535,69966,72796,74997,62096,68264,46766,57175,13258,22645,741701,518548,68431,61206,180790,136968,22195,21,39
2021-07-09T23:59:59+02:00,4442,3963,45924,43435,56010,51517,66171,66979,87420,89979,99957,99722,70154,76440,49756,60998,13998,24055,18547,17523,30431,28706,39623,42366,63236,67841,71635,73857,61824,67940,46690,57049,13241,22620,739656,504834,68420,60824,180784,136562,22039,21,39
2021-07-08T23:59:59+02:00,4410,3938,45785,43322,55890,51399,66042,66877,87299,89858,99834,99625,70102,76386,49735,60959,13987,24042,17605,16716,29034,27669,37905,40918,61105,66023,68281,70706,60933,66971,46449,56708,13196,22525,738925,489576,68363,58758,180715,133982,21466,21,39
2021-07-07T23:59:59+02:00,4399,3933,45717,43279,55814,51355,65961,66836,87245,89818,99791,99574,70086,76364,49726,60941,13983,24032,16640,15857,27654,26660,36384,39690,59490,64568,65059,67237,59921,65933,46213,56387,13146,22452,738636,474282,68320,56859,180662,131842,21215,21,39
2021-07-06T23:59:59+02:00,4345,3885,45573,43153,55685,51215,65857,66727,87139,89730,99713,99490,70048,76306,49708,60913,13980,24018,15866,15112,26576,25749,34549,37985,56096,61549,62414,64787,59170,65144,45941,56053,13105,22349,737517,456416,68300,56045,180604,129717,21043,21,39
2021-07-05T23:59:59+02:00,4284,3841,45397,42979,55538,51120,65742,66619,87024,89637,99629,99396,69985,76242,49687,60886,13977,24003,15207,14482,25619,24935,33329,36855,52998,58581,59645,62324,58334,64335,45692,55742,13060,22272,736353,440354,68267,55688,180528,127241,20817,21,39
2021-07-04T23:59:59+02:00,4276,3835,45350,42953,55478,51094,65703,66598,86986,89606,99597,99368,69962,76222,49681,60871,13972,23993,14998,14277,25182,24586,32733,36328,52334,58056,58662,61460,57676,63706,45510,55540,13041,22225,736181,436275,68237,55484,180460,124562,20646,21,37
2021-07-03T23:59:59+02:00,4056,3658,44814,42387,55157,50722,65413,66324,86742,89346,99400,99170,69889,76150,49658,60825,13968,23982,14711,13957,24831,24234,31752,35408,50593,56504,57796,60723,57503,63511,45443,55455,13029,22200,732379,427695,68224,55469,180453,124520,20584,21,37
2021-07-02T23:59:59+02:00,3748,3371,44160,41795,54831,50391,65130,66022,86471,89096,99165,98946,69785,76038,49606,60756,13962,23965,14291,13507,24131,23626,30595,34347,47969,54341,55667,58936,57110,63085,45284,55299,13013,22162,728047,415203,68207,54418,180440,123791,20524,20,17
2021-07-01T23:59:59+02:00,3610,3261,43808,41442,54629,50218,64976,65863,86319,88958,99013,98827,69716,75970,49576,60722,13954,23950,13600,12812,22836,22540,28922,32831,45962,52597,53175,56661,55690,61518,44789,54682,12940,22034,725923,401672,68144,52103,180391,119973,20334,20,17
2021-06-30T23:59:59+02:00,3599,3245,43539,41246,54448,50093,64864,65776,86233,88895,98945,98777,69689,75947,49564,60700,13950,23940,12847,12205,21669,21647,27333,31466,44118,50881,49536,52702,54362,60188,44433,54243,12884,21906,724810,385922,68099,50207,180371,116534,20150,20,17
2021-06-29T23:59:59+02:00,3381,3025,42624,40403,53842,49501,64433,65350,85826,88444,98598,98447,69562,75798,49507,60630,13931,23909,12246,11598,20872,20884,25986,30265,41500,48481,47669,51160,53393,59079,44026,53707,12790,21753,718830,373912,68048,48699,180357,113154,19956,20,17
2021-06-28T23:59:59+02:00,3164,2845,41659,39397,53185,48858,63976,64969,85442,88055,98265,98104,69424,75637,49442,60530,13913,23886,11743,11148,20220,20294,25026,29371,39410,46541,46044,49798,52288,58034,43664,53202,12711,21633,712671,364442,67942,47674,180348,109478,19770,20,17
2021-06-27T23:59:59+02:00,3159,2842,41624,39365,53143,48827,63941,64937,85390,88020,98214,98077,69407,75625,49433,60516,13908,23883,11549,10954,19895,19977,24449,28813,38388,45694,44888,48707,51261,57027,43231,52697,12629,21497,712477,359864,67917,47233,180311,105175,19586,20,17
2021-06-26T23:59:59+02:00,2677,2368,40224,37990,52407,48074,63387,64374,84904,87505,97790,97644,69216,75449,49360,60412,13889,23860,11435,10854,19726,19825,24252,28597,37913,45257,44522,48358,51147,56883,43185,52649,12624,21482,703730,356931,67893,47227,180311,105157,19576,20,17
2021-06-25T23:59:59+02:00,2270,2034,39368,37168,52056,47711,63058,64050,84622,87192,97539,97378,69112,75336,49313,60350,13874,23838,11131,10544,19344,19402,23731,27981,35218,42957,42341,46445,50809,56505,43086,52520,12600,21452,698644,345371,67758,46781,180304,104512,19543,20,17
2021-06-24T23:59:59+02:00,2216,1984,38878,36707,51706,47379,62844,63847,84390,86999,97354,97227,69031,75270,49278,60304,13868,23822,10530,9960,18283,18534,22312,26734,33119,41123,39912,44152,49330,54864,42516,51818,12483,21249,695710,332522,67734,44178,180282,100966,19358,20,17
2021-06-23T23:59:59+02:00,2204,1960,38649,36470,51544,47217,62739,63745,84296,86905,97279,97143,69000,75239,49261,60282,13865,23812,10073,9530,17655,17988,21378,25884,31190,39498,35952,39697,48039,53505,42131,51313,12402,21083,694498,317028,67707,43557,180268,97666,19119,18,17
2021-06-22T23:59:59+02:00,2126,1898,37661,35528,50800,46545,62262,63305,83919,86496,96916,96832,68852,75099,49195,60202,13852,23779,9598,9085,16791,17304,20157,24813,28068,36731,33651,37823,47086,52537,41722,50755,12262,20849,688363,304871,67666,40818,180259,94597,18961,18,17
2021-06-21T23:59:59+02:00,1980,1759,36303,34294,49779,45665,61543,62647,83423,86026,96478,96431,68683,74928,49130,60108,13840,23744,9282,8788,16331,16941,19531,24330,26331,35174,32122,36532,46038,51459,41269,50206,12156,20658,680388,297551,67640,40176,180244,90954,18471,18,17
2021-06-20T23:59:59+02:00,1969,1750,36218,34241,49641,45553,61411,62520,83345,85970,96411,96373,68649,74900,49115,60090,13840,23733,9135,8686,16117,16772,19215,24072,25513,34520,31185,35586,45843,51257,41238,50154,12147,20638,679782,293769,67603,39586,180226,90625,18100,18,17
2021-06-19T23:59:59+02:00,1601,1449,34595,32685,48732,44730,60922,62011,82876,85491,96002,96019,68499,74734,49049,60007,13825,23709,9095,8607,16016,16651,19097,23922,25407,34362,31058,35448,45747,51161,41220,50129,12143,20628,671028,292437,67590,39583,180220,90592,18080,18,16
2021-06-18T23:59:59+02:00,1406,1276,32941,31087,47517,43537,59986,61095,82072,84746,95384,95441,68280,74514,48959,59868,13809,23679,9020,8519,15859,16501,18912,23732,25157,34123,30774,35129,45455,50817,41135,50053,12130,20614,659864,290267,67465,39467,180219,90166,18031,18,16
2021-06-17T23:59:59+02:00,1330,1217,32008,30239,46644,42831,59182,60250,81334,84098,94974,95060,68139,74370,48916,59792,13794,23650,8480,8150,15173,15942,18088,22909,24053,32998,29294,33776,44130,49314,40650,49442,12011,20426,652917,281331,67354,38643,180186,87510,17353,18,16
2021-06-16T23:59:59+02:00,1247,1153,31311,29535,45846,42082,58264,59380,80555,83330,94555,94683,68000,74210,48859,59701,13775,23624,7988,7825,14559,15431,17322,22187,22921,32046,28118,32671,42241,47202,40107,48863,11903,20241,645852,271628,67238,38044,180165,85117,16837,18,16
2021-06-15T23:59:59+02:00,1105,1034,29422,27731,44092,40541,56682,57741,79169,82014,93800,94015,67713,73918,48747,59543,13742,23559,7811,7694,14256,15193,16961,21889,22405,31666,27592,32248,41305,46187,39725,48442,11780,20021,630880,268577,67193,37541,180125,82704,16352,18,16
2021-06-14T23:59:59+02:00,1012,921,27871,26252,42484,39024,55025,56093,78070,80909,93105,93388,67461,73677,48651,59420,13722,23515,7625,7519,13878,14863,16440,21452,21718,31086,26915,31654,40923,45764,39343,47994,11649,19816,617629,265917,67139,37132,180096,79869,15718,18,16
2021-06-13T23:59:59+02:00,988,896,27668,26069,42102,38694,54487,55574,77723,80606,92913,93197,67371,73597,48614,59364,13707,23490,7482,7348,13611,14571,16058,21060,21291,30598,26385,31156,40525,45360,38885,47430,11470,19531,614929,263843,67006,37064,180066,76810,15041,18,16
2021-06-12T23:59:59+02:00,859,781,26132,24464,40930,37609,53813,54840,77190,80111,92362,92672,67216,73419,48545,59287,13694,23469,7436,7297,13490,14462,15925,20950,21107,30451,26269,31059,40508,45344,38877,47420,11470,19530,605334,263067,67002,37062,180059,76483,14980,18,16
2021-06-11T23:59:59+02:00,745,672,24503,22925,39569,36415,52586,53633,76221,79260,91785,92097,66980,73185,48483,59179,13675,23434,7379,7208,13320,14279,15714,20759,20838,30196,26000,30802,40200,44968,38792,47306,11453,19502,593531,261185,66924,36917,180051,75788,14823,18,16
2021-06-10T23:59:59+02:00,645,585,23507,21911,38347,35232,50985,52132,74902,78068,90174,90552,66626,72791,48356,59006,13650,23380,7097,6983,12800,13844,15086,20193,20078,29442,25209,30130,39500,44107,38442,46892,11340,19319,580624,257750,66449,36885,179999,72065,13759,18,16
2021-06-09T23:59:59+02:00,575,536,23057,21520,37690,34710,49875,51096,73663,76872,89583,90047,66500,72646,48306,58921,13635,23350,6822,6671,12201,13242,14306,19384,19164,28421,24227,28974,36934,41195,37877,46247,11192,19079,573468,247451,65993,36810,179958,68528,13145,18,15
2021-06-08T23:59:59+02:00,469,425,21537,20041,36074,33342,47767,49139,71527,74939,88112,88566,66186,72260,48171,58762,13603,23306,6692,6494,11827,12875,13827,18899,18563,27820,23672,28441,36650,40943,37588,45880,11084,18923,556080,245813,65718,36733,179926,65146,12484,18,15
2021-06-07T23:59:59+02:00,354,331,20528,19054,34528,32003,45491,47115,69391,73063,87135,87715,65963,71995,48097,58627,13583,23271,6539,6331,11407,12526,13289,18422,17836,27234,23041,27845,36330,40638,37170,45399,10971,18727,540868,243829,65548,36669,179872,61267,11938,18,15
2021-06-06T23:59:59+02:00,331,310,20345,18909,34135,31720,44886,46550,68776,72582,86924,87548,65907,71936,48086,58600,13576,23259,6406,6162,11086,12114,12863,17852,17199,26424,22344,27041,35864,40165,36690,44846,10815,18459,537765,241395,65225,36621,179829,56769,11543,18,15
2021-06-05T23:59:59+02:00,259,245,19094,17625,32794,30502,43656,45373,68202,72065,86394,87038,65816,71834,48038,58551,13569,23247,6355,6081,10983,11961,12740,17682,17031,26216,22175,26858,35802,40087,36668,44822,10813,18454,527735,240807,65225,36208,179801,56188,11523,18,15
2021-06-04T23:59:59+02:00,178,176,17894,16470,31475,29206,42098,43876,66859,70748,85583,86286,65629,71621,47961,58459,13553,23219,6253,5937,10807,11754,12525,17430,16675,25831,21655,26420,34918,39235,36354,44522,10796,18431,514870,238976,65158,35882,179793,53231,11452,18,14
2021-06-03T23:59:59+02:00,123,123,17255,15893,30489,28381,40643,42590,65089,69217,83329,84002,65205,71169,47833,58297,13535,23181,6082,5730,10500,11403,12208,16970,16230,25173,21111,25840,34252,38447,36180,44320,10763,18381,501088,236660,64465,35496,179752,50401,11031,18,14
2021-06-02T23:59:59+02:00,94,80,16910,15580,30181,28121,39976,41968,63500,67826,82390,83202,65063,71005,47773,58214,13532,23166,5966,5639,10330,11250,11984,16760,15937,24870,20771,25449,31013,34826,35953,44097,10734,18327,493578,227997,64464,35165,179751,49971,10770,18,14
2021-06-01T23:59:59+02:00,38,45,16117,14907,28686,27032,37621,39911,59944,64645,79964,80886,64713,70639,47645,58026,13498,23111,5689,5354,9815,10818,11454,16171,15276,24082,20031,24696,30668,34530,35755,43917,10706,18265,475256,226537,62910,34659,179684,46469,9560,18,13
2021-05-31T23:59:59+02:00,30,37,15546,14429,27752,26335,35657,38244,56504,61619,77932,79180,64380,70283,47501,57851,13465,23059,5527,5139,9407,10455,11024,15694,14742,23400,19406,23990,30381,34278,35572,43723,10670,18208,459477,225863,62194,34273,179618,42980,8497,18,13
2021-05-30T23:59:59+02:00,29,34,15400,14303,27473,26109,35205,37838,55794,61001,77613,78906,64319,70225,47476,57816,13461,23049,5424,4947,9080,10088,10614,15210,14294,22602,18879,23221,29705,33565,35346,43529,10648,18147,456510,225412,61761,34193,179572,37501,8190,18,13
2021-05-29T23:59:59+02:00,27,33,15002,13903,26617,25289,33444,36243,54309,59704,77024,78340,64168,70076,47423,57763,13454,23035,5390,4871,9018,9977,10524,15097,14188,22456,18749,23084,29675,33542,35340,43521,10647,18144,446355,224940,61729,34193,179567,36902,8185,18,13
2021-05-28T23:59:59+02:00,24,32,14591,13497,25799,24540,31592,34477,52136,57698,75968,77345,63963,69826,47371,57686,13444,23012,5305,4754,8845,9831,10371,14928,14030,22220,18541,22782,29606,33494,35323,43505,10646,18140,434370,224278,61259,34187,179479,35978,7875,18,13
2021-05-27T23:59:59+02:00,20,27,13965,13028,24734,23818,30348,33550,50529,56324,72869,74360,63521,69289,47236,57524,13420,22958,5191,4514,8517,9495,9971,14502,13592,21589,18041,22185,29384,33290,35213,43393,10624,18112,422218,223648,59300,34117,178854,32715,7130,18,13
2021-05-26T23:59:59+02:00,19,25,13476,12598,23822,23166,29431,32855,49441,55397,69909,71169,62909,68680,47101,57354,13390,22912,5105,4349,8262,9180,9673,14115,13236,20990,17606,21588,29192,33123,35115,43289,10598,18062,411393,223047,57125,33999,178357,29673,6761,18,13
2021-05-25T23:59:59+02:00,19,21,13132,12298,23244,22761,28380,32000,46845,53164,67644,69043,62558,68313,46988,57205,13372,22861,5022,4225,8054,8923,9419,13744,12923,20470,17228,21040,29034,32969,35031,43186,10572,18007,399549,222505,56060,33918,177735,26934,6486,18,13
2021-05-24T23:59:59+02:00,18,20,12833,12016,22744,22378,27763,31551,44223,50733,65190,66856,62251,68015,46878,57079,13339,22805,4950,4119,7804,8691,9102,13367,12596,19959,16842,20484,28892,32831,34957,43114,10550,17961,387897,221940,55578,33854,177070,24292,6129,18,13
2021-05-23T23:59:59+02:00,18,20,12772,11946,22649,22295,27683,31475,43967,50503,64604,66307,62171,67926,46853,57061,13337,22803,4930,4104,7767,8661,9044,13336,12518,19899,16768,20430,28883,32818,34953,43108,10550,17960,385695,221669,55498,33847,177056,24086,6123,18,13
2021-05-22T23:59:59+02:00,18,20,12548,11707,22327,21990,26679,30587,42132,48920,63749,65569,62009,67735,46787,56970,13327,22780,4914,4049,7740,8599,9003,13273,12488,19817,16738,20365,28873,32808,34949,43102,10549,17959,377202,221582,55487,33847,177050,23696,6097,18,13
2021-05-21T23:59:59+02:00,18,19,12243,11454,21757,21552,25871,29901,39744,47029,61778,63904,61748,67464,46703,56882,13312,22755,4895,4021,7686,8511,8936,13184,12410,19723,16665,20281,28857,32783,34942,43092,10547,17958,366805,221384,54428,33833,176859,23246,6024,18,13
2021-05-20T23:59:59+02:00,17,19,11622,10875,20638,20666,24730,28880,38239,45751,59437,61837,60930,66564,46504,56624,13278,22700,4614,3842,7285,8218,8497,12787,11956,19212,16248,19761,28736,32688,34891,43041,10543,17948,356335,220987,52074,33724,175583,20251,5301,18,13
2021-05-19T23:59:59+02:00,17,19,11182,10560,19851,20121,23883,28286,37337,45067,56203,58200,60238,65861,46395,56490,13256,22653,4461,3675,7030,7974,8220,12458,11628,18785,15879,19338,28638,32575,34849,42967,10533,17933,345886,220512,50458,33610,174446,18006,4811,18,13
2021-05-18T23:59:59+02:00,17,19,10849,10274,19278,19670,23242,27729,35938,43844,54795,57075,59869,65437,46265,56328,13231,22628,4353,3550,6784,7742,7962,12176,11396,18384,15534,18909,28555,32486,34819,42928,10529,17926,340529,220228,48620,33530,172964,15914,4357,18,13
2021-05-17T23:59:59+02:00,16,18,10629,10092,18845,19385,22810,27421,34737,42848,53487,56042,59621,65191,46202,56229,13215,22595,4281,3463,6576,7524,7711,11884,11139,17990,15226,18506,28465,32400,34795,42886,10523,17913,336466,219944,47629,33463,171445,14046,3825,18,13
2021-05-16T23:59:59+02:00,16,17,10439,9960,18550,19183,22475,27182,34100,42389,52249,54873,59427,65027,46166,56175,13204,22575,4213,3387,6358,7358,7419,11630,10873,17637,14933,18143,28401,32338,34779,42868,10516,17909,334037,219702,46751,33400,169822,12278,3379,18,12
2021-05-15T23:59:59+02:00,16,17,10341,9859,18399,19037,22306,27042,33715,42020,51855,54497,59310,64879,46118,56130,13201,22559,4172,3352,6274,7293,7326,11527,10771,17518,14825,18013,28307,32220,34688,42775,10512,17904,331643,218614,46750,33398,169687,12259,3203,18,12
2021-05-14T23:59:59+02:00,15,17,10057,9650,17966,18797,21907,26757,31358,40245,49706,52643,59092,64652,46070,56047,13185,22537,4042,3267,5988,7131,7018,11303,10421,17166,14479,17685,27733,31514,34567,42582,10494,17875,322492,215308,46697,33394,169074,12139,2421,17,12
2021-05-13T23:59:59+02:00,15,17,9594,9273,17172,18233,21035,26079,30239,39260,47464,50472,58245,63680,45861,55764,13146,22465,3538,3069,5651,6876,6706,10995,10014,16777,14103,17252,26838,30317,34143,42066,10463,17813,313999,210719,44832,32842,167054,10944,2113,16,12
2021-05-12T23:59:59+02:00,15,17,9301,9082,16737,17977,20565,25794,29711,38875,44461,46829,57671,63040,45777,55651,13128,22440,3397,2981,5420,6765,6428,10850,9732,16568,13864,16988,26193,29498,33979,41871,10437,17779,304830,207699,44009,32816,166762,10776,1456,14,12
2021-05-11T23:59:59+02:00,15,15,8859,8797,15965,17462,19705,25178,27970,37430,42529,45326,57293,62593,45692,55516,13108,22412,3277,2850,5190,6423,6126,10435,9368,16007,13427,16432,24769,27832,33470,41249,10386,17694,299340,201736,40950,32633,164274,9277,1287,14,11
2021-05-10T23:59:59+02:00,15,14,8597,8644,15452,17211,19076,24862,26979,36747,41072,44181,57033,62322,45613,55413,13087,22383,3167,2722,4959,6192,5871,10109,9040,15531,13064,16014,23722,26502,32983,40663,10351,17636,296074,197090,40043,32607,161598,7855,973,13,9
2021-05-09T23:59:59+02:00,15,14,8438,8560,15144,17028,18699,24612,26311,36322,39291,42522,56737,62044,45560,55355,13079,22365,3046,2668,4778,6055,5702,9936,8844,15326,12896,15840,23448,26170,32838,40488,10341,17621,293122,195896,39671,32566,158591,6835,699,13,9
2021-05-08T23:59:59+02:00,15,14,8363,8484,14967,16883,18489,24414,26085,36084,39060,42333,56610,61895,45523,55318,13076,22355,3039,2650,4746,6019,5660,9890,8767,15262,12810,15770,23080,25743,32553,40177,10333,17605,291570,194710,39216,31861,158470,6833,699,13,9
2021-05-07T23:59:59+02:00,14,13,8189,8386,14644,16701,18107,24181,25662,35796,38607,41955,56335,61540,45474,55271,13071,22345,2735,2516,4396,5833,5391,9628,8455,14950,12417,15374,21985,24371,31908,39346,10305,17555,289043,191266,38786,30362,158144,5231,305,13,9
2021-05-06T23:59:59+02:00,13,13,7536,8024,13749,16103,17055,23335,24324,34684,36460,40294,55207,60221,45232,54966,13036,22279,2608,2403,4222,5637,5181,9318,8112,14508,11985,14919,20680,22690,31055,38342,10254,17444,278416,185655,37507,29402,156327,4032,268,13,9
2021-05-05T23:59:59+02:00,11,13,6995,7717,12965,15552,16029,22571,22944,33660,34637,38809,53371,58184,44915,54620,13003,22213,2519,2343,4048,5479,4992,9106,7767,14169,11618,14563,19293,20909,29867,36930,10214,17343,266982,179543,36585,28233,154540,3294,89,13,9
2021-05-04T23:59:59+02:00,11,12,6806,7621,12608,15380,15546,22300,22302,33315,33676,38115,52515,57224,44794,54494,12985,22172,2463,2272,3895,5309,4817,8848,7427,13761,11190,14103,17642,18986,28773,35602,10120,17223,263228,172738,35718,27296,152883,2361,35,12,9
2021-05-03T23:59:59+02:00,11,12,6659,7474,12233,15164,15041,21991,21594,32911,32527,37225,52216,56908,44698,54387,12970,22140,2404,2201,3802,5129,4677,8612,7211,13412,10869,13695,16441,17493,27894,34504,10056,17116,259945,167179,35259,26945,150920,1366,25,12,9
2021-05-02T23:59:59+02:00,11,12,6579,7384,12023,14992,14747,21758,21119,32591,31376,36279,51933,56617,44636,54297,12954,22109,2391,2194,3781,5097,4648,8576,7145,13340,10787,13605,16130,17100,27598,34198,10044,17104,257521,165619,35188,26835,148672,1261,24,12,7
2021-05-01T23:59:59+02:00,11,12,6561,7359,11961,14947,14670,21699,21019,32518,31249,36187,51927,56601,44632,54296,12952,22107,2388,2185,3758,5080,4606,8551,7108,13303,10727,13550,15932,16877,27482,34061,10041,17094,256963,164653,35188,26808,148521,1259,24,12,7
2021-04-30T23:59:59+02:00,11,12,6524,7321,11871,14858,14565,21582,20824,32332,31011,35996,51655,56241,44587,54242,12947,22095,2359,2164,3696,5018,4510,8442,6957,13118,10450,13286,15122,15851,26612,32988,10000,17005,255191,161451,35145,24917,148303,1188,23,12,7
2021-04-29T23:59:59+02:00,11,12,6319,7198,11551,14671,14212,21346,20306,32044,30257,35505,51007,55416,44496,54128,12923,22020,2322,2118,3604,4929,4385,8306,6763,12901,10174,13001,14151,14619,25309,31445,9939,16913,252030,155760,35051,24171,146307,927,22,12,7
2021-04-28T23:59:59+02:00,11,12,6052,7033,11175,14338,13724,20881,19669,31440,29090,34378,48342,52413,44205,53803,12860,21942,2283,2078,3535,4869,4270,8191,6603,12717,9928,12781,13008,13139,23820,29568,9878,16810,242107,149796,34924,22965,144315,708,10,12,7
2021-04-27T23:59:59+02:00,11,12,5950,6941,11026,14217,13524,20720,19392,31230,28530,33993,48135,52193,44149,53753,12852,21920,2241,2044,3444,4775,4177,8082,6437,12533,9649,12505,11798,11578,22168,27415,9802,16665,240747,142994,34877,21780,142902,531,10,12,6
2021-04-26T23:59:59+02:00,11,12,5902,6896,10909,14152,13363,20599,19164,31020,27700,33424,47798,51827,44097,53688,12843,21891,2218,2016,3391,4732,4115,8013,6336,12401,9460,12330,10883,10421,20888,25668,9744,16579,240030,137728,34850,21040,140394,421,10,12,4
2021-04-25T23:59:59+02:00,11,12,5856,6849,10806,14057,13203,20446,18920,30737,26940,32687,47301,51315,44014,53588,12829,21871,2191,2005,3361,4713,4097,7994,6303,12360,9403,12270,10722,10229,20646,25345,9734,16565,238335,136874,34807,20696,138278,362,10,12,4
2021-04-24T23:59:59+02:00,11,12,5835,6801,10731,13972,13107,20305,18789,30560,26779,32508,47201,51192,43921,53493,12825,21866,2184,1995,3337,4686,4058,7948,6231,12287,9273,12153,10565,10048,20514,25214,9718,16547,236874,136352,34789,20056,138223,344,10,12,4
2021-04-23T23:59:59+02:00,11,12,5771,6709,10601,13773,12908,20052,18480,30184,26387,32147,46257,50059,43767,53248,12802,21834,2166,1974,3296,4651,4010,7893,6136,12197,9108,12025,10298,9750,20190,24794,9670,16467,232489,135230,34732,19056,137759,333,10,12,4
2021-04-22T23:59:59+02:00,11,12,5668,6594,10393,13578,12558,19721,17971,29712,25759,31555,44527,47907,43195,52518,12756,21733,2152,1963,3256,4598,3934,7819,6008,12097,8849,11860,9868,9343,19738,24206,9620,16389,226252,133114,34622,18278,135272,301,10,12,4
2021-04-21T23:59:59+02:00,11,11,5572,6456,10164,13376,12230,19408,17469,29218,25044,30827,40257,43044,42719,51983,12690,21629,2140,1954,3221,4562,3879,7761,5929,12004,8673,11700,9538,8960,19238,23616,9561,16294,214159,131472,34556,17273,133371,278,10,12,4
2021-04-20T23:59:59+02:00,11,11,5492,6366,9970,13160,11954,19145,17048,28810,24492,30266,38502,41034,42067,51208,12620,21491,2115,1941,3182,4536,3813,7716,5797,11908,8501,11572,9255,8640,18768,22950,9464,16153,207946,130110,34466,15970,131214,224,10,11,4
2021-04-19T23:59:59+02:00,11,10,5412,6288,9811,13033,11753,18940,16686,28429,23950,29798,36948,39242,41479,50482,12564,21402,2099,1922,3147,4501,3773,7672,5758,11838,8418,11481,9019,8357,18365,22384,9418,16063,202926,128424,34410,15580,128883,204,10,9,4
2021-04-18T23:59:59+02:00,11,9,5350,6237,9681,12950,11555,18803,16408,28231,23547,29487,35642,37880,41131,50076,12532,21340,2087,1906,3118,4479,3747,7656,5713,11792,8367,11432,8919,8266,18212,22196,9405,16040,201394,127937,34370,15192,125087,199,10,9,4
2021-04-17T23:59:59+02:00,11,9,5344,6221,9646,12919,11510,18763,16331,28165,23483,29429,35333,37542,41024,49979,12526,21329,2077,1898,3091,4467,3689,7611,5642,11741,8281,11381,8809,8157,18108,22079,9384,16027,200169,127136,34361,15102,125015,197,10,9,4
2021-04-16T23:59:59+02:00,11,9,5280,6182,9557,12859,11377,18651,16120,28005,23134,29081,34254,36283,40615,49453,12506,21295,1944,1810,2864,4289,3331,7296,4876,11211,6794,10294,6320,6122,16309,20403,9194,15730,196014,117871,34273,10714,124366,195,10,9,4
2021-04-15T23:59:59+02:00,11,9,5213,6091,9357,12689,11081,18403,15624,27612,22444,28483,32356,33965,39574,48244,12430,21131,1899,1778,2799,4225,3214,7177,4658,11029,6417,9983,5860,5724,15718,19719,9008,15400,190200,114750,34222,9663,120276,188,10,9,4
2021-04-14T23:59:59+02:00,11,8,5153,6045,9189,12560,10862,18226,15223,27299,21798,28003,30433,31715,38358,46828,12356,20946,1817,1723,2716,4159,3105,7085,4454,10862,6111,9731,5379,5311,15134,19030,8806,15050,183836,112129,34086,8205,117072,132,10,9,4
2021-04-13T23:59:59+02:00,11,8,5105,5991,9052,12430,10683,18056,14882,27024,21276,27538,28335,29267,37101,45235,12216,20742,1772,1706,2678,4116,3050,7024,4323,10722,5841,9521,5039,5007,14687,18581,8674,14849,176959,110710,34020,6838,113954,35,10,9,4
2021-04-12T23:59:59+02:00,10,8,5043,5943,8943,12293,10479,17908,14561,26744,20735,27082,26297,26998,35944,43771,12089,20545,1739,1663,2649,4097,3024,6971,4263,10655,5737,9421,4878,4862,14388,18212,8563,14650,171246,109873,33945,5859,110183,33,10,9,4
2021-04-11T23:59:59+02:00,10,8,5004,5900,8852,12214,10321,17807,14298,26566,20312,26758,25099,25712,35238,42987,12001,20397,1730,1657,2628,4077,3002,6946,4230,10609,5650,9354,4787,4808,14273,18090,8525,14599,169465,109675,33874,5255,106126,28,10,9,4
2021-04-10T23:59:59+02:00,10,8,4993,5886,8811,12187,10266,17772,14230,26517,20216,26678,24785,25338,34893,42568,11994,20376,1725,1652,2619,4069,2988,6930,4201,10580,5593,9315,4709,4729,14147,17928,8479,14515,168253,108889,33152,5255,106104,28,10,9,4
2021-04-09T23:59:59+02:00,10,8,4946,5853,8726,12109,10143,17648,14062,26341,19955,26437,23951,24185,33940,41361,11961,20303,1697,1622,2565,4034,2916,6868,4050,10467,5339,9090,4289,4355,13586,17214,8253,14150,164894,105215,31638,5247,105391,28,7,9,4
2021-04-08T23:59:59+02:00,10,8,4869,5788,8578,11998,9929,17471,13666,26028,19350,25969,22249,22206,32257,39395,11815,20069,1667,1606,2511,3987,2835,6781,3902,10329,5046,8825,3837,3931,12600,15971,7782,13392,159149,100248,30733,4726,101757,23,7,9,4
2021-04-07T23:59:59+02:00,10,7,4822,5736,8397,11921,9701,17322,13346,25801,18882,25609,20438,20094,30500,37138,11700,19858,1634,1590,2456,3935,2773,6701,3793,10183,4857,8635,3576,3642,11917,15165,7413,12847,153111,96946,29559,4154,98596,12,7,9,4
2021-04-06T23:59:59+02:00,10,7,4775,5691,8253,11809,9540,17157,13028,25535,18363,25223,18588,18033,28583,34651,11505,19516,1599,1571,2433,3909,2740,6664,3728,10139,4775,8546,3467,3519,11440,14520,7131,12440,146290,94641,28599,3964,95363,11,7,8,4
2021-04-05T23:59:59+02:00,10,7,4744,5649,8157,11720,9401,17057,12817,25324,17962,24876,16861,16099,26957,32507,11361,19294,1579,1560,2403,3890,2711,6616,3685,10080,4690,8431,3356,3412,11102,14152,6975,12161,140881,93252,28164,3535,91745,11,7,6,4
2021-04-04T23:59:59+02:00,10,7,4736,5643,8149,11709,9388,17044,12792,25304,17934,24851,16729,15925,26761,32260,11352,19281,1578,1559,2401,3887,2709,6613,3683,10077,4686,8428,3346,3399,11091,14140,6972,12153,140161,93172,28072,3535,91632,11,6,4,4
2021-04-03T23:59:59+02:00,10,7,4732,5635,8135,11701,9368,17024,12753,25273,17856,24789,16649,15836,26716,32203,11347,19274,1575,1557,2392,3879,2691,6599,3659,10049,4604,8373,3228,3284,11009,14066,6966,12143,139634,92524,28044,3535,91620,11,6,4,4
2021-04-02T23:59:59+02:00,10,7,4706,5615,8078,11647,9305,16956,12614,25167,17621,24589,16198,15359,26241,31630,11315,19221,1573,1548,2379,3873,2684,6583,3638,10017,4535,8280,3159,3216,10772,13767,6814,11941,138432,91233,26635,3531,91202,11,6,4,4
2021-04-01T23:59:59+02:00,9,7,4663,5554,7966,11506,9174,16796,12341,24882,17176,24190,15450,14633,25486,30672,11190,19038,1556,1526,2348,3841,2662,6553,3598,9978,4466,8215,3048,3087,9843,12651,6203,11095,136199,87232,25971,3427,88555,9,4,4,4
2021-03-31T23:59:59+02:00,9,7,4454,5474,7856,11384,9034,16631,12123,24606,16824,23825,14754,13871,24654,29664,11085,18846,1547,1521,2334,3821,2636,6525,3550,9929,4395,8144,2958,2997,9273,11956,5840,10600,134405,84814,24515,3201,86173,9,4,4,4
2021-03-30T23:59:59+02:00,9,7,4423,5421,7784,11257,8948,16472,11961,24416,16547,23516,14162,13229,23898,28686,10948,18605,1533,1511,2314,3796,2610,6496,3511,9864,4327,8073,2834,2851,8691,11303,5490,10114,132930,82508,23305,2803,84046,5,4,4,4
2021-03-29T23:59:59+02:00,9,7,4382,5363,7684,11144,8841,16310,11802,24144,16219,23170,13621,12630,23139,27715,10795,18360,1515,1498,2295,3780,2589,6467,3476,9808,4263,7998,2781,2783,8404,10918,5300,9805,131094,81129,22554,2544,81679,5,4,4,4
2021-03-28T23:59:59+02:00,9,7,4348,5278,7599,11036,8764,16158,11667,23914,15960,22897,13297,12321,22573,27025,10621,18081,1506,1493,2273,3766,2575,6438,3436,9758,4225,7941,2733,2732,8326,10814,5257,9740,130595,80789,22035,2217,78917,5,4,4,4
2021-03-27T23:59:59+01:00,9,7,4334,5267,7573,11006,8698,16087,11567,23819,15818,22781,13091,12108,22372,26814,10586,18052,1505,1491,2270,3764,2574,6437,3423,9734,4214,7919,2723,2725,8270,10749,5223,9700,129714,80497,21392,2217,78875,5,4,4,4
2021-03-26T23:59:59+01:00,9,7,4291,5198,7464,10875,8522,15904,11233,23519,15206,22276,12173,11288,21589,25978,10445,17828,1500,1477,2264,3743,2561,6414,3406,9708,4173,7882,2693,2686,8092,10531,5106,9532,125688,79657,19785,2102,78324,5,4,4,4
2021-03-25T23:59:59+01:00,9,6,4232,5039,7303,10597,8279,15500,10849,22897,14566,21578,11503,10628,20724,24912,10132,17292,1480,1463,2232,3717,2526,6375,3369,9660,4101,7801,2559,2548,7118,9282,4500,8627,122420,75484,19012,1866,74607,5,3,4,4
2021-03-24T23:59:59+01:00,9,6,4156,4898,7165,10312,8065,15086,10587,22350,14098,20971,10900,10069,19794,23826,9809,16731,1459,1433,2206,3680,2481,6339,3327,9597,4023,7702,2460,2449,6475,8522,4119,8048,119833,72865,17827,1450,71167,4,1,4,4
2021-03-23T23:59:59+01:00,9,6,4116,4804,7058,10078,7911,14747,10330,21847,13697,20479,10435,9627,19075,22976,9499,16270,1447,1415,2180,3659,2461,6312,3266,9543,3931,7628,2367,2347,5749,7596,3674,7361,118376,69807,16725,1125,67859,4,0,4,4
2021-03-22T23:59:59+01:00,9,6,4064,4724,6931,9838,7752,14427,10074,21383,13348,19982,10044,9271,18513,22268,9312,15930,1438,1408,2171,3645,2449,6296,3243,9520,3901,7595,2306,2296,5297,6991,3328,6872,117495,67713,16328,1038,64049,4,0,4,4
2021-03-21T23:59:59+01:00,9,6,4017,4619,6799,9573,7584,14072,9851,20844,13007,19458,9724,8993,17984,21665,9122,15623,1435,1405,2170,3634,2446,6289,3237,9511,3891,7581,2292,2277,5180,6859,3270,6771,117300,67205,15934,1038,59712,4,0,4,4
2021-03-20T23:59:59+01:00,9,6,4006,4597,6764,9519,7526,14001,9767,20739,12901,19369,9637,8899,17849,21491,9072,15536,1432,1400,2166,3631,2441,6284,3224,9501,3872,7571,2257,2245,4857,6486,3086,6530,116477,65940,15839,1038,59368,4,0,4,4
2021-03-19T23:59:59+01:00,8,6,3831,4456,6474,9267,7085,13578,8854,20009,11173,18042,6787,6558,15619,19294,8719,14975,1428,1396,2161,3624,2429,6271,3212,9477,3822,7525,2190,2204,4488,6014,2824,6215,107211,64269,11134,1006,56386,4,0,4,4
2021-03-18T23:59:59+01:00,8,5,3726,4323,6297,8958,6820,13138,8463,19352,10534,17305,6079,5905,14406,17827,8212,14160,1424,1390,2137,3597,2411,6235,3183,9434,3781,7490,2143,2170,4069,5486,2543,5806,102113,62397,10131,898,53270,3,0,4,4
2021-03-17T23:59:59+01:00,8,5,3648,4249,6165,8814,6653,12960,8169,19042,10134,16914,5674,5522,13590,16897,7819,13585,1414,1378,2121,3578,2381,6202,3152,9405,3744,7454,2087,2110,3663,5040,2294,5423,98888,60679,8449,763,52507,3,0,4,4
2021-03-16T23:59:59+01:00,7,5,3570,4114,6013,8543,6447,12592,7855,18458,9587,16258,5153,5069,12778,15935,7489,13094,1405,1369,2112,3561,2366,6188,3136,9385,3719,7428,2059,2074,3144,4400,1960,4917,96579,58460,7048,759,49336,3,0,4,4
2021-03-15T23:59:59+01:00,7,5,3523,3966,5827,8266,6229,12183,7581,17885,9151,15634,4838,4788,12125,15193,7226,12637,1405,1359,2096,3546,2346,6163,3118,9337,3695,7389,2023,2024,2781,3940,1676,4525,95089,56675,6078,744,45893,3,0,4,4
2021-03-14T23:59:59+01:00,7,5,3477,3834,5600,7937,5944,11738,7274,17168,8690,14882,4525,4516,11835,14937,7181,12538,1398,1353,2080,3517,2331,6113,3100,9279,3678,7350,2016,2013,2703,3833,1624,4441,94971,56276,5472,550,41641,2,0,4,4
2021-03-13T23:59:59+01:00,7,5,3461,3793,5561,7825,5885,11622,7192,17025,8545,14730,4373,4367,11743,14851,7175,12527,1398,1353,2080,3517,2330,6113,3099,9278,3677,7350,2013,2005,2651,3778,1590,4387,94282,56066,5472,550,40929,2,0,4,4
2021-03-12T23:59:59+01:00,7,5,3443,3721,5505,7689,5823,11475,7108,16801,8410,14497,4266,4271,11474,14528,7021,12312,1398,1353,2076,3511,2329,6105,3095,9272,3676,7344,2011,2003,2565,3668,1510,4301,92866,55664,5464,550,40022,2,0,4,4
2021-03-11T23:59:59+01:00,7,5,3365,3526,5297,7391,5592,11055,6770,16136,7978,13859,3931,3937,10403,13273,6373,11411,1393,1350,2066,3498,2310,6080,3072,9238,3652,7311,1982,1978,2327,3406,1360,4082,88698,54585,5047,517,36560,2,0,4,4
2021-03-10T23:59:59+01:00,7,5,3270,3408,5084,7121,5379,10698,6500,15591,7643,13313,3711,3710,9762,12481,5989,10878,1388,1339,2039,3460,2280,5990,3024,9116,3594,7193,1938,1902,2111,3169,1231,3894,86236,53383,4678,282,33632,2,0,4,4
2021-03-09T23:59:59+01:00,6,5,3196,3278,4929,6932,5185,10419,6271,15159,7346,12810,3528,3505,9134,11779,5617,10361,1381,1329,2003,3400,2249,5888,2963,8972,3527,7112,1909,1876,1837,2853,1063,3649,83973,51973,4424,35,31059,2,0,4,4
2021-03-08T23:59:59+01:00,6,5,3130,3119,4703,6667,4948,10066,6012,14649,6984,12222,3329,3313,8747,11336,5420,10049,1378,1310,1989,3322,2218,5794,2924,8826,3494,7019,1894,1854,1637,2622,945,3459,82506,50651,4063,33,28132,0,0,4,4
2021-03-07T23:59:59+01:00,6,5,3098,3060,4629,6555,4865,9953,5907,14486,6868,12077,3279,3271,8663,11231,5382,9982,1372,1305,1982,3310,2210,5767,2917,8787,3482,7000,1886,1842,1581,2555,893,3392,82156,50247,3898,33,27259,0,0,4,4
2021-03-06T23:59:59+01:00,6,5,3084,3002,4585,6465,4831,9890,5849,14372,6820,11968,3255,3248,8607,11165,5348,9939,1370,1292,1977,3296,2198,5740,2914,8759,3471,6981,1878,1818,1554,2531,888,3383,81840,50016,3898,33,26697,0,0,4,4
2021-03-05T23:59:59+01:00,6,5,3060,2909,4527,6356,4769,9792,5786,14221,6720,11815,3211,3193,8423,10935,5229,9767,1361,1259,1947,3241,2174,5633,2872,8625,3427,6843,1835,1773,1490,2460,866,3357,80942,49129,3890,33,25888,0,0,4,4
2021-03-04T23:59:59+01:00,4,5,3007,2716,4368,6117,4551,9482,5580,13801,6409,11426,3033,3017,7409,9645,4610,8855,1341,1209,1909,3118,2142,5450,2826,8348,3371,6611,1765,1683,1454,2411,862,3339,76800,47806,3620,32,23611,0,0,4,4
2021-03-03T23:59:59+01:00,3,5,2968,2644,4227,5926,4386,9214,5377,13424,6155,11006,2912,2887,6765,8876,4217,8253,1329,1171,1882,3046,2120,5339,2794,8171,3318,6453,1696,1639,1413,2341,842,3286,74091,46808,3391,32,21759,0,0,4,3
2021-03-02T23:59:59+01:00,3,5,2907,2555,4043,5710,4179,8941,5179,13048,5888,10632,2766,2730,5999,7912,3755,7548,1296,1128,1855,2974,2096,5200,2745,7898,3269,6255,1625,1579,1349,2262,822,3243,70935,45564,2945,32,19916,0,0,4,3
2021-03-01T23:59:59+01:00,3,4,2867,2493,3877,5559,3992,8722,4991,12726,5649,10245,2666,2616,5510,7258,3403,7043,1290,1092,1832,2873,2069,5007,2704,7648,3209,6019,1582,1543,1301,2203,796,3204,68788,44340,2646,32,18186,0,0,4,3
2021-02-28T23:59:59+01:00,3,4,2826,2444,3719,5441,3771,8532,4808,12476,5463,9940,2609,2544,5387,7102,3341,6942,1286,1087,1828,2859,2060,4983,2697,7612,3199,6002,1574,1536,1295,2194,794,3194,68311,44169,2428,31,16609,0,0,4,3
2021-02-27T23:59:59+01:00,3,3,2811,2379,3693,5361,3737,8463,4774,12386,5428,9866,2568,2510,5058,6715,3145,6692,1279,1079,1821,2847,2047,4948,2678,7547,3183,5946,1556,1527,1289,2183,791,3193,67005,43884,2428,30,16155,0,0,4,3
2021-02-26T23:59:59+01:00,3,3,2791,2338,3653,5276,3671,8361,4713,12278,5343,9779,2491,2457,4681,6234,2876,6369,1220,1029,1771,2738,1998,4767,2624,7273,3110,5734,1495,1476,1266,2161,777,3184,65215,42595,2302,29,15796,0,0,4,2
2021-02-25T23:59:59+01:00,3,3,2617,2229,3469,5095,3489,8138,4509,11992,5124,9505,2404,2392,4233,5682,2588,5948,1204,972,1740,2630,1945,4493,2553,6879,3015,5448,1451,1433,1246,2146,775,3175,63360,41081,1980,26,14076,0,0,4,1
2021-02-24T23:59:59+01:00,3,3,2462,2091,3279,4903,3341,7932,4312,11738,4905,9257,2267,2273,3780,5172,2331,5555,1189,943,1717,2544,1911,4354,2493,6622,2963,5242,1420,1402,1228,2126,771,3156,61597,40064,1511,18,12492,0,0,4,1
2021-02-23T23:59:59+01:00,3,3,2325,1953,3100,4675,3186,7701,4140,11465,4723,9011,2181,2179,3226,4507,1993,5043,1175,895,1686,2449,1872,4161,2425,6323,2865,4982,1362,1347,1199,2083,758,3131,59396,38700,1164,14,10850,0,0,4,1
2021-02-22T23:59:59+01:00,3,3,2285,1902,3015,4582,3116,7593,4046,11279,4616,8886,2131,2138,2862,4044,1707,4657,1163,836,1654,2323,1829,3915,2349,5929,2739,4684,1300,1292,1176,2050,752,3110,57724,37098,1080,4,10057,0,0,4,1
2021-02-21T23:59:59+01:00,3,3,2249,1870,2964,4513,3034,7479,3965,11132,4550,8769,2117,2115,2778,3930,1652,4569,1159,818,1637,2270,1804,3806,2316,5774,2676,4560,1268,1269,1166,2036,745,3097,57293,36398,1047,4,9348,0,0,4,1
2021-02-20T23:59:59+01:00,3,3,2238,1867,2942,4500,3018,7443,3939,11099,4529,8748,2114,2107,2724,3873,1617,4514,1159,815,1637,2268,1803,3797,2315,5769,2675,4556,1267,1266,1165,2033,744,3096,57078,36362,1046,4,9150,0,0,4,1
2021-02-19T23:59:59+01:00,2,3,2226,1854,2906,4448,2993,7355,3894,11017,4475,8685,2106,2101,2636,3760,1537,4421,1107,806,1598,2260,1793,3788,2305,5748,2666,4544,1261,1255,1154,2028,739,3089,56666,36138,1015,4,8734,0,0,4,1
2021-02-18T23:59:59+01:00,2,3,2094,1758,2749,4263,2869,7157,3757,10729,4335,8480,2074,2067,2396,3494,1385,4199,1028,771,1523,2162,1743,3665,2233,5590,2610,4457,1247,1235,1149,2014,729,3071,55607,35224,948,4,7252,0,0,4,1
2021-02-17T23:59:59+01:00,2,3,2050,1709,2657,4130,2760,6943,3604,10388,4194,8237,2016,1984,2177,3265,1261,4012,874,708,1414,2036,1668,3475,2139,5366,2536,4286,1213,1190,1124,1969,714,3031,54544,33741,803,3,6041,0,0,4,1
2021-02-16T23:59:59+01:00,2,3,1877,1596,2484,3923,2621,6668,3443,10033,4018,7930,1972,1957,1902,2946,1091,3760,847,686,1342,1961,1600,3333,2045,5194,2439,4155,1152,1143,1066,1879,682,2938,53217,32461,767,2,4238,0,0,4,1
2021-02-15T23:59:59+01:00,2,3,1842,1540,2396,3754,2543,6395,3320,9666,3903,7661,1946,1929,1687,2708,970,3574,829,673,1313,1915,1559,3265,1990,5022,2376,4055,1087,1103,1002,1788,663,2845,52124,31485,754,1,2957,0,0,4,1
2021-02-14T23:59:59+01:00,2,3,1752,1509,2351,3693,2501,6305,3250,9563,3857,7583,1935,1919,1629,2649,920,3515,814,663,1296,1890,1532,3242,1956,4981,2351,4000,1077,1094,995,1778,660,2833,51790,31162,725,1,2417,0,0,4,1
2021-02-13T23:59:59+01:00,2,3,1751,1497,2341,3686,2495,6291,3246,9547,3850,7573,1927,1899,1606,2629,917,3505,814,663,1296,1890,1532,3242,1956,4981,2351,4000,1077,1094,995,1778,660,2833,51636,31162,725,1,2400,0,0,4,1
2021-02-12T23:59:59+01:00,2,3,1671,1411,2242,3574,2415,6117,3141,9309,3727,7308,1880,1842,1543,2557,894,3478,808,656,1284,1868,1517,3223,1948,4950,2335,3980,1072,1089,994,1759,660,2803,50696,30947,725,0,1689,0,0,4,1
2021-02-11T23:59:59+01:00,2,3,1468,1273,2060,3359,2286,5825,2989,8876,3568,6962,1808,1740,1501,2496,880,3455,780,605,1189,1688,1392,2949,1809,4591,2171,3694,1022,1028,952,1688,627,2672,49301,28858,684,0,562,0,0,4,1
2021-02-10T23:59:59+01:00,2,3,1372,1224,1972,3232,2217,5651,2907,8597,3457,6732,1737,1692,1456,2429,864,3398,566,521,967,1463,1253,2641,1624,4129,1968,3315,905,901,830,1435,548,2356,48133,25423,644,0,161,0,0,4,1
2021-02-09T23:59:59+01:00,2,3,1337,1174,1935,3140,2190,5470,2840,8257,3387,6473,1664,1630,1395,2369,847,3361,303,384,748,1200,1066,2266,1414,3591,1719,2862,736,737,662,1148,438,1910,46876,21185,515,0,80,0,0,3,1
2021-02-08T23:59:59+01:00,2,3,1330,1139,1904,3021,2152,5248,2788,7977,3328,6237,1623,1596,1350,2314,831,3341,267,343,646,1045,960,2048,1254,3200,1522,2546,633,618,558,969,381,1660,45757,18651,345,0,79,0,0,3,1
2021-02-07T23:59:59+01:00,2,3,1303,1123,1875,2969,2127,5166,2759,7874,3286,6172,1607,1580,1335,2295,820,3326,233,287,598,955,900,1893,1161,2974,1424,2374,593,598,537,936,371,1631,45475,17467,144,0,0,0,0,3,0
2021-02-06T23:59:59+01:00,2,3,1298,1117,1869,2957,2118,5138,2746,7830,3275,6127,1594,1572,1330,2285,817,3325,214,253,576,918,872,1827,1119,2856,1367,2292,577,580,530,936,371,1631,45256,16921,144,0,0,0,0,3,0
2021-02-05T23:59:59+01:00,2,3,1237,1065,1820,2846,2066,4942,2687,7534,3198,5911,1531,1518,1311,2259,809,3318,198,223,541,871,838,1747,1081,2739,1314,2193,543,556,519,912,361,1606,43910,16244,144,0,0,0,0,3,0
2021-02-04T23:59:59+01:00,2,3,1225,1001,1779,2697,1995,4630,2604,7089,3098,5584,1486,1485,1293,2243,806,3310,170,169,468,753,739,1608,970,2501,1201,1979,496,504,476,858,343,1493,42292,14730,36,0,0,0,0,2,0
2021-02-03T23:59:59+01:00,2,3,1207,972,1749,2616,1956,4484,2537,6827,3046,5369,1449,1453,1264,2208,788,3281,139,140,393,641,623,1371,824,2123,1004,1688,378,369,341,644,240,1132,41173,12052,36,0,0,0,0,2,0
2021-02-02T23:59:59+01:00,2,3,1189,916,1717,2516,1913,4261,2464,6495,2939,5096,1395,1407,1241,2178,779,3257,118,116,316,520,520,1136,679,1793,814,1378,280,269,263,472,188,848,39730,9712,36,0,0,0,0,2,0
2021-02-01T23:59:59+01:00,1,3,1176,856,1682,2391,1863,4015,2387,6102,2817,4800,1328,1325,1210,2132,768,3232,85,76,216,349,347,741,431,1156,479,859,174,164,152,279,100,495,38050,6103,36,0,0,0,0,2,0
2021-01-31T23:59:59+01:00,1,3,1171,838,1665,2333,1839,3892,2355,5919,2750,4681,1297,1302,1199,2117,761,3220,74,70,183,279,270,575,342,903,397,692,148,148,144,271,96,481,37308,5073,33,0,0,0,0,2,0
2021-01-30T23:59:59+01:00,1,3,1171,835,1664,2328,1837,3881,2353,5908,2747,4671,1296,1298,1198,2116,761,3219,70,63,151,232,242,507,307,785,354,617,147,141,139,267,96,480,37253,4598,32,0,0,0,0,2,0
2021-01-29T23:59:59+01:00,1,3,1118,826,1625,2321,1826,3874,2345,5894,2739,4659,1292,1295,1194,2116,761,3219,62,45,114,177,198,353,250,636,310,489,136,132,127,256,93,480,37077,3858,30,0,0,0,0,1,0
2021-01-28T23:59:59+01:00,1,3,1043,801,1567,2261,1793,3805,2298,5823,2706,4605,1280,1283,1187,2110,752,3205,40,20,72,105,129,206,155,380,202,292,103,101,102,205,83,433,36495,2628,27,0,0,0,0,1,0
2021-01-27T23:59:59+01:00,1,3,893,750,1476,2185,1726,3690,2227,5693,2648,4481,1252,1239,1163,2071,740,3173,29,12,62,86,104,162,122,323,175,247,95,84,91,186,79,402,35392,2259,18,0,0,0,0,1,0
2021-01-26T23:59:59+01:00,1,3,879,731,1411,2111,1663,3560,2140,5521,2560,4370,1197,1199,1117,2000,716,3124,28,11,59,83,100,156,118,309,174,237,93,79,84,165,68,356,34290,2120,12,0,0,0,0,1,0
2021-01-25T23:59:59+01:00,1,3,866,710,1379,2051,1632,3463,2095,5355,2503,4280,1146,1174,1070,1943,698,3065,26,11,56,83,97,154,117,307,173,237,92,78,83,164,66,353,33430,2097,3,0,0,0,0,1,0
2021-01-24T23:59:59+01:00,1,3,863,709,1373,2040,1627,3446,2087,5329,2492,4248,1142,1167,1065,1936,697,3060,26,11,56,83,96,153,117,307,173,236,92,78,83,164,66,353,33281,2094,3,0,0,0,0,1,0
2021-01-23T23:59:59+01:00,1,3,863,709,1373,2040,1627,3446,2087,5329,2492,4248,1142,1167,1065,1936,697,3060,26,11,56,83,96,153,117,307,172,236,92,78,83,164,66,353,33281,2093,3,0,0,0,0,1,0
2021-01-22T23:59:59+01:00,1,3,863,699,1359,2018,1611,3422,2074,5295,2476,4228,1140,1162,1064,1913,696,3027,26,11,56,83,96,153,117,307,171,236,92,78,83,164,66,353,33047,2092,3,0,0,0,0,1,0
2021-01-21T23:59:59+01:00,1,3,832,662,1281,1863,1512,3232,1978,5023,2368,4032,1102,1106,1035,1844,664,2919,24,10,52,78,88,145,107,278,157,213,79,70,74,144,54,301,31453,1874,3,0,0,0,0,1,0
2021-01-20T23:59:59+01:00,1,3,629,563,1087,1644,1378,2958,1801,4619,2165,3695,977,988,917,1615,599,2649,22,10,51,74,85,144,99,265,146,194,69,64,69,122,45,269,28284,1728,3,0,0,0,0,1,0
2021-01-19T23:59:59+01:00,1,3,342,417,835,1387,1177,2618,1566,4090,1905,3245,810,820,753,1342,501,2244,18,7,36,52,56,78,73,178,102,131,52,49,48,91,34,208,24053,1213,2,0,0,0,0,1,0
2021-01-18T23:59:59+01:00,1,3,300,376,723,1199,1056,2364,1374,3592,1667,2865,682,671,608,1098,427,1860,7,3,11,17,19,27,24,50,25,46,12,11,13,33,7,61,20864,366,1,0,0,0,0,1,0
2021-01-17T23:59:59+01:00,1,3,259,321,657,1105,978,2193,1276,3317,1552,2654,637,642,581,1042,406,1802,0,0,1,0,2,2,2,1,2,2,1,4,1,0,0,1,19425,19,1,0,0,0,0,0,0
2021-01-16T23:59:59+01:00,1,3,242,289,641,1072,954,2130,1235,3207,1501,2581,621,625,573,1042,406,1801,0,0,0,0,1,2,1,1,1,2,0,1,1,0,0,1,18923,11,1,0,0,0,0,0,0
2021-01-15T23:59:59+01:00,1,3,227,256,612,1024,927,2052,1201,3091,1449,2485,590,599,566,1021,399,1789,0,0,0,0,0,0,0,0,0,0,0,0,0,0,0,0,18292,0,0,0,0,0,0,0,0
2021-01-14T23:59:59+01:00,1,2,197,204,552,902,838,1909,1108,2868,1334,2302,546,556,528,977,393,1747,0,0,0,0,0,0,0,0,0,0,0,0,0,0,0,0,16964,0,0,0,0,0,0,0,0
2021-01-13T23:59:59+01:00,1,2,166,185,503,833,766,1783,1010,2635,1180,2077,433,439,401,772,295,1350,0,0,0,0,0,0,0,0,0,0,0,0,0,0,0,0,14831,0,0,0,0,0,0,0,0
2021-01-12T23:59:59+01:00,1,2,144,164,471,764,716,1628,920,2432,1073,1843,344,331,310,552,213,962,0,0,0,0,0,0,0,0,0,0,0,0,0,0,0,0,12870,0,0,0,0,0,0,0,0
2021-01-11T23:59:59+01:00,0,1,115,127,395,634,626,1375,756,1974,847,1457,213,193,171,324,115,565,0,0,0,0,0,0,0,0,0,0,0,0,0,0,0,0,9888,0,0,0,0,0,0,0,0
2021-01-10T23:59:59+01:00,0,1,89,92,305,458,471,995,549,1447,623,1061,176,170,159,311,110,552,0,0,0,0,0,0,0,0,0,0,0,0,0,0,0,0,7569,0,0,0,0,0,0,0,0
2021-01-09T23:59:59+01:00,0,1,78,84,259,395,401,863,482,1230,547,903,169,160,154,306,110,550,0,0,0,0,0,0,0,0,0,0,0,0,0,0,0,0,6692,0,0,0,0,0,0,0,0
2021-01-08T23:59:59+01:00,0,1,65,64,186,287,304,584,367,932,441,684,161,155,138,294,108,550,0,0,0,0,0,0,0,0,0,0,0,0,0,0,0,0,5321,0,0,0,0,0,0,0,0
2021-01-07T23:59:59+01:00,0,0,46,24,78,121,137,230,165,419,223,340,116,121,123,251,98,504,0,0,0,0,0,0,0,0,0,0,0,0,0,0,0,0,2996,0,0,0,0,0,0,0,0
2021-01-06T23:59:59+01:00,0,0,32,17,69,92,116,180,137,342,194,276,97,93,97,205,83,429,0,0,0,0,0,0,0,0,0,0,0,0,0,0,0,0,2459,0,0,0,0,0,0,0,0
2021-01-05T23:59:59+01:00,0,0,29,12,59,87,106,166,121,327,180,253,96,88,95,198,81,411,0,0,0,0,0,0,0,0,0,0,0,0,0,0,0,0,2309,0,0,0,0,0,0,0,0
2021-01-04T23:59:59+01:00,0,0,26,11,56,84,98,157,116,312,178,241,95,85,88,184,71,380,0,0,0,0,0,0,0,0,0,0,0,0,0,0,0,0,2182,0,0,0,0,0,0,0,0
2021-01-03T23:59:59+01:00,0,0,26,11,56,84,98,157,116,312,178,241,95,85,87,183,71,380,0,0,0,0,0,0,0,0,0,0,0,0,0,0,0,0,2180,0,0,0,0,0,0,0,0
2021-01-02T23:59:59+01:00,0,0,26,11,56,84,98,157,116,312,177,241,95,85,87,183,71,380,0,0,0,0,0,0,0,0,0,0,0,0,0,0,0,0,2179,0,0,0,0,0,0,0,0
2021-01-01T23:59:59+01:00,0,0,26,11,56,84,98,157,116,312,175,240,95,85,87,183,71,380,0,0,0,0,0,0,0,0,0,0,0,0,0,0,0,0,2176,0,0,0,0,0,0,0,0
2020-12-31T23:59:59+01:00,0,0,26,11,56,84,98,157,116,312,175,240,95,85,87,183,71,380,0,0,0,0,0,0,0,0,0,0,0,0,0,0,0,0,2176,0,0,0,0,0,0,0,0
2020-12-30T23:59:59+01:00,0,0,25,11,56,83,97,154,116,311,175,240,95,85,87,183,71,380,0,0,0,0,0,0,0,0,0,0,0,0,0,0,0,0,2169,0,0,0,0,0,0,0,0
2020-12-29T23:59:59+01:00,0,0,18,8,41,59,74,91,86,216,128,188,73,73,65,151,56,304,0,0,0,0,0,0,0,0,0,0,0,0,0,0,0,0,1631,0,0,0,0,0,0,0,0
2020-12-28T23:59:59+01:00,0,0,8,5,17,28,31,45,40,111,53,101,30,40,37,91,29,175,0,0,0,0,0,0,0,0,0,0,0,0,0,0,0,0,841,0,0,0,0,0,0,0,0
2020-12-27T23:59:59+01:00,0,0,2,2,4,5,7,11,10,23,6,22,5,7,6,25,3,48,0,0,0,0,0,0,0,0,0,0,0,0,0,0,0,0,186,0,0,0,0,0,0,0,0
