Datum,<24_1_m,<24_1_w,25-34_1_m,25-34_1_w,35-44_1_m,35-44_1_w,45-54_1_m,45-54_1_w,55-64_1_m,55-64_1_w,65-74_1_m,65-74_1_w,75-84_1_m,75-84_1_w,>84_1_m,>84_1_w,<24_2_m,<24_2_w,25-34_2_m,25-34_2_w,35-44_2_m,35-44_2_w,45-54_2_m,45-54_2_w,55-64_2_m,55-64_2_w,65-74_2_m,65-74_2_w,75-84_2_m,75-84_2_w,>84_2_m,>84_2_w,bp_1,bp_2,mo_1,mo_2,az_1,az_2,ja
2021-06-23T23:59:59+02:00,45080,42489,52145,47806,63112,64721,87325,89728,94617,94913,65447,72081,47061,58141,11275,20371,11458,11116,17804,17887,21327,26526,32386,40627,34856,38266,47801,53507,40334,49566,10008,17983,690714,313518,67366,43247,179375,95830,18857
2021-06-22T23:59:59+02:00,43926,41408,51457,47179,62671,64299,86941,89327,94278,94618,65310,71955,47002,58071,11268,20341,10922,10630,16926,17182,20097,25416,28954,37652,33025,36727,46944,52641,39946,49046,9905,17794,684650,301630,67328,40513,179366,92957,18707
2021-06-21T23:59:59+02:00,42309,39956,50478,46316,62007,63689,86434,88863,93869,94233,65164,71804,46945,57985,11260,20311,10574,10307,16488,16836,19474,24925,27124,36047,31751,35613,45985,51654,39526,48521,9825,17643,676729,294738,67307,39904,179353,89417,18234
2021-06-20T23:59:59+02:00,42210,39892,50337,46200,61890,63572,86362,88812,93805,94173,65142,71781,46931,57968,11260,20304,10413,10191,16283,16674,19149,24665,26296,35395,30893,34718,45883,51546,39496,48470,9819,17628,676131,291201,67272,39323,179340,89099,17896
2021-06-19T23:59:59+02:00,40130,37949,49490,45435,61400,63078,85891,88326,93441,93854,65003,71628,46874,57895,11248,20283,10361,10105,16188,16557,19034,24507,26188,35249,30775,34582,45798,51462,39477,48442,9816,17622,667454,289899,67259,39320,179335,89067,17877
2021-06-18T23:59:59+02:00,38151,36043,48335,44277,60494,62230,85087,87574,92879,93314,64806,71434,46792,57768,11235,20255,10288,10010,16032,16404,18848,24317,25937,35013,30499,34268,45516,51139,39401,48370,9808,17611,656364,287769,67136,39204,179334,88648,17840
2021-06-17T23:59:59+02:00,37064,35078,47478,43570,59733,61417,84372,86956,92514,92974,64684,71306,46749,57693,11224,20231,9699,9598,15341,15829,18023,23489,24781,33860,29031,32893,44284,49748,38943,47783,9713,17463,649538,278903,67029,38389,179304,86014,17172
2021-06-16T23:59:59+02:00,36244,34284,46671,42819,58859,60557,83643,86237,92140,92628,64564,71161,46696,57609,11206,20209,9148,9238,14740,15340,17236,22730,23604,32905,27871,31725,42510,47788,38443,47242,9625,17309,642661,269354,66913,37792,179289,83644,16664
2021-06-15T23:59:59+02:00,34046,32237,44963,41269,57293,58979,82331,84988,91432,92003,64324,70895,46598,57458,11178,20158,8945,9089,14443,15096,16867,22450,23066,32517,27352,31271,41626,46843,38072,46829,9534,17128,627840,266349,66872,37296,179255,81298,16185
2021-06-14T23:59:59+02:00,32280,30515,43305,39723,55728,57415,81287,83918,90795,91430,64094,70680,46512,57345,11161,20121,8733,8900,14062,14772,16346,22012,22372,31917,26740,30713,41266,46447,37702,46392,9435,16955,614701,263763,66818,36891,179226,78546,15564
2021-06-13T23:59:59+02:00,32040,30291,42870,39356,55238,56941,80946,83616,90621,91257,64018,70607,46477,57294,11150,20099,8574,8708,13784,14484,15977,21605,21920,31420,26231,30229,40893,46057,37264,45848,9294,16720,612033,261711,66687,36825,179194,75565,14907
2021-06-12T23:59:59+02:00,30249,28440,41762,38323,54601,56259,80417,83122,90099,90755,63883,70451,46415,57223,11142,20082,8521,8645,13659,14379,15839,21495,21741,31280,26131,30143,40879,46045,37256,45841,9294,16720,602505,260948,66684,36825,179186,75247,14848
2021-06-11T23:59:59+02:00,28374,26696,40413,37110,53439,55108,79437,82275,89565,90219,63684,70239,46360,57127,11123,20052,8450,8532,13491,14216,15622,21296,21478,31036,25867,29872,40593,45702,37172,45732,9283,16697,590745,259100,66609,36680,179174,74566,14693
2021-06-10T23:59:59+02:00,27194,25506,39111,35856,51881,53682,78161,81091,88011,88732,63392,69899,46245,56966,11103,20008,8131,8265,12962,13783,14988,20731,20707,30266,25118,29232,39932,44891,36830,45320,9198,16546,577905,255714,66152,36648,179125,70882,13656
2021-06-09T23:59:59+02:00,26652,25066,38466,35306,50745,52634,76962,79948,87509,88276,63293,69778,46197,56886,11090,19982,7806,7898,12335,13177,14218,19903,19802,29228,24063,27996,37470,42153,36317,44717,9075,16337,570910,245491,65755,36586,179083,67376,13042
2021-06-08T23:59:59+02:00,24899,23373,36810,33898,48647,50664,74860,78062,86181,86918,63012,69428,46077,56753,11066,19943,7641,7683,11952,12833,13745,19416,19179,28605,23559,27512,37198,41912,36033,44354,8992,16201,553658,243880,65494,36511,179053,64038,12386
2021-06-07T23:59:59+02:00,23696,22225,35153,32455,46365,48674,72813,76230,85351,86180,62821,69193,46012,56627,11049,19914,7456,7494,11523,12486,13196,18944,18447,27981,22974,26963,36894,41611,35623,43879,8912,16038,538586,241932,65325,36448,179002,60196,11845
2021-06-06T23:59:59+02:00,23472,22043,34747,32143,45742,48106,72223,75773,85175,86041,62776,69138,45997,56599,11045,19904,7304,7283,11194,12072,12768,18370,17802,27173,22306,26199,36447,41163,35184,43351,8789,15813,535508,239538,65004,36402,178953,55819,11459
2021-06-05T23:59:59+02:00,22015,20591,33398,30853,44615,47042,71665,75258,84667,85557,62694,69043,45955,56556,11039,19894,7244,7201,11094,11916,12646,18219,17627,26965,22157,26039,36399,41103,35165,43331,8787,15808,525525,238983,65004,35987,178874,55292,11439
2021-06-04T23:59:59+02:00,20612,19259,32048,29514,43104,45565,70316,73983,83948,84868,62546,68867,45889,56472,11026,19871,7126,7041,10915,11712,12428,17966,17251,26582,21656,25580,35520,40281,34892,43071,8775,15786,512714,237196,64939,35667,178866,52350,11369
2021-06-03T23:59:59+02:00,19856,18572,31027,28649,41615,44286,68551,72442,81783,82644,62223,68505,45769,56327,11012,19839,6939,6800,10603,11380,12118,17478,16788,25942,21134,25014,34883,39550,34735,42892,8749,15741,499062,234915,64262,35286,178823,49592,10953
2021-06-02T23:59:59+02:00,19488,18216,30716,28389,40883,43598,66889,71013,81009,81979,62103,68360,45719,56256,11009,19826,6811,6696,10432,11230,11893,17266,16510,25619,20614,24455,31834,36140,34537,42693,8729,15691,491677,226322,64261,34963,178821,49171,10694
2021-06-01T23:59:59+02:00,18536,17442,29193,27260,38472,41439,63269,67801,78913,79977,61819,68040,45598,56088,10982,19776,6500,6375,9913,10797,11366,16684,15836,24833,19941,23760,31523,35877,34362,42521,8706,15636,473641,224958,62715,34474,178762,45711,9487
2021-05-31T23:59:59+02:00,17874,16892,28238,26550,36302,39626,59793,64702,77202,78534,61527,67720,45472,55934,10954,19735,6312,6123,9501,10447,10945,16176,15296,24158,19361,23108,31258,35652,34197,42352,8677,15585,457913,224309,62007,34089,178699,42314,8436
2021-05-30T23:59:59+02:00,17697,16743,27967,26331,35808,39169,59077,64094,76949,78318,61476,67668,45448,55903,10950,19725,6193,5893,9150,10105,10553,15668,14836,23363,18869,22381,30619,34995,34002,42177,8659,15538,454966,223877,61574,34009,178654,36986,8129
2021-05-29T23:59:59+02:00,17254,16306,27030,25426,34010,37561,57717,62902,76391,77756,61356,67552,45398,55857,10947,19712,6154,5802,9088,9999,10462,15555,14722,23216,18747,22253,30600,34981,33997,42170,8658,15535,444860,223418,61542,34009,178649,36388,8124
2021-05-28T23:59:59+02:00,16795,15856,26148,24606,32029,35664,55677,61070,75410,76781,61204,67366,45353,55788,10938,19693,6055,5670,8928,9855,10309,15388,14563,22981,18544,21961,30553,34956,33982,42157,8657,15532,432927,222797,61076,34004,178559,35474,7816
2021-05-27T23:59:59+02:00,16056,15324,25098,23891,30777,34707,54026,59653,72361,73806,60892,66974,45235,55633,10917,19649,5911,5394,8595,9540,9920,14969,14126,22314,18081,21436,30364,34779,33879,42058,8640,15506,420850,222187,59134,33937,177940,32313,7075
2021-05-26T23:59:59+02:00,15470,14839,24211,23232,29871,34023,52859,58679,69319,70497,60514,66588,45114,55475,10890,19616,5805,5191,8331,9237,9632,14561,13756,21703,17669,20887,30194,34623,33787,41963,8618,15463,410075,221602,56966,33820,177445,29287,6711
2021-05-25T23:59:59+02:00,15075,14487,23648,22837,28699,33073,50033,56216,67345,68643,60264,66325,45014,55334,10878,19573,5714,5048,8109,8977,9390,14188,13434,21156,17300,20392,30057,34495,33714,41864,8599,15417,398274,221091,55903,33742,176824,26578,6443
2021-05-24T23:59:59+02:00,14717,14163,23160,22463,28084,32608,46936,53330,65376,66920,60007,66063,44914,55213,10850,19527,5630,4921,7850,8750,9070,13801,13109,20640,16940,19871,29943,34387,33649,41800,8580,15376,386659,220573,55424,33680,176159,23975,6089
2021-05-23T23:59:59+02:00,14646,14087,23065,22378,28012,32533,46643,53054,64821,66401,59936,66000,44894,55196,10848,19526,5607,4901,7812,8725,9010,13762,13034,20584,16875,19819,29937,34378,33646,41795,8580,15375,384464,220313,55346,33674,176147,23770,6083
2021-05-22T23:59:59+02:00,14392,13832,22754,22050,26867,31540,44814,51504,64112,65771,59789,65819,44838,55113,10839,19507,5586,4840,7788,8665,8972,13702,13001,20496,16851,19766,29931,34367,33641,41791,8580,15374,376011,220236,55331,33674,176141,23383,6058
2021-05-21T23:59:59+02:00,14045,13533,22169,21614,25968,30805,42228,49437,62442,64331,59597,65615,44763,55029,10827,19489,5562,4801,7732,8580,8909,13622,12923,20398,16779,19688,29921,34351,33635,41781,8578,15373,365683,220053,54272,33661,175951,22933,5986
2021-05-20T23:59:59+02:00,13328,12880,21024,20736,24855,29796,40653,48085,60110,62241,58936,64895,44587,54796,10801,19441,5237,4594,7328,8292,8503,13224,12451,19866,16403,19237,29819,34278,33591,41734,8576,15365,355277,219670,51953,33552,174667,20009,5267
2021-05-19T23:59:59+02:00,12827,12511,20225,20193,24005,29201,39763,47390,56595,58294,58617,64589,44494,54668,10783,19401,5061,4407,7088,8042,8216,12897,12105,19421,16066,18848,29739,34177,33551,41664,8568,15355,344895,219209,50340,33442,173543,17776,4778
2021-05-18T23:59:59+02:00,12450,12177,19644,19746,23371,28632,38197,46040,55375,57306,58294,64212,44376,54525,10762,19380,4943,4256,6835,7813,7968,12607,11862,19028,15742,18436,29675,34115,33522,41631,8565,15348,339571,218936,48512,33369,172078,15715,4326
2021-05-17T23:59:59+02:00,12191,11959,19214,19473,22940,28323,36834,44903,54241,56418,58095,64004,44318,54430,10750,19352,4862,4149,6616,7588,7717,12312,11607,18641,15445,18047,29608,34056,33502,41594,8559,15336,335538,218666,47539,33303,170571,13873,3797
2021-05-16T23:59:59+02:00,11974,11799,18917,19273,22609,28076,36139,44402,53019,55261,57984,63904,44283,54381,10741,19333,4781,4065,6380,7419,7450,12058,11332,18278,15181,17737,29557,34011,33487,41575,8552,15333,333122,218426,46665,33244,168959,12177,3349
2021-05-15T23:59:59+02:00,11868,11684,18758,19130,22446,27934,35699,43982,52671,54929,57882,63779,44243,54336,10738,19320,4735,4023,6289,7352,7359,11950,11234,18162,15074,17612,29456,33888,33413,41496,8548,15329,330739,217346,46665,33243,168823,12159,3172
2021-05-14T23:59:59+02:00,11551,11454,18332,18892,22052,27655,32939,41879,50919,53370,57730,63625,44196,54264,10725,19300,4585,3931,5995,7179,7055,11720,10885,17808,14724,17285,28920,33188,33299,41340,8534,15302,321665,214074,46612,33239,168209,12040,2397
2021-05-13T23:59:59+02:00,11031,11017,17518,18330,21178,26971,31805,40871,48621,51092,57028,62853,44014,54006,10694,19236,4026,3706,5679,6925,6756,11415,10473,17423,14328,16812,28025,32000,32939,40895,8508,15252,313218,209516,44755,32688,166200,10866,2092
2021-05-12T23:59:59+02:00,10696,10790,17091,18081,20703,26687,31271,40475,45331,47076,56800,62636,43935,53904,10680,19216,3863,3607,5448,6819,6483,11266,10189,17212,14075,16515,27415,31220,32798,40736,8485,15221,304091,206549,43933,32666,165911,10700,1437
2021-05-11T23:59:59+02:00,10202,10471,16291,17543,19854,26069,29297,38894,43618,45682,56504,62276,43855,53781,10663,19191,3717,3450,5220,6469,6177,10851,9819,16625,13603,15938,26008,29559,32353,40196,8447,15147,298608,200615,40875,32487,163438,9207,1270
2021-05-10T23:59:59+02:00,9895,10295,15768,17288,19242,25747,28239,38151,42209,44560,56327,62080,43784,53681,10645,19167,3594,3300,4987,6231,5928,10539,9485,16129,13205,15495,24981,28215,31926,39703,8416,15097,295353,195995,39971,32462,160784,7804,970
2021-05-09T23:59:59+02:00,9704,10200,15477,17099,18856,25502,27517,37679,40351,42813,56197,61954,43740,53627,10638,19151,3454,3238,4810,6093,5768,10362,9293,15915,13028,15331,24705,27884,31807,39546,8408,15088,292416,194812,39600,32423,157794,6800,695
2021-05-08T23:59:59+02:00,9611,10107,15301,16959,18647,25291,27286,37442,40127,42625,56084,61832,43707,53588,10635,19143,3444,3216,4776,6059,5724,10313,9211,15849,12930,15248,24314,27431,31570,39283,8401,15073,290867,193628,39149,31721,157674,6798,695
2021-05-07T23:59:59+02:00,9411,9995,14960,16774,18275,25057,26869,37155,39695,42243,55823,61511,43667,53541,10630,19136,3106,3055,4428,5884,5469,10037,8878,15540,12507,14802,23206,26031,31016,38567,8379,15036,288368,190208,38722,30231,157350,5200,302
2021-05-06T23:59:59+02:00,8688,9591,14058,16140,17202,24195,25469,36015,37550,40509,54836,60352,43452,53259,10599,19084,2959,2928,4257,5676,5259,9722,8508,15090,12065,14306,21854,24312,30287,37703,8336,14937,277742,184651,37448,29275,155544,4008,265
2021-05-05T23:59:59+02:00,8088,9236,13257,15585,16166,23403,24016,34974,35719,38924,53165,58495,43176,52952,10572,19026,2851,2856,4085,5522,5063,9497,8148,14731,11698,13912,20350,22417,29290,36501,8304,14853,266354,178605,36539,28113,153775,3274,86
2021-05-04T23:59:59+02:00,7865,9124,12897,15404,15651,23129,23372,34615,34719,38167,52424,57641,43064,52829,10561,18992,2780,2773,3930,5350,4882,9235,7802,14296,11235,13406,18637,20419,28323,35349,8231,14755,262618,171841,35676,27185,152128,2345,32
2021-05-03T23:59:59+02:00,7682,8953,12505,15194,15139,22810,22658,34192,33566,37256,52205,57394,42972,52734,10552,18963,2711,2691,3835,5169,4737,8985,7578,13932,10897,12984,17384,18847,27548,34382,8177,14665,259361,166304,35217,26836,150175,1360,22
2021-05-02T23:59:59+02:00,7594,8842,12278,15029,14828,22577,22172,33860,32373,36255,52023,57182,42916,52654,10537,18935,2698,2682,3813,5135,4707,8946,7508,13858,10809,12882,17044,18442,27301,34114,8165,14655,256949,164754,35145,26725,147940,1259,21
2021-05-01T23:59:59+02:00,7568,8814,12220,14976,14748,22524,22075,33786,32255,36168,52018,57172,42913,52653,10535,18933,2691,2672,3792,5118,4666,8919,7465,13823,10749,12817,16837,18209,27203,33999,8162,14645,256401,163791,35145,26698,147791,1257,21
2021-04-30T23:59:59+02:00,7525,8767,12123,14892,14636,22400,21873,33613,32022,35955,51767,56844,42870,52602,10531,18924,2656,2648,3731,5051,4569,8811,7310,13622,10445,12539,15939,17064,26461,33078,8131,14572,254646,160601,35102,24819,147576,1187,20
2021-04-29T23:59:59+02:00,7286,8629,11818,14703,14274,22160,21339,33312,31263,35424,51185,56097,42785,52491,10513,18860,2616,2593,3632,4958,4440,8672,7113,13409,10162,12239,14808,15629,25347,31766,8078,14489,251500,154924,35010,24076,145609,931,20
2021-04-28T23:59:59+02:00,6986,8439,11431,14365,13798,21683,20708,32691,29942,34118,48684,53322,42531,52196,10464,18794,2575,2547,3560,4896,4327,8553,6940,13215,9907,12008,13477,13896,24083,30183,8034,14403,241627,149009,34888,22874,143629,713,8
2021-04-27T23:59:59+02:00,6872,8337,11274,14239,13611,21530,20413,32475,29383,33712,48518,53144,42480,52147,10458,18776,2530,2505,3462,4807,4240,8440,6756,13015,9622,11709,12050,12067,22669,28333,7973,14286,240287,142231,34842,21689,142232,536,8
2021-04-26T23:59:59+02:00,6816,8289,11161,14170,13446,21412,20174,32245,28530,33106,48239,52843,42431,52091,10453,18749,2507,2472,3408,4766,4174,8367,6648,12878,9423,11517,10964,10671,21597,26844,7923,14215,239587,136993,34817,20947,139743,426,8
2021-04-25T23:59:59+02:00,6764,8236,11051,14071,13289,21258,19914,31950,27702,32316,47840,52402,42358,52005,10440,18732,2478,2459,3378,4747,4156,8345,6614,12837,9361,11459,10776,10442,21385,26560,7918,14203,237903,136139,34774,20604,137643,367,8
2021-04-24T23:59:59+02:00,6737,8178,10971,13988,13197,21111,19776,31777,27545,32143,47735,52278,42283,51926,10436,18728,2471,2449,3352,4716,4115,8300,6534,12759,9230,11338,10618,10263,21266,26437,7906,14187,236453,135619,34758,19965,137590,349,8
2021-04-23T23:59:59+02:00,6664,8072,10834,13784,13001,20853,19452,31400,27136,31757,46838,51172,42137,51721,10421,18698,2453,2427,3307,4682,4063,8242,6435,12663,9064,11202,10326,9932,20978,26056,7865,14123,232093,134506,34702,18966,137137,338,8
2021-04-22T23:59:59+02:00,6549,7948,10609,13569,12655,20515,18915,30911,26459,31086,45141,49044,41641,51091,10384,18615,2435,2407,3261,4634,3988,8163,6309,12562,8788,11034,9862,9473,20578,25520,7827,14062,225872,132400,34592,18189,134660,306,8
2021-04-21T23:59:59+02:00,6444,7788,10371,13368,12308,20188,18403,30402,25526,30092,41096,44441,41215,50618,10329,18521,2424,2395,3217,4601,3940,8104,6220,12465,8614,10876,9493,9049,20127,24980,7778,13979,213811,130778,34526,17189,132765,287,8
2021-04-20T23:59:59+02:00,6347,7686,10166,13152,12029,19920,17976,29972,24908,29461,39361,42434,40647,49945,10269,18400,2399,2379,3174,4575,3874,8057,6080,12372,8454,10745,9183,8665,19673,24371,7705,13862,207617,129437,34438,15889,130610,234,8
2021-04-19T23:59:59+02:00,6260,7599,10007,13021,11817,19718,17582,29550,24315,28936,37853,40660,40128,49311,10221,18325,2382,2357,3138,4542,3831,8010,6042,12305,8368,10652,8905,8321,19307,23863,7671,13784,202614,127756,34384,15498,128297,216,8
2021-04-18T23:59:59+02:00,6182,7537,9878,12944,11623,19568,17291,29349,23858,28549,36591,39357,39819,48939,10196,18277,2369,2337,3107,4523,3804,7993,5996,12258,8318,10605,8797,8206,19166,23699,7658,13765,201093,127271,34347,15110,124510,212,8
2021-04-17T23:59:59+02:00,6175,7520,9841,12911,11580,19524,17208,29285,23781,28477,36293,39021,39724,48860,10191,18267,2357,2327,3081,4507,3738,7951,5922,12205,8239,10554,8686,8093,19069,23595,7640,13753,199871,126478,34338,15021,124441,210,8
2021-04-16T23:59:59+02:00,6108,7469,9756,12860,11450,19399,16989,29132,23372,28052,35264,37797,39365,48416,10175,18240,2208,2221,2856,4335,3372,7624,5113,11638,6702,9439,6224,6071,17480,22078,7487,13509,195770,117436,34254,10705,123812,208,8
2021-04-15T23:59:59+02:00,6027,7367,9550,12677,11139,19145,16468,28733,22637,27357,33351,35467,38476,47359,10108,18101,2160,2183,2792,4270,3252,7506,4870,11440,6340,9129,5748,5666,16903,21378,7337,13235,189969,114342,34200,9658,119785,201,8
2021-04-14T23:59:59+02:00,5950,7309,9382,12552,10902,18952,16050,28396,21937,26803,31364,33153,37439,46121,10046,17944,2069,2119,2714,4207,3140,7414,4655,11264,6016,8878,5268,5242,16330,20668,7167,12943,183612,111740,34061,8201,116619,145,8
2021-04-13T23:59:59+02:00,5891,7244,9241,12423,10723,18778,15686,28100,21347,26239,29214,30637,36315,44706,9932,17779,2020,2100,2677,4168,3083,7348,4517,11111,5747,8672,4924,4921,15874,20213,7070,12783,176743,110337,33998,6835,113506,48,8
2021-04-12T23:59:59+02:00,5820,7188,9122,12284,10516,18621,15345,27804,20734,25705,27160,28310,35290,43401,9827,17615,1985,2057,2648,4149,3059,7290,4446,11042,5644,8578,4767,4775,15566,19822,6981,12618,171042,109511,33924,5861,109768,47,8
2021-04-11T23:59:59+02:00,5773,7140,9031,12204,10353,18517,15058,27609,20267,25326,25962,27027,34667,42689,9760,17494,1975,2050,2625,4128,3039,7264,4409,10997,5560,8510,4670,4722,15454,19698,6950,12573,169266,109318,33855,5256,105748,42,8
2021-04-10T23:59:59+02:00,5754,7123,8997,12180,10294,18481,14988,27560,20168,25237,25605,26608,34380,42327,9753,17473,1970,2045,2616,4117,3023,7248,4376,10969,5501,8466,4594,4644,15325,19531,6913,12499,168059,108531,33134,5256,105727,42,8
2021-04-09T23:59:59+02:00,5696,7089,8914,12096,10169,18359,14814,27367,19892,24983,24664,25311,33576,41298,9728,17415,1937,2013,2564,4079,2944,7186,4214,10842,5244,8235,4171,4262,14756,18795,6727,12191,164714,104863,31628,5249,105023,42,6
2021-04-08T23:59:59+02:00,5612,7015,8763,11979,9944,18179,14397,27045,19265,24458,22808,23158,32110,39579,9609,17216,1902,1993,2507,4030,2866,7100,4052,10691,4943,7965,3703,3815,13727,17476,6341,11565,158979,99914,30722,4719,101430,37,6
2021-04-07T23:59:59+02:00,5549,6952,8586,11908,9714,18019,14061,26797,18761,24062,20827,20783,30597,37644,9516,17040,1865,1976,2453,3975,2802,7021,3937,10529,4756,7756,3432,3532,13006,16626,6032,11093,152959,96611,29550,4148,98301,26,6
2021-04-06T23:59:59+02:00,5488,6900,8444,11802,9552,17847,13704,26515,18224,23623,18780,18456,28922,35457,9358,16753,1827,1955,2427,3949,2769,6980,3872,10485,4675,7668,3328,3406,12487,15935,5801,10746,146146,94319,28597,3960,95076,25,6
2021-04-05T23:59:59+02:00,5448,6852,8350,11708,9415,17747,13466,26286,17773,23230,16914,16305,27514,33569,9236,16568,1801,1943,2400,3930,2741,6930,3828,10423,4584,7554,3219,3294,12133,15538,5667,10504,140749,92928,28163,3530,91463,25,6
2021-04-04T23:59:59+02:00,5441,6846,8342,11694,9397,17737,13444,26263,17741,23206,16757,16103,27344,33353,9231,16557,1800,1941,2399,3928,2739,6927,3826,10419,4578,7552,3211,3281,12121,15527,5665,10496,140031,92849,28070,3530,91349,25,6
2021-04-03T23:59:59+02:00,5437,6838,8327,11683,9375,17718,13398,26230,17669,23140,16676,16017,27304,33297,9227,16553,1797,1937,2388,3922,2720,6911,3797,10393,4499,7487,3085,3168,12051,15462,5660,10486,139504,92202,28042,3530,91337,25,6
2021-04-02T23:59:59+02:00,5408,6816,8273,11626,9304,17648,13247,26117,17430,22926,16199,15485,26877,32800,9202,16508,1793,1927,2377,3916,2710,6896,3770,10352,4433,7401,3016,3098,11777,15142,5550,10312,138308,90913,26633,3526,90919,25,6
2021-04-01T23:59:59+02:00,5354,6738,8157,11488,9169,17481,12962,25818,16968,22524,15402,14697,26194,31912,9103,16359,1768,1895,2354,3894,2682,6865,3734,10313,4364,7336,2892,2960,10759,13900,5046,9608,136081,86922,25969,3421,88272,23,4
2021-03-31T23:59:59+02:00,5132,6640,8043,11377,9034,17313,12726,25518,16617,22162,14651,13864,25431,30974,9021,16202,1755,1889,2341,3871,2660,6839,3680,10257,4293,7271,2803,2870,10123,13128,4760,9201,134293,84517,24515,3197,85893,23,4
2021-03-30T23:59:59+02:00,5098,6572,7965,11249,8952,17159,12559,25319,16324,21835,14022,13153,24715,30073,8913,15997,1739,1874,2323,3849,2634,6810,3637,10189,4223,7192,2679,2732,9490,12412,4477,8784,132828,82221,23303,2799,83770,20,4
2021-03-29T23:59:59+02:00,5052,6500,7856,11142,8843,16990,12390,25027,15983,21492,13442,12476,24006,29181,8791,15790,1720,1861,2301,3833,2617,6780,3595,10128,4162,7119,2626,2665,9165,11989,4332,8523,130999,80851,22549,2541,81409,20,4
2021-03-28T23:59:59+02:00,5010,6404,7768,11036,8772,16831,12242,24792,15714,21217,13104,12133,23446,28505,8652,15555,1709,1856,2281,3815,2604,6751,3554,10078,4122,7060,2583,2617,9083,11876,4294,8470,130502,80517,22029,2213,78646,19,4
2021-03-27T23:59:59+01:00,4996,6390,7741,11004,8700,16757,12139,24690,15566,21099,12896,11916,23262,28312,8624,15528,1708,1854,2278,3813,2602,6750,3541,10051,4111,7042,2574,2609,9018,11804,4269,8438,129624,80226,21386,2213,78606,19,4
2021-03-26T23:59:59+01:00,4946,6305,7621,10885,8525,16556,11782,24366,14932,20578,11962,11086,22541,27524,8517,15344,1700,1836,2274,3795,2589,6724,3519,10025,4069,7005,2551,2573,8812,11560,4182,8300,125621,79392,19788,2099,78057,19,4
2021-03-25T23:59:59+01:00,4880,6120,7448,10597,8276,16142,11369,23723,14313,19903,11264,10410,21678,26440,8273,14898,1678,1818,2243,3768,2553,6690,3481,9972,3994,6922,2412,2439,7762,10171,3685,7567,122369,75268,19015,1865,74347,19,3
2021-03-24T23:59:59+01:00,4796,5951,7296,10304,8067,15722,11089,23164,13847,19327,10635,9830,20763,25334,8000,14414,1654,1786,2216,3732,2511,6650,3425,9900,3928,6829,2308,2340,7060,9320,3371,7086,119783,72648,17830,1448,70924,18,2
2021-03-23T23:59:59+01:00,4750,5834,7182,10072,7912,15373,10817,22640,13443,18857,10166,9377,20013,24453,7762,14031,1640,1768,2192,3710,2488,6623,3365,9841,3836,6756,2212,2240,6266,8285,3002,6522,118338,69607,16729,1120,67614,18,1
2021-03-22T23:59:59+01:00,4689,5738,7051,9824,7748,15049,10544,22162,13096,18378,9779,9016,19445,23724,7612,13743,1628,1759,2185,3695,2474,6610,3343,9815,3798,6723,2160,2190,5756,7604,2717,6115,117463,67520,16331,1033,63803,18,1
2021-03-21T23:59:59+01:00,4635,5604,6917,9555,7583,14676,10304,21613,12761,17897,9448,8732,18924,23111,7455,13478,1625,1754,2184,3686,2471,6604,3336,9803,3788,6712,2144,2170,5623,7455,2675,6032,117269,67015,15937,1033,59486,13,1
2021-03-20T23:59:59+01:00,4624,5578,6881,9494,7520,14613,10211,21503,12660,17809,9365,8638,18786,22935,7414,13401,1622,1751,2180,3683,2466,6598,3323,9793,3763,6703,2111,2134,5262,7047,2532,5830,116446,65751,15842,1033,59143,13,1
2021-03-19T23:59:59+01:00,4424,5410,6592,9244,7042,14173,9229,20725,10850,16404,6487,6271,16743,20854,7123,12931,1616,1747,2175,3675,2455,6586,3311,9765,3704,6658,2047,2095,4842,6526,2326,5565,107184,64078,11142,1001,56175,13,1
2021-03-18T23:59:59+01:00,4304,5240,6398,8941,6786,13705,8815,20047,10206,15692,5773,5609,15501,19322,6705,12252,1609,1738,2154,3647,2437,6547,3279,9727,3663,6624,2008,2063,4359,5930,2111,5227,102086,62219,10139,893,53070,10,1
2021-03-17T23:59:59+01:00,4213,5150,6273,8802,6610,13527,8512,19704,9797,15314,5367,5223,14662,18346,6375,11756,1597,1723,2139,3628,2406,6515,3244,9698,3626,6586,1954,2006,3913,5430,1908,4902,98858,60505,8459,759,52313,10,1
2021-03-16T23:59:59+01:00,4120,4992,6117,8533,6399,13136,8173,19117,9258,14680,4852,4766,13827,17351,6110,11341,1588,1714,2130,3612,2389,6503,3232,9676,3598,6558,1925,1968,3323,4720,1653,4481,96553,58306,7059,755,49159,8,1
2021-03-15T23:59:59+01:00,4051,4816,5923,8259,6189,12702,7885,18539,8823,14082,4554,4490,13145,16587,5894,10938,1587,1704,2115,3596,2368,6477,3210,9623,3575,6520,1891,1918,2917,4218,1426,4142,95064,56540,6091,741,45722,6,0
2021-03-14T23:59:59+01:00,3993,4647,5669,7938,5925,12230,7549,17793,8387,13384,4239,4231,12878,16344,5857,10853,1579,1694,2098,3566,2353,6425,3193,9562,3558,6490,1883,1907,2833,4101,1382,4068,94950,56140,5485,547,41482,5,0
2021-03-13T23:59:59+01:00,3976,4606,5628,7831,5864,12129,7463,17659,8254,13237,4085,4090,12798,16268,5852,10842,1579,1694,2098,3566,2352,6425,3192,9561,3557,6490,1878,1898,2774,4040,1357,4021,94264,55930,5485,547,40833,5,0
2021-03-12T23:59:59+01:00,3950,4517,5579,7696,5796,11984,7375,17420,8124,13030,3978,3993,12493,15924,5742,10655,1579,1694,2094,3559,2350,6417,3189,9554,3556,6486,1876,1896,2666,3911,1297,3957,92848,55529,5477,547,39931,5,0
2021-03-11T23:59:59+01:00,3845,4270,5365,7435,5567,11535,7019,16725,7706,12450,3645,3646,11334,14556,5203,9901,1573,1689,2084,3546,2330,6394,3167,9516,3531,6455,1849,1872,2402,3621,1175,3770,88675,54455,5050,514,36477,5,0
2021-03-10T23:59:59+01:00,3736,4128,5146,7167,5350,11158,6742,16151,7380,11960,3442,3430,10626,13686,4897,9461,1566,1670,2059,3507,2301,6307,3115,9386,3475,6345,1808,1801,2160,3356,1074,3611,86219,53258,4684,279,33557,4,0
2021-03-09T23:59:59+01:00,3654,3976,4975,6979,5165,10871,6506,15691,7079,11486,3273,3250,9942,12919,4594,9015,1556,1654,2025,3447,2268,6202,3046,9240,3416,6274,1781,1775,1858,3001,936,3410,83952,51853,4430,32,30993,4,0
2021-03-08T23:59:59+01:00,3577,3794,4742,6717,4924,10499,6237,15169,6721,10916,3087,3083,9530,12441,4442,8749,1553,1630,2008,3366,2238,6109,3004,9095,3388,6191,1766,1752,1635,2747,840,3245,82484,50537,4069,30,28075,0,0
2021-03-07T23:59:59+01:00,3542,3723,4664,6604,4835,10383,6138,15006,6608,10786,3038,3038,9445,12330,4410,8693,1545,1624,2003,3354,2229,6079,2997,9057,3376,6177,1760,1739,1567,2670,801,3189,82140,50137,3901,30,27202,0,0
2021-03-06T23:59:59+01:00,3524,3652,4620,6521,4797,10312,6080,14890,6562,10691,3020,3017,9379,12256,4386,8659,1543,1608,1996,3342,2219,6051,2994,9029,3365,6157,1752,1718,1536,2646,799,3181,81824,49906,3901,30,26641,0,0
2021-03-05T23:59:59+01:00,3495,3547,4556,6420,4738,10207,6013,14730,6462,10548,2986,2974,9169,11995,4296,8517,1533,1567,1967,3285,2192,5943,2952,8893,3323,6023,1710,1680,1471,2575,780,3158,80928,49022,3893,30,25832,0,0
2021-03-04T23:59:59+01:00,3426,3328,4384,6181,4537,9895,5788,14289,6161,10195,2812,2807,8066,10551,3782,7773,1510,1509,1932,3162,2164,5748,2904,8622,3267,5807,1643,1596,1439,2529,776,3143,76790,47722,3622,29,23563,0,0
2021-03-03T23:59:59+01:00,3375,3246,4240,5981,4372,9616,5569,13897,5924,9793,2691,2695,7369,9690,3455,7270,1496,1466,1904,3086,2142,5638,2873,8441,3211,5662,1576,1552,1399,2457,758,3096,74074,46728,3393,29,21716,0,0
2021-03-02T23:59:59+01:00,3306,3135,4043,5773,4173,9336,5361,13504,5664,9438,2556,2552,6529,8612,3071,6692,1461,1417,1876,3013,2115,5484,2827,8166,3161,5484,1506,1493,1338,2378,741,3060,70923,45491,2946,29,19876,0,0
2021-03-01T23:59:59+01:00,3261,3057,3858,5618,3993,9107,5170,13177,5429,9058,2468,2457,5981,7881,2781,6271,1453,1374,1855,2902,2084,5296,2782,7891,3105,5280,1465,1463,1291,2317,717,3025,68772,44271,2646,29,18149,0,0
2021-02-28T23:59:59+01:00,3211,3000,3681,5501,3791,8903,4977,12916,5248,8774,2424,2395,5843,7712,2735,6188,1448,1368,1852,2889,2073,5270,2777,7856,3095,5265,1457,1456,1285,2307,715,3018,68299,44102,2427,29,16573,0,0
2021-02-27T23:59:59+01:00,3192,2923,3655,5425,3760,8836,4940,12820,5210,8712,2385,2354,5473,7293,2583,5978,1441,1358,1842,2877,2062,5225,2757,7797,3080,5214,1441,1448,1277,2297,714,3017,66992,43819,2427,28,16120,0,0
2021-02-26T23:59:59+01:00,3167,2867,3610,5343,3702,8734,4879,12709,5117,8633,2312,2304,5044,6761,2371,5705,1372,1292,1797,2776,2014,5033,2698,7512,3008,5031,1384,1407,1255,2274,701,3009,65196,42536,2302,27,15760,0,0
2021-02-25T23:59:59+01:00,2978,2736,3422,5165,3523,8508,4662,12404,4912,8386,2233,2254,4533,6139,2150,5355,1355,1229,1760,2664,1968,4729,2620,7120,2917,4787,1344,1367,1238,2259,699,3000,63339,41032,1980,24,14041,0,0
2021-02-24T23:59:59+01:00,2795,2576,3251,4970,3365,8310,4458,12121,4702,8174,2104,2138,4045,5572,1939,5025,1334,1192,1740,2584,1930,4572,2563,6858,2865,4606,1318,1340,1219,2239,697,2982,61576,40022,1510,17,12459,0,0
2021-02-23T23:59:59+01:00,2639,2414,3073,4738,3219,8083,4273,11843,4530,7946,2022,2052,3421,4834,1682,4598,1319,1136,1709,2483,1889,4366,2491,6559,2767,4369,1267,1289,1195,2198,684,2958,59385,38665,1160,14,10822,0,0
2021-02-22T23:59:59+01:00,2589,2353,2990,4644,3145,7975,4178,11650,4425,7832,1983,2013,3006,4329,1453,4266,1305,1069,1675,2346,1843,4107,2409,6166,2643,4099,1214,1241,1174,2170,679,2936,57724,37072,1076,4,10031,0,0
2021-02-21T23:59:59+01:00,2550,2316,2934,4568,3068,7859,4091,11495,4365,7735,1968,1991,2916,4206,1407,4189,1299,1046,1659,2288,1815,3991,2374,6010,2585,3988,1182,1225,1166,2154,672,2923,57292,36373,1043,4,9323,0,0
2021-02-20T23:59:59+01:00,2538,2312,2912,4553,3052,7825,4061,11461,4349,7716,1963,1982,2855,4143,1381,4141,1299,1043,1659,2286,1813,3981,2374,6005,2584,3985,1181,1222,1165,2150,671,2923,57077,36337,1042,4,9125,0,0
2021-02-19T23:59:59+01:00,2522,2295,2879,4498,3022,7737,4017,11375,4296,7662,1957,1977,2745,4010,1321,4071,1239,1033,1628,2279,1802,3968,2365,5983,2573,3975,1177,1214,1153,2145,667,2916,56664,36113,1011,4,8709,0,0
2021-02-18T23:59:59+01:00,2367,2180,2736,4317,2899,7532,3871,11078,4168,7488,1931,1945,2477,3713,1198,3881,1147,984,1562,2187,1752,3845,2289,5817,2524,3903,1164,1196,1150,2130,657,2900,55607,35203,944,4,7230,0,0
2021-02-17T23:59:59+01:00,2314,2120,2645,4183,2788,7311,3712,10718,4038,7273,1880,1874,2237,3454,1097,3722,981,902,1455,2069,1684,3643,2194,5585,2452,3758,1135,1153,1124,2084,642,2863,54544,33721,799,3,6023,0,0
2021-02-16T23:59:59+01:00,2113,1989,2487,3972,2649,7020,3548,10350,3874,7014,1839,1848,1933,3095,958,3515,948,875,1386,1989,1609,3496,2097,5405,2362,3648,1075,1102,1069,1992,610,2778,53217,32439,763,2,4224,0,0
2021-02-15T23:59:59+01:00,2074,1921,2400,3807,2571,6736,3420,9970,3769,6783,1815,1821,1692,2830,862,3357,929,858,1355,1940,1570,3422,2038,5236,2297,3550,1013,1061,1004,1905,595,2690,52125,31462,750,1,2953,0,0
2021-02-14T23:59:59+01:00,1981,1883,2356,3746,2525,6641,3355,9864,3723,6717,1806,1813,1623,2763,825,3306,913,848,1336,1912,1543,3401,2007,5191,2273,3499,1003,1051,997,1894,592,2681,51793,31140,721,1,2413,0,0
2021-02-13T23:59:59+01:00,1980,1868,2345,3741,2520,6626,3351,9849,3716,6705,1798,1795,1597,2743,824,3297,913,848,1336,1912,1543,3401,2007,5191,2273,3499,1003,1051,997,1894,592,2681,51638,31140,721,1,2396,0,0
2021-02-12T23:59:59+01:00,1887,1768,2253,3628,2438,6449,3243,9608,3600,6447,1754,1753,1535,2671,803,3273,905,840,1324,1891,1530,3380,1997,5161,2258,3481,999,1046,996,1871,592,2655,50702,30925,721,1,1687,0,0
2021-02-11T23:59:59+01:00,1659,1610,2083,3415,2311,6137,3089,9176,3447,6130,1688,1659,1492,2616,792,3253,874,771,1221,1713,1408,3099,1856,4779,2102,3241,952,986,954,1793,564,2534,49315,28846,680,1,562,0,0
2021-02-10T23:59:59+01:00,1552,1548,1998,3285,2248,5967,2993,8893,3348,5914,1619,1614,1448,2547,777,3201,626,660,1018,1493,1265,2778,1665,4289,1912,2917,835,864,829,1532,497,2234,48151,25414,640,0,161,0,0
2021-02-09T23:59:59+01:00,1512,1486,1964,3195,2217,5772,2928,8543,3277,5685,1545,1555,1390,2487,764,3171,343,496,808,1227,1073,2398,1448,3734,1667,2508,682,695,653,1221,400,1817,46900,21170,511,0,80,0,0
2021-02-08T23:59:59+01:00,1502,1440,1935,3064,2174,5549,2875,8244,3218,5485,1507,1527,1346,2431,748,3155,299,437,702,1069,971,2173,1276,3326,1479,2226,581,584,549,1024,348,1590,45781,18634,340,0,79,0,0
2021-02-07T23:59:59+01:00,1471,1418,1907,3016,2148,5463,2842,8145,3180,5424,1494,1513,1332,2411,736,3142,262,375,653,975,910,2008,1187,3101,1381,2073,544,565,529,992,340,1562,45503,17457,139,0,0,0,0
2021-02-06T23:59:59+01:00,1466,1410,1899,3004,2140,5431,2829,8103,3169,5383,1482,1505,1325,2402,735,3141,241,338,629,936,882,1941,1145,2981,1327,1994,528,553,523,992,340,1562,45285,16912,139,0,0,0,0
2021-02-05T23:59:59+01:00,1395,1342,1855,2899,2088,5219,2762,7800,3096,5190,1424,1460,1307,2377,728,3135,224,302,592,895,847,1854,1106,2862,1274,1901,495,533,515,967,330,1540,43938,16237,139,0,0,0,0
2021-02-04T23:59:59+01:00,1382,1264,1808,2749,2022,4880,2671,7351,3000,4915,1384,1429,1290,2361,725,3126,191,233,513,778,755,1712,992,2611,1164,1711,453,488,475,908,313,1432,42326,14729,31,0,0,0,0
2021-02-03T23:59:59+01:00,1358,1227,1780,2670,1981,4714,2605,7081,2950,4726,1349,1399,1259,2324,712,3101,156,194,433,659,635,1463,839,2229,978,1445,333,359,344,687,217,1075,41205,12046,31,0,0,0,0
2021-02-02T23:59:59+01:00,1340,1163,1748,2563,1934,4480,2530,6745,2839,4480,1308,1356,1237,2295,703,3078,133,159,349,537,526,1211,686,1887,796,1170,246,259,268,502,168,807,39768,9704,31,0,0,0,0
2021-02-01T23:59:59+01:00,1323,1093,1710,2425,1881,4217,2452,6355,2722,4205,1244,1285,1211,2255,693,3053,97,99,237,367,349,781,426,1220,467,727,151,156,162,307,87,461,38093,6094,31,0,0,0,0
2021-01-31T23:59:59+01:00,1317,1070,1693,2361,1854,4094,2418,6166,2665,4100,1214,1268,1202,2239,687,3041,83,88,198,295,277,610,336,941,388,598,127,142,155,299,83,448,37358,5068,31,0,0,0,0
2021-01-30T23:59:59+01:00,1317,1067,1692,2356,1851,4081,2417,6155,2662,4092,1213,1264,1201,2237,687,3041,78,76,164,245,248,540,301,818,349,536,126,136,150,296,83,447,37303,4593,30,0,0,0,0
2021-01-29T23:59:59+01:00,1256,1058,1661,2349,1839,4072,2410,6143,2653,4080,1210,1262,1197,2237,687,3041,69,56,122,186,205,377,246,665,307,426,118,127,138,287,80,447,37127,3856,28,0,0,0,0
2021-01-28T23:59:59+01:00,1168,1027,1616,2293,1805,4002,2360,6065,2622,4036,1199,1251,1192,2231,678,3027,44,27,77,111,130,219,154,390,205,259,87,101,112,231,73,408,36547,2628,25,0,0,0,0
2021-01-27T23:59:59+01:00,1005,964,1526,2226,1743,3879,2292,5926,2563,3926,1175,1209,1167,2192,666,2999,32,19,66,87,105,175,123,334,179,218,79,85,102,209,70,379,35441,2262,17,0,0,0,0
2021-01-26T23:59:59+01:00,986,938,1464,2148,1675,3739,2201,5748,2482,3838,1119,1166,1124,2122,643,2953,31,18,63,84,101,168,119,318,178,210,77,81,93,185,61,335,34335,2122,11,0,0,0,0
2021-01-25T23:59:59+01:00,971,911,1431,2085,1643,3635,2148,5590,2431,3751,1070,1140,1076,2070,628,2897,29,18,60,84,98,165,118,317,176,209,77,81,92,184,59,332,33475,2099,2,0,0,0,0
2021-01-24T23:59:59+01:00,968,909,1424,2072,1638,3618,2140,5564,2419,3721,1067,1132,1071,2065,627,2892,29,18,60,84,97,164,118,317,176,208,77,81,92,184,59,332,33325,2096,2,0,0,0,0
2021-01-23T23:59:59+01:00,968,909,1424,2072,1638,3618,2140,5564,2419,3721,1067,1132,1070,2065,627,2892,29,18,60,84,97,164,118,317,175,208,77,81,92,184,59,332,33324,2095,2,0,0,0,0
2021-01-22T23:59:59+01:00,967,899,1407,2047,1626,3592,2124,5532,2407,3703,1065,1128,1069,2036,626,2865,29,18,60,84,97,164,118,317,174,208,77,81,92,184,59,332,33091,2094,2,0,0,0,0
2021-01-21T23:59:59+01:00,931,848,1327,1893,1532,3402,2022,5236,2303,3533,1027,1071,1034,1947,594,2749,27,17,54,79,90,155,109,286,160,188,64,73,82,161,47,284,31447,1876,2,0,0,0,0
2021-01-20T23:59:59+01:00,698,725,1146,1679,1395,3112,1843,4816,2105,3239,906,953,915,1708,538,2492,26,17,53,74,87,155,101,269,149,172,55,66,74,136,41,252,28268,1727,2,0,0,0,0
2021-01-19T23:59:59+01:00,388,553,903,1422,1187,2767,1603,4269,1851,2827,751,783,749,1413,452,2117,21,12,35,51,60,85,74,182,104,117,41,50,54,103,30,192,24034,1211,1,0,0,0,0
2021-01-18T23:59:59+01:00,336,489,790,1232,1065,2498,1399,3748,1616,2493,628,643,603,1144,383,1761,8,6,11,17,22,30,23,50,24,39,10,10,14,34,6,60,20828,364,0,0,0,0,0
2021-01-17T23:59:59+01:00,292,425,720,1136,990,2323,1302,3463,1501,2303,588,613,573,1088,367,1705,1,0,0,0,3,3,1,0,2,2,1,4,0,0,0,1,19389,18,0,0,0,0,0
2021-01-16T23:59:59+01:00,273,391,703,1100,965,2260,1261,3350,1453,2233,572,601,567,1088,367,1704,0,0,0,0,2,3,0,0,1,2,0,1,0,0,0,1,18888,10,0,0,0,0,0
2021-01-15T23:59:59+01:00,258,349,672,1061,937,2172,1226,3234,1401,2142,544,579,561,1066,360,1695,0,0,0,0,0,0,0,0,0,0,0,0,0,0,0,0,18257,0,0,0,0,0,0
2021-01-14T23:59:59+01:00,224,281,606,942,854,2023,1130,3006,1286,1979,506,541,527,1018,355,1658,0,0,0,0,0,0,0,0,0,0,0,0,0,0,0,0,16936,0,0,0,0,0,0
2021-01-13T23:59:59+01:00,189,256,555,869,782,1890,1023,2764,1138,1770,384,427,407,807,263,1267,0,0,0,0,0,0,0,0,0,0,0,0,0,0,0,0,14791,0,0,0,0,0,0
2021-01-12T23:59:59+01:00,165,230,522,797,727,1721,931,2546,1032,1571,299,315,316,573,187,899,0,0,0,0,0,0,0,0,0,0,0,0,0,0,0,0,12831,0,0,0,0,0,0
2021-01-11T23:59:59+01:00,134,179,443,657,633,1460,756,2056,804,1232,178,185,178,339,97,513,0,0,0,0,0,0,0,0,0,0,0,0,0,0,0,0,9844,0,0,0,0,0,0
2021-01-10T23:59:59+01:00,102,125,345,481,472,1060,542,1496,596,903,152,166,166,324,92,503,0,0,0,0,0,0,0,0,0,0,0,0,0,0,0,0,7525,0,0,0,0,0,0
2021-01-09T23:59:59+01:00,90,116,296,410,402,914,473,1272,525,772,147,158,161,320,92,501,0,0,0,0,0,0,0,0,0,0,0,0,0,0,0,0,6649,0,0,0,0,0,0
2021-01-08T23:59:59+01:00,74,91,215,292,304,632,360,961,428,587,140,150,145,311,90,501,0,0,0,0,0,0,0,0,0,0,0,0,0,0,0,0,5281,0,0,0,0,0,0
2021-01-07T23:59:59+01:00,50,32,86,126,136,246,163,436,226,301,104,123,133,279,87,477,0,0,0,0,0,0,0,0,0,0,0,0,0,0,0,0,3005,0,0,0,0,0,0
2021-01-06T23:59:59+01:00,35,24,75,95,117,192,137,357,196,243,82,96,109,228,74,407,0,0,0,0,0,0,0,0,0,0,0,0,0,0,0,0,2467,0,0,0,0,0,0
2021-01-05T23:59:59+01:00,32,19,64,89,106,179,122,339,184,224,81,91,107,221,72,389,0,0,0,0,0,0,0,0,0,0,0,0,0,0,0,0,2319,0,0,0,0,0,0
2021-01-04T23:59:59+01:00,29,18,61,85,98,170,117,321,182,215,80,89,98,204,64,360,0,0,0,0,0,0,0,0,0,0,0,0,0,0,0,0,2191,0,0,0,0,0,0
2021-01-03T23:59:59+01:00,29,18,61,85,98,170,117,321,182,215,80,89,97,203,64,360,0,0,0,0,0,0,0,0,0,0,0,0,0,0,0,0,2189,0,0,0,0,0,0
2021-01-02T23:59:59+01:00,29,18,61,85,98,170,117,321,181,215,80,89,97,203,64,360,0,0,0,0,0,0,0,0,0,0,0,0,0,0,0,0,2188,0,0,0,0,0,0
2021-01-01T23:59:59+01:00,29,18,61,85,98,170,117,321,179,214,80,89,97,203,64,360,0,0,0,0,0,0,0,0,0,0,0,0,0,0,0,0,2185,0,0,0,0,0,0
2020-12-31T23:59:59+01:00,29,18,61,85,98,170,117,321,179,214,80,89,97,203,64,360,0,0,0,0,0,0,0,0,0,0,0,0,0,0,0,0,2185,0,0,0,0,0,0
2020-12-30T23:59:59+01:00,28,18,61,83,97,168,117,320,179,214,80,89,97,203,64,360,0,0,0,0,0,0,0,0,0,0,0,0,0,0,0,0,2178,0,0,0,0,0,0
2020-12-29T23:59:59+01:00,23,12,42,59,76,102,86,226,131,166,61,75,73,169,51,287,0,0,0,0,0,0,0,0,0,0,0,0,0,0,0,0,1639,0,0,0,0,0,0
2020-12-28T23:59:59+01:00,9,7,19,28,34,51,40,119,49,85,28,43,43,99,25,167,0,0,0,0,0,0,0,0,0,0,0,0,0,0,0,0,846,0,0,0,0,0,0
2020-12-27T23:59:59+01:00,3,4,3,4,10,14,8,24,5,18,5,6,6,25,3,49,0,0,0,0,0,0,0,0,0,0,0,0,0,0,0,0,187,0,0,0,0,0,0
