Datum,<24_1_m,<24_1_w,25-34_1_m,25-34_1_w,35-44_1_m,35-44_1_w,45-54_1_m,45-54_1_w,55-64_1_m,55-64_1_w,65-74_1_m,65-74_1_w,75-84_1_m,75-84_1_w,>84_1_m,>84_1_w,<24_2_m,<24_2_w,25-34_2_m,25-34_2_w,35-44_2_m,35-44_2_w,45-54_2_m,45-54_2_w,55-64_2_m,55-64_2_w,65-74_2_m,65-74_2_w,75-84_2_m,75-84_2_w,>84_2_m,>84_2_w,bp_1,bp_2,mo_1,mo_2,az_1,az_2,ja
2021-07-11T23:59:59+02:00,50819,47914,56056,51626,66149,67009,87334,89933,99790,99606,70039,76370,49693,60933,13965,24018,20127,19064,32005,30241,42789,45390,66342,70564,72778,75076,61867,68039,46576,56944,13197,22572,740833,524906,68158,60634,180183,135951,22080
2021-07-10T23:59:59+02:00,50445,47499,55885,51451,66019,66856,87219,89808,99698,99518,69986,76317,49675,60908,13962,24009,19562,18509,31085,29390,41170,43908,65004,69421,72180,74488,61717,67895,46526,56893,13191,22559,738915,514938,68154,60629,180173,135918,22013
2021-07-09T23:59:59+02:00,50050,47135,55722,51267,65868,66700,87074,89656,99574,99419,69936,76246,49640,60867,13957,23997,18928,17891,30122,28445,39229,41991,62730,67319,71032,73355,61446,67575,46452,56769,13174,22534,736902,501334,68143,60248,180167,135514,21896
2021-07-08T23:59:59+02:00,49897,47012,55612,51156,65745,66600,86956,89538,99456,99327,69888,76195,49622,60832,13951,23986,17970,17069,28771,27442,37587,40608,60669,65555,67730,70259,60575,66613,46215,56434,13135,22442,736234,486475,68087,58283,180104,132968,21348
2021-07-07T23:59:59+02:00,49824,46965,55540,51116,65666,66561,86905,89501,99412,99280,69873,76174,49613,60815,13947,23975,16939,16165,27418,26446,36090,39385,59073,64113,64542,66816,59569,65577,45980,56116,13086,22370,735966,471281,68045,56455,180052,130845,21104
2021-07-06T23:59:59+02:00,49629,46797,55417,50984,65565,66456,86805,89419,99336,99200,69836,76118,49595,60787,13944,23962,16111,15361,26357,25556,34271,37698,55711,61119,61913,64388,58819,64794,45708,55784,13045,22269,734875,453525,68028,55675,180002,128759,20945
2021-07-05T23:59:59+02:00,49399,46582,55276,50892,65451,66349,86691,89328,99253,99108,69773,76055,49574,60760,13941,23948,15425,14685,25421,24751,33078,36575,52642,58164,59170,61932,57985,63988,45460,55476,13000,22192,733728,437544,68003,55374,179929,126306,20720
2021-07-04T23:59:59+02:00,49345,46551,55216,50866,65413,66328,86653,89298,99221,99082,69754,76036,49568,60745,13936,23938,15205,14468,24988,24406,32488,36054,51984,57643,58198,61071,57327,63360,45279,55276,12981,22145,733560,433492,67973,55170,179863,123657,20554
2021-07-03T23:59:59+02:00,48595,45812,54899,50498,65124,66056,86407,89041,99027,98883,69681,75964,49545,60699,13932,23927,14900,14135,24638,24056,31517,35144,50251,56099,57335,60335,57155,63166,45212,55192,12969,22120,729781,424959,67958,55157,179858,123615,20493
2021-07-02T23:59:59+02:00,47639,44938,54578,50168,64843,65759,86138,88794,98792,98662,69577,75853,49494,60630,13926,23910,14479,13677,23955,23473,30385,34101,47660,53974,55227,58561,56764,62749,45055,55037,12953,22083,725479,412689,67942,54114,179845,122895,20435
2021-07-01T23:59:59+02:00,47149,44479,54378,50000,64693,65603,85990,88659,98645,98548,69512,75785,49464,60598,13919,23895,13751,12952,22674,22392,28724,32593,45668,52241,52739,56301,55354,61185,44560,54423,12881,21955,723382,399238,67883,51815,179804,119092,20248
2021-06-30T23:59:59+02:00,46870,44269,54200,49877,64582,65516,85906,88599,98581,98500,69488,75765,49452,60576,13917,23887,12938,12296,21509,21495,27141,31232,43838,50523,49127,52364,54034,59862,44205,53986,12825,21827,722286,383529,67845,49932,179787,115674,20067
2021-06-29T23:59:59+02:00,45757,43233,53605,49290,64157,65097,85505,88150,98242,98177,69361,75618,49395,60506,13898,23857,12315,11642,20717,20736,25803,30036,41232,48133,47272,50827,53069,58756,43799,53453,12731,21675,716407,371588,67795,48431,179773,112304,19873
2021-06-28T23:59:59+02:00,44577,42050,52950,48648,63704,64718,85123,87763,97911,97836,69225,75458,49330,60407,13880,23834,11774,11163,20072,20150,24850,29145,39152,46202,45653,49473,51968,57714,43437,52950,12652,21556,710272,362167,67691,47421,179764,108636,19687
2021-06-27T23:59:59+02:00,44539,42017,52909,48618,63669,64687,85072,87728,97864,97810,69208,75447,49321,60393,13876,23832,11565,10956,19754,19835,24282,28594,38144,45378,44511,48390,50947,56715,43005,52451,12570,21422,710086,357669,67670,46987,179730,104359,19504
2021-06-26T23:59:59+02:00,42663,40173,52174,47870,63115,64125,84589,87216,97442,97380,69018,75271,49248,60288,13857,23809,11442,10848,19591,19687,24088,28384,37673,44941,44151,48044,50834,56573,42959,52404,12565,21407,701367,354773,67647,46982,179730,104342,19494
2021-06-25T23:59:59+02:00,41406,39022,51825,47512,62788,63801,84309,86905,97190,97115,68915,75158,49202,60228,13842,23787,11118,10522,19212,19265,23572,27773,34990,42651,41979,46148,50499,56199,42861,52275,12541,21377,696300,343279,67519,46537,179725,103705,19461
2021-06-24T23:59:59+02:00,40864,38517,51478,47183,62578,63600,84079,86715,97007,96965,68833,75094,49167,60184,13836,23771,10507,9921,18155,18400,22160,26538,32901,40825,39555,43861,49025,54564,42292,51578,12424,21175,693393,330492,67500,43937,179702,100176,19276
2021-06-23T23:59:59+02:00,40629,38260,51316,47023,62474,63501,83986,86622,96935,96881,68802,75061,49150,60162,13835,23760,10027,9467,17532,17856,21233,25699,30984,39221,35607,39428,47737,53214,41908,51074,12344,21010,692195,315098,67476,43320,179688,96885,19038
2021-06-22T23:59:59+02:00,39569,37257,50574,46351,61999,63062,83617,86222,96573,96572,68656,74923,49086,60082,13822,23728,9536,9010,16670,17176,20021,24634,27876,36460,33322,37568,46788,52247,41500,50517,12205,20777,686098,303017,67436,40584,179679,93826,18880
2021-06-21T23:59:59+02:00,38065,35883,49556,45479,61284,62407,83124,85751,96135,96171,68489,74753,49023,59989,13810,23695,9222,8712,16214,16816,19392,24149,26142,34914,31808,36285,45765,51187,41051,49970,12100,20589,678144,295731,67413,39946,179666,90248,18391
2021-06-20T23:59:59+02:00,37970,35823,49418,45367,61155,62281,83047,85698,96069,96114,68455,74726,49009,59972,13810,23687,9074,8608,16001,16646,19078,23892,25325,34262,30877,35344,45573,50988,41020,49918,12091,20572,677545,291959,67378,39361,179650,89921,18028
2021-06-19T23:59:59+02:00,35997,33976,48511,44550,60672,61776,82582,85223,95664,95761,68305,74563,48944,59891,13795,23663,9033,8531,15903,16525,18961,23742,25222,34109,30753,35206,45478,50892,41002,49893,12087,20562,668855,290645,67365,39358,179645,89888,18008
2021-06-18T23:59:59+02:00,34156,32211,47303,43364,59740,60866,81786,84481,95049,95186,68088,74346,48855,59752,13779,23633,8957,8446,15749,16377,18778,23557,24974,33874,30473,34890,45188,50549,40919,49820,12074,20548,657750,288503,67242,39242,179644,89469,17959
2021-06-17T23:59:59+02:00,33151,31311,46436,42664,58942,60025,81051,83835,94644,94808,67952,74202,48813,59677,13764,23604,8421,8080,15066,15824,17958,22739,23874,32760,29001,33544,43869,49056,40434,49210,11955,20360,650846,279619,67134,38423,179614,86824,17285
2021-06-16T23:59:59+02:00,32375,30547,45645,41919,58028,59162,80281,83071,94232,94435,67817,74041,48757,59587,13745,23578,7932,7765,14454,15319,17201,22027,22748,31821,27834,32449,41994,46968,39894,48636,11847,20175,643831,270021,67019,37825,179599,84447,16771
2021-06-15T23:59:59+02:00,30359,28637,43897,40392,56449,57528,78903,81762,93484,93771,67533,73751,48648,59429,13712,23513,7755,7634,14155,15086,16841,21734,22234,31448,27317,32030,41064,45963,39516,48220,11724,19958,628937,267007,66976,37323,179565,82059,16290
2021-06-14T23:59:59+02:00,28730,27050,42298,38882,54805,55890,77811,80661,92790,93149,67281,73511,48552,59307,13692,23469,7570,7460,13782,14759,16321,21301,21554,30872,26657,31445,40691,45545,39140,47780,11597,19754,615760,264387,66922,36915,179538,79268,15658
2021-06-13T23:59:59+02:00,28504,26842,41915,38553,54269,55373,77466,80357,92601,92959,67192,73431,48515,59250,13677,23444,7429,7291,13518,14467,15941,20910,21130,30386,26130,30950,40295,45144,38682,47218,11418,19469,613067,262327,66791,36848,179508,76221,14982
2021-06-12T23:59:59+02:00,26846,25128,40747,37470,53598,54638,76938,79863,92053,92436,67037,73253,48446,59174,13664,23423,7383,7240,13398,14359,15808,20803,20950,30242,26015,30856,40278,45128,38674,47209,11418,19469,603504,261562,66788,36848,179500,75898,14922
2021-06-11T23:59:59+02:00,25111,23491,39390,36281,52386,53437,75975,79019,91476,91859,66802,73020,48385,59067,13645,23388,7326,7150,13228,14182,15601,20615,20682,29991,25754,30608,39970,44754,38591,47096,11401,19440,591764,259705,66712,36703,179489,75214,14767
2021-06-10T23:59:59+02:00,24019,22391,38170,35108,50796,51944,74662,77834,89870,90320,66449,72627,48260,58894,13619,23334,7046,6928,12712,13753,14974,20054,19924,29243,24972,29939,39278,43897,38241,46684,11289,19257,578906,256302,66242,36669,179439,71510,13710
2021-06-09T23:59:59+02:00,23503,21953,37527,34592,49697,50911,73427,76645,89283,89819,66327,72485,48211,58809,13604,23304,6774,6618,12118,13152,14199,19254,19015,28228,23997,28787,36723,41006,37676,46041,11141,19018,571781,246060,65819,36594,179400,67996,13097
2021-06-08T23:59:59+02:00,21890,20377,35922,33235,47598,48958,71297,74717,87818,88347,66016,72100,48078,58651,13572,23260,6644,6443,11746,12791,13725,18774,18417,27634,23451,28260,36443,40757,37387,45678,11033,18862,554482,244444,65545,36520,179371,64643,12438
2021-06-07T23:59:59+02:00,20775,19302,34382,31901,45324,46939,69169,72844,86846,87497,65796,71837,48004,58516,13552,23226,6492,6281,11330,12445,13189,18300,17691,27049,22824,27670,36126,40453,36978,45204,10926,18670,539321,242481,65376,36456,179321,60799,11892
2021-06-06T23:59:59+02:00,20570,19136,33991,31619,44719,46376,68555,72364,86638,87330,65741,71777,47990,58487,13545,23215,6360,6113,11013,12035,12768,17733,17061,26249,22132,26873,35665,39984,36505,44656,10771,18403,536227,240066,65055,36409,179274,56349,11497
2021-06-05T23:59:59+02:00,19251,17788,32655,30402,43491,45198,67979,71844,86107,86821,65650,71675,47942,58439,13538,23203,6310,6037,10910,11887,12647,17568,16898,26048,21965,26695,35604,39905,36483,44632,10769,18398,526231,239488,65055,35993,179220,55798,11477
2021-06-04T23:59:59+02:00,17978,16569,31346,29113,41939,43701,66636,70534,85297,86073,65464,71461,47867,58349,13522,23175,6210,5898,10737,11682,12432,17322,16548,25667,21453,26258,34723,39061,36169,44334,10752,18375,513415,237687,64989,35673,179213,52854,11407
2021-06-03T23:59:59+02:00,17284,15943,30363,28292,40488,42423,64875,69014,83051,83796,65042,71011,47739,58187,13504,23137,6042,5692,10435,11332,12119,16866,16105,25018,20913,25683,34061,38279,35996,44132,10719,18325,499694,235398,64297,35291,179168,50038,10990
2021-06-02T23:59:59+02:00,16917,15592,30058,28033,39822,41806,63292,67630,82114,82996,64902,70850,47679,58104,13501,23123,5931,5600,10265,11181,11898,16657,15814,24717,20578,25294,30838,34672,35771,43910,10690,18270,492227,226777,64296,34966,179167,49614,10729
2021-06-01T23:59:59+02:00,16078,14894,28581,26957,37492,39778,59763,64475,79713,80705,64554,70489,47551,57920,13468,23069,5657,5316,9753,10751,11372,16074,15149,23937,19839,24546,30496,34377,35574,43733,10662,18208,474124,225318,62744,34472,179099,46134,9520
2021-05-31T23:59:59+02:00,15503,14410,27649,26263,35533,38116,56335,61460,77686,79003,64220,70135,47409,57745,13435,23016,5498,5104,9355,10393,10949,15607,14623,23265,19226,23852,30213,34130,35394,43542,10627,18152,458390,224662,62033,34088,179036,42721,8459
2021-05-30T23:59:59+02:00,15355,14282,27372,26038,35084,37712,55624,60843,77366,78732,64163,70080,47384,57710,13431,23006,5398,4916,9028,10030,10545,15129,14183,22476,18712,23092,29543,33420,35170,43350,10605,18093,455436,224218,61602,34008,178991,37311,8153
2021-05-29T23:59:59+02:00,14959,13883,26520,25217,33326,36119,54147,59550,76777,78165,64013,69932,47332,57657,13424,22992,5364,4840,8967,9920,10457,15017,14077,22332,18583,22956,29513,33398,35164,43342,10604,18090,445307,223754,61571,34008,178987,36714,8148
2021-05-28T23:59:59+02:00,14545,13476,25704,24469,31477,34355,51977,57546,75722,77170,63808,69683,47280,57580,13414,22969,5279,4723,8797,9774,10307,14849,13920,22099,18379,22659,29444,33353,35148,43326,10603,18086,433336,223114,61101,34002,178899,35791,7839
2021-05-27T23:59:59+02:00,13921,13009,24643,23749,30236,33429,50375,56175,72635,74191,63370,69147,47146,57418,13391,22915,5165,4485,8472,9439,9911,14428,13484,21472,17884,22067,29228,33153,35040,43214,10581,18059,421226,222496,59151,33931,178279,32561,7094
2021-05-26T23:59:59+02:00,13431,12577,23733,23099,29322,32734,49288,55251,69680,71007,62759,68538,47011,57248,13361,22870,5080,4320,8217,9125,9616,14043,13131,20876,17454,21472,29037,32986,34943,43112,10555,18010,410419,221901,56979,33813,177783,29535,6728
2021-05-25T23:59:59+02:00,13088,12275,23158,22696,28277,31880,46692,53022,67417,68884,62408,68171,46898,57099,13345,22819,5001,4199,8012,8872,9363,13673,12820,20360,17081,20931,28881,32835,34860,43011,10529,17955,398596,221384,55916,33735,177164,26811,6453
2021-05-24T23:59:59+02:00,12790,11993,22658,22314,27662,31430,44074,50592,64970,66697,62102,67875,46787,56976,13312,22765,4928,4094,7765,8644,9051,13295,12497,19854,16702,20380,28742,32698,34789,42942,10509,17912,386963,220830,55435,33673,176499,24199,6100
2021-05-23T23:59:59+02:00,12731,11924,22563,22232,27583,31355,43818,50363,64385,66148,62023,67787,46762,56959,13310,22763,4908,4079,7728,8614,8994,13264,12419,19795,16631,20326,28733,32686,34786,42936,10509,17911,384768,220564,55357,33667,176487,23994,6094
2021-05-22T23:59:59+02:00,12507,11685,22244,21929,26580,30469,41986,48783,63531,65411,61862,67596,46696,56868,13300,22740,4892,4024,7701,8552,8954,13201,12389,19713,16604,20262,28723,32676,34782,42930,10508,17910,376294,220481,55343,33667,176482,23605,6068
2021-05-21T23:59:59+02:00,12202,11431,21675,21491,25774,29785,39602,46898,61563,63747,61602,67325,46612,56780,13285,22715,4873,3996,7648,8465,8888,13117,12311,19621,16531,20180,28707,32651,34775,42920,10506,17909,365914,220292,54285,33654,176292,23156,5996
2021-05-20T23:59:59+02:00,11580,10855,20562,20607,24636,28770,38099,45621,59227,61684,60786,66427,46414,56524,13251,22660,4592,3817,7249,8174,8450,12723,11860,19113,16119,19662,28587,32557,34724,42869,10502,17899,355469,219901,51938,33546,175020,20174,5276
2021-05-19T23:59:59+02:00,11143,10542,19776,20063,23791,28177,37200,44939,56009,58059,60099,65726,46306,56390,13229,22613,4440,3651,6996,7931,8173,12395,11534,18688,15750,19240,28493,32444,34682,42795,10492,17884,345052,219431,50327,33434,173897,17937,4786
2021-05-18T23:59:59+02:00,10815,10256,19204,19611,23154,27620,35805,43716,54608,56941,59733,65305,46178,56228,13204,22588,4333,3527,6752,7700,7917,12115,11305,18299,15406,18813,28411,32355,34652,42757,10488,17877,339711,219153,48489,33359,172433,15862,4333
2021-05-17T23:59:59+02:00,10596,10074,18773,19327,22728,27314,34611,42723,53304,55912,59488,65059,46115,56129,13188,22555,4262,3440,6544,7484,7668,11825,11051,17908,15099,18413,28322,32270,34629,42718,10482,17864,335662,218876,47504,33293,170928,14008,3802
2021-05-16T23:59:59+02:00,10408,9941,18483,19126,22395,27074,33976,42265,52070,54744,59296,64895,46079,56075,13177,22535,4194,3365,6326,7319,7376,11574,10786,17557,14808,18051,28258,32208,34613,42700,10475,17860,333238,218635,46629,33234,169316,12245,3356
2021-05-15T23:59:59+02:00,10311,9840,18332,18981,22227,26933,33591,41896,51675,54370,59180,64747,46031,56030,13174,22519,4152,3330,6242,7254,7281,11471,10687,17439,14703,17923,28165,32090,34522,42607,10471,17855,330848,217552,46629,33233,169180,12227,3180
2021-05-14T23:59:59+02:00,10028,9632,17901,18742,21829,26649,31243,40127,49533,52519,58963,64521,45983,55948,13158,22497,4024,3248,5958,7093,6975,11249,10343,17095,14361,17597,27593,31385,34402,42415,10453,17826,321727,214277,46576,33229,168566,12107,2404
2021-05-13T23:59:59+02:00,9567,9258,17109,18182,20960,25972,30124,39147,47294,50353,58119,63552,45774,55664,13119,22425,3523,3052,5622,6839,6664,10945,9938,16711,13987,17168,26701,30191,33981,41904,10422,17764,313251,209714,44713,32678,166556,10921,2099
2021-05-12T23:59:59+02:00,9275,9068,16677,17926,20493,25689,29597,38762,44295,46716,57546,62914,45690,55552,13101,22400,3382,2964,5393,6728,6387,10801,9657,16504,13750,16907,26060,29374,33816,41711,10396,17730,304103,206706,43889,32656,166266,10755,1443
2021-05-11T23:59:59+02:00,8836,8784,15907,17411,19633,25075,27857,37319,42368,45218,57169,62469,45605,55417,13080,22373,3263,2833,5166,6387,6086,10388,9298,15946,13313,16353,24642,27713,33310,41090,10346,17645,298622,200768,40832,32476,163792,9260,1275
2021-05-10T23:59:59+02:00,8578,8630,15398,17162,19011,24761,26869,36639,40919,44075,56912,62197,45528,55315,13059,22345,3155,2704,4937,6157,5835,10067,8974,15471,12953,15936,23599,26389,32825,40506,10311,17587,295366,196139,39926,32451,161136,7846,970
2021-05-09T23:59:59+02:00,8421,8546,15093,16979,18636,24512,26201,36216,39144,42424,56617,61918,45475,55257,13052,22327,3035,2651,4757,6022,5666,9894,8779,15266,12785,15764,23325,26059,32681,40331,10301,17572,292424,194950,39555,32412,158143,6830,696
2021-05-08T23:59:59+02:00,8348,8472,14916,16834,18427,24315,25976,35979,38913,42235,56490,61769,45439,55220,13049,22317,3028,2633,4724,5986,5623,9848,8702,15202,12699,15694,22958,25634,32401,40021,10293,17556,290876,193767,39104,31711,158023,6828,696
2021-05-07T23:59:59+02:00,8172,8375,14593,16653,18047,24085,25555,35696,38465,41859,56217,61417,45390,55173,13044,22307,2724,2499,4374,5803,5355,9587,8391,14893,12308,15299,21868,24268,31760,39193,10265,17506,288372,190340,38677,30221,157697,5230,302
2021-05-06T23:59:59+02:00,7519,8012,13701,16053,16996,23237,24218,34589,36318,40196,55089,60099,45148,54869,13009,22241,2597,2386,4200,5608,5148,9278,8049,14452,11877,14850,20569,22596,30917,38201,10214,17396,277739,184776,37404,29265,155886,4032,265
2021-05-05T23:59:59+02:00,6979,7705,12919,15500,15973,22473,22840,33566,34502,38715,53256,58069,44834,54524,12976,22175,2508,2326,4027,5451,4960,9066,7704,14115,11515,14496,19192,20824,29740,36801,10174,17295,266316,178708,36489,28102,154115,3298,86
2021-05-04T23:59:59+02:00,6790,7609,12562,15331,15490,22203,22203,33223,33546,38021,52405,57113,44714,54398,12958,22134,2452,2255,3874,5282,4786,8814,7368,13708,11089,14041,17550,18910,28651,35478,10080,17177,262573,171944,35627,27173,152468,2366,32
2021-05-03T23:59:59+02:00,6643,7464,12188,15116,14987,21894,21498,32822,32402,37135,52110,56798,44618,54293,12943,22103,2393,2184,3783,5104,4648,8579,7154,13363,10770,13634,16354,17419,27775,34381,10016,17070,259309,166408,35168,26822,150515,1375,22
2021-05-02T23:59:59+02:00,6565,7375,11980,14944,14694,21662,21025,32504,31256,36191,51827,56508,44556,54205,12927,22072,2381,2177,3762,5072,4619,8543,7089,13292,10688,13545,16045,17028,27480,34078,10004,17058,256893,164857,35097,26712,148280,1271,21
2021-05-01T23:59:59+02:00,6547,7350,11918,14899,14617,21603,20927,32432,31131,36099,51821,56492,44552,54204,12925,22070,2378,2168,3739,5055,4577,8518,7052,13255,10628,13490,15847,16805,27364,33941,10001,17048,256339,163891,35097,26685,148130,1269,21
2021-04-30T23:59:59+02:00,6508,7312,11828,14812,14512,21490,20733,32251,30893,35910,51549,56134,44507,54150,12920,22058,2350,2148,3677,4993,4483,8410,6901,13071,10355,13228,15039,15780,26498,32871,9961,16961,254579,160702,35054,24806,147914,1198,20
2021-04-29T23:59:59+02:00,6305,7190,11513,14625,14161,21256,20217,31963,30142,35424,50903,55311,44416,54038,12897,21986,2313,2103,3585,4904,4358,8275,6710,12855,10082,12943,14069,14551,25199,31332,9900,16869,251424,155026,34961,24061,145942,941,20
2021-04-28T23:59:59+02:00,6039,7025,11139,14295,13673,20796,19584,31361,28979,34298,48242,52322,44125,53714,12834,21908,2274,2063,3516,4844,4245,8160,6552,12670,9836,12726,12937,13079,23719,29465,9839,16767,241531,149105,34837,22858,143958,721,8
2021-04-27T23:59:59+02:00,5937,6933,10992,14175,13479,20639,19309,31151,28421,33917,48039,52103,44069,53664,12826,21886,2232,2029,3425,4750,4152,8052,6389,12486,9559,12452,11730,11519,22068,27317,9763,16622,240182,142319,34791,21674,142559,544,8
2021-04-26T23:59:59+02:00,5889,6890,10879,14110,13321,20519,19083,30944,27598,33349,47703,51738,44017,53601,12817,21857,2211,2001,3372,4707,4090,7983,6291,12355,9374,12279,10820,10365,20797,25573,9705,16536,239474,137080,34766,20937,140067,434,8
2021-04-25T23:59:59+02:00,5844,6843,10776,14015,13163,20367,18841,30661,26843,32615,47206,51228,43935,53503,12803,21838,2184,1990,3342,4689,4072,7964,6258,12315,9317,12220,10659,10173,20556,25250,9695,16522,237786,136228,34722,20595,137965,375,8
2021-04-24T23:59:59+02:00,5823,6795,10701,13931,13067,20227,18711,30487,26681,32437,47107,51105,43842,53409,12799,21833,2177,1980,3318,4663,4033,7918,6186,12242,9187,12103,10502,9992,20425,25119,9679,16504,236331,135707,34706,19956,137910,357,8
2021-04-23T23:59:59+02:00,5760,6704,10571,13733,12871,19976,18407,30116,26290,32078,46164,49975,43688,53164,12777,21801,2160,1960,3276,4629,3985,7863,6092,12153,9022,11975,10235,9694,20101,24702,9631,16424,231963,134590,34650,18958,137454,346,8
2021-04-22T23:59:59+02:00,5658,6589,10365,13538,12522,19647,17899,29646,25663,31488,44437,47823,43115,52435,12731,21700,2146,1949,3236,4578,3910,7789,5964,12053,8764,11811,9807,9287,19650,24114,9581,16347,225738,132482,34540,18181,134970,315,8
2021-04-21T23:59:59+02:00,5564,6450,10137,13336,12193,19336,17398,29152,24949,30760,40176,42967,42640,51900,12665,21596,2135,1940,3201,4542,3854,7733,5887,11961,8589,11652,9478,8904,19154,23533,9522,16252,213665,130856,34474,17179,133072,294,8
2021-04-20T23:59:59+02:00,5485,6360,9944,13122,11920,19074,16978,28744,24398,30199,38423,40960,41988,51126,12595,21458,2110,1927,3162,4517,3787,7688,5757,11865,8420,11524,9197,8585,18685,22872,9425,16111,207466,129506,34385,15878,130915,240,8
2021-04-19T23:59:59+02:00,5406,6281,9787,12995,11722,18873,16617,28363,23857,29733,36873,39171,41400,50402,12539,21369,2094,1909,3127,4483,3748,7645,5718,11796,8339,11434,8961,8303,18282,22307,9379,16021,202458,127827,34331,15489,128591,222,8
2021-04-18T23:59:59+02:00,5344,6229,9657,12912,11525,18736,16339,28167,23454,29422,35569,37811,41052,49996,12507,21307,2082,1893,3098,4462,3722,7629,5673,11750,8288,11386,8861,8212,18130,22119,9366,15998,200928,127342,34292,15101,124799,218,8
2021-04-17T23:59:59+02:00,5338,6213,9622,12881,11480,18696,16263,28101,23390,29364,35261,37474,40945,49899,12501,21296,2072,1885,3071,4450,3664,7584,5602,11700,8203,11336,8753,8104,18027,22003,9345,15985,199705,126549,34283,15011,124728,216,8
2021-04-16T23:59:59+02:00,5277,6174,9535,12823,11350,18586,16054,27945,23052,29022,34186,36222,40540,49379,12481,21263,1941,1798,2849,4274,3313,7272,4853,11180,6752,10262,6298,6105,16254,20350,9156,15689,195590,117441,34200,10683,124091,214,8
2021-04-15T23:59:59+02:00,5210,6084,9335,12653,11055,18338,15558,27554,22363,28425,32291,33906,39502,48172,12405,21099,1897,1766,2784,4210,3198,7154,4637,11000,6381,9953,5840,5711,15666,19667,8971,15361,189784,114345,34149,9636,120009,207,8
2021-04-14T23:59:59+02:00,5149,6037,9167,12525,10836,18161,15158,27241,21719,27949,30373,31659,38286,46758,12331,20915,1816,1711,2701,4144,3090,7063,4436,10836,6079,9703,5360,5300,15082,18979,8769,15013,183427,111743,34012,8180,116817,151,8
2021-04-13T23:59:59+02:00,5101,5982,9029,12395,10657,17994,14819,26968,21197,27486,28277,29215,37029,45168,12191,20713,1771,1695,2665,4102,3035,7002,4307,10695,5810,9494,5021,4995,14636,18532,8638,14815,176564,110336,33949,6815,113700,54,8
2021-04-12T23:59:59+02:00,5039,5934,8921,12259,10456,17846,14500,26690,20657,27029,26241,26951,35873,43706,12064,20517,1738,1653,2637,4083,3009,6949,4247,10630,5707,9396,4861,4851,14339,18163,8528,14616,170863,109508,33876,5839,109936,52,8
2021-04-11T23:59:59+02:00,5000,5891,8831,12180,10298,17745,14241,26514,20234,26706,25044,25666,35169,42923,11977,20370,1729,1647,2616,4063,2987,6925,4214,10585,5621,9329,4770,4797,14225,18041,8490,14564,169086,109314,33807,5234,105888,47,8
2021-04-10T23:59:59+02:00,4989,5877,8791,12154,10243,17711,14173,26465,20138,26626,24730,25292,34827,42504,11970,20349,1724,1642,2607,4054,2973,6909,4185,10556,5564,9290,4692,4718,14099,17879,8444,14480,167877,108527,33088,5234,105866,47,8
2021-04-09T23:59:59+02:00,4943,5847,8706,12076,10121,17588,14008,26290,19878,26386,23901,24143,33877,41300,11937,20276,1696,1612,2553,4019,2901,6848,4035,10443,5314,9065,4273,4344,13539,17167,8218,14116,164531,104863,31582,5227,105158,47,6
2021-04-08T23:59:59+02:00,4866,5784,8559,11966,9907,17412,13614,25977,19276,25918,22202,22166,32196,39340,11791,20042,1666,1597,2499,3972,2821,6762,3887,10306,5023,8802,3820,3919,12558,15927,7751,13360,158799,99915,30677,4708,101534,41,6
2021-04-07T23:59:59+02:00,4819,5730,8379,11892,9680,17264,13295,25750,18808,25558,20396,20058,30445,37085,11676,19832,1633,1581,2445,3920,2761,6681,3777,10160,4835,8613,3557,3631,11878,15122,7382,12815,152780,96614,29504,4142,98377,29,6
2021-04-06T23:59:59+02:00,4772,5688,8235,11780,9519,17101,12981,25485,18291,25173,18546,17998,28531,34599,11481,19491,1599,1562,2423,3894,2728,6644,3712,10116,4756,8525,3450,3508,11402,14482,7102,12409,145967,94324,28550,3954,95148,28,6
2021-04-05T23:59:59+02:00,4741,5646,8139,11691,9382,17001,12772,25274,17894,24827,16826,16068,26909,32457,11337,19269,1579,1551,2393,3875,2700,6596,3671,10057,4671,8409,3340,3400,11065,14114,6946,12130,140573,92938,28115,3525,91539,28,6
2021-04-04T23:59:59+02:00,4733,5640,8131,11681,9369,16988,12747,25254,17866,24803,16694,15894,26714,32211,11328,19256,1578,1550,2391,3872,2698,6593,3669,10054,4667,8406,3330,3387,11054,14103,6944,12122,139855,92860,28023,3525,91426,28,5
2021-04-03T23:59:59+02:00,4729,5633,8117,11673,9349,16968,12708,25223,17788,24741,16614,15805,26669,32153,11323,19249,1575,1548,2382,3864,2680,6579,3645,10026,4585,8351,3212,3272,10972,14030,6938,12112,139328,92213,27995,3525,91414,28,5
2021-04-02T23:59:59+02:00,4704,5613,8060,11620,9286,16900,12569,25117,17555,24541,16163,15328,26194,31582,11291,19196,1573,1539,2369,3858,2673,6563,3624,9994,4516,8259,3143,3204,10735,13731,6786,11912,138129,90925,26589,3521,90996,28,5
2021-04-01T23:59:59+02:00,4660,5552,7948,11479,9155,16741,12296,24832,17110,24142,15416,14605,25441,30625,11166,19015,1556,1518,2338,3826,2651,6533,3584,9955,4448,8194,3032,3076,9807,12620,6179,11067,135905,86939,25925,3417,88350,25,3
2021-03-31T23:59:59+02:00,4451,5472,7837,11357,9015,16576,12079,24556,16759,23778,14720,13844,24610,29618,11061,18823,1547,1513,2324,3806,2626,6505,3537,9909,4380,8125,2942,2987,9239,11925,5817,10574,134114,84534,24470,3194,85969,25,3
2021-03-30T23:59:59+02:00,4420,5419,7765,11230,8930,16418,11918,24366,16482,23470,14128,13203,23857,28644,10924,18582,1533,1503,2304,3782,2600,6474,3495,9844,4310,8053,2819,2840,8661,11272,5470,10092,132647,82231,23260,2797,83846,21,3
2021-03-29T23:59:59+02:00,4379,5361,7666,11118,8824,16257,11759,24094,16158,23127,13587,12607,23100,27674,10771,18336,1515,1490,2285,3766,2579,6445,3460,9788,4247,7979,2766,2773,8375,10887,5281,9786,130819,80859,22511,2539,81485,21,3
2021-03-28T23:59:59+02:00,4345,5276,7581,11011,8747,16105,11625,23865,15901,22855,13263,12298,22534,26985,10597,18057,1506,1485,2263,3752,2565,6416,3420,9738,4209,7923,2718,2722,8298,10782,5238,9721,130323,80521,21993,2212,78726,20,3
2021-03-27T23:59:59+01:00,4332,5265,7555,10981,8682,16034,11525,23769,15759,22739,13057,12085,22335,26775,10562,18028,1505,1483,2260,3750,2564,6415,3407,9715,4198,7901,2708,2715,8242,10717,5204,9681,129444,80230,21351,2212,78685,20,3
2021-03-26T23:59:59+01:00,4289,5196,7447,10851,8507,15852,11195,23470,15154,22236,12145,11270,21555,25942,10421,17805,1498,1469,2255,3729,2551,6392,3390,9689,4157,7864,2679,2676,8065,10500,5087,9514,125441,79394,19755,2098,78136,20,3
2021-03-25T23:59:59+01:00,4231,5036,7286,10573,8264,15449,10813,22849,14516,21541,11476,10611,20691,24877,10109,17271,1478,1455,2223,3703,2517,6355,3353,9641,4087,7781,2545,2538,7096,9258,4486,8615,122187,75245,18982,1864,74422,20,2
2021-03-24T23:59:59+01:00,4156,4896,7151,10289,8050,15040,10553,22307,14051,20935,10875,10052,19761,23794,9786,16710,1457,1425,2197,3666,2472,6320,3313,9577,4009,7682,2446,2439,6455,8500,4106,8036,119606,72632,17798,1448,71001,19,1
2021-03-23T23:59:59+01:00,4116,4802,7045,10055,7897,14703,10297,21804,13653,20444,10411,9610,19043,22945,9477,16253,1445,1408,2171,3645,2451,6294,3253,9523,3920,7609,2354,2337,5729,7579,3662,7350,118160,69588,16696,1123,67699,19,0
2021-03-22T23:59:59+01:00,4064,4722,6919,9814,7738,14385,10042,21341,13307,19949,10020,9254,18483,22235,9289,15913,1436,1401,2162,3631,2439,6278,3230,9500,3891,7576,2293,2287,5277,6977,3316,6862,117284,67501,16299,1036,63892,19,0
2021-03-21T23:59:59+01:00,4018,4618,6789,9549,7573,14029,9820,20804,12968,19425,9700,8977,17957,21636,9100,15607,1433,1398,2161,3620,2436,6271,3224,9491,3881,7562,2279,2268,5157,6843,3258,6761,117090,66993,15905,1036,59575,14,0
2021-03-20T23:59:59+01:00,4007,4595,6754,9495,7515,13958,9736,20699,12863,19335,9613,8883,17822,21463,9050,15520,1430,1394,2157,3617,2431,6266,3211,9481,3862,7552,2244,2236,4834,6470,3074,6520,116268,65729,15810,1036,59230,14,0
2021-03-19T23:59:59+01:00,3833,4454,6464,9244,7074,13538,8826,19971,11140,18010,6771,6546,15596,19271,8698,14959,1426,1390,2152,3611,2419,6253,3199,9458,3812,7506,2177,2195,4466,5997,2812,6205,107021,64060,11116,1004,56258,14,0
2021-03-18T23:59:59+01:00,3728,4320,6287,8936,6810,13098,8436,19317,10501,17273,6064,5895,14383,17805,8193,14146,1422,1384,2127,3583,2401,6217,3169,9409,3767,7468,2132,2161,4048,5470,2533,5796,101931,62181,10113,896,53148,10,0
2021-03-17T23:59:59+01:00,3651,4246,6156,8792,6646,12920,8141,19007,10103,16882,5659,5512,13568,16875,7800,13571,1412,1372,2111,3564,2371,6185,3138,9382,3731,7432,2076,2103,3644,5025,2284,5413,98708,60471,8434,762,52387,10,0
2021-03-16T23:59:59+01:00,3572,4113,6005,8521,6439,12554,7827,18425,9559,16227,5139,5060,12758,15916,7471,13083,1403,1364,2103,3549,2356,6171,3123,9362,3705,7406,2048,2068,3129,4388,1953,4911,96408,58272,7034,758,49227,9,0
2021-03-15T23:59:59+01:00,3525,3967,5820,8244,6221,12148,7555,17853,9124,15603,4825,4780,12106,15173,7208,12625,1403,1354,2087,3534,2336,6145,3105,9314,3681,7367,2012,2017,2774,3931,1672,4522,94922,56503,6065,744,45790,7,0
2021-03-14T23:59:59+01:00,3479,3835,5594,7915,5936,11705,7251,17135,8665,14852,4513,4508,11817,14918,7163,12526,1396,1348,2071,3505,2321,6095,3087,9256,3664,7328,2005,2006,2696,3824,1620,4438,94807,56104,5460,550,41545,6,0
2021-03-13T23:59:59+01:00,3465,3795,5555,7810,5878,11594,7173,16999,8524,14704,4361,4359,11725,14833,7157,12515,1396,1348,2071,3505,2320,6095,3086,9255,3663,7328,2002,1998,2644,3769,1586,4384,94120,55894,5460,550,40867,6,0
2021-03-12T23:59:59+01:00,3447,3723,5499,7674,5816,11448,7090,16775,8390,14472,4254,4263,11455,14510,7003,12300,1396,1348,2067,3499,2319,6087,3082,9249,3662,7322,2000,1996,2558,3660,1506,4298,92705,55493,5452,550,39962,6,0
2021-03-11T23:59:59+01:00,3369,3528,5291,7376,5586,11032,6751,16112,7961,13837,3919,3929,10384,13257,6357,11400,1391,1345,2057,3486,2300,6061,3059,9215,3639,7291,1971,1971,2321,3400,1356,4080,88545,54421,5036,517,36508,5,0
2021-03-10T23:59:59+01:00,3274,3410,5079,7106,5373,10678,6482,15570,7627,13295,3700,3702,9745,12465,5973,10867,1387,1334,2031,3448,2270,5971,3011,9093,3581,7174,1928,1895,2106,3163,1227,3892,86090,53225,4670,282,33586,4,0
2021-03-09T23:59:59+01:00,3199,3280,4924,6919,5180,10399,6255,15140,7329,12793,3517,3497,9118,11764,5601,10350,1380,1324,1996,3388,2239,5869,2950,8949,3514,7094,1899,1869,1832,2848,1060,3647,83831,51819,4416,35,31018,4,0
2021-03-08T23:59:59+01:00,3133,3121,4698,6654,4943,10046,5996,14630,6967,12206,3319,3305,8733,11321,5405,10039,1377,1306,1982,3310,2208,5777,2912,8804,3482,7000,1884,1849,1631,2617,942,3457,82366,50505,4055,33,28095,0,0
2021-03-07T23:59:59+01:00,3101,3062,4624,6542,4860,9933,5891,14468,6852,12061,3269,3263,8650,11216,5367,9972,1371,1301,1975,3298,2200,5750,2905,8765,3470,6982,1876,1837,1576,2550,890,3390,82017,50103,3891,33,27223,0,0
2021-03-06T23:59:59+01:00,3087,3004,4580,6453,4826,9870,5833,14354,6804,11952,3245,3240,8594,11150,5333,9929,1369,1288,1970,3284,2188,5723,2902,8737,3459,6963,1868,1813,1549,2526,885,3381,81701,49872,3891,33,26662,0,0
2021-03-05T23:59:59+01:00,3063,2911,4522,6344,4765,9771,5770,14203,6704,11800,3202,3185,8410,10920,5214,9757,1360,1255,1940,3229,2164,5616,2860,8603,3416,6825,1826,1768,1485,2455,863,3355,80804,48987,3883,33,25854,0,0
2021-03-04T23:59:59+01:00,3008,2718,4363,6107,4546,9463,5564,13783,6394,11410,3024,3010,7397,9632,4600,8846,1340,1205,1903,3107,2134,5434,2814,8328,3360,6594,1756,1679,1449,2407,859,3337,76670,47674,3614,32,23581,0,0
2021-03-03T23:59:59+01:00,2968,2646,4222,5916,4381,9196,5363,13407,6141,10991,2903,2879,6753,8863,4207,8243,1328,1167,1876,3036,2112,5326,2783,8152,3307,6437,1687,1635,1408,2337,839,3284,73960,46682,3386,32,21733,0,0
2021-03-02T23:59:59+01:00,2907,2558,4038,5700,4173,8925,5166,13032,5875,10618,2757,2722,5987,7901,3745,7540,1295,1124,1849,2964,2088,5189,2734,7879,3258,6239,1617,1575,1345,2258,820,3241,70813,45443,2940,32,19891,0,0
2021-03-01T23:59:59+01:00,2867,2495,3872,5549,3986,8706,4978,12710,5637,10232,2657,2608,5498,7247,3394,7036,1289,1089,1826,2863,2061,4998,2695,7629,3199,6003,1574,1539,1297,2199,794,3202,68667,44225,2642,32,18163,0,0
2021-02-28T23:59:59+01:00,2826,2446,3714,5431,3767,8517,4795,12460,5450,9928,2600,2536,5375,7091,3332,6935,1285,1084,1822,2849,2052,4974,2688,7593,3189,5986,1566,1532,1291,2190,792,3192,68192,44054,2424,31,16587,0,0
2021-02-27T23:59:59+01:00,2811,2380,3688,5351,3733,8448,4761,12370,5415,9855,2559,2502,5046,6705,3136,6685,1278,1076,1815,2837,2040,4939,2669,7528,3173,5930,1548,1523,1285,2179,789,3191,66887,43770,2424,30,16134,0,0
2021-02-26T23:59:59+01:00,2791,2339,3648,5267,3668,8346,4700,12262,5330,9767,2483,2449,4670,6224,2867,6362,1219,1027,1765,2729,1991,4758,2615,7254,3100,5720,1487,1472,1262,2157,775,3182,65097,42484,2299,29,15777,0,0
2021-02-25T23:59:59+01:00,2617,2230,3463,5086,3486,8124,4498,11976,5112,9493,2396,2384,4221,5672,2580,5941,1203,970,1734,2621,1938,4486,2543,6863,3006,5434,1443,1429,1242,2142,773,3173,63243,40974,1977,26,14059,0,0
2021-02-24T23:59:59+01:00,2462,2092,3273,4894,3338,7918,4301,11724,4893,9245,2259,2266,3771,5163,2323,5548,1187,942,1711,2535,1904,4347,2484,6607,2954,5228,1413,1398,1224,2122,769,3154,61486,39961,1508,18,12476,0,0
2021-02-23T23:59:59+01:00,2325,1954,3096,4668,3183,7687,4130,11451,4711,8999,2174,2172,3219,4500,1987,5038,1173,894,1680,2440,1865,4155,2416,6308,2856,4968,1356,1343,1195,2079,756,3129,59296,38599,1161,14,10837,0,0
2021-02-22T23:59:59+01:00,2285,1903,3011,4575,3113,7579,4036,11266,4604,8874,2124,2131,2857,4040,1703,4655,1161,835,1648,2314,1822,3911,2340,5917,2731,4670,1294,1289,1172,2047,750,3107,57634,37004,1077,4,10045,0,0
2021-02-21T23:59:59+01:00,2249,1871,2960,4506,3031,7465,3955,11120,4538,8757,2110,2108,2773,3926,1648,4567,1157,817,1631,2261,1797,3801,2307,5762,2668,4546,1262,1266,1162,2033,743,3094,57203,36303,1044,4,9337,0,0
2021-02-20T23:59:59+01:00,2238,1868,2938,4493,3015,7429,3929,11087,4517,8736,2107,2100,2719,3869,1613,4512,1157,814,1631,2259,1796,3792,2306,5757,2667,4542,1261,1263,1161,2030,742,3093,56988,36267,1043,4,9139,0,0
2021-02-19T23:59:59+01:00,2225,1855,2902,4441,2990,7341,3884,11005,4463,8673,2099,2094,2631,3756,1533,4419,1105,805,1592,2251,1786,3783,2296,5736,2658,4530,1255,1252,1150,2025,737,3086,56576,36043,1012,4,8723,0,0
2021-02-18T23:59:59+01:00,2093,1759,2745,4257,2866,7142,3747,10718,4324,8470,2067,2060,2392,3491,1381,4197,1026,770,1517,2153,1737,3661,2224,5578,2602,4443,1241,1232,1145,2011,727,3068,55522,35131,945,4,7242,0,0
2021-02-17T23:59:59+01:00,2049,1710,2653,4123,2757,6928,3594,10377,4183,8228,2010,1977,2173,3262,1257,4010,872,707,1408,2028,1662,3471,2130,5354,2529,4272,1207,1187,1120,1966,712,3028,54460,33650,800,3,6031,0,0
2021-02-16T23:59:59+01:00,1876,1597,2480,3916,2618,6653,3433,10023,4007,7921,1966,1950,1898,2945,1088,3758,845,685,1336,1954,1594,3329,2035,5183,2433,4141,1146,1140,1062,1876,680,2935,53137,32372,764,2,4228,0,0
2021-02-15T23:59:59+01:00,1842,1542,2393,3748,2540,6381,3311,9657,3893,7652,1940,1923,1683,2707,967,3572,827,672,1307,1908,1553,3261,1980,5011,2370,4041,1081,1100,998,1786,661,2843,52046,31398,751,1,2954,0,0
2021-02-14T23:59:59+01:00,1753,1511,2348,3686,2499,6291,3241,9554,3847,7574,1929,1913,1626,2648,917,3513,812,662,1290,1883,1527,3238,1946,4971,2345,3986,1071,1091,991,1776,658,2831,51714,31077,722,1,2414,0,0
2021-02-13T23:59:59+01:00,1752,1499,2338,3679,2493,6277,3237,9538,3840,7564,1921,1893,1603,2628,914,3503,812,662,1290,1883,1527,3238,1946,4971,2345,3986,1071,1091,991,1776,658,2831,51560,31077,722,1,2397,0,0
2021-02-12T23:59:59+01:00,1672,1413,2239,3567,2413,6104,3132,9300,3719,7299,1875,1837,1540,2556,891,3476,806,655,1278,1862,1512,3219,1938,4940,2329,3966,1066,1086,990,1757,658,2801,50624,30862,722,1,1687,0,0
2021-02-11T23:59:59+01:00,1469,1275,2057,3352,2285,5812,2980,8869,3560,6954,1803,1736,1498,2496,877,3454,778,604,1184,1683,1387,2946,1801,4582,2166,3680,1016,1025,949,1686,625,2670,49234,28781,681,1,562,0,0
2021-02-10T23:59:59+01:00,1373,1226,1970,3226,2217,5640,2898,8592,3448,6724,1732,1688,1453,2429,861,3397,564,520,962,1459,1249,2638,1616,4120,1964,3306,899,899,828,1435,546,2354,48072,25359,641,0,161,0,0
2021-02-09T23:59:59+01:00,1338,1176,1933,3134,2190,5461,2832,8251,3377,6467,1659,1627,1393,2369,845,3360,301,383,744,1196,1062,2263,1406,3584,1717,2854,731,735,660,1148,436,1908,46820,21128,512,0,80,0,0
2021-02-08T23:59:59+01:00,1331,1141,1902,3014,2151,5239,2780,7970,3318,6231,1618,1594,1348,2315,829,3340,265,342,643,1042,957,2045,1246,3194,1520,2538,628,616,557,969,379,1658,45701,18599,341,0,79,0,0
2021-02-07T23:59:59+01:00,1303,1125,1873,2963,2125,5157,2751,7867,3276,6166,1602,1578,1333,2296,818,3325,232,287,595,952,898,1890,1154,2969,1423,2367,588,596,536,936,369,1629,45418,17421,140,0,0,0,0
2021-02-06T23:59:59+01:00,1298,1119,1867,2951,2116,5129,2738,7823,3265,6121,1589,1570,1328,2286,815,3324,213,253,573,915,870,1824,1112,2852,1366,2285,572,578,529,936,369,1629,45199,16876,140,0,0,0,0
2021-02-05T23:59:59+01:00,1237,1067,1818,2841,2064,4933,2679,7526,3188,5905,1526,1516,1309,2260,807,3317,197,224,538,868,836,1745,1073,2735,1313,2186,538,554,518,912,359,1604,43853,16200,140,0,0,0,0
2021-02-04T23:59:59+01:00,1225,1003,1777,2691,1993,4623,2594,7084,3088,5579,1481,1483,1291,2244,804,3309,169,170,465,751,737,1606,964,2497,1201,1971,492,502,475,858,341,1491,42237,14690,32,0,0,0,0
2021-02-03T23:59:59+01:00,1207,974,1746,2610,1954,4477,2528,6821,3036,5360,1444,1450,1262,2209,786,3280,138,141,392,639,621,1370,819,2119,1004,1685,377,368,340,644,238,1130,41112,12025,32,0,0,0,0
2021-02-02T23:59:59+01:00,1190,918,1714,2510,1911,4255,2455,6489,2929,5087,1392,1404,1239,2179,777,3256,117,117,315,518,518,1135,676,1790,814,1377,280,268,262,472,187,846,39673,9692,32,0,0,0,0
2021-02-01T23:59:59+01:00,1176,858,1679,2385,1861,4009,2379,6096,2810,4790,1325,1323,1208,2133,766,3231,83,76,215,347,346,741,429,1154,478,858,174,164,152,279,99,494,37997,6089,32,0,0,0,0
2021-01-31T23:59:59+01:00,1171,840,1662,2327,1837,3889,2349,5914,2746,4671,1295,1300,1197,2118,760,3219,72,70,182,278,269,575,340,901,396,691,148,148,144,271,95,480,37263,5060,32,0,0,0,0
2021-01-30T23:59:59+01:00,1171,837,1661,2322,1835,3878,2347,5903,2743,4661,1294,1296,1196,2117,760,3218,68,63,150,231,241,507,305,783,353,616,147,141,139,267,95,479,37208,4585,31,0,0,0,0
2021-01-29T23:59:59+01:00,1118,828,1622,2315,1824,3871,2339,5889,2735,4650,1290,1293,1192,2117,760,3218,60,45,113,176,197,353,248,634,309,488,136,132,127,256,92,479,37032,3845,29,0,0,0,0
2021-01-28T23:59:59+01:00,1043,803,1564,2255,1791,3802,2292,5818,2702,4596,1278,1281,1185,2111,751,3204,38,20,72,104,128,206,153,379,201,291,103,101,102,205,82,432,36450,2617,26,0,0,0,0
2021-01-27T23:59:59+01:00,893,752,1473,2180,1724,3687,2220,5688,2644,4471,1250,1237,1162,2072,739,3172,27,12,62,85,103,162,121,322,174,247,95,84,91,186,79,401,35347,2251,17,0,0,0,0
2021-01-26T23:59:59+01:00,879,733,1408,2107,1661,3557,2133,5516,2556,4360,1195,1197,1116,2001,715,3123,26,11,59,82,99,156,117,308,173,237,93,79,84,165,68,355,34246,2112,11,0,0,0,0
2021-01-25T23:59:59+01:00,866,712,1376,2047,1630,3460,2088,5350,2499,4270,1144,1172,1069,1944,697,3065,24,11,56,82,96,154,116,306,172,237,92,78,83,164,66,352,33387,2089,2,0,0,0,0
2021-01-24T23:59:59+01:00,863,711,1370,2036,1625,3443,2080,5324,2488,4238,1140,1166,1064,1937,696,3060,24,11,56,82,95,153,116,306,172,236,92,78,83,164,66,352,33239,2086,2,0,0,0,0
2021-01-23T23:59:59+01:00,863,711,1370,2036,1625,3443,2080,5324,2488,4238,1140,1166,1063,1937,696,3060,24,11,56,82,95,153,116,306,171,236,92,78,83,164,66,352,33238,2085,2,0,0,0,0
2021-01-22T23:59:59+01:00,863,701,1356,2014,1609,3419,2068,5290,2472,4218,1138,1161,1062,1914,695,3027,24,11,56,82,95,153,116,306,170,236,92,78,83,164,66,352,33005,2084,2,0,0,0,0
2021-01-21T23:59:59+01:00,832,664,1279,1859,1510,3230,1971,5018,2364,4020,1098,1102,1031,1833,657,2900,22,10,52,77,87,145,106,277,156,213,79,70,74,144,54,300,31366,1866,2,0,0,0,0
2021-01-20T23:59:59+01:00,629,565,1085,1641,1376,2956,1794,4613,2161,3685,973,983,913,1604,592,2630,21,10,51,73,84,144,99,264,145,194,69,64,69,122,45,268,28198,1722,2,0,0,0,0
2021-01-19T23:59:59+01:00,342,419,834,1384,1175,2617,1559,4087,1903,3236,806,815,749,1331,494,2225,17,7,36,52,55,78,73,177,101,131,52,49,48,91,34,207,23975,1208,1,0,0,0,0
2021-01-18T23:59:59+01:00,298,378,722,1195,1054,2363,1367,3590,1664,2856,678,667,604,1087,420,1840,7,3,11,17,19,27,24,50,25,46,12,11,13,33,7,61,20783,366,0,0,0,0,0
2021-01-17T23:59:59+01:00,258,324,656,1102,977,2192,1270,3315,1549,2645,633,637,577,1031,399,1782,0,0,1,0,2,2,2,1,2,2,1,4,1,0,0,1,19347,19,0,0,0,0,0
2021-01-16T23:59:59+01:00,241,292,640,1069,953,2129,1229,3205,1498,2572,617,620,570,1031,399,1781,0,0,0,0,1,2,1,1,1,2,0,1,1,0,0,1,18846,11,0,0,0,0,0
2021-01-15T23:59:59+01:00,227,259,611,1022,926,2051,1194,3089,1446,2476,586,594,563,1010,392,1769,0,0,0,0,0,0,0,0,0,0,0,0,0,0,0,0,18215,0,0,0,0,0,0
2021-01-14T23:59:59+01:00,197,206,551,901,837,1908,1102,2866,1331,2293,543,551,525,966,386,1727,0,0,0,0,0,0,0,0,0,0,0,0,0,0,0,0,16890,0,0,0,0,0,0
2021-01-13T23:59:59+01:00,165,187,502,832,765,1782,1004,2633,1177,2071,430,434,397,761,288,1330,0,0,0,0,0,0,0,0,0,0,0,0,0,0,0,0,14758,0,0,0,0,0,0
2021-01-12T23:59:59+01:00,143,166,471,763,715,1627,916,2432,1070,1840,341,326,307,541,207,942,0,0,0,0,0,0,0,0,0,0,0,0,0,0,0,0,12807,0,0,0,0,0,0
2021-01-11T23:59:59+01:00,113,128,395,633,625,1375,753,1974,844,1454,211,190,169,313,109,546,0,0,0,0,0,0,0,0,0,0,0,0,0,0,0,0,9832,0,0,0,0,0,0
2021-01-10T23:59:59+01:00,87,93,305,457,470,995,546,1447,620,1058,174,167,157,300,104,533,0,0,0,0,0,0,0,0,0,0,0,0,0,0,0,0,7513,0,0,0,0,0,0
2021-01-09T23:59:59+01:00,76,85,259,394,400,863,479,1230,544,900,167,157,152,295,104,531,0,0,0,0,0,0,0,0,0,0,0,0,0,0,0,0,6636,0,0,0,0,0,0
2021-01-08T23:59:59+01:00,63,65,186,286,303,584,364,932,438,681,159,152,136,283,102,531,0,0,0,0,0,0,0,0,0,0,0,0,0,0,0,0,5265,0,0,0,0,0,0
2021-01-07T23:59:59+01:00,44,24,78,120,136,230,163,419,222,339,116,121,123,251,98,504,0,0,0,0,0,0,0,0,0,0,0,0,0,0,0,0,2988,0,0,0,0,0,0
2021-01-06T23:59:59+01:00,30,17,69,91,115,180,135,342,193,275,97,93,97,205,83,429,0,0,0,0,0,0,0,0,0,0,0,0,0,0,0,0,2451,0,0,0,0,0,0
2021-01-05T23:59:59+01:00,27,12,59,86,105,166,120,327,179,253,96,88,95,198,81,411,0,0,0,0,0,0,0,0,0,0,0,0,0,0,0,0,2303,0,0,0,0,0,0
2021-01-04T23:59:59+01:00,24,11,56,83,97,157,115,312,177,241,95,85,88,184,71,380,0,0,0,0,0,0,0,0,0,0,0,0,0,0,0,0,2176,0,0,0,0,0,0
2021-01-03T23:59:59+01:00,24,11,56,83,97,157,115,312,177,241,95,85,87,183,71,380,0,0,0,0,0,0,0,0,0,0,0,0,0,0,0,0,2174,0,0,0,0,0,0
2021-01-02T23:59:59+01:00,24,11,56,83,97,157,115,312,176,241,95,85,87,183,71,380,0,0,0,0,0,0,0,0,0,0,0,0,0,0,0,0,2173,0,0,0,0,0,0
2021-01-01T23:59:59+01:00,24,11,56,83,97,157,115,312,174,240,95,85,87,183,71,380,0,0,0,0,0,0,0,0,0,0,0,0,0,0,0,0,2170,0,0,0,0,0,0
2020-12-31T23:59:59+01:00,24,11,56,83,97,157,115,312,174,240,95,85,87,183,71,380,0,0,0,0,0,0,0,0,0,0,0,0,0,0,0,0,2170,0,0,0,0,0,0
2020-12-30T23:59:59+01:00,23,11,56,82,96,154,115,311,174,240,95,85,87,183,71,380,0,0,0,0,0,0,0,0,0,0,0,0,0,0,0,0,2163,0,0,0,0,0,0
2020-12-29T23:59:59+01:00,18,8,41,59,73,91,85,216,127,188,73,73,65,151,56,304,0,0,0,0,0,0,0,0,0,0,0,0,0,0,0,0,1628,0,0,0,0,0,0
2020-12-28T23:59:59+01:00,8,5,17,28,31,45,39,111,53,101,30,40,37,91,29,175,0,0,0,0,0,0,0,0,0,0,0,0,0,0,0,0,840,0,0,0,0,0,0
2020-12-27T23:59:59+01:00,2,2,4,5,7,11,10,23,6,22,5,7,6,25,3,48,0,0,0,0,0,0,0,0,0,0,0,0,0,0,0,0,186,0,0,0,0,0,0
