Datum,<15_m,<15_w,15-24_1_m,15-24_1_w,25-34_1_m,25-34_1_w,35-44_1_m,35-44_1_w,45-54_1_m,45-54_1_w,55-64_1_m,55-64_1_w,65-74_1_m,65-74_1_w,75-84_1_m,75-84_1_w,>84_1_m,>84_1_w,<24_2_m,<24_2_w,25-34_2_m,25-34_2_w,35-44_2_m,35-44_2_w,45-54_2_m,45-54_2_w,55-64_2_m,55-64_2_w,65-74_2_m,65-74_2_w,75-84_2_m,75-84_2_w,>84_2_m,>84_2_w,bp_1,bp_2,mo_1,mo_2,az_1,az_2,ja,unb_1,unb_2
2021-08-12T23:59:59+02:00,7194,6638,53024,50050,60428,55926,69879,70699,91382,93669,103448,102901,71788,78190,50588,62090,14198,24501,46475,44034,56002,51078,65678,66096,86935,88820,99075,98678,69684,75809,49260,60366,13842,23684,781859,731504,69014,66304,181540,173607,34161,19,39
2021-08-11T23:59:59+02:00,7130,6568,52861,49880,60300,55810,69796,70608,91277,93566,103351,102798,71728,78125,50558,62052,14192,24486,45802,43415,55627,50702,65424,65807,86647,88561,98747,98313,69548,75665,49203,60269,13831,23656,780698,727430,68993,66272,181531,173178,33845,19,39
2021-08-10T23:59:59+02:00,7055,6484,52667,49696,60165,55693,69694,70488,91155,93438,103231,102696,71677,78068,50528,62021,14184,24477,44847,42518,54965,50054,64939,65357,86191,88084,98263,97860,69353,75470,49111,60173,13811,23619,779363,721214,68984,66246,181525,172678,33526,19,39
2021-08-09T23:59:59+02:00,7013,6439,52560,49608,60092,55622,69640,70428,91088,93371,103166,102638,71635,78033,50522,62006,14180,24469,43845,41461,54259,49379,64470,64934,85750,87651,97755,97394,69173,75250,49032,60051,13786,23583,778825,714811,68916,66206,181514,172119,33236,19,39
2021-08-08T23:59:59+02:00,6968,6401,52496,49543,60051,55593,69607,70405,91036,93324,103114,102597,71614,78012,50508,61986,14174,24464,43793,41400,54196,49336,64416,64902,85685,87594,97693,97346,69149,75222,49013,60027,13778,23576,778551,714551,68911,66192,181500,172042,32912,19,39
2021-08-07T23:59:59+02:00,6931,6361,52387,49417,59983,55519,69551,70341,90966,93263,103063,102550,71597,77995,50498,61980,14174,24463,42833,40382,53641,48766,63985,64499,85317,87205,97376,97002,69006,75080,48957,59947,13761,23559,777777,708219,68906,66177,181500,172034,32837,19,37
2021-08-06T23:59:59+02:00,6891,6300,52249,49289,59908,55453,69485,70257,90890,93189,103005,102497,71574,77972,50487,61962,14172,24458,42161,39777,53397,48504,63763,64263,85088,86992,97149,96803,68924,74989,48915,59907,13755,23546,776913,704656,68903,66097,181499,171897,32704,19,37
2021-08-05T23:59:59+02:00,6786,6194,51997,49066,59741,55270,69345,70117,90735,93044,102870,102365,71515,77910,50461,61922,14159,24440,41343,39091,52890,48049,63400,63921,84642,86597,96542,96292,68741,74810,48850,59809,13737,23515,775325,700198,68852,66053,181470,170775,32271,19,37
2021-08-04T23:59:59+02:00,6699,6110,51802,48842,59595,55094,69238,69968,90603,92929,102752,102251,71455,77848,50435,61876,14148,24411,40504,38302,52521,47653,63087,63609,84276,86270,96133,95893,68578,74641,48775,59713,13722,23481,773940,695654,68811,66037,181458,169983,31828,19,37
2021-08-03T23:59:59+02:00,6625,6055,51634,48706,59473,54973,69147,69879,90505,92832,102658,102170,71404,77813,50415,61852,14140,24397,39517,37350,51732,46982,62548,63094,83761,85791,95428,95266,68339,74429,48684,59599,13701,23438,772919,689463,68802,66018,181451,168808,31487,19,37
2021-08-02T23:59:59+02:00,6576,6012,51501,48568,59383,54894,69065,69811,90453,92762,102583,102109,71367,77771,50395,61831,14133,24384,38241,36177,50768,46176,61841,62521,83160,85228,94633,94570,68088,74174,48598,59468,13682,23400,772234,681858,68754,65975,181424,167497,31167,19,37
2021-08-01T23:59:59+02:00,6534,5960,51330,48408,59241,54785,68973,69698,90346,92671,102496,102018,71328,77734,50374,61790,14129,24368,38061,36042,50618,46086,61715,62429,82981,85089,94185,94168,67973,74066,48560,59419,13672,23380,771197,681231,68726,65920,181406,166186,30835,19,37
2021-07-31T23:59:59+02:00,6491,5927,51235,48289,59186,54715,68925,69656,90306,92642,102470,101994,71317,77722,50366,61787,14129,24365,36458,34538,49716,45225,61180,61867,82476,84576,93704,93740,67784,73862,48482,59324,13654,23347,770595,672115,68722,65914,181406,166071,30780,19,37
2021-07-30T23:59:59+02:00,6456,5874,51084,48153,59106,54633,68855,69599,90234,92563,102415,101956,71299,77699,50357,61764,14126,24361,34994,33127,48743,44276,60456,61180,81794,83961,93024,93166,67554,73630,48378,59174,13635,23316,769841,662614,68698,65903,181400,165770,30576,19,37
2021-07-29T23:59:59+02:00,6341,5754,50653,47787,58894,54365,68664,69409,90045,92379,102256,101820,71223,77617,50325,61710,14111,24343,34270,32514,48124,43834,60059,60838,81373,83612,92263,92495,67361,73476,48316,59088,13615,23287,767536,658803,68646,65767,181358,164138,30137,19,37
2021-07-28T23:59:59+02:00,6269,5691,50398,47591,58762,54217,68542,69316,89921,92258,102151,101727,71166,77560,50301,61672,14102,24326,33943,32219,47813,43604,59837,60628,81200,83451,92028,92299,67287,73411,48287,59054,13602,23277,766236,657148,68616,65680,181331,163622,29768,19,37
2021-07-27T23:59:59+02:00,6218,5645,50241,47454,58632,54126,68450,69232,89825,92149,102045,101654,71125,77507,50272,61639,14095,24313,32484,30810,46543,42510,59007,59843,80602,82930,91014,91457,67012,73128,48200,58928,13572,23236,765375,648506,68592,65614,181307,161844,29329,19,37
2021-07-26T23:59:59+02:00,6195,5616,50121,47365,58533,54043,68375,69179,89738,92090,101981,101605,71088,77472,50248,61619,14090,24304,31116,29547,45223,41388,57907,58858,79903,82299,89849,90435,66707,72857,48110,58813,13550,23194,764847,639448,68526,65524,181269,159552,29001,19,37
2021-07-25T23:59:59+02:00,6177,5598,50007,47258,58447,53977,68315,69123,89674,92036,101924,101559,71055,77436,50231,61596,14087,24294,30908,29388,44962,41193,57655,58635,79633,82096,88892,89584,66501,72684,48043,58740,13539,23170,764445,638289,68515,65412,181246,157097,28569,19,37
2021-07-24T23:59:59+02:00,6146,5571,49893,47170,58386,53917,68270,69071,89629,91996,101887,101520,71051,77430,50228,61593,14086,24291,29297,27787,43800,40104,56961,57924,79018,81524,88252,89021,66322,72492,47972,58639,13525,23147,763873,628198,68507,65402,181243,156958,28493,19,37
2021-07-23T23:59:59+02:00,6062,5484,49716,46997,58293,53814,68163,68970,89525,91895,101797,101428,71015,77374,50208,61562,14082,24285,27600,26253,42540,39024,56037,57038,78331,80912,87546,88358,66051,72220,47894,58538,13504,23117,762515,617651,68503,65242,181224,156490,28409,19,37
2021-07-22T23:59:59+02:00,5924,5370,49422,46716,58095,53617,67992,68804,89342,91744,101645,101297,70950,77293,50168,61510,14071,24266,26780,25421,41621,38213,55095,56213,77589,80286,85877,86857,65680,71821,47786,58406,13473,23065,760606,609164,68461,64748,181193,155015,27947,19,37
2021-07-21T23:59:59+02:00,5648,5087,48886,46191,57788,53305,67762,68529,89066,91496,101377,101030,70824,77162,50110,61446,14062,24240,26526,25199,41200,37934,54661,55831,77223,80006,85071,86251,65514,71692,47731,58340,13455,23040,757007,607212,68437,64480,181172,153241,27374,19,37
2021-07-20T23:59:59+02:00,5571,5014,48602,45915,57620,53101,67590,68385,88888,91344,101214,100886,70749,77097,50071,61400,14053,24215,25359,24051,39906,36902,53329,54633,76323,79236,83714,84911,65212,71350,47626,58203,13427,22995,755344,596851,68432,64336,181131,151660,26789,19,37
2021-07-19T23:59:59+02:00,5493,4930,48276,45589,57405,52892,67425,68185,88703,91169,101066,100725,70673,77015,50031,61350,14044,24186,24530,23212,38604,35781,51601,53137,75063,78190,82606,83931,64925,71095,47535,58085,13403,22956,753557,586847,68424,64192,181103,149879,26054,19,37
2021-07-18T23:59:59+02:00,5486,4929,48210,45538,57317,52820,67362,68120,88622,91106,100996,100660,70641,76974,50005,61317,14042,24174,24395,23109,38345,35569,51277,52856,74819,77999,81708,83169,64740,70918,47479,58012,13398,22934,753301,585801,68401,64032,181064,147658,25534,19,37
2021-07-17T23:59:59+02:00,5461,4893,48116,45464,57247,52758,67302,68066,88567,91048,100953,100641,70634,76959,50000,61313,14042,24173,23003,21640,36949,34270,50031,51667,74220,77446,81077,82574,64612,70770,47413,57951,13389,22914,752767,574922,68399,64008,181061,147521,25391,19,37
2021-07-16T23:59:59+02:00,5358,4815,47873,45234,57125,52652,67187,67955,88430,90954,100850,100540,70591,76911,49978,61294,14036,24166,21742,20390,35647,33022,48579,50346,73217,76518,80376,81917,64393,70550,47333,57854,13370,22881,751339,563284,68399,63949,181055,147319,25137,19,37
2021-07-15T23:59:59+02:00,5217,4688,47480,44915,56919,52454,66996,67773,88218,90757,100664,100373,70494,76810,49931,61220,14026,24137,21134,19888,34721,32327,47349,49410,72047,75610,78225,79791,63796,69956,47191,57678,13351,22819,749300,553983,68382,62926,181010,145475,24361,19,37
2021-07-14T23:59:59+02:00,4845,4360,46887,44340,56688,52189,66794,67571,88006,90516,100447,100176,70387,76700,49866,61137,14015,24113,20932,19742,34466,32174,46984,49112,71520,75224,77561,79258,63475,69681,47110,57594,13330,22784,745852,552209,68368,62745,180959,143575,23839,19,37
2021-07-13T23:59:59+02:00,4758,4282,46691,44187,56525,52043,66633,67428,87854,90395,100311,100058,70316,76639,49828,61092,14011,24098,20366,19210,33442,31364,45377,47662,69771,73572,75965,77711,63101,69290,46982,57426,13301,22733,744544,541338,68353,61979,180891,141963,23342,19,37
2021-07-12T23:59:59+02:00,4693,4206,46509,43997,56375,51903,66479,67304,87682,90257,100157,99922,70241,76557,49791,61041,14004,24080,19890,18774,32653,30741,43718,46212,67402,71498,74078,76212,62572,68706,46840,57264,13273,22683,743297,530255,68332,61421,180796,139390,22755,18,37
2021-07-11T23:59:59+02:00,4688,4202,46437,43945,56318,51853,66430,67269,87623,90208,100085,99863,70204,76515,49781,61026,14002,24066,19685,18627,32315,30495,43276,45840,66945,71141,73300,75517,62175,68330,46770,57175,13258,22650,743160,528493,68324,61099,180733,136920,22280,18,37
2021-07-10T23:59:59+02:00,4561,4066,46153,43635,56133,51658,66283,67096,87492,90069,99986,99758,70148,76457,49760,61000,13999,24057,19124,18071,31368,29630,41529,44259,65471,69867,72668,74902,62011,68181,46717,57123,13251,22636,741068,517897,68320,61083,180722,136876,22183,18,37
2021-07-09T23:59:59+02:00,4434,3952,45880,43383,55965,51469,66128,66938,87341,89908,99856,99655,70098,76384,49725,60959,13994,24045,18528,17497,30397,28673,39569,42329,63175,67746,71507,73762,61739,67857,46641,56997,13234,22611,739044,504199,68309,60701,180716,136470,22027,18,37
2021-07-08T23:59:59+02:00,4404,3927,45745,43274,55846,51352,65999,66837,87221,89787,99737,99557,70046,76331,49704,60921,13983,24032,17588,16690,29002,27637,37853,40881,61046,65930,68157,70618,60854,66888,46400,56657,13189,22516,738333,488963,68250,58639,180647,133892,21455,18,37
2021-07-07T23:59:59+02:00,4393,3922,45678,43231,55772,51309,65918,66797,87167,89748,99694,99506,70030,76309,49695,60903,13979,24022,16623,15833,27623,26628,36334,39653,59431,64477,64946,67157,59842,65851,46164,56338,13139,22443,738050,473694,68207,56740,180594,131755,21204,18,37
2021-07-06T23:59:59+02:00,4339,3875,45534,43106,55644,51169,65814,66688,87064,89660,99616,99423,69992,76251,49677,60875,13976,24008,15849,15088,26547,25718,34503,37950,56040,61463,62306,64711,59091,65064,45892,56004,13098,22340,736937,455855,68188,55926,180536,129632,21032,18,37
2021-07-05T23:59:59+02:00,4278,3831,45359,42934,55499,51074,65699,66580,86950,89568,99532,99330,69929,76187,49656,60848,13973,23993,15190,14458,25592,24904,33284,36822,52945,58495,59540,62252,58255,64257,45643,55693,13053,22263,735778,439807,68158,55569,180460,127159,20806,18,37
2021-07-04T23:59:59+02:00,4270,3825,45313,42908,55439,51048,65660,66559,86912,89537,99500,99302,69906,76167,49650,60833,13968,23983,14981,14253,25155,24555,32688,36296,52281,57971,58559,61388,57597,63628,45461,55491,13034,22216,735607,435732,68128,55365,180392,124480,20635,18,35
2021-07-03T23:59:59+02:00,4050,3649,44777,42343,55120,50678,65371,66285,86668,89280,99304,99103,69833,76095,49627,60787,13964,23972,14695,13933,24804,24204,31709,35378,50543,56422,57695,60651,57425,63433,45394,55406,13022,22191,731814,427166,68114,55351,180386,124438,20574,18,35
2021-07-02T23:59:59+02:00,3742,3363,44125,41751,54795,50348,65090,65986,86400,89031,99069,98879,69729,75983,49575,60718,13958,23955,14280,13495,24110,23612,30559,34327,47928,54273,55570,58868,57033,63009,45235,55251,13006,22153,727495,414760,68098,54306,180373,123708,20514,17,15
2021-07-01T23:59:59+02:00,3604,3254,43773,41399,54594,50177,64937,65827,86250,88895,98919,98763,69662,75915,49545,60684,13950,23940,13589,12800,22818,22529,28889,32812,45922,52529,53079,56596,55613,61442,44740,54635,12933,22025,725386,401240,68037,51996,180324,119890,20324,17,15
2021-06-30T23:59:59+02:00,3593,3238,43504,41202,54413,50052,64825,65740,86164,88832,98851,98714,69635,75892,49533,60662,13946,23931,12833,12181,21649,21623,27298,31439,44079,50805,49450,52644,54285,60114,44384,54195,12877,21897,724273,385453,67993,50105,180304,116453,20140,17,15
2021-06-29T23:59:59+02:00,3376,3018,42590,40360,53808,49460,64393,65315,85758,88380,98505,98385,69508,75743,49476,60592,13927,23900,12232,11577,20852,20860,25954,30238,41461,48407,47585,51103,53317,59006,43977,53659,12783,21744,718300,373456,67941,48597,180290,113073,19946,17,15
2021-06-28T23:59:59+02:00,3159,2838,41625,39354,53151,48817,63936,64935,85375,87992,98172,98042,69370,75583,49411,60492,13909,23877,11731,11129,20201,20271,24996,29343,39370,46468,45962,49744,52213,57961,43615,53155,12704,21624,712145,363993,67835,47578,180281,109398,19760,17,15
2021-06-27T23:59:59+02:00,3154,2835,41591,39322,53109,48786,63901,64903,85323,87957,98122,98015,69353,75572,49402,60478,13904,23874,11537,10936,19877,19954,24421,28788,38349,45622,44807,48653,51188,56954,43182,52650,12622,21488,711952,359424,67810,47139,180246,105096,19576,17,15
2021-06-26T23:59:59+02:00,2672,2361,40191,37950,52374,48036,63347,64340,84837,87442,97700,97583,69162,75396,49329,60374,13885,23851,11423,10837,19708,19804,24225,28573,37874,45186,44442,48305,51075,56811,43136,52602,12617,21473,703215,356501,67786,47133,180246,105078,19566,17,15
2021-06-25T23:59:59+02:00,2265,2028,39336,37129,52023,47673,63018,64016,84556,87130,97449,97317,69058,75283,49283,60313,13870,23829,11119,10527,19326,19381,23706,27957,35181,42888,42263,46393,50737,56433,43037,52473,12593,21443,698134,344949,67652,46688,180240,104433,19533,17,15
2021-06-24T23:59:59+02:00,2211,1978,38847,36671,51675,47343,62805,63814,84324,86939,97265,97165,68977,75218,49248,60268,13864,23813,10519,9943,18265,18513,22287,26711,33082,41056,39834,44103,49260,54795,42468,51774,12476,21240,695212,332111,67630,44085,180218,100893,19348,17,15
2021-06-23T23:59:59+02:00,2199,1955,38619,36436,51513,47181,62701,63712,84230,86847,97193,97082,68946,75187,49231,60246,13861,23803,10064,9514,17638,17967,21353,25864,31155,39436,35879,39659,47970,53436,42083,51270,12395,21074,694009,316647,67603,43466,180204,97593,19109,17,15
2021-06-22T23:59:59+02:00,2122,1893,37632,35496,50769,46509,62224,63273,83857,86440,96830,96771,68799,75048,49165,60166,13848,23770,9589,9070,16774,17284,20135,24793,28037,36668,33579,37790,47018,52468,41674,50713,12255,20840,687886,304503,67563,40729,180195,94525,18951,17,15
2021-06-21T23:59:59+02:00,1976,1754,36272,34259,49750,45632,61505,62614,83362,85969,96392,96369,68629,74877,49100,60071,13836,23736,9277,8775,16317,16921,19507,24311,26300,35113,32053,36501,45971,51391,41221,50166,12150,20649,679907,297199,67539,40089,180179,90884,18461,17,15
2021-06-20T23:59:59+02:00,1965,1745,36188,34206,49613,45520,61373,62487,83285,85913,96325,96311,68595,74849,49085,60053,13836,23725,9130,8673,16103,16752,19190,24053,25483,34459,31116,35555,45776,51189,41190,50114,12141,20629,679301,293416,67504,39500,180162,90555,18090,17,15
2021-06-19T23:59:59+02:00,1599,1446,34569,32654,48704,44700,60884,61979,82816,85435,95917,95958,68445,74684,49020,59971,13821,23701,9088,8594,16003,16631,19073,23903,25378,34301,30989,35417,45681,51092,41172,50089,12137,20619,670569,292081,67491,39497,180156,90522,18070,17,14
2021-06-18T23:59:59+02:00,1404,1273,32915,31058,47491,43507,59948,61064,82015,84691,95299,95380,68226,74464,48930,59832,13805,23671,9013,8507,15847,16481,18889,23715,25129,34063,30705,35099,45390,50748,41087,50013,12124,20605,659414,289920,67366,39381,180155,90096,18021,17,14
2021-06-17T23:59:59+02:00,1328,1214,31982,30212,46620,42802,59145,60219,81277,84044,94890,95000,68088,74320,48888,59756,13790,23642,8475,8138,15161,15924,18066,22894,24027,32941,29227,33747,44066,49245,40602,49402,12005,20417,652480,280997,67255,38559,180122,87441,17343,17,14
2021-06-16T23:59:59+02:00,1245,1150,31287,29509,45824,42055,58227,59349,80502,83278,94471,94624,67951,74160,48831,59665,13771,23616,7984,7814,14548,15414,17301,22172,22896,31992,28055,32644,42180,47139,40060,48826,11897,20232,645426,271321,67139,37960,180106,85049,16827,17,14
2021-06-15T23:59:59+02:00,1103,1032,29397,27706,44070,40517,56646,57711,79116,81963,93718,93956,67664,73869,48721,59507,13738,23551,7807,7683,14247,15176,16940,21874,22381,31615,27532,32222,41245,46125,39680,48406,11774,20012,630459,268281,67096,37457,180071,82640,16342,17,14
2021-06-14T23:59:59+02:00,1011,919,27849,26227,42462,39000,54989,56063,78019,80858,93023,93330,67412,73629,48625,59384,13718,23507,7622,7508,13870,14846,16419,21438,21695,31036,26859,31629,40864,45705,39298,47958,11643,19807,617214,265631,67042,37048,180043,79808,15709,17,14
2021-06-13T23:59:59+02:00,987,894,27648,26044,42080,38671,54451,55544,77672,80555,92830,93139,67322,73549,48588,59328,13703,23482,7479,7338,13603,14554,16037,21046,21268,30548,26329,31131,40467,45303,38840,47394,11464,19522,614516,263557,66909,36982,180013,76751,15032,17,14
2021-06-12T23:59:59+02:00,858,779,26112,24439,40908,37586,53777,54809,77139,80059,92278,92615,67167,73371,48519,59251,13690,23461,7433,7287,13482,14445,15904,20937,21084,30401,26213,31035,40450,45287,38832,47384,11464,19521,604918,262783,66906,36980,180006,76424,14971,17,14
2021-06-11T23:59:59+02:00,744,670,24484,22902,39548,36393,52550,53602,76170,79207,91700,92040,66931,73137,48458,59143,13671,23426,7376,7198,13312,14264,15694,20746,20815,30147,25946,30781,40142,44911,38748,47270,11447,19493,593118,260909,66829,36835,179998,75731,14814,17,14
2021-06-10T23:59:59+02:00,644,583,23488,21888,38326,35210,50950,52102,74852,78017,90091,90497,66577,72743,48331,58971,13645,23372,7095,6974,12792,13829,15065,20180,20055,29397,25156,30109,39444,44051,38398,46856,11335,19310,580215,257480,66355,36803,179948,72010,13752,17,14
2021-06-09T23:59:59+02:00,574,534,23038,21497,37669,34689,49839,51065,73613,76822,89500,89993,66452,72600,48281,58886,13630,23342,6822,6662,12193,13227,14286,19374,19142,28378,24177,28954,36885,41153,37833,46213,11187,19070,573063,247212,65899,36729,179906,68476,13139,17,13
2021-06-08T23:59:59+02:00,468,423,21519,20019,36056,33322,47733,49109,71477,74889,88032,88517,66139,72214,48148,58727,13598,23298,6692,6486,11819,12863,13809,18890,18541,27779,23623,28423,36603,40901,37544,45847,11079,18914,555692,245578,65624,36655,179876,65101,12479,17,13
2021-06-07T23:59:59+02:00,353,330,20512,19033,34510,31982,45457,47085,69341,73012,87055,87666,65917,71950,48074,58591,13578,23263,6539,6323,11399,12516,13273,18414,17814,27193,22993,27827,36283,40596,37126,45367,10966,18718,540483,243601,65454,36591,179822,61222,11933,17,13
2021-06-06T23:59:59+02:00,330,309,20330,18888,34117,31699,44852,46521,68727,72531,86845,87499,65861,71891,48063,58564,13571,23251,6406,6154,11078,12104,12845,17844,17177,26383,22296,27023,35817,40124,36646,44815,10810,18450,537382,241166,65132,36543,179780,56725,11538,17,13
2021-06-05T23:59:59+02:00,258,244,19079,17605,32776,30481,43623,45344,68153,72012,86315,86989,65770,71789,48015,58515,13564,23239,6355,6075,10975,11951,12722,17674,17010,26178,22128,26842,35756,40045,36624,44791,10808,18445,527355,240582,65132,36129,179749,56150,11518,17,13
2021-06-04T23:59:59+02:00,177,175,17880,16450,31457,29185,42066,43847,66810,70695,85504,86238,65583,71576,47939,58425,13548,23211,6253,5933,10800,11745,12507,17422,16657,25795,21609,26405,34873,39197,36310,44492,10791,18422,514493,238760,65065,35804,179744,53199,11447,17,13
2021-06-03T23:59:59+02:00,122,122,17241,15874,30472,28360,40611,42561,65041,69165,83252,83955,65159,71124,47811,58263,13530,23173,6082,5726,10494,11394,12190,16962,16212,25138,21064,25826,34208,38409,36136,44290,10758,18372,500718,236445,64372,35419,179703,50370,11026,17,13
2021-06-02T23:59:59+02:00,93,79,16900,15566,30164,28100,39944,41940,63453,67775,82313,83156,65018,70961,47751,58180,13527,23158,5964,5631,10324,11240,11967,16751,15918,24835,20725,25434,30974,34794,35911,44067,10729,18318,493223,227781,64371,35093,179702,49941,10765,17,13
2021-06-01T23:59:59+02:00,38,44,16107,14895,28672,27012,37592,39886,59899,64599,79887,80842,64668,70596,47623,57994,13493,23103,5688,5346,9808,10808,11435,16159,15256,24048,19989,24680,30629,34497,35713,43887,10701,18256,474927,226306,62817,34594,179634,46444,9555,17,12
2021-05-31T23:59:59+02:00,30,36,15537,14417,27738,26317,35628,38221,56461,61574,77857,79137,64334,70240,47479,57819,13460,23050,5526,5131,9400,10446,11008,15682,14722,23368,19364,23974,30343,34247,35531,43693,10665,18199,459153,225638,62106,34209,179567,42958,8492,17,12
2021-05-30T23:59:59+02:00,29,33,15391,14291,27459,26091,35176,37815,55750,60956,77537,78863,64274,70182,47454,57784,13456,23040,5423,4939,9073,10079,10598,15198,14275,22570,18838,23205,29666,33534,35305,43499,10643,18138,456185,225188,61673,34129,179521,37479,8185,17,12
2021-05-29T23:59:59+02:00,27,32,14994,13893,26606,25271,33415,36221,54269,59662,76948,78296,64123,70034,47401,57731,13449,23026,5389,4863,9011,9968,10509,15085,14169,22425,18708,23069,29636,33511,35299,43491,10642,18135,446044,224719,61641,34129,179516,36880,8180,17,12
2021-05-28T23:59:59+02:00,24,31,14583,13487,25787,24523,31564,34456,52098,57657,75892,77301,63918,69784,47349,57654,13439,23003,5304,4746,8838,9822,10358,14917,14011,22192,18501,22767,29567,33464,35282,43475,10641,18131,434064,224065,61171,34123,179428,35956,7870,17,12
2021-05-27T23:59:59+02:00,20,27,13957,13018,24723,23801,30319,33529,50493,56285,72796,74322,63480,69247,47214,57492,13415,22949,5190,4506,8510,9486,9960,14492,13573,21561,18000,22171,29348,33260,35173,43363,10619,18103,421923,223438,59218,34052,178804,32698,7125,17,12
2021-05-26T23:59:59+02:00,19,25,13468,12588,23811,23151,29403,32835,49405,55360,69839,71134,62868,68638,47079,57322,13385,22903,5104,4341,8255,9172,9663,14105,13217,20962,17565,21574,29157,33093,35075,43259,10593,18053,411109,222838,57043,33934,178307,29657,6757,17,12
2021-05-25T23:59:59+02:00,19,21,13124,12288,23234,22746,28353,31981,46810,53129,67575,69009,62517,68271,46966,57173,13367,22852,5021,4217,8047,8915,9409,13734,12904,20442,17187,21027,29000,32941,34991,43157,10567,17998,399273,222297,55978,33853,177685,26922,6482,17,12
2021-05-24T23:59:59+02:00,18,20,12825,12007,22734,22364,27737,31532,44190,50698,65122,66822,62210,67973,46856,57047,13334,22797,4949,4112,7797,8685,9093,13357,12577,19931,16802,20471,28858,32803,34917,43085,10545,17952,387627,221734,55496,33790,177021,24282,6125,17,12
2021-05-23T23:59:59+02:00,18,20,12764,11937,22639,22281,27657,31456,43934,50470,64537,66273,62131,67885,46831,57029,13332,22795,4929,4097,7760,8655,9035,13326,12499,19871,16728,20417,28849,32791,34914,43079,10545,17951,385428,221464,55416,33784,177009,24076,6119,17,12
2021-05-22T23:59:59+02:00,18,20,12540,11698,22318,21978,26654,30568,42101,48888,63683,65535,61970,67694,46765,56938,13322,22772,4913,4042,7733,8593,8994,13263,12469,19789,16700,20353,28839,32781,34910,43073,10544,17950,376943,221380,55405,33784,177004,23686,6093,17,12
2021-05-21T23:59:59+02:00,18,19,12235,11445,21748,21540,25846,29883,39715,46997,61713,63871,61709,67423,46681,56850,13307,22747,4894,4014,7679,8505,8927,13175,12391,19695,16627,20269,28823,32756,34903,43063,10542,17949,366550,221183,54347,33770,176813,23236,6020,17,12
2021-05-20T23:59:59+02:00,17,19,11614,10866,20630,20654,24707,28863,38211,45720,59374,61805,60891,66524,46482,56594,13273,22692,4613,3835,7279,8212,8488,12779,11938,19185,16211,19749,28702,32661,34852,43012,10538,17939,356088,220788,51996,33662,175537,20242,5298,17,12
2021-05-19T23:59:59+02:00,17,19,11175,10553,19843,20109,23861,28269,37311,45037,56149,58173,60200,65821,46373,56460,13251,22645,4460,3669,7024,7968,8211,12449,11610,18758,15842,19326,28604,32548,34810,42938,10528,17924,345658,220311,50383,33548,174400,17999,4808,17,12
2021-05-18T23:59:59+02:00,17,19,10842,10267,19270,19658,23220,27713,35913,43814,54743,57049,59831,65398,46244,56298,13226,22620,4352,3544,6778,7736,7954,12167,11378,18362,15497,18897,28521,32459,34780,42899,10524,17917,340307,220028,48545,33471,172919,15909,4354,17,12
2021-05-17T23:59:59+02:00,16,18,10622,10085,18838,19373,22791,27406,34713,42819,53438,56018,59584,65152,46181,56199,13210,22587,4280,3457,6570,7518,7703,11876,11122,17968,15189,18494,28431,32373,34756,42858,10518,17904,336249,219747,47559,33404,171403,14041,3822,17,12
2021-05-16T23:59:59+02:00,16,17,10432,9953,18544,19171,22456,27167,34077,42360,52200,54849,59390,64988,46145,56145,13199,22567,4212,3381,6352,7353,7411,11622,10856,17615,14896,18131,28367,32311,34740,42840,10511,17900,333820,219505,46683,33342,169780,12273,3376,17,11
2021-05-15T23:59:59+02:00,16,17,10334,9852,18393,19025,22288,27027,33692,41991,51806,54474,59274,64840,46097,56100,13196,22551,4171,3346,6268,7288,7317,11519,10754,17496,14788,18001,28273,32193,34649,42747,10507,17895,331429,218416,46682,33340,169645,12254,3200,17,11
2021-05-14T23:59:59+02:00,15,17,10050,9643,17960,18785,21889,26743,31337,40219,49660,52622,59057,64614,46049,56017,13180,22529,4041,3263,5982,7126,7009,11294,10406,17148,14443,17673,27700,31488,34529,42554,10489,17866,322288,215120,46629,33336,169032,12133,2420,17,11
2021-05-13T23:59:59+02:00,15,17,9588,9266,17167,18222,21017,26065,30218,39236,47419,50451,58211,63643,45840,55734,13141,22457,3537,3065,5645,6872,6697,10987,9999,16760,14068,17240,26805,30292,34107,42040,10458,17804,313801,210539,44766,32784,167013,10939,2112,15,11
2021-05-12T23:59:59+02:00,15,17,9295,9075,16734,17966,20548,25780,29690,38850,44420,46812,57637,63003,45756,55622,13123,22432,3396,2977,5416,6761,6419,10842,9717,16552,13830,16977,26161,29475,33943,41845,10432,17770,304643,207523,43942,32761,166721,10771,1456,13,11
2021-05-11T23:59:59+02:00,15,15,8853,8791,15962,17451,19688,25164,27949,37405,42489,45311,57259,62556,45671,55487,13103,22404,3276,2846,5186,6419,6118,10428,9355,15992,13392,16421,24737,27809,33435,41223,10381,17685,299155,201565,40884,32578,164234,9272,1287,13,10
2021-05-10T23:59:59+02:00,15,14,8591,8638,15449,17201,19059,24848,26958,36723,41032,44166,57000,62284,45592,55384,13082,22375,3166,2718,4955,6188,5862,10103,9027,15516,13029,16003,23690,26480,32949,40637,10346,17627,295890,196920,39977,32552,161559,7851,973,12,8
2021-05-09T23:59:59+02:00,15,14,8432,8554,15141,17018,18682,24598,26290,36298,39251,42507,56704,62006,45539,55326,13074,22357,3046,2664,4775,6051,5693,9930,8831,15311,12861,15829,23416,26148,32805,40462,10336,17612,292938,195728,39605,32511,158552,6832,699,12,8
2021-05-08T23:59:59+02:00,15,14,8358,8479,14964,16873,18473,24401,26064,36060,39020,42318,56577,61857,45503,55289,13071,22347,3039,2646,4742,6015,5650,9884,8754,15247,12775,15759,23048,25722,32522,40151,10328,17596,291389,194542,39152,31807,158431,6830,699,12,8
2021-05-07T23:59:59+02:00,14,13,8184,8381,14641,16693,18092,24169,25643,35775,38571,41940,56304,61505,45454,55243,13066,22337,2735,2512,4392,5830,5381,9623,8442,14937,12383,15363,21956,24351,31878,39322,10300,17546,288878,191101,38725,30314,158105,5231,305,12,8
2021-05-06T23:59:59+02:00,13,13,7531,8019,13747,16095,17041,23323,24305,34665,36424,40279,55177,60185,45212,54938,13031,22271,2608,2399,4219,5634,5172,9313,8099,14495,11951,14909,20651,22672,31027,38318,10249,17435,278254,185494,37447,29357,156288,4032,268,12,8
2021-05-05T23:59:59+02:00,11,13,6992,7712,12963,15544,16017,22559,22925,33641,34603,38794,53341,58151,44896,54593,12998,22205,2518,2339,4045,5476,4984,9101,7754,14156,11586,14553,19265,20892,29839,36906,10209,17333,266822,179384,36532,28189,154503,3294,89,12,8
2021-05-04T23:59:59+02:00,11,12,6803,7617,12606,15374,15534,22288,22284,33296,33642,38100,52486,57191,44775,54467,12980,22164,2462,2268,3892,5306,4810,8845,7416,13748,11159,14093,17616,18970,28748,35579,10115,17213,263071,172584,35667,27260,152846,2361,35,11,8
2021-05-03T23:59:59+02:00,11,12,6656,7470,12231,15158,15029,21979,21576,32892,32493,37211,52188,56875,44679,54360,12965,22132,2403,2197,3799,5126,4671,8610,7200,13399,10838,13685,16415,17478,27871,34481,10051,17106,259789,167030,35208,26909,150884,1366,25,11,8
2021-05-02T23:59:59+02:00,11,12,6576,7380,12022,14986,14735,21746,21101,32572,31343,36265,51905,56584,44617,54270,12949,22101,2390,2190,3778,5094,4642,8574,7134,13328,10756,13596,16104,17085,27575,34176,10039,17094,257366,165473,35138,26799,148636,1261,24,11,6
2021-05-01T23:59:59+02:00,11,12,6558,7355,11960,14941,14658,21687,21002,32499,31216,36173,51899,56568,44613,54269,12947,22099,2387,2181,3755,5077,4600,8549,7097,13291,10696,13541,15906,16862,27459,34039,10036,17084,256809,164507,35138,26772,148485,1259,24,11,6
2021-04-30T23:59:59+02:00,11,12,6521,7317,11870,14852,14553,21571,20807,32313,30978,35983,51627,56209,44568,54215,12942,22087,2358,2160,3693,5015,4506,8441,6946,13106,10421,13277,15098,15837,26592,32968,9995,16996,255039,161311,35096,24889,148267,1188,23,11,6
2021-04-29T23:59:59+02:00,11,12,6317,7194,11550,14665,14201,21335,20289,32027,30224,35493,50979,55384,44477,54101,12918,22012,2321,2114,3601,4926,4381,8305,6752,12889,10147,12992,14127,14605,25289,31426,9934,16904,251881,155622,35003,24143,146272,928,22,11,6
2021-04-28T23:59:59+02:00,11,12,6050,7029,11174,14333,13713,20871,19653,31423,29058,34366,48318,52393,44186,53777,12855,21934,2282,2074,3532,4866,4266,8190,6592,12705,9902,12773,12988,13128,23803,29551,9873,16801,241977,149669,34877,22940,144281,709,10,11,6
2021-04-27T23:59:59+02:00,11,12,5948,6937,11025,14213,13513,20710,19375,31213,28498,33981,48112,52173,44130,53727,12847,21912,2240,2040,3441,4772,4173,8081,6427,12521,9624,12497,11780,11567,22152,27398,9797,16656,240616,142870,34830,21756,142870,532,10,11,6
2021-04-26T23:59:59+02:00,11,12,5900,6893,10908,14148,13353,20589,19147,31003,27668,33412,47775,51808,44078,53663,12838,21883,2217,2012,3388,4729,4111,8012,6326,12389,9437,12322,10865,10410,20874,25651,9739,16570,239900,137606,34806,21018,140362,422,10,11,4
2021-04-25T23:59:59+02:00,11,12,5854,6846,10805,14053,13193,20436,18903,30720,26909,32675,47278,51296,43995,53564,12824,21864,2190,2001,3358,4710,4093,7993,6293,12349,9380,12262,10704,10218,20632,25328,9729,16556,238206,136752,34765,20675,138246,363,10,11,4
2021-04-24T23:59:59+02:00,11,12,5833,6798,10730,13969,13097,20295,18772,30546,26747,32497,47178,51173,43902,53470,12820,21859,2183,1991,3334,4683,4054,7947,6221,12276,9250,12145,10547,10037,20500,25197,9713,16538,236748,136230,34749,20035,138191,345,10,11,4
2021-04-23T23:59:59+02:00,11,12,5769,6706,10600,13770,12899,20043,18465,30172,26355,32136,46234,50040,43748,53225,12798,21827,2165,1970,3292,4648,4006,7892,6127,12187,9085,12017,10280,9739,20176,24778,9664,16458,232366,135108,34693,19036,137730,334,10,11,4
2021-04-22T23:59:59+02:00,11,12,5666,6591,10392,13575,12549,19712,17957,29700,25727,31544,44504,47888,43176,52495,12752,21726,2151,1959,3252,4596,3930,7818,5999,12087,8827,11852,9850,9332,19724,24189,9614,16380,226130,132992,34583,18259,135243,302,10,11,4
2021-04-21T23:59:59+02:00,11,11,5570,6453,10163,13373,12221,19399,17455,29206,25012,30816,40235,43028,42701,51960,12686,21622,2139,1950,3217,4560,3875,7760,5921,11994,8652,11692,9521,8949,19224,23599,9555,16285,214042,131352,34517,17255,133342,279,10,11,4
2021-04-20T23:59:59+02:00,11,11,5490,6363,9970,13158,11947,19136,17035,28798,24460,30255,38480,41018,42049,51185,12616,21484,2114,1937,3178,4534,3809,7715,5790,11898,8481,11564,9238,8629,18755,22935,9458,16144,207834,129993,34427,15954,131185,225,10,10,4
2021-04-19T23:59:59+02:00,11,10,5410,6285,9811,13031,11746,18931,16673,28417,23918,29787,36926,39228,41461,50459,12560,21395,2098,1919,3143,4500,3769,7671,5751,11828,8398,11473,9002,8346,18352,22369,9412,16054,202816,128308,34371,15565,128854,205,10,8,4
2021-04-18T23:59:59+02:00,11,9,5348,6234,9681,12948,11548,18794,16395,28219,23515,29476,35621,37866,41113,50053,12528,21333,2086,1903,3114,4478,3743,7655,5706,11782,8347,11424,8902,8255,18199,22181,9399,16031,201284,127821,34332,15177,125058,200,10,8,4
2021-04-17T23:59:59+02:00,11,9,5342,6218,9646,12917,11503,18754,16318,28153,23451,29418,35312,37528,41006,49956,12522,21322,2076,1895,3087,4466,3685,7610,5635,11731,8261,11373,8792,8146,18096,22065,9378,16018,200059,127022,34323,15087,124986,198,10,8,4
2021-04-16T23:59:59+02:00,11,9,5279,6179,9557,12857,11370,18644,16109,27994,23107,29073,34234,36270,40599,49436,12502,21289,1943,1807,2861,4288,3328,7295,4873,11204,6782,10288,6309,6117,16301,20391,9188,15721,195925,117788,34239,10705,124337,196,10,8,4
2021-04-15T23:59:59+02:00,11,9,5212,6088,9357,12687,11074,18396,15613,27601,22417,28475,32336,33952,39558,48227,12426,21125,1898,1775,2796,4224,3211,7176,4655,11024,6407,9977,5850,5719,15710,19707,9002,15392,190111,114672,34188,9655,120247,189,10,8,4
2021-04-14T23:59:59+02:00,11,8,5151,6042,9189,12558,10855,18219,15212,27288,21771,27995,30413,31702,38342,46811,12352,20940,1817,1720,2713,4158,3102,7084,4451,10858,6102,9726,5369,5306,15126,19019,8800,15044,183747,112057,34051,8198,117043,133,10,8,4
2021-04-13T23:59:59+02:00,11,8,5103,5988,9052,12428,10676,18050,14871,27014,21249,27530,28316,29255,37085,45219,12212,20736,1772,1704,2675,4115,3047,7023,4320,10717,5832,9516,5029,5001,14679,18570,8668,14844,176873,110640,33987,6829,113925,36,10,8,4
2021-04-12T23:59:59+02:00,10,8,5042,5940,8943,12291,10473,17902,14551,26734,20708,27074,26278,26987,35929,43755,12085,20539,1738,1661,2646,4096,3021,6970,4260,10650,5728,9416,4869,4857,14381,18201,8557,14645,171165,109804,33912,5851,110154,34,10,8,4
2021-04-11T23:59:59+02:00,10,8,5003,5897,8852,12212,10315,17801,14288,26556,20285,26750,25080,25701,35224,42971,11997,20392,1729,1655,2625,4076,2999,6945,4227,10604,5642,9349,4778,4803,14266,18079,8519,14594,169385,109607,33842,5247,106097,29,10,8,4
2021-04-10T23:59:59+02:00,10,8,4992,5883,8811,12186,10260,17766,14220,26507,20189,26670,24766,25327,34881,42552,11990,20371,1724,1650,2616,4067,2985,6929,4198,10575,5585,9310,4700,4724,14140,17917,8473,14510,168174,108820,33122,5247,106075,29,10,8,4
2021-04-09T23:59:59+02:00,10,8,4945,5852,8726,12108,10138,17643,14052,26331,19929,26429,23935,24176,33930,41348,11957,20298,1696,1620,2562,4032,2913,6867,4047,10462,5334,9085,4282,4351,13579,17205,8247,14145,164825,105154,31613,5239,105362,29,7,8,4
2021-04-08T23:59:59+02:00,10,8,4868,5787,8579,11997,9924,17467,13656,26018,19326,25961,22234,22198,32249,39385,11811,20064,1666,1604,2508,3985,2832,6780,3899,10324,5041,8820,3830,3927,12594,15962,7777,13387,159084,100189,30708,4718,101735,24,7,8,4
2021-04-07T23:59:59+02:00,10,7,4821,5735,8398,11921,9696,17318,13336,25791,18858,25602,20423,20086,30494,37128,11696,19853,1633,1588,2454,3933,2771,6700,3790,10178,4853,8630,3569,3638,11911,15156,7408,12842,153050,96888,29534,4148,98574,13,7,8,4
2021-04-06T23:59:59+02:00,10,7,4774,5690,8254,11809,9535,17153,13019,25525,18341,25217,18572,18025,28579,34641,11501,19511,1599,1569,2431,3907,2738,6663,3725,10134,4772,8541,3462,3515,11435,14511,7128,12436,146228,94590,28578,3959,95342,12,7,8,4
2021-04-05T23:59:59+02:00,10,7,4743,5648,8158,11720,9397,17053,12808,25314,17941,24870,16846,16091,26954,32497,11357,19289,1579,1558,2401,3888,2709,6615,3682,10075,4687,8426,3352,3408,11097,14143,6972,12157,140822,93202,28143,3530,91725,12,7,6,4
2021-04-04T23:59:59+02:00,10,7,4735,5642,8150,11709,9384,17040,12783,25294,17913,24845,16714,15917,26758,32250,11348,19276,1578,1557,2399,3885,2707,6612,3680,10072,4683,8423,3342,3395,11086,14131,6970,12149,140102,93123,28051,3530,91612,12,6,4,4
2021-04-03T23:59:59+02:00,10,7,4731,5634,8136,11701,9364,17020,12744,25263,17835,24783,16634,15828,26713,32193,11343,19269,1575,1555,2390,3877,2689,6598,3656,10044,4601,8368,3224,3280,11004,14057,6964,12139,139575,92475,28023,3530,91600,12,6,4,4
2021-04-02T23:59:59+02:00,10,7,4705,5614,8079,11647,9301,16952,12605,25157,17601,24583,16183,15351,26238,31621,11311,19216,1573,1546,2377,3871,2682,6582,3635,10012,4532,8275,3155,3212,10767,13758,6812,11938,138374,91185,26615,3526,91182,12,6,4,4
2021-04-01T23:59:59+02:00,9,7,4662,5553,7967,11506,9170,16792,12332,24872,17156,24184,15435,14626,25483,30663,11186,19035,1556,1524,2346,3839,2660,6552,3595,9973,4463,8210,3044,3084,9839,12644,6203,11092,136144,87190,25951,3422,88535,10,4,4,4
2021-03-31T23:59:59+02:00,9,7,4453,5473,7857,11384,9030,16627,12114,24596,16805,23819,14739,13864,24651,29656,11081,18843,1547,1519,2332,3819,2634,6524,3547,9924,4392,8139,2954,2994,9269,11949,5840,10597,134351,84772,24497,3196,86152,10,4,4,4
2021-03-30T23:59:59+02:00,9,7,4422,5420,7785,11257,8944,16469,11952,24406,16528,23510,14147,13222,23895,28679,10944,18602,1533,1509,2312,3794,2608,6495,3507,9859,4324,8068,2830,2849,8687,11296,5490,10111,132878,82465,23287,2799,84025,6,4,4,4
2021-03-29T23:59:59+02:00,9,7,4381,5362,7685,11145,8837,16307,11794,24134,16202,23164,13606,12625,23136,27708,10791,18357,1515,1496,2293,3778,2587,6466,3472,9803,4260,7993,2777,2781,8400,10911,5300,9802,131044,81086,22537,2540,81661,6,4,4,4
2021-03-28T23:59:59+02:00,9,7,4347,5277,7600,11037,8760,16155,11659,23904,15944,22891,13282,12316,22570,27018,10617,18078,1506,1491,2271,3764,2573,6437,3432,9753,4222,7936,2729,2730,8322,10807,5257,9737,130545,80746,22018,2213,78900,6,4,4,4
2021-03-27T23:59:59+01:00,9,7,4333,5266,7574,11007,8694,16084,11559,23808,15802,22775,13076,12103,22370,26808,10582,18049,1505,1489,2268,3762,2572,6436,3419,9730,4211,7914,2719,2723,8266,10742,5223,9697,129665,80455,21375,2213,78858,6,4,4,4
2021-03-26T23:59:59+01:00,9,7,4290,5197,7465,10876,8519,15900,11227,23509,15193,22270,12161,11285,21588,25974,10441,17826,1500,1475,2263,3741,2559,6413,3402,9704,4170,7877,2689,2684,8089,10525,5106,9530,125644,79618,19778,2099,78307,6,4,4,4
2021-03-25T23:59:59+01:00,9,6,4231,5038,7304,10598,8276,15497,10844,22888,14555,21572,11492,10625,20723,24908,10129,17291,1480,1461,2231,3715,2524,6374,3365,9656,4100,7796,2555,2546,7115,9277,4501,8625,122383,75448,19005,1864,74591,6,3,4,4
2021-03-24T23:59:59+01:00,9,6,4155,4897,7166,10313,8062,15084,10582,22344,14087,20966,10890,10066,19793,23823,9806,16730,1459,1431,2205,3678,2479,6338,3323,9593,4022,7697,2456,2447,6472,8517,4120,8046,119798,72829,17820,1448,71156,5,1,4,4
2021-03-23T23:59:59+01:00,9,6,4115,4803,7059,10079,7909,14746,10325,21841,13687,20475,10426,9624,19074,22973,9496,16269,1447,1413,2179,3657,2458,6311,3262,9539,3930,7623,2363,2345,5746,7591,3675,7359,118342,69770,16718,1123,67852,5,0,4,4
2021-03-22T23:59:59+01:00,9,6,4063,4723,6932,9838,7750,14426,10069,21377,13338,19978,10035,9268,18511,22264,9309,15929,1438,1406,2170,3643,2446,6295,3239,9516,3900,7590,2302,2294,5294,6986,3328,6870,117461,67675,16321,1036,64039,5,0,4,4
2021-03-21T23:59:59+01:00,9,6,4016,4618,6800,9573,7582,14071,9846,20838,12997,19454,9715,8990,17982,21661,9119,15622,1435,1403,2169,3632,2443,6288,3233,9507,3890,7576,2288,2275,5177,6854,3270,6769,117266,67167,15927,1036,59702,5,0,4,4
2021-03-20T23:59:59+01:00,9,6,4005,4596,6765,9519,7524,14000,9762,20733,12893,19365,9628,8896,17847,21488,9069,15535,1432,1399,2165,3629,2438,6283,3220,9497,3871,7566,2253,2243,4854,6481,3086,6528,116446,65903,15832,1036,59358,5,0,4,4
2021-03-19T23:59:59+01:00,8,6,3830,4455,6475,9267,7083,13577,8850,20003,11167,18038,6783,6557,15618,19293,8717,14974,1428,1395,2160,3623,2426,6270,3208,9473,3821,7520,2186,2202,4485,6009,2824,6213,107187,64233,11131,1004,56379,5,0,4,4
2021-03-18T23:59:59+01:00,8,5,3725,4322,6298,8958,6818,13137,8459,19347,10528,17301,6075,5904,14405,17826,8210,14160,1424,1389,2136,3596,2408,6234,3179,9430,3780,7485,2140,2168,4066,5481,2543,5804,102091,62362,10128,896,53263,4,0,4,4
2021-03-17T23:59:59+01:00,8,5,3648,4248,6166,8814,6651,12959,8165,19037,10128,16909,5670,5521,13589,16896,7817,13585,1414,1377,2120,3577,2378,6201,3148,9401,3743,7449,2084,2109,3660,5035,2294,5421,98866,60644,8447,762,52499,4,0,4,4
2021-03-16T23:59:59+01:00,7,5,3570,4113,6014,8543,6445,12591,7851,18453,9583,16253,5150,5068,12777,15934,7487,13095,1405,1368,2111,3560,2363,6187,3133,9381,3717,7423,2056,2073,3142,4396,1960,4915,96558,58428,7046,758,49331,3,0,4,4
2021-03-15T23:59:59+01:00,7,5,3523,3965,5828,8266,6227,12182,7577,17881,9147,15629,4836,4787,12124,15191,7224,12638,1405,1358,2095,3545,2343,6162,3115,9333,3693,7384,2020,2023,2780,3937,1676,4523,95068,56644,6076,744,45889,3,0,4,4
2021-03-14T23:59:59+01:00,7,5,3477,3833,5601,7937,5942,11738,7272,17162,8686,14877,4523,4515,11834,14935,7179,12539,1398,1352,2079,3516,2328,6112,3097,9275,3676,7345,2013,2012,2702,3830,1624,4439,94950,56245,5471,550,41637,2,0,4,4
2021-03-13T23:59:59+01:00,7,5,3461,3793,5562,7825,5883,11622,7190,17021,8543,14726,4371,4366,11742,14849,7173,12528,1398,1352,2079,3516,2327,6112,3096,9274,3675,7345,2010,2004,2650,3775,1590,4385,94262,56035,5471,550,40930,2,0,4,4
2021-03-12T23:59:59+01:00,7,5,3443,3721,5506,7689,5821,11475,7106,16797,8408,14493,4264,4270,11472,14526,7019,12313,1398,1352,2075,3510,2326,6104,3092,9268,3674,7339,2008,2002,2564,3665,1510,4299,92845,55633,5463,550,40023,2,0,4,4
2021-03-11T23:59:59+01:00,7,5,3365,3526,5298,7391,5590,11056,6768,16132,7976,13855,3929,3936,10401,13271,6372,11412,1393,1349,2065,3497,2307,6079,3069,9234,3650,7307,1979,1977,2326,3403,1360,4081,88678,54556,5046,517,36562,2,0,4,4
2021-03-10T23:59:59+01:00,7,5,3270,3408,5085,7121,5377,10700,6498,15586,7641,13310,3709,3709,9760,12479,5988,10879,1388,1338,2038,3459,2277,5989,3021,9113,3592,7189,1936,1901,2110,3166,1231,3893,86219,53356,4677,282,33632,2,0,4,4
2021-03-09T23:59:59+01:00,6,5,3196,3278,4930,6932,5183,10421,6269,15154,7343,12807,3526,3504,9132,11777,5616,10362,1381,1328,2002,3399,2246,5887,2960,8969,3525,7108,1907,1875,1836,2850,1063,3648,83956,51946,4423,35,31058,2,0,4,4
2021-03-08T23:59:59+01:00,6,5,3130,3119,4704,6667,4946,10068,6010,14643,6981,12219,3327,3312,8745,11334,5419,10050,1378,1309,1988,3321,2215,5794,2921,8823,3492,7015,1892,1853,1636,2619,945,3458,82489,50625,4062,33,28130,0,0,4,4
2021-03-07T23:59:59+01:00,6,5,3098,3060,4630,6555,4863,9955,5905,14480,6865,12074,3277,3270,8661,11229,5381,9983,1372,1304,1981,3309,2207,5767,2914,8784,3480,6996,1884,1841,1580,2552,893,3391,82139,50221,3897,33,27257,0,0,4,4
2021-03-06T23:59:59+01:00,6,5,3084,3002,4586,6465,4829,9892,5847,14366,6817,11965,3253,3247,8605,11163,5347,9940,1370,1291,1976,3295,2195,5740,2911,8756,3469,6977,1876,1817,1553,2528,888,3382,81823,49990,3897,33,26695,0,0,4,4
2021-03-05T23:59:59+01:00,6,5,3060,2909,4528,6356,4767,9793,5784,14215,6717,11812,3209,3192,8421,10933,5228,9768,1361,1258,1946,3240,2171,5633,2869,8622,3425,6839,1833,1772,1489,2457,866,3356,80925,49103,3889,33,25885,0,0,4,4
2021-03-04T23:59:59+01:00,4,5,3007,2716,4369,6117,4549,9483,5578,13795,6406,11423,3031,3016,7407,9644,4610,8856,1341,1208,1908,3117,2141,5450,2823,8345,3369,6607,1763,1682,1453,2408,862,3338,76785,47782,3619,32,23608,0,0,4,4
2021-03-03T23:59:59+01:00,3,5,2968,2644,4228,5926,4384,9215,5376,13418,6153,11003,2910,2886,6763,8875,4217,8254,1329,1170,1881,3045,2119,5339,2791,8168,3316,6449,1694,1638,1412,2338,842,3285,74077,46784,3390,32,21757,0,0,4,3
2021-03-02T23:59:59+01:00,3,5,2907,2555,4044,5710,4176,8942,5178,13043,5886,10629,2764,2729,5997,7911,3755,7549,1296,1127,1854,2973,2095,5200,2742,7896,3267,6251,1623,1578,1348,2259,822,3242,70920,45541,2944,32,19915,0,0,4,3
2021-03-01T23:59:59+01:00,3,4,2867,2493,3878,5559,3989,8722,4990,12721,5648,10242,2664,2615,5508,7257,3403,7044,1290,1091,1831,2872,2068,5007,2701,7646,3207,6015,1580,1542,1300,2200,796,3203,68772,44317,2645,32,18186,0,0,4,3
2021-02-28T23:59:59+01:00,3,4,2826,2444,3720,5441,3768,8532,4807,12471,5461,9937,2607,2543,5385,7101,3341,6943,1286,1086,1827,2858,2059,4983,2694,7610,3197,5998,1572,1535,1294,2191,794,3193,68295,44146,2427,31,16608,0,0,4,3
2021-02-27T23:59:59+01:00,3,3,2811,2379,3694,5361,3734,8463,4773,12381,5426,9863,2566,2509,5056,6714,3145,6693,1279,1078,1820,2846,2046,4948,2675,7545,3181,5942,1554,1526,1288,2180,791,3192,66989,43861,2427,30,16154,0,0,4,3
2021-02-26T23:59:59+01:00,3,3,2791,2338,3654,5277,3669,8361,4712,12273,5341,9775,2489,2456,4679,6233,2876,6370,1220,1028,1770,2737,1997,4767,2621,7271,3108,5731,1493,1475,1265,2158,777,3183,65199,42573,2302,29,15795,0,0,4,2
2021-02-25T23:59:59+01:00,3,3,2617,2229,3470,5096,3487,8138,4508,11987,5122,9501,2402,2391,4230,5681,2588,5949,1204,971,1739,2629,1944,4493,2550,6877,3013,5445,1449,1432,1245,2143,775,3174,63343,41059,1980,26,14075,0,0,4,1
2021-02-24T23:59:59+01:00,3,3,2462,2091,3280,4904,3339,7932,4311,11733,4903,9253,2265,2272,3777,5171,2331,5556,1189,942,1716,2543,1910,4354,2490,6620,2961,5239,1418,1401,1227,2123,771,3155,61580,40042,1511,18,12491,0,0,4,1
2021-02-23T23:59:59+01:00,3,3,2325,1953,3101,4676,3184,7701,4140,11460,4721,9007,2179,2178,3224,4506,1993,5044,1175,894,1685,2448,1871,4161,2422,6321,2863,4979,1360,1346,1198,2080,758,3130,59381,38678,1164,14,10849,0,0,4,1
2021-02-22T23:59:59+01:00,3,3,2285,1902,3016,4583,3114,7593,4046,11274,4614,8882,2129,2137,2860,4044,1707,4658,1163,835,1653,2322,1828,3915,2346,5927,2737,4681,1298,1291,1175,2047,752,3109,57710,37076,1080,4,10056,0,0,4,1
2021-02-21T23:59:59+01:00,3,3,2249,1870,2965,4514,3032,7479,3965,11128,4548,8765,2115,2114,2776,3930,1652,4570,1159,817,1636,2269,1803,3806,2313,5772,2674,4557,1266,1268,1165,2033,745,3096,57279,36376,1047,4,9348,0,0,4,1
2021-02-20T23:59:59+01:00,3,3,2238,1867,2943,4501,3016,7443,3939,11095,4527,8744,2112,2106,2722,3873,1617,4515,1159,814,1636,2267,1802,3797,2312,5767,2673,4553,1265,1265,1164,2030,744,3095,57064,36340,1046,4,9150,0,0,4,1
2021-02-19T23:59:59+01:00,2,3,2226,1854,2907,4449,2991,7355,3894,11013,4473,8681,2104,2100,2634,3760,1537,4422,1107,805,1597,2259,1792,3788,2302,5746,2664,4541,1259,1254,1153,2025,739,3088,56652,36116,1015,4,8734,0,0,4,1
2021-02-18T23:59:59+01:00,2,3,2094,1758,2750,4264,2867,7156,3757,10726,4333,8478,2072,2066,2394,3494,1385,4200,1028,770,1522,2161,1743,3665,2230,5588,2608,4454,1245,1234,1148,2011,729,3070,55595,35203,948,4,7252,0,0,4,1
2021-02-17T23:59:59+01:00,2,3,2050,1709,2658,4131,2758,6942,3604,10385,4192,8236,2015,1983,2175,3265,1261,4013,874,707,1413,2035,1668,3475,2136,5364,2535,4283,1211,1189,1123,1966,714,3030,54534,33721,803,3,6041,0,0,4,1
2021-02-16T23:59:59+01:00,2,3,1877,1596,2484,3924,2619,6667,3443,10031,4016,7929,1971,1956,1900,2946,1091,3761,847,685,1341,1960,1600,3333,2042,5192,2438,4152,1150,1142,1065,1876,682,2937,53208,32441,767,2,4237,0,0,4,1
2021-02-15T23:59:59+01:00,2,3,1842,1540,2396,3755,2541,6394,3320,9664,3901,7660,1945,1928,1685,2708,970,3575,829,672,1312,1914,1559,3265,1987,5020,2375,4052,1085,1102,1001,1786,663,2844,52114,31466,754,1,2957,0,0,4,1
2021-02-14T23:59:59+01:00,2,3,1752,1509,2351,3693,2499,6304,3250,9561,3855,7582,1934,1918,1628,2649,920,3516,814,662,1295,1889,1532,3242,1953,4979,2350,3997,1075,1093,994,1776,660,2832,51781,31143,725,1,2416,0,0,4,1
2021-02-13T23:59:59+01:00,2,3,1751,1497,2341,3686,2493,6290,3246,9545,3848,7572,1926,1898,1605,2629,917,3506,814,662,1295,1889,1532,3242,1953,4979,2350,3997,1075,1093,994,1776,660,2832,51627,31143,725,1,2399,0,0,4,1
2021-02-12T23:59:59+01:00,2,3,1671,1411,2242,3574,2413,6116,3141,9307,3726,7307,1879,1841,1542,2557,894,3479,808,655,1283,1867,1517,3223,1945,4948,2334,3977,1070,1088,993,1757,660,2802,50687,30928,725,0,1689,0,0,4,1
2021-02-11T23:59:59+01:00,2,3,1468,1273,2060,3359,2285,5824,2989,8874,3567,6961,1807,1739,1500,2496,880,3456,780,604,1188,1687,1392,2949,1806,4589,2171,3691,1020,1027,951,1686,627,2671,49293,28840,684,0,562,0,0,4,1
2021-02-10T23:59:59+01:00,2,3,1372,1224,1972,3232,2217,5651,2907,8596,3456,6730,1736,1691,1455,2429,864,3399,566,520,966,1462,1253,2641,1621,4127,1968,3313,903,900,830,1435,548,2355,48127,25409,644,0,161,0,0,4,1
2021-02-09T23:59:59+01:00,2,3,1337,1174,1935,3140,2190,5470,2840,8255,3386,6471,1663,1629,1394,2369,847,3362,303,383,747,1199,1066,2266,1411,3590,1719,2861,735,736,662,1148,438,1909,46869,21174,515,0,80,0,0,3,1
2021-02-08T23:59:59+01:00,2,3,1330,1139,1904,3021,2152,5248,2788,7975,3327,6235,1622,1595,1349,2314,831,3342,267,342,645,1044,960,2048,1251,3199,1522,2545,632,617,558,969,381,1659,45750,18640,345,0,79,0,0,3,1
2021-02-07T23:59:59+01:00,2,3,1303,1123,1875,2969,2127,5166,2759,7872,3285,6170,1606,1579,1334,2295,820,3327,233,286,597,954,900,1893,1159,2973,1424,2373,592,597,537,936,371,1630,45468,17457,144,0,0,0,0,3,0
2021-02-06T23:59:59+01:00,2,3,1298,1117,1869,2957,2118,5138,2746,7828,3274,6125,1593,1571,1329,2285,817,3326,214,252,575,917,872,1827,1117,2856,1367,2291,576,579,530,936,371,1630,45249,16912,144,0,0,0,0,3,0
2021-02-05T23:59:59+01:00,2,3,1237,1065,1820,2846,2066,4942,2687,7532,3197,5909,1530,1517,1310,2259,809,3319,198,223,540,870,838,1747,1078,2739,1314,2192,542,555,519,912,361,1605,43903,16235,144,0,0,0,0,3,0
2021-02-04T23:59:59+01:00,2,3,1225,1001,1779,2697,1995,4630,2604,7088,3097,5583,1485,1484,1292,2243,806,3311,170,169,467,753,739,1608,968,2500,1201,1977,495,503,476,858,343,1492,42287,14721,36,0,0,0,0,2,0
2021-02-03T23:59:59+01:00,2,3,1207,972,1749,2616,1956,4484,2537,6826,3045,5368,1448,1451,1263,2208,788,3282,139,140,393,641,623,1371,823,2122,1004,1687,378,369,341,644,240,1131,41167,12048,36,0,0,0,0,2,0
2021-02-02T23:59:59+01:00,2,3,1190,916,1717,2516,1913,4261,2464,6494,2938,5095,1394,1405,1240,2178,779,3258,118,116,316,520,520,1136,678,1792,814,1377,280,269,263,472,188,847,39725,9708,36,0,0,0,0,2,0
2021-02-01T23:59:59+01:00,1,3,1177,856,1682,2391,1863,4015,2387,6101,2816,4799,1327,1323,1209,2132,768,3233,85,76,216,349,347,741,430,1155,478,858,174,164,152,279,100,494,38045,6098,36,0,0,0,0,2,0
2021-01-31T23:59:59+01:00,1,3,1172,838,1665,2333,1839,3892,2355,5918,2749,4680,1296,1300,1198,2117,761,3221,74,70,183,279,270,575,341,902,396,691,148,148,144,271,96,480,37303,5068,33,0,0,0,0,2,0
2021-01-30T23:59:59+01:00,1,3,1172,835,1664,2328,1837,3881,2353,5907,2746,4670,1295,1296,1197,2116,761,3220,70,63,151,232,242,507,306,784,353,616,147,141,139,267,96,479,37248,4593,32,0,0,0,0,2,0
2021-01-29T23:59:59+01:00,1,3,1119,826,1625,2321,1826,3874,2345,5893,2738,4658,1291,1293,1193,2116,761,3220,62,45,114,177,198,353,249,635,309,488,136,132,127,256,93,479,37072,3853,30,0,0,0,0,1,0
2021-01-28T23:59:59+01:00,1,3,1044,801,1567,2261,1793,3805,2298,5822,2705,4604,1279,1281,1186,2110,752,3206,40,20,72,105,129,206,154,380,201,291,103,101,102,205,83,432,36490,2624,27,0,0,0,0,1,0
2021-01-27T23:59:59+01:00,1,3,894,750,1476,2185,1726,3690,2226,5692,2647,4479,1251,1237,1162,2071,740,3174,29,12,62,86,104,162,122,323,174,247,95,84,91,186,79,401,35385,2257,18,0,0,0,0,1,0
2021-01-26T23:59:59+01:00,1,3,880,731,1411,2111,1663,3560,2139,5520,2559,4368,1196,1197,1116,2000,716,3125,28,11,59,83,100,156,118,309,173,237,93,79,84,165,68,355,34283,2118,12,0,0,0,0,1,0
2021-01-25T23:59:59+01:00,1,3,867,710,1379,2051,1632,3463,2094,5354,2502,4278,1145,1172,1069,1943,698,3066,26,11,56,83,97,154,117,307,172,237,92,78,83,164,66,352,33423,2095,3,0,0,0,0,1,0
2021-01-24T23:59:59+01:00,1,3,864,709,1373,2040,1627,3446,2086,5328,2491,4246,1141,1166,1064,1936,697,3061,26,11,56,83,96,153,117,307,172,236,92,78,83,164,66,352,33275,2092,3,0,0,0,0,1,0
2021-01-23T23:59:59+01:00,1,3,864,709,1373,2040,1627,3446,2086,5328,2491,4246,1141,1166,1064,1936,697,3061,26,11,56,83,96,153,117,307,171,236,92,78,83,164,66,352,33275,2091,3,0,0,0,0,1,0
2021-01-22T23:59:59+01:00,1,3,864,699,1359,2018,1611,3422,2073,5294,2475,4226,1139,1161,1063,1913,696,3028,26,11,56,83,96,153,117,307,170,236,92,78,83,164,66,352,33041,2090,3,0,0,0,0,1,0
2021-01-21T23:59:59+01:00,1,3,833,662,1281,1863,1512,3232,1976,5022,2367,4028,1100,1102,1032,1833,658,2901,24,10,52,78,88,145,107,278,156,213,79,70,74,144,54,300,31402,1872,3,0,0,0,0,1,0
2021-01-20T23:59:59+01:00,1,3,630,563,1087,1644,1378,2958,1799,4618,2164,3691,975,984,914,1604,593,2631,22,10,51,74,85,144,99,265,145,194,69,64,69,122,45,268,28233,1726,3,0,0,0,0,1,0
2021-01-19T23:59:59+01:00,1,3,343,417,835,1387,1177,2618,1564,4089,1904,3242,808,816,750,1331,495,2226,18,7,36,52,56,78,73,178,101,131,52,49,48,91,34,207,24003,1211,2,0,0,0,0,1,0
2021-01-18T23:59:59+01:00,1,3,301,376,723,1199,1056,2364,1372,3592,1665,2862,680,667,605,1087,421,1841,7,3,11,17,19,27,24,50,25,46,12,11,13,33,7,61,20813,366,1,0,0,0,0,1,0
2021-01-17T23:59:59+01:00,1,3,260,321,657,1105,978,2193,1275,3317,1550,2651,635,638,578,1031,400,1783,0,0,1,0,2,2,2,1,2,2,1,4,1,0,0,1,19375,19,1,0,0,0,0,0,0
2021-01-16T23:59:59+01:00,1,3,243,289,641,1072,954,2130,1234,3207,1499,2578,619,621,571,1031,400,1782,0,0,0,0,1,2,1,1,1,2,0,1,1,0,0,1,18874,11,1,0,0,0,0,0,0
2021-01-15T23:59:59+01:00,1,3,228,256,612,1024,927,2052,1199,3091,1447,2482,588,595,564,1010,393,1770,0,0,0,0,0,0,0,0,0,0,0,0,0,0,0,0,18242,0,0,0,0,0,0,0,0
2021-01-14T23:59:59+01:00,1,2,198,204,552,902,838,1909,1106,2868,1332,2299,544,552,526,966,387,1728,0,0,0,0,0,0,0,0,0,0,0,0,0,0,0,0,16914,0,0,0,0,0,0,0,0
2021-01-13T23:59:59+01:00,1,2,166,185,503,833,766,1783,1008,2635,1178,2074,431,435,399,761,289,1331,0,0,0,0,0,0,0,0,0,0,0,0,0,0,0,0,14780,0,0,0,0,0,0,0,0
2021-01-12T23:59:59+01:00,1,2,144,164,471,764,716,1628,918,2432,1071,1840,342,327,308,541,207,943,0,0,0,0,0,0,0,0,0,0,0,0,0,0,0,0,12819,0,0,0,0,0,0,0,0
2021-01-11T23:59:59+01:00,0,1,115,127,395,634,626,1375,754,1974,845,1454,212,190,169,313,109,546,0,0,0,0,0,0,0,0,0,0,0,0,0,0,0,0,9839,0,0,0,0,0,0,0,0
2021-01-10T23:59:59+01:00,0,1,89,92,305,458,471,995,547,1447,621,1058,175,167,157,300,104,533,0,0,0,0,0,0,0,0,0,0,0,0,0,0,0,0,7520,0,0,0,0,0,0,0,0
2021-01-09T23:59:59+01:00,0,1,78,84,259,395,401,863,480,1230,545,900,168,157,152,295,104,531,0,0,0,0,0,0,0,0,0,0,0,0,0,0,0,0,6643,0,0,0,0,0,0,0,0
2021-01-08T23:59:59+01:00,0,1,65,64,186,287,304,584,365,932,439,681,160,152,136,283,102,531,0,0,0,0,0,0,0,0,0,0,0,0,0,0,0,0,5272,0,0,0,0,0,0,0,0
2021-01-07T23:59:59+01:00,0,0,46,24,78,121,137,230,164,419,222,339,116,121,123,251,98,504,0,0,0,0,0,0,0,0,0,0,0,0,0,0,0,0,2993,0,0,0,0,0,0,0,0
2021-01-06T23:59:59+01:00,0,0,32,17,69,92,116,180,136,342,193,275,97,93,97,205,83,429,0,0,0,0,0,0,0,0,0,0,0,0,0,0,0,0,2456,0,0,0,0,0,0,0,0
2021-01-05T23:59:59+01:00,0,0,29,12,59,87,106,166,121,327,179,253,96,88,95,198,81,411,0,0,0,0,0,0,0,0,0,0,0,0,0,0,0,0,2308,0,0,0,0,0,0,0,0
2021-01-04T23:59:59+01:00,0,0,26,11,56,84,98,157,116,312,177,241,95,85,88,184,71,380,0,0,0,0,0,0,0,0,0,0,0,0,0,0,0,0,2181,0,0,0,0,0,0,0,0
2021-01-03T23:59:59+01:00,0,0,26,11,56,84,98,157,116,312,177,241,95,85,87,183,71,380,0,0,0,0,0,0,0,0,0,0,0,0,0,0,0,0,2179,0,0,0,0,0,0,0,0
2021-01-02T23:59:59+01:00,0,0,26,11,56,84,98,157,116,312,176,241,95,85,87,183,71,380,0,0,0,0,0,0,0,0,0,0,0,0,0,0,0,0,2178,0,0,0,0,0,0,0,0
2021-01-01T23:59:59+01:00,0,0,26,11,56,84,98,157,116,312,174,240,95,85,87,183,71,380,0,0,0,0,0,0,0,0,0,0,0,0,0,0,0,0,2175,0,0,0,0,0,0,0,0
2020-12-31T23:59:59+01:00,0,0,26,11,56,84,98,157,116,312,174,240,95,85,87,183,71,380,0,0,0,0,0,0,0,0,0,0,0,0,0,0,0,0,2175,0,0,0,0,0,0,0,0
2020-12-30T23:59:59+01:00,0,0,25,11,56,83,97,154,116,311,174,240,95,85,87,183,71,380,0,0,0,0,0,0,0,0,0,0,0,0,0,0,0,0,2168,0,0,0,0,0,0,0,0
2020-12-29T23:59:59+01:00,0,0,18,8,41,59,74,91,86,216,127,188,73,73,65,151,56,304,0,0,0,0,0,0,0,0,0,0,0,0,0,0,0,0,1630,0,0,0,0,0,0,0,0
2020-12-28T23:59:59+01:00,0,0,8,5,17,28,31,45,40,111,53,101,30,40,37,91,29,175,0,0,0,0,0,0,0,0,0,0,0,0,0,0,0,0,841,0,0,0,0,0,0,0,0
2020-12-27T23:59:59+01:00,0,0,2,2,4,5,7,11,10,23,6,22,5,7,6,25,3,48,0,0,0,0,0,0,0,0,0,0,0,0,0,0,0,0,186,0,0,0,0,0,0,0,0
