Datum,<15_m,<15_w,15-24_1_m,15-24_1_w,25-34_1_m,25-34_1_w,35-44_1_m,35-44_1_w,45-54_1_m,45-54_1_w,55-64_1_m,55-64_1_w,65-74_1_m,65-74_1_w,75-84_1_m,75-84_1_w,>84_1_m,>84_1_w,<24_2_m,<24_2_w,25-34_2_m,25-34_2_w,35-44_2_m,35-44_2_w,45-54_2_m,45-54_2_w,55-64_2_m,55-64_2_w,65-74_2_m,65-74_2_w,75-84_2_m,75-84_2_w,>84_2_m,>84_2_w,bp_1,bp_2,mo_1,mo_2,az_1,az_2,ja,unb_1,unb_2
2021-10-16T23:59:59+02:00,10932,10195,60961,57243,67096,62767,75750,76857,97033,98992,108276,107126,74294,80612,52211,64056,15099,26023,55863,52798,63009,58419,71927,72495,92943,94545,104502,103548,72447,78535,50945,62467,14589,24966,842462,797743,70873,68385,182610,176012,49628,38,57
2021-10-15T23:59:59+02:00,10896,10154,60873,57184,67038,62709,75695,76798,96987,98941,108240,107104,74283,80597,52209,64055,15097,26021,55751,52682,62939,58353,71863,72425,92882,94492,104459,103508,72430,78519,50936,62451,14588,24963,841870,796960,70853,68347,182610,176011,49598,38,57
2021-10-14T23:59:59+02:00,10849,10096,60764,57091,66983,62616,75631,76727,96925,98884,108207,107057,74269,80579,52197,64041,15093,26015,55584,52552,62825,58229,71793,72333,92780,94405,104401,103439,72395,78487,50916,62419,14579,24950,841118,795748,70841,68324,182607,175997,49508,38,57
2021-10-13T23:59:59+02:00,10795,10055,60674,57010,66917,62525,75561,76663,96865,98845,108156,107018,74247,80555,52182,64021,15086,26005,55460,52433,62727,58107,71701,72242,92707,94325,104324,103369,72359,78456,50896,62387,14570,24931,840365,794628,70825,68314,182607,175987,49433,38,57
2021-10-12T23:59:59+02:00,10738,10006,60568,56927,66817,62443,75494,76608,96821,98793,108118,106985,74222,80531,52172,64009,15081,25996,55329,52283,62619,57994,71615,72136,92651,94244,104253,103302,72320,78408,50873,62357,14565,24914,839588,793452,70816,68295,182605,175979,49370,38,57
2021-10-11T23:59:59+02:00,10686,9957,60472,56868,66728,62348,75418,76539,96759,98740,108064,106941,74195,80500,52154,63983,15067,25974,55204,52155,62493,57861,71538,72028,92574,94170,104177,103235,72274,78364,50845,62323,14552,24892,838771,792277,70795,68276,182598,175970,49278,38,57
2021-10-10T23:59:59+02:00,10659,9932,60412,56827,66673,62307,75377,76496,96725,98710,108038,106919,74181,80488,52148,63969,15058,25958,55103,52037,62403,57738,71456,71944,92500,94085,104114,103183,72243,78334,50824,62301,14546,24880,838346,791291,70786,68268,182595,175956,49198,38,57
2021-10-09T23:59:59+02:00,10658,9929,60403,56819,66661,62300,75372,76490,96720,98701,108033,106917,74181,80484,52148,63969,15058,25957,55082,52020,62390,57722,71446,71936,92492,94079,104107,103179,72240,78333,50824,62301,14546,24880,838288,791176,70781,68262,182594,175955,49185,38,57
2021-10-08T23:59:59+02:00,10607,9880,60309,56724,66588,62223,75318,76423,96675,98659,108001,106890,74171,80476,52141,63957,15053,25956,54980,51931,62313,57658,71379,71870,92443,94025,104079,103146,72232,78322,50817,62295,14544,24878,837615,790509,70755,68230,182592,175945,49137,38,57
2021-10-07T23:59:59+02:00,10542,9814,60159,56616,66499,62126,75236,76327,96603,98606,107939,106834,74147,80454,52130,63943,15046,25950,54848,51788,62212,57530,71272,71762,92357,93935,103994,103081,72181,78284,50793,62270,14532,24867,836672,789277,70743,68196,182591,175928,49013,38,56
2021-10-06T23:59:59+02:00,10488,9773,60027,56525,66416,62047,75160,76268,96543,98564,107891,106790,74126,80430,52113,63920,15042,25934,54706,51626,62120,57396,71177,71658,92253,93849,103903,102998,72143,78241,50768,62236,14522,24853,835853,788007,70732,68189,182589,175912,48904,38,56
2021-10-05T23:59:59+02:00,10422,9704,59890,56402,66318,61949,75080,76196,96467,98502,107844,106736,74106,80403,52104,63891,15036,25923,54521,51455,62007,57250,71064,71541,92144,93748,103832,102927,72090,78197,50744,62197,14514,24840,834921,786636,70717,68160,182586,175901,48770,38,56
2021-10-04T23:59:59+02:00,10362,9651,59748,56286,66193,61839,74992,76109,96380,98428,107782,106688,74083,80372,52083,63855,15031,25903,54346,51270,61892,57097,70937,71411,92063,93642,103734,102840,72054,78142,50699,62158,14504,24820,833871,785186,70704,68153,182583,175883,48648,38,56
2021-10-03T23:59:59+02:00,10318,9612,59696,56201,66132,61790,74935,76071,96351,98397,107749,106648,74071,80354,52068,63829,15025,25889,54232,51157,61811,57007,70849,71311,91997,93569,103670,102755,72020,78113,50680,62125,14497,24816,833348,784228,70699,68148,182570,175855,48540,38,56
2021-10-02T23:59:59+02:00,10313,9610,59688,56186,66116,61778,74927,76058,96346,98392,107747,106645,74070,80354,52067,63827,15025,25889,54218,51146,61798,57000,70846,71301,91993,93566,103668,102746,72017,78113,50679,62123,14496,24816,833275,784157,70688,68142,182570,175854,48526,38,56
2021-10-01T23:59:59+02:00,10258,9553,59534,56088,66040,61693,74847,75991,96295,98339,107688,106610,74054,80331,52056,63814,15024,25885,54104,51038,61743,56937,70799,71253,91940,93510,103633,102713,72004,78106,50675,62111,14494,24811,832444,783495,70669,68115,182568,175852,48439,38,56
2021-09-30T23:59:59+02:00,10188,9472,59400,55939,65912,61572,74747,75903,96192,98252,107601,106550,74029,80294,52040,63790,15020,25870,53959,50905,61651,56832,70707,71171,91861,93428,103560,102649,71968,78064,50656,62077,14494,24800,831376,782514,70639,68093,182564,175842,48211,38,56
2021-09-29T23:59:59+02:00,10117,9416,59270,55814,65795,61456,74668,75811,96097,98165,107537,106493,73990,80249,52033,63762,15015,25859,53806,50753,61537,56697,70612,71064,91768,93336,103464,102582,71918,78020,50631,62026,14487,24790,830405,781329,70610,68063,182561,175823,47989,38,56
2021-09-28T23:59:59+02:00,10034,9334,59130,55665,65633,61315,74563,75726,95992,98080,107456,106427,73941,80207,52013,63734,15008,25843,53652,50602,61400,56583,70521,70948,91691,93256,103389,102504,71877,77982,50608,61993,14483,24779,829256,780271,70598,68044,182557,175814,47707,38,56
2021-09-27T23:59:59+02:00,9975,9282,58978,55506,65494,61187,74474,75623,95889,97974,107367,106374,73895,80164,51994,63707,15000,25823,53501,50474,61278,56449,70428,70841,91589,93160,103305,102452,71828,77935,50586,61957,14476,24760,828208,779282,70581,68029,182552,175768,47375,38,56
2021-09-26T23:59:59+02:00,9933,9241,58893,55419,65416,61106,74418,75546,95826,97919,107320,106337,73869,80139,51980,63680,14990,25806,53402,50362,61194,56371,70352,70753,91519,93084,103251,102420,71799,77906,50564,61933,14470,24748,827567,778537,70563,68021,182536,175733,47182,38,56
2021-09-25T23:59:59+02:00,9925,9229,58875,55400,65400,61096,74408,75537,95820,97911,107310,106333,73869,80138,51979,63679,14990,25806,53376,50354,61180,56353,70340,70745,91513,93078,103241,102418,71799,77904,50564,61930,14470,24748,827489,778461,70556,68017,182534,175732,47136,38,56
2021-09-24T23:59:59+02:00,9873,9174,58763,55276,65301,60996,74319,75445,95735,97839,107251,106292,73841,80116,51971,63669,14989,25796,53271,50247,61105,56279,70267,70674,91442,93017,103168,102368,71773,77886,50553,61914,14465,24738,826608,777674,70538,68010,182528,175726,46981,38,56
2021-09-23T23:59:59+02:00,9783,9083,58524,55086,65124,60838,74194,75300,95590,97703,107142,106182,73795,80080,51951,63629,14977,25778,53093,50111,60986,56143,70151,70562,91324,92907,103075,102295,71739,77841,50534,61889,14452,24724,825199,776662,70485,67982,182524,175708,46558,38,56
2021-09-22T23:59:59+02:00,9699,9023,58336,54938,64963,60693,74074,75176,95462,97603,107042,106124,73751,80031,51924,63585,14957,25751,52950,49961,60867,56023,70060,70465,91231,92801,103012,102242,71698,77792,50505,61852,14438,24710,823937,775678,70466,67958,182514,175694,46222,38,56
2021-09-21T23:59:59+02:00,9629,8935,58187,54783,64816,60548,73938,75042,95324,97484,106949,106031,73717,79972,51905,63559,14949,25729,52804,49801,60749,55893,69959,70359,91124,92697,102917,102148,71659,77747,50478,61811,14429,24685,822658,774508,70449,67945,182510,175687,45887,38,56
2021-09-20T23:59:59+02:00,9569,8874,58049,54645,64656,60414,73820,74891,95196,97393,106862,105938,73655,79928,51878,63523,14936,25709,52681,49666,60624,55774,69851,70251,91024,92607,102840,102073,71606,77703,50453,61762,14422,24667,821458,773526,70435,67928,182503,175658,45547,38,56
2021-09-19T23:59:59+02:00,9517,8834,57929,54557,64545,60298,73730,74786,95122,97293,106800,105866,73638,79903,51864,63503,14934,25698,52572,49549,60530,55662,69757,70157,90956,92535,102760,102004,71572,77670,50432,61731,14415,24661,820671,772750,70416,67913,182491,175632,45246,38,56
2021-09-18T23:59:59+02:00,9500,8817,57903,54528,64510,60267,73704,74762,95106,97271,106788,105845,73635,79902,51861,63500,14934,25697,52542,49514,60499,55639,69737,70137,90936,92519,102747,101984,71568,77667,50432,61730,14414,24659,820453,772558,70406,67904,182491,175631,45187,38,56
2021-09-17T23:59:59+02:00,9414,8739,57732,54380,64376,60139,73579,74643,95001,97168,106704,105773,73600,79870,51849,63482,14927,25690,52375,49403,60373,55529,69645,70047,90854,92439,102674,101925,71535,77630,50417,61700,14405,24652,819306,771612,70362,67885,182489,175624,44915,38,56
2021-09-16T23:59:59+02:00,9337,8665,57517,54228,64199,59953,73399,74476,94851,97034,106550,105661,73529,79811,51827,63440,14920,25675,52208,49277,60221,55406,69519,69933,90744,92337,102570,101844,71490,77582,50395,61662,14398,24639,817832,770638,70345,67866,182466,175592,44435,38,56
2021-09-15T23:59:59+02:00,9245,8584,57312,54007,64015,59750,73220,74297,94704,96882,106403,105527,73469,79743,51782,63388,14910,25654,52048,49111,60093,55271,69394,69829,90642,92257,102462,101754,71443,77525,50361,61624,14388,24628,816076,769555,70326,67849,182462,175580,44034,38,56
2021-09-14T23:59:59+02:00,9137,8478,57122,53774,63834,59563,73075,74119,94573,96724,106278,105427,73395,79678,51752,63337,14892,25633,51876,48912,59941,55130,69272,69709,90533,92129,102370,101661,71391,77464,50333,61579,14381,24616,814317,768227,70314,67836,182442,175545,43724,37,56
2021-09-13T23:59:59+02:00,9075,8411,56898,53569,63677,59370,72917,73949,94423,96571,106141,105296,73341,79628,51714,63290,14872,25603,51706,48749,59815,54998,69191,69617,90415,92040,102273,101589,71345,77422,50304,61537,14370,24605,812618,767167,70303,67823,182427,175518,43403,37,56
2021-09-12T23:59:59+02:00,9030,8383,56777,53482,63589,59275,72840,73863,94350,96505,106078,105228,73313,79603,51699,63267,14867,25596,51574,48638,59715,54899,69116,69539,90340,91975,102200,101520,71309,77392,50289,61512,14365,24592,811898,766359,70286,67809,182410,175493,43157,37,55
2021-09-11T23:59:59+02:00,9026,8374,56759,53459,63571,59262,72828,73850,94345,96491,106073,105223,73312,79602,51699,63267,14867,25596,51554,48617,59694,54887,69101,69528,90332,91960,102198,101515,71304,77390,50289,61512,14365,24590,811820,766310,70279,67763,182407,175491,43104,37,55
2021-09-10T23:59:59+02:00,8954,8313,56597,53313,63457,59142,72720,73745,94226,96375,105996,105162,73275,79566,51686,63241,14863,25591,51426,48552,59631,54824,69038,69480,90267,91903,102162,101477,71283,77374,50280,61502,14361,24584,810702,765845,70247,67708,182401,175488,42878,37,55
2021-09-09T23:59:59+02:00,8883,8248,56397,53121,63291,58958,72562,73601,94078,96235,105871,105068,73216,79502,51655,63207,14859,25578,51243,48386,59476,54692,68905,69353,90148,91797,102046,101385,71239,77330,50251,61472,14355,24568,809343,764787,70226,67658,182382,175466,42385,36,55
2021-09-08T23:59:59+02:00,8799,8171,56218,52950,63140,58778,72419,73449,93921,96105,105776,104959,73149,79441,51626,63152,14854,25563,51066,48221,59351,54554,68780,69203,90024,91691,101962,101285,71186,77273,50224,61430,14351,24551,807951,763632,70200,67606,182345,175443,41978,36,55
2021-09-07T23:59:59+02:00,8711,8111,56054,52795,63022,58638,72302,73318,93815,96004,105669,104858,73096,79393,51600,63112,14847,25541,50897,48058,59222,54409,68657,69087,89918,91576,101863,101185,71139,77227,50201,61404,14347,24532,806690,762419,70195,67592,182341,175421,41664,36,55
2021-09-06T23:59:59+02:00,8648,8045,55906,52626,62884,58481,72199,73187,93714,95893,105589,104769,73044,79344,51568,63082,14836,25525,50747,47917,59084,54260,68541,68967,89837,91480,101767,101098,71089,77179,50177,61376,14340,24521,805474,761294,70168,67549,182308,175397,41393,36,55
2021-09-05T23:59:59+02:00,8619,8007,55838,52533,62821,58422,72152,73130,93665,95843,105562,104725,73020,79321,51558,63062,14829,25519,50656,47832,59018,54195,68482,68908,89793,91423,101726,101048,71067,77151,50164,61359,14334,24512,804952,760673,70159,67539,182287,175377,41231,36,55
2021-09-04T23:59:59+02:00,8612,8002,55818,52524,62812,58413,72144,73122,93658,95839,105559,104719,73019,79320,51558,63062,14829,25519,50642,47817,59002,54181,68478,68899,89786,91418,101722,101044,71066,77149,50163,61359,14334,24512,804893,760608,70156,67534,182286,175376,41197,36,55
2021-09-03T23:59:59+02:00,8546,7933,55686,52437,62739,58316,72065,73042,93580,95776,105489,104658,72989,79287,51539,63031,14822,25509,50527,47722,58923,54114,68417,68827,89724,91357,101657,100991,71038,77115,50141,61333,14331,24503,803973,759822,70148,67516,182279,175367,41047,36,55
2021-09-02T23:59:59+02:00,8451,7838,55494,52281,62614,58211,71971,72913,93461,95662,105384,104573,72932,79232,51507,62984,14811,25489,50303,47552,58778,53995,68313,68713,89591,91252,101540,100895,70980,77068,50117,61305,14323,24487,802837,758668,70105,67474,182265,175318,40602,36,55
2021-09-01T23:59:59+02:00,8375,7745,55345,52134,62484,58079,71884,72789,93368,95571,105306,104502,72894,79188,51486,62949,14804,25471,50129,47343,58652,53855,68233,68601,89489,91149,101435,100801,70939,77025,50090,61264,14316,24471,801727,757434,70083,67435,182252,175265,40313,36,55
2021-08-31T23:59:59+02:00,8267,7651,55184,51979,62378,57965,71806,72688,93283,95488,105223,104423,72853,79146,51464,62920,14794,25457,49922,47142,58533,53716,68119,68478,89391,91044,101325,100722,70893,76972,50068,61228,14304,24454,800650,756071,70075,67419,182243,175240,40002,36,55
2021-08-30T23:59:59+02:00,8191,7571,55002,51816,62266,57837,71691,72571,93159,95359,105103,104328,72802,79104,51447,62886,14772,25434,49724,46928,58411,53577,68020,68367,89273,90931,101210,100613,70842,76937,50041,61199,14290,24437,799457,754865,70035,67353,182210,175184,39637,36,55
2021-08-29T23:59:59+02:00,8150,7525,54912,51737,62208,57760,71623,72523,93107,95295,105055,104293,72782,79082,51432,62870,14766,25425,49606,46825,58322,53477,67948,68292,89218,90870,101149,100560,70815,76921,50027,61186,14284,24434,798932,754207,70033,67343,182200,175140,39380,36,55
2021-08-28T23:59:59+02:00,8132,7511,54873,51699,62177,57740,71596,72506,93089,95279,105041,104282,72777,79080,51430,62866,14766,25425,49568,46806,58296,53461,67927,68278,89198,90847,101142,100547,70809,76917,50025,61184,14284,24434,798726,754060,70032,67336,182198,175140,39313,36,55
2021-08-27T23:59:59+02:00,8048,7433,54691,51561,62063,57601,71499,72383,92967,95158,104930,104196,72732,79029,51407,62830,14754,25419,49442,46721,58217,53379,67845,68207,89120,90780,101084,100499,70773,76882,50011,61173,14282,24434,797406,753356,70027,67330,182186,175132,39082,36,55
2021-08-26T23:59:59+02:00,7984,7360,54532,51414,61940,57490,71401,72275,92862,95029,104824,104115,72690,78977,51384,62810,14749,25405,49279,46565,58096,53274,67745,68113,89015,90701,101015,100430,70732,76846,49987,61151,14277,24424,796352,752527,70017,67291,182176,175099,38694,36,55
2021-08-25T23:59:59+02:00,7920,7307,54388,51264,61829,57338,71295,72159,92755,94928,104722,104029,72631,78926,51356,62774,14736,25391,49083,46374,57971,53134,67627,67989,88902,90587,100914,100340,70675,76798,49960,61111,14270,24409,795347,751392,69991,67258,182165,175061,38243,36,55
2021-08-24T23:59:59+02:00,7810,7218,54249,51060,61703,57201,71189,72030,92638,94808,104617,103931,72578,78879,51321,62729,14728,25375,48863,46151,57833,52963,67518,67854,88800,90494,100823,100258,70637,76745,49935,61085,14266,24392,793947,749994,69974,67236,182155,175039,37986,36,55
2021-08-23T23:59:59+02:00,7748,7144,54066,50888,61571,57077,71076,71919,92511,94701,104519,103832,72526,78818,51287,62687,14721,25364,48679,45977,57716,52837,67412,67757,88696,90403,100736,100179,70596,76694,49907,61046,14262,24380,792739,748976,69944,67210,182140,174984,37630,36,55
2021-08-22T23:59:59+02:00,7720,7118,53983,50810,61518,57015,71036,71866,92468,94659,104476,103803,72505,78802,51278,62674,14720,25358,48560,45868,57627,52744,67337,67697,88625,90345,100694,100137,70566,76670,49892,61028,14259,24373,792316,748297,69936,67202,182119,174934,37436,36,55
2021-08-21T23:59:59+02:00,7714,7115,53956,50795,61499,57004,71020,71852,92455,94641,104466,103793,72500,78800,51278,62673,14720,25357,48540,45851,57606,52737,67319,67678,88607,90330,100684,100127,70565,76667,49892,61027,14259,24373,792245,748207,69893,67183,182115,174928,37383,36,55
2021-08-20T23:59:59+02:00,7683,7078,53866,50720,61425,56943,70949,71789,92390,94578,104413,103757,72475,78772,51266,62647,14712,25346,48447,45776,57535,52674,67249,67622,88549,90270,100624,100089,70542,76644,49886,61011,14250,24369,791703,747690,69821,67170,182112,174904,37171,36,55
2021-08-19T23:59:59+02:00,7617,6998,53734,50597,61275,56827,70832,71681,92275,94489,104318,103667,72426,78716,51237,62607,14703,25326,48314,45673,57419,52581,67159,67544,88458,90191,100526,100023,70509,76616,49866,60987,14246,24360,790666,747045,69785,67136,182095,174859,36777,36,55
2021-08-18T23:59:59+02:00,7542,6941,53586,50459,61148,56716,70721,71589,92166,94400,104216,103582,72367,78663,51202,62571,14693,25305,48195,45546,57300,52483,67069,67470,88340,90102,100448,99947,70461,76574,49844,60959,14238,24343,789661,746318,69755,67097,182084,174807,36365,36,55
2021-08-17T23:59:59+02:00,7459,6860,53423,50295,61040,56591,70605,71468,92061,94295,104108,103482,72316,78620,51174,62545,14685,25294,48002,45368,57168,52344,66948,67363,88210,90006,100338,99850,70405,76525,49819,60938,14231,24331,788583,745286,69733,67063,182079,174752,35924,36,55
2021-08-16T23:59:59+02:00,7387,6797,53293,50164,60943,56477,70505,71373,91967,94190,104015,103382,72272,78568,51144,62501,14677,25286,47862,45250,57060,52274,66853,67278,88109,89919,100251,99756,70358,76484,49793,60908,14223,24326,787708,744658,69685,67000,182064,174685,35482,36,54
2021-08-15T23:59:59+02:00,7338,6757,53215,50083,60874,56407,70439,71313,91909,94139,103960,103334,72237,78539,51136,62485,14673,25277,47756,45154,56968,52186,66783,67216,88031,89854,100196,99709,70320,76447,49779,60887,14218,24314,787234,744169,69671,66971,182051,174604,35157,36,53
2021-08-14T23:59:59+02:00,7316,6742,53142,50013,60825,56363,70403,71266,91872,94100,103921,103298,72216,78531,51127,62474,14671,25274,47517,44881,56801,51998,66630,67062,87896,89732,100080,99602,70270,76404,49768,60864,14214,24309,786751,742337,69664,66965,182051,174593,35086,36,53
2021-08-13T23:59:59+02:00,7275,6706,53032,49917,60740,56283,70350,71197,91796,94044,103870,103253,72193,78509,51115,62463,14669,25267,47013,44382,56561,51730,66400,66807,87623,89479,99883,99397,70183,76302,49729,60804,14208,24288,785997,738857,69660,66955,182051,174519,34969,36,53
2021-08-12T23:59:59+02:00,7244,6679,52931,49846,60681,56204,70276,71147,91725,93985,103809,103207,72159,78477,51101,62447,14667,25253,46514,43937,56285,51428,66139,66585,87363,89255,99533,99121,70068,76163,49670,60740,14197,24259,785559,735804,69635,66899,182035,174065,34607,36,52
2021-08-11T23:59:59+02:00,7178,6610,52765,49677,60550,56085,70192,71053,91617,93881,103709,103100,72099,78412,51069,62405,14660,25237,45835,43317,55914,51046,65877,66288,87068,88990,99196,98753,69928,76017,49609,60637,14185,24230,784385,731686,69614,66862,182026,173630,34272,36,52
2021-08-10T23:59:59+02:00,7101,6526,52566,49490,60405,55965,70085,70930,91492,93751,103585,102995,72047,78355,51038,62374,14652,25228,44878,42409,55243,50392,65382,65834,86608,88505,98703,98296,69723,75818,49509,60536,14164,24191,783024,725416,69605,66811,182020,173127,33933,36,52
2021-08-09T23:59:59+02:00,7058,6479,52455,49398,60328,55891,70027,70870,91424,93679,103513,102936,72004,78319,51032,62358,14648,25220,43871,41346,54529,49701,64907,65402,86163,88071,98186,97827,69533,75594,49416,60410,14136,24151,782458,718952,69535,66732,182009,172564,33634,36,52
2021-08-08T23:59:59+02:00,7012,6438,52390,49330,60288,55859,69989,70845,91367,93632,103460,102896,71983,78297,51018,62337,14642,25215,43815,41283,54466,49655,64844,65364,86091,88014,98119,97777,69507,75563,49393,60383,14128,24144,782173,718663,69528,66716,181995,172481,33297,36,52
2021-08-07T23:59:59+02:00,6973,6397,52281,49202,60210,55783,69931,70780,91297,93570,103410,102848,71966,78280,51009,62331,14642,25214,42849,40260,53911,49083,64408,64959,85716,87616,97799,97430,69364,75420,49337,60301,14111,24126,781388,712295,69524,66699,181995,172473,33212,36,50
2021-08-06T23:59:59+02:00,6930,6335,52147,49073,60137,55717,69865,70699,91217,93494,103350,102791,71943,78257,50998,62312,14640,25210,42167,39647,53668,48816,64185,64717,85481,87394,97570,97229,69280,75329,49295,60260,14105,24113,780515,708678,69520,66617,181994,172336,33081,36,50
2021-08-05T23:59:59+02:00,6820,6228,51893,48849,59961,55528,69724,70554,91055,93347,103208,102655,71882,78194,50970,62272,14627,25191,41332,38951,53148,48356,63812,64369,85023,86994,96947,96711,69093,75145,49229,60162,14086,24082,778895,704131,69467,66566,181961,171207,32629,36,50
2021-08-04T23:59:59+02:00,6731,6142,51698,48616,59814,55350,69611,70403,90920,93233,103089,102538,71821,78130,50944,62226,14616,25162,40489,38163,52778,47953,63490,64049,84651,86667,96535,96304,68930,74974,49152,60065,14070,24048,777487,699541,69431,66547,181947,170421,32173,36,50
2021-08-03T23:59:59+02:00,6658,6085,51528,48479,59689,55220,69520,70312,90821,93134,102992,102457,71768,78095,50924,62200,14608,25146,39490,37217,51983,47269,62947,63516,84133,86183,95821,95674,68686,74758,49060,59948,14049,24003,776451,693290,69422,66524,181940,169239,31817,36,50
2021-08-02T23:59:59+02:00,6610,6042,51392,48340,59597,55141,69436,70243,90766,93061,102913,102395,71729,78054,50903,62177,14601,25133,38216,36054,51018,46458,62230,62928,83527,85617,95021,94973,68432,74501,48972,59814,14029,23964,775755,685656,69375,66473,181912,167927,31485,36,50
2021-08-01T23:59:59+02:00,6568,5987,51221,48178,59443,55026,69343,70129,90658,92970,102825,102302,71687,78017,50881,62137,14596,25117,38031,35920,50858,46358,62099,62835,83349,85474,94568,94570,68315,74391,48933,59765,14018,23944,774706,685010,69346,66414,181894,166617,31133,36,49
2021-07-31T23:59:59+02:00,6525,5953,51127,48057,59388,54954,69294,70085,90619,92940,102798,102278,71676,78005,50873,62133,14596,25114,36421,34409,49947,45489,61562,62270,82845,84961,94087,94136,68126,74186,48854,59670,14000,23911,774096,675851,69342,66405,181894,166502,31077,36,49
2021-07-30T23:59:59+02:00,6489,5900,50977,47916,59306,54873,69225,70026,90545,92860,102742,102240,71659,77981,50864,62110,14593,25110,34960,33003,48974,44538,60830,61578,82160,84340,93404,93560,67892,73949,48750,59520,13981,23880,773334,666314,69317,66394,181888,166197,30871,36,49
2021-07-29T23:59:59+02:00,6374,5780,50547,47547,59091,54603,69033,69836,90356,92672,102579,102103,71584,77899,50831,62055,14578,25092,34225,32387,48349,44089,60427,61223,81736,83989,92631,92884,67697,73791,48687,59433,13961,23849,771018,662447,69263,66248,181845,164551,30428,36,49
2021-07-28T23:59:59+02:00,6302,5717,50292,47353,58959,54448,68905,69740,90228,92548,102472,102009,71528,77842,50804,62015,14569,25075,33900,32092,48029,43850,60194,60999,81557,83817,92392,92684,67623,73724,48654,59400,13948,23839,769701,660737,69230,66159,181818,164029,30051,36,48
2021-07-27T23:59:59+02:00,6250,5670,50130,47213,58817,54352,68812,69651,90126,92439,102366,101932,71483,77789,50774,61981,14561,25061,32431,30687,46755,42755,59361,60204,80952,83286,91370,91836,67346,73439,48566,59273,13916,23798,768797,652065,69204,66088,181794,162233,29606,36,48
2021-07-26T23:59:59+02:00,6227,5641,50011,47124,58719,54265,68735,69598,90039,92378,102301,101881,71443,77752,50751,61961,14555,25052,31062,29427,45432,41629,58259,59217,80242,82651,90204,90806,67038,73166,48475,59156,13892,23756,768262,642979,69138,65993,181756,159936,29272,35,48
2021-07-25T23:59:59+02:00,6207,5624,49897,47019,58629,54199,68671,69539,89974,92320,102241,101833,71409,77716,50733,61938,14552,25042,30855,29270,45158,41431,58003,58986,79970,82442,89242,89951,66831,72992,48407,59083,13880,23732,767849,641790,69126,65874,181730,157479,28834,34,48
2021-07-24T23:59:59+02:00,6172,5595,49777,46931,58560,54137,68623,69483,89928,92277,102200,101792,71403,77709,50730,61935,14551,25038,29257,27678,44002,40344,57305,58271,79350,81868,88598,89384,66651,72801,48336,58981,13866,23708,767243,631715,69117,65857,181722,157339,28755,34,48
2021-07-23T23:59:59+02:00,6087,5508,49603,46753,58466,54033,68514,69380,89823,92173,102110,101696,71367,77652,50709,61904,14547,25032,27559,26157,42741,39254,56372,57382,78657,81250,87889,88720,66381,72529,48258,58880,13845,23678,765866,621145,69113,65691,181703,156865,28671,34,48
2021-07-22T23:59:59+02:00,5947,5395,49306,46468,58267,53828,68342,69213,89639,92020,101955,101562,71300,77569,50667,61853,14536,25013,26737,25328,41830,38440,55429,56553,77913,80623,86223,87212,66005,72129,48148,58749,13814,23626,763928,612650,69068,65189,181672,155393,28208,34,48
2021-07-21T23:59:59+02:00,5671,5112,48772,45939,57964,53515,68110,68935,89360,91772,101685,101295,71173,77439,50607,61788,14527,24987,26481,25104,41408,38158,54987,56162,77543,80341,85414,86606,65837,72001,48092,58683,13796,23601,760317,610674,69043,64910,181650,153616,27637,34,48
2021-07-20T23:59:59+02:00,5594,5038,48486,45660,57794,53307,67934,68790,89180,91617,101520,101151,71097,77372,50568,61741,14518,24959,25304,23949,40113,37124,53644,54958,76638,79567,84050,85261,65530,71659,47984,58546,13768,23555,758633,600262,69036,64755,181606,152033,27047,34,48
2021-07-19T23:59:59+02:00,5514,4952,48160,45334,57573,53099,67768,68587,88992,91439,101372,100990,71024,77290,50525,61690,14509,24930,24473,23110,38801,36001,51913,53460,75370,78512,82936,84279,65235,71403,47884,58428,13743,23515,756833,590212,69026,64609,181578,150240,26307,34,48
2021-07-18T23:59:59+02:00,5506,4951,48088,45276,57476,53020,67697,68513,88899,91372,101300,100925,70988,77248,50499,61657,14507,24918,24335,23010,38530,35779,51580,53169,75118,78316,82031,83509,65043,71224,47827,58355,13738,23493,756556,589146,69003,64446,181538,148010,25739,34,48
2021-07-17T23:59:59+02:00,5479,4914,47988,45198,57402,52960,67636,68457,88839,91310,101255,100906,70980,77233,50494,61650,14507,24917,22946,21547,37141,34474,50336,51976,74512,77759,81396,82912,64914,71076,47760,58293,13729,23473,755993,578257,68998,64420,181531,147870,25599,34,48
2021-07-16T23:59:59+02:00,5376,4835,47746,44966,57278,52855,67519,68343,88700,91213,101148,100802,70934,77181,50471,61631,14501,24911,21688,20307,35845,33227,48880,50655,73500,76824,80695,82252,64694,70853,47678,58192,13710,23441,754538,566612,68996,64357,181524,147667,25348,34,48
2021-07-15T23:59:59+02:00,5234,4706,47348,44641,57069,52661,67326,68158,88488,91014,100960,100634,70836,77080,50422,61557,14492,24882,21082,19806,34917,32528,47641,49707,72314,75905,78543,80116,64094,70255,47534,58013,13691,23378,752479,557252,68979,63327,181477,145825,24561,34,48
2021-07-14T23:59:59+02:00,4860,4382,46756,44066,56835,52395,67118,67955,88274,90773,100742,100437,70729,76970,50354,61474,14480,24858,20875,19660,34654,32368,47268,49404,71782,75513,77877,79580,63770,69979,47451,57929,13668,23344,749028,555441,68963,63139,181425,143923,24030,34,46
2021-07-13T23:59:59+02:00,4769,4302,46555,43913,56670,52237,66956,67808,88116,90646,100596,100310,70656,76908,50316,61427,14476,24842,20312,19126,33628,31547,45647,47949,70021,73849,76272,78019,63395,69588,47322,57757,13639,23292,747663,544503,68946,62368,181351,142304,23531,34,46
2021-07-12T23:59:59+02:00,4704,4224,46367,43722,56518,52095,66801,67681,87943,90507,100440,100169,70580,76820,50278,61371,14469,24824,19835,18690,32841,30924,43983,46492,67639,71776,74380,76515,62865,69001,47177,57595,13611,23241,746389,533395,68923,61799,181251,139731,22938,34,46
2021-07-11T23:59:59+02:00,4699,4221,46296,43669,56455,52045,66750,67642,87881,90454,100368,100108,70542,76777,50268,61356,14466,24810,19626,18547,32489,30676,43534,46115,67177,71416,73600,75815,62465,68621,47105,57505,13595,23208,746239,531594,68912,61473,181186,137254,22458,34,46
2021-07-10T23:59:59+02:00,4573,4085,46012,43362,56269,51848,66600,67466,87747,90314,100266,100001,70486,76720,50247,61330,14463,24801,19062,17996,31545,29813,41783,44534,65693,70134,72964,75194,62300,68472,47052,57453,13588,23194,744139,520974,68906,61457,181174,137208,22359,34,46
2021-07-09T23:59:59+02:00,4444,3967,45737,43110,56101,51654,66438,67300,87595,90149,100133,99896,70433,76647,50211,61289,14458,24789,18470,17422,30571,28850,39829,42603,63395,68007,71804,74053,62026,68147,46976,57328,13570,23169,742083,507271,68892,61076,181168,136802,22196,34,46
2021-07-08T23:59:59+02:00,4415,3941,45593,42996,55975,51536,66306,67200,87470,90027,100013,99799,70379,76593,50189,61251,14447,24775,17527,16615,29167,27815,38108,41147,61264,66185,68446,70897,61127,67171,46730,56985,13525,23074,741351,491995,68832,58995,181097,134221,21606,33,46
2021-07-07T23:59:59+02:00,4403,3935,45527,42953,55891,51482,66223,67156,87417,89986,99970,99748,70364,76571,50180,61233,14443,24765,16566,15761,27774,26802,36580,39913,59644,64729,65215,67419,60109,66129,46493,56664,13475,23002,741047,476687,68785,57082,181045,132072,21337,33,46
2021-07-06T23:59:59+02:00,4351,3887,45381,42825,55765,51340,66117,67047,87308,89894,99889,99664,70326,76512,50162,61206,14440,24751,15795,15020,26695,25893,34733,38200,56242,61704,62562,64959,59355,65340,46220,56330,13434,22899,739913,458778,68765,56264,180986,129942,21169,32,46
2021-07-05T23:59:59+02:00,4288,3842,45204,42649,55613,51237,65993,66938,87191,89801,99804,99566,70263,76448,50140,61179,14437,24736,15135,14392,25745,25076,33500,37066,53140,58728,59786,62492,58516,64528,45967,56018,13389,22821,738726,442684,68727,55908,180906,127455,20938,32,46
2021-07-04T23:59:59+02:00,4279,3836,45157,42617,55547,51204,65950,66912,87153,89769,99772,99538,70239,76427,50134,61164,14431,24725,14930,14188,25306,24720,32901,36538,52475,58199,58800,61627,57854,63896,45783,55813,13370,22772,738531,438604,68695,55703,180836,124753,20760,32,45
2021-07-03T23:59:59+02:00,4059,3658,44623,42053,55230,50827,65653,66635,86906,89508,99572,99342,70166,76355,50111,61118,14427,24713,14644,13866,24952,24365,31923,35616,50729,56650,57931,60891,57680,63698,45716,55728,13358,22747,734718,430022,68680,55685,180830,124705,20696,32,45
2021-07-02T23:59:59+02:00,3750,3372,43970,41459,54904,50492,65371,66331,86633,89255,99336,99116,70063,76242,50059,61048,14421,24696,14226,13417,24256,23758,30763,34547,48095,54480,55795,59101,57285,63267,45556,55569,13342,22709,730384,417500,68663,54634,180817,123974,20623,31,30
2021-07-01T23:59:59+02:00,3612,3262,43614,41108,54702,50317,65211,66167,86479,89114,99182,98996,69992,76174,50028,61014,14413,24681,13536,12732,22954,22676,29084,33033,46081,52736,53300,56819,55861,61692,45062,54953,13269,22582,728238,403960,68599,52320,180767,120141,20431,31,29
2021-06-30T23:59:59+02:00,3601,3245,43350,40911,54518,50183,65093,66070,86386,89047,99112,98944,69965,76150,50016,60992,14409,24670,12791,12130,21784,21777,27495,31663,44228,51019,49663,52857,54532,60358,44706,54515,13213,22454,727093,388195,68547,50417,180746,116708,20246,30,29
2021-06-29T23:59:59+02:00,3384,3025,42434,40076,53911,49582,64654,65642,85974,88595,98765,98617,69840,76001,49959,60921,14390,24639,12190,11523,20985,21009,26128,30455,41603,48606,47790,51309,53562,59247,44299,53977,13119,22301,721114,376149,68495,48892,180731,113324,20039,30,28
2021-06-28T23:59:59+02:00,3166,2845,41477,39077,53245,48929,64190,65251,85592,88206,98432,98273,69700,75841,49894,60821,14372,24616,11688,11072,20326,20418,25158,29557,39509,46666,46165,49943,52453,58200,43937,53469,13039,22180,714946,366659,68384,47856,180722,109646,19845,30,28
2021-06-27T23:59:59+02:00,3161,2842,41440,39045,53199,48894,64152,65217,85540,88170,98380,98247,69680,75828,49885,60807,14367,24613,11494,10878,20000,20101,24580,28995,38483,45815,44999,48849,51420,57187,43503,52962,12957,22037,714737,362051,68355,47412,180687,105330,19658,30,28
2021-06-26T23:59:59+02:00,2679,2369,40046,37675,52475,48149,63600,64653,85053,87651,97955,97814,69489,75653,49812,60703,14348,24590,11379,10775,19830,19946,24381,28777,38003,45376,44631,48496,51306,57042,43457,52914,12952,22022,706022,359091,68328,47407,180687,105312,19647,30,28
2021-06-25T23:59:59+02:00,2272,2036,39196,36864,52124,47791,63277,64329,84772,87341,97703,97548,69385,75537,49765,60641,14334,24568,11079,10465,19447,19520,23854,28154,35315,43071,42445,46581,50968,56663,43359,52783,12928,21991,700966,347514,68192,46961,180680,104661,19615,30,28
2021-06-24T23:59:59+02:00,2218,1984,38707,36403,51773,47463,63060,64120,84538,87148,97515,97391,69303,75471,49730,60595,14328,24552,10481,9881,18384,18642,22430,26898,33215,41232,40012,44285,49486,55012,42789,52082,12811,21788,698019,334626,68163,44358,180659,101108,19428,30,28
2021-06-23T23:59:59+02:00,2205,1960,38476,36172,51611,47294,62946,64009,84440,87053,97438,97307,69272,75440,49712,60574,14324,24541,10026,9449,17757,18086,21501,26040,31283,39599,36043,39822,48192,53648,42403,51575,12731,21622,696786,319095,68131,43736,180643,97799,19186,28,28
2021-06-22T23:59:59+02:00,2126,1899,37491,35245,50860,46622,62464,63561,84065,86643,97074,96995,69123,75297,49645,60493,14311,24508,9554,9016,16887,17398,20277,24960,28156,36833,33737,37945,47234,52676,41993,51018,12591,21388,690649,306911,68086,40996,180630,94730,19029,28,27
2021-06-21T23:59:59+02:00,1979,1760,36139,34022,49839,45754,61743,62899,83569,86171,96634,96590,68954,75126,49579,60398,14299,24473,9235,8718,16426,17034,19651,24481,26410,35268,32198,36651,46184,51596,41540,50469,12484,21196,682690,299551,68058,40353,180615,91091,18538,27,27
2021-06-20T23:59:59+02:00,1968,1751,36052,33969,49696,45633,61606,62764,83489,86113,96565,96531,68920,75098,49564,60380,14299,24462,9087,8615,16208,16866,19335,24223,25593,34614,31255,35701,45989,51393,41509,50417,12475,21176,682055,295764,68019,39761,180597,90759,18162,27,27
2021-06-19T23:59:59+02:00,1600,1451,34436,32426,48791,44813,61118,62260,83018,85639,96158,96179,68771,74932,49499,60299,14284,24438,9047,8540,16104,16743,19215,24070,25487,34455,31125,35559,45893,51297,41491,50392,12471,21166,673352,294422,68002,39758,180590,90722,18141,27,27
2021-06-18T23:59:59+02:00,1404,1278,32789,30840,47584,43624,60180,61340,82213,84892,95544,95602,68552,74710,49410,60161,14268,24408,8972,8455,15945,16588,19027,23877,25234,34215,30842,35239,45599,50950,41407,50315,12458,21152,662223,292227,67868,39643,180589,90301,18092,27,27
2021-06-17T23:59:59+02:00,1329,1220,31866,29998,46719,42915,59374,60490,81471,84246,95133,95218,68410,74566,49368,60085,14254,24379,8430,8089,15255,16032,18199,23051,24131,33089,29361,33877,44273,49447,40922,49703,12338,20963,655293,283281,67754,38816,180558,87642,17409,27,27
2021-06-16T23:59:59+02:00,1246,1156,31175,29296,45916,42169,58448,59611,80694,83475,94710,94839,68274,74406,49311,59993,14234,24353,7942,7763,14640,15517,17421,22323,22990,32133,28182,32767,42378,47329,40376,49124,12230,20778,648224,273535,67630,38216,180538,85243,16887,27,27
2021-06-15T23:59:59+02:00,1104,1037,29283,27506,44168,40647,56860,57974,79307,82155,93952,94168,67987,74113,49197,59836,14201,24288,7767,7636,14331,15277,17060,22021,22471,31748,27650,32338,41440,46313,39992,48698,12106,20558,633271,270463,67582,37709,180500,82817,16403,27,27
2021-06-14T23:59:59+02:00,1011,923,27733,26036,42567,39132,55207,56324,78206,81045,93258,93540,67736,73872,49102,59715,14181,24243,7584,7463,13957,14942,16533,21575,21778,31165,26971,31744,41055,45889,39608,48248,11975,20352,620037,267782,67528,37295,180471,79979,15768,27,26
2021-06-13T23:59:59+02:00,987,898,27534,25856,42183,38800,54662,55803,77860,80738,93066,93350,67646,73792,49065,59657,14166,24218,7442,7295,13684,14647,16145,21175,21350,30674,26434,31241,40657,45485,39145,47683,11796,20067,617338,265687,67387,37226,180443,76906,15086,27,26
2021-06-12T23:59:59+02:00,858,784,26020,24264,41019,37720,53989,55069,77327,80244,92515,92825,67491,73615,48996,59580,14153,24197,7397,7245,13562,14539,16013,21062,21166,30528,26316,31141,40640,45468,39135,47672,11796,20066,607796,264907,67381,37224,180438,76576,15024,27,26
2021-06-11T23:59:59+02:00,745,675,24402,22741,39668,36528,52759,53860,76358,79392,91941,92249,67256,73380,48934,59472,14134,24162,7341,7157,13390,14352,15796,20866,20894,30267,26045,30884,40335,45092,39050,47557,11779,20037,596034,263012,67301,37079,180429,75871,14865,27,26
2021-06-10T23:59:59+02:00,644,585,23405,21733,38448,35346,51154,52356,75041,78196,90335,90703,66901,72985,48808,59298,14109,24107,7060,6932,12864,13916,15157,20294,20133,29511,25254,30207,39630,44231,38698,47139,11665,19853,583137,259547,66819,37045,180377,72143,13794,27,26
2021-06-09T23:59:59+02:00,574,536,22951,21345,37788,34823,50045,51310,73797,77000,89744,90198,66774,72840,48758,59213,14094,24077,6787,6623,12272,13312,14372,19483,19216,28486,24269,29044,37062,41312,38134,46494,11517,19614,575966,249222,66358,36972,180338,68610,13178,27,26
2021-06-08T23:59:59+02:00,468,425,21434,19881,36181,33463,47932,49351,71655,75063,88269,88719,66458,72455,48623,59052,14061,24033,6656,6447,11888,12941,13888,18994,18612,27884,23713,28506,36778,41057,37843,46127,11408,19457,558597,247561,66082,36894,180305,65217,12512,27,26
2021-06-07T23:59:59+02:00,353,331,20428,18906,34636,32132,45657,47329,69520,73185,87291,87871,66234,72189,48549,58917,14041,23997,6502,6285,11463,12590,13345,18510,17884,27295,23079,27908,36458,40753,37425,45646,11295,19258,543413,245568,65911,36824,180252,61326,11963,27,26
2021-06-06T23:59:59+02:00,330,310,20248,18760,34241,31847,45049,46755,68901,72700,87080,87705,66178,72128,48537,58890,14034,23985,6370,6110,11135,12175,12916,17938,17247,26485,22383,27100,35990,40277,36943,45093,11139,18989,540291,243120,65584,36775,180209,56814,11567,27,25
2021-06-05T23:59:59+02:00,258,245,19001,17494,32909,30633,43822,45581,68326,72182,86548,87195,66087,72026,48489,58842,14027,23973,6319,6029,11031,12012,12791,17760,17077,26274,22212,26911,35926,40200,36921,45069,11137,18984,530293,242517,65584,36362,180188,56214,11546,27,25
2021-06-04T23:59:59+02:00,177,175,17807,16343,31600,29341,42269,44084,66984,70868,85741,86443,65900,71813,48413,58750,14011,23944,6216,5887,10857,11802,12577,17504,16722,25889,21692,26473,35039,39345,36606,44769,11120,18961,517464,240674,65517,36035,180181,53263,11474,27,24
2021-06-03T23:59:59+02:00,122,122,17167,15769,30614,28514,40809,42789,65209,69337,83492,84158,65474,71360,48285,58588,13993,23906,6046,5678,10547,11446,12259,17038,16271,25228,21143,25894,34375,38554,36430,44566,11087,18911,503670,238337,64820,35648,180142,50427,11049,27,23
2021-06-02T23:59:59+02:00,93,79,16824,15458,30304,28249,40145,42167,63619,67945,82551,83356,65333,71197,48225,58505,13990,23891,5929,5587,10372,11286,12029,16822,15979,24922,20797,25501,31127,34927,36202,44343,11058,18858,496162,229637,64817,35316,180141,49989,10784,27,23
2021-06-01T23:59:59+02:00,37,44,16032,14786,28806,27144,37782,40106,60050,64760,80119,81034,64984,70833,48097,58315,13956,23837,5655,5307,9854,10852,11492,16228,15312,24126,20060,24743,30784,34630,36007,44165,11029,18796,477796,228174,63260,34811,180074,46477,9566,26,22
2021-05-31T23:59:59+02:00,29,36,15468,14307,27867,26442,35821,38441,56605,61732,78088,79331,64653,70477,47953,58140,13924,23785,5492,5099,9442,10486,11064,15747,14777,23441,19436,24038,30499,34376,35824,43973,10994,18739,462026,227494,62538,34424,180008,42995,8501,26,22
2021-05-30T23:59:59+02:00,27,33,15322,14181,27581,26211,35368,38032,55892,61112,77767,79058,64591,70419,47928,58105,13920,23774,5389,4903,9114,10124,10652,15260,14325,22639,18908,23268,29821,33660,35597,43780,10972,18677,459046,227029,62100,34344,179960,37514,8189,26,22
2021-05-29T23:59:59+02:00,25,32,14925,13788,26732,25395,33609,36440,54409,59816,77178,78491,64441,70270,47875,58052,13913,23760,5356,4828,9051,10011,10558,15142,14216,22490,18777,23129,29792,33637,35591,43772,10971,18674,448918,226546,62067,34344,179956,36908,8184,26,22
2021-05-28T23:59:59+02:00,22,31,14519,13387,25917,24650,31760,34679,52237,57810,76126,77495,64236,70018,47823,57975,13903,23737,5272,4710,8874,9867,10402,14968,14055,22253,18565,22828,29723,33590,35574,43755,10970,18669,436959,225872,61598,34338,179867,35977,7875,26,22
2021-05-27T23:59:59+02:00,18,26,13890,12920,24850,23933,30510,33751,50630,56434,73029,74509,63794,69482,47689,57813,13880,23682,5159,4475,8541,9527,9999,14536,13613,21620,18059,22229,29500,33386,35463,43643,10949,18641,424810,225222,59639,34267,179235,32708,7130,26,22
2021-05-26T23:59:59+02:00,17,24,13403,12497,23936,23289,29589,33048,49545,55508,70070,71317,63179,68872,47554,57642,13849,23636,5072,4312,8285,9210,9699,14147,13255,21018,17626,21629,29304,33220,35365,43538,10922,18589,413985,224608,57464,34149,178738,29659,6762,26,22
2021-05-25T23:59:59+02:00,17,19,13062,12200,23354,22884,28532,32187,46943,53271,67808,69191,62827,68505,47441,57493,13831,23582,4994,4191,8076,8947,9445,13770,12943,20497,17242,21079,29145,33065,35281,43432,10895,18534,402123,224055,56397,34068,178115,26914,6486,26,22
2021-05-24T23:59:59+02:00,16,18,12764,11917,22855,22501,27911,31735,44320,50837,65347,67000,62518,68206,47330,57367,13795,23525,4922,4082,7826,8714,9124,13384,12613,19984,16858,20522,29002,32925,35206,43360,10871,18487,390452,223475,55913,34001,177448,24268,6123,26,22
2021-05-23T23:59:59+02:00,16,18,12702,11848,22760,22416,27831,31656,44063,50610,64759,66451,62438,68118,47305,57349,13793,23523,4901,4067,7791,8683,9065,13350,12534,19923,16779,20467,28993,32912,35202,43353,10871,18485,388247,223193,55832,33994,177434,24059,6117,26,22
2021-05-22T23:59:59+02:00,16,18,12478,11610,22439,22108,26830,30766,42227,49034,63903,65710,62275,67927,47239,57258,13783,23500,4884,4012,7763,8619,9024,13285,12503,19837,16749,20399,28982,32902,35198,43347,10870,18484,379756,223101,55821,33994,177429,23661,6089,26,22
2021-05-21T23:59:59+02:00,16,17,12175,11359,21870,21667,26016,30074,39833,47139,61927,64041,62013,67654,47155,57170,13768,23474,4865,3985,7708,8533,8958,13196,12426,19744,16674,20314,28966,32876,35191,43337,10868,18483,369323,222905,54765,33979,177237,23210,6017,26,22
2021-05-20T23:59:59+02:00,15,17,11562,10786,20741,20773,24864,29044,38326,45860,59581,61968,61194,66753,46954,56911,13734,23418,4588,3807,7307,8242,8517,12801,11970,19232,16254,19793,28845,32780,35140,43284,10864,18473,358816,222499,52410,33868,175955,20223,5294,26,22
2021-05-19T23:59:59+02:00,15,17,11122,10473,19954,20221,24016,28444,37425,45176,56348,58331,60504,66050,46845,56776,13711,23371,4435,3647,7052,7999,8241,12472,11640,18802,15884,19370,28746,32668,35097,43208,10853,18458,348348,222016,50788,33750,174826,17982,4811,26,22
2021-05-18T23:59:59+02:00,15,17,10791,10186,19372,19770,23362,27883,36018,43948,54935,57202,60132,65623,46715,56615,13686,23346,4328,3520,6804,7765,7980,12187,11405,18399,15536,18940,28662,32576,35067,43167,10849,18451,342956,221724,48934,33668,173346,15877,4354,26,22
2021-05-17T23:59:59+02:00,14,16,10570,10005,18934,19481,22926,27572,34815,42955,53625,56166,59883,65376,46651,56516,13670,23313,4257,3434,6596,7547,7728,11892,11148,18003,15225,18534,28570,32488,35042,43126,10843,18438,338873,221424,47939,33600,171826,14010,3824,26,22
2021-05-16T23:59:59+02:00,14,15,10378,9876,18638,19277,22592,27331,34176,42495,52387,54996,59690,65211,46614,56462,13659,23293,4188,3360,6379,7381,7438,11639,10879,17651,14930,18170,28504,32426,35026,43108,10836,18434,336434,221173,47061,33538,170207,12249,3377,25,21
2021-05-15T23:59:59+02:00,14,15,10283,9776,18487,19129,22421,27186,33791,42126,51991,54618,59574,65065,46566,56417,13656,23277,4148,3324,6295,7316,7345,11536,10777,17532,14826,18040,28409,32308,34934,43015,10832,18429,334031,220085,47060,33536,170073,12230,3203,25,21
2021-05-14T23:59:59+02:00,13,15,10000,9572,18057,18886,22020,26899,31439,40347,49839,52761,59353,64836,46518,56332,13640,23255,4019,3241,6009,7152,7041,11312,10432,17181,14480,17713,27837,31602,34811,42823,10814,18400,324867,216795,47007,33530,169461,12107,2423,24,21
2021-05-13T23:59:59+02:00,13,15,9539,9203,17264,18324,21152,26218,30322,39357,47595,50587,58502,63862,46308,56049,13601,23182,3518,3047,5670,6899,6729,11003,10021,16791,14103,17279,26940,30403,34387,42305,10783,18338,316373,212199,45144,32974,167438,10916,2115,23,21
2021-05-12T23:59:59+02:00,13,15,9248,9009,16831,18067,20681,25928,29793,38971,44593,46943,57929,63220,46224,55935,13583,23157,3378,2959,5438,6788,6449,10856,9738,16582,13864,17015,26292,29580,34221,42112,10757,18305,307187,209168,44327,32948,167145,10748,1458,23,21
2021-05-11T23:59:59+02:00,13,13,8811,8730,16058,17549,19818,25308,28054,37528,42658,45440,57552,62774,46140,55800,13562,23129,3259,2828,5205,6446,6151,10443,9370,16026,13425,16454,24869,27910,33710,41484,10706,18217,301698,203187,41268,32765,164659,9250,1289,23,21
2021-05-10T23:59:59+02:00,13,12,8550,8577,15546,17294,19184,24987,27064,36838,41197,44295,57285,62501,46060,55696,13542,23098,3149,2703,4973,6211,5897,10119,9047,15549,13061,16032,23818,26579,33221,40901,10671,18160,298393,198532,40359,32737,161988,7834,977,22,19
2021-05-09T23:59:59+02:00,13,12,8394,8495,15239,17113,18801,24732,26397,36409,39418,42629,56989,62222,46005,55638,13534,23078,3029,2649,4792,6071,5729,9945,8849,15342,12893,15859,23543,26247,33076,40728,10661,18145,295419,197337,39985,32694,158987,6811,705,22,19
2021-05-08T23:59:59+02:00,13,12,8319,8422,15058,16967,18592,24532,26169,36171,39185,42438,56862,62072,45967,55601,13531,23067,3021,2630,4761,6035,5685,9899,8772,15277,12807,15789,23173,25821,32790,40415,10653,18129,293855,196148,39532,31985,158864,6808,705,22,19
2021-05-07T23:59:59+02:00,12,11,8146,8326,14730,16783,18204,24295,25746,35881,38729,42058,56588,61717,45918,55554,13524,23057,2722,2496,4411,5848,5415,9637,8456,14966,12411,15393,22074,24447,32140,39580,10625,18079,291311,192684,39100,30483,158536,5214,310,22,17
2021-05-06T23:59:59+02:00,11,11,7495,7969,13831,16184,17145,23440,24404,34766,36583,40393,55459,60396,45675,55247,13489,22990,2597,2383,4236,5652,5207,9333,8112,14525,11978,14939,20767,22770,31285,38571,10571,17965,280661,187063,37817,29524,156715,4023,273,22,16
2021-05-05T23:59:59+02:00,9,11,6957,7660,13047,15635,16108,22673,23017,33741,34753,38905,53619,58355,45354,54901,13456,22924,2510,2324,4061,5495,5016,9121,7765,14187,11609,14578,19377,20988,30091,37155,10531,17862,269192,180928,36894,28352,154923,3288,94,22,16
2021-05-04T23:59:59+02:00,9,10,6768,7568,12681,15458,15620,22402,22368,33395,33793,38206,52765,57392,45231,54773,13438,22883,2455,2254,3907,5326,4840,8867,7423,13779,11183,14119,17725,19061,28993,35823,10434,17742,265411,174111,36026,27411,153261,2360,41,21,16
2021-05-03T23:59:59+02:00,9,10,6622,7419,12303,15239,15114,22090,21661,32988,32640,37316,52468,57074,45135,54665,13423,22851,2396,2184,3813,5146,4700,8631,7206,13430,10862,13711,16522,17562,28113,34719,10369,17634,262121,168533,35565,27061,151290,1366,30,21,16
2021-05-02T23:59:59+02:00,9,10,6541,7327,12088,15067,14819,21857,21184,32667,31490,36368,52184,56783,45073,54574,13405,22820,2381,2177,3792,5113,4670,8595,7140,13359,10778,13619,16210,17166,27816,34414,10357,17621,259685,166967,35491,26947,149040,1259,29,21,14
2021-05-01T23:59:59+02:00,9,10,6523,7304,12025,15018,14739,21793,21083,32594,31363,36274,52178,56768,45069,54573,13403,22818,2378,2170,3768,5096,4629,8570,7103,13322,10717,13564,16012,16943,27701,34277,10354,17611,259115,166001,35490,26922,148889,1257,29,21,14
2021-04-30T23:59:59+02:00,9,10,6485,7265,11934,14923,14633,21674,20888,32408,31123,36083,51907,56408,45024,54520,13397,22806,2350,2149,3706,5033,4533,8461,6953,13139,10439,13301,15196,15916,26830,33203,10313,17523,257331,162793,35447,25030,148670,1188,28,21,14
2021-04-29T23:59:59+02:00,9,10,6280,7138,11612,14735,14279,21437,20369,32118,30370,35592,51258,55582,44932,54401,13370,22727,2312,2103,3613,4946,4409,8325,6759,12921,10162,13014,14220,14682,25526,31656,10251,17430,254148,157088,35352,24282,146671,926,27,21,14
2021-04-28T23:59:59+02:00,9,10,6016,6974,11235,14399,13786,20969,19729,31510,29205,34459,48589,52577,44638,54076,13307,22649,2274,2062,3546,4885,4294,8208,6599,12737,9913,12795,13079,13200,24034,29775,10189,17327,244196,151114,35225,23077,144680,707,15,21,12
2021-04-27T23:59:59+02:00,9,10,5912,6882,11082,14276,13586,20805,19450,31300,28644,34071,48383,52356,44582,54022,13298,22627,2232,2028,3457,4791,4201,8099,6433,12552,9631,12519,11862,11635,22378,27618,10110,17181,242819,144287,35177,21892,143263,530,15,21,11
2021-04-26T23:59:59+02:00,9,10,5863,6838,10965,14208,13425,20683,19224,31089,27810,33504,48045,51987,44527,53956,13289,22598,2210,2001,3403,4748,4139,8031,6331,12419,9442,12345,10943,10476,21098,25861,10049,17091,242088,139007,35150,21144,140757,420,15,20,9
2021-04-25T23:59:59+02:00,9,10,5817,6791,10860,14113,13265,20527,18977,30805,27049,32765,47547,51476,44443,53857,13275,22578,2184,1991,3373,4729,4121,8012,6298,12378,9385,12284,10781,10283,20855,25538,10039,17077,240377,138154,35107,20796,138645,362,15,20,9
2021-04-24T23:59:59+02:00,9,10,5795,6742,10783,14024,13166,20383,18843,30626,26888,32584,47446,51353,44349,53761,13271,22573,2177,1981,3348,4701,4082,7965,6226,12306,9254,12166,10624,10102,20720,25406,10023,17059,238897,137626,35089,20155,138585,343,15,20,9
2021-04-23T23:59:59+02:00,9,10,5733,6653,10650,13825,12964,20129,18533,30246,26491,32222,46500,50216,44195,53516,13248,22541,2159,1959,3305,4664,4033,7911,6131,12215,9090,12038,10357,9802,20396,24985,9975,16977,234500,136502,35029,19147,138117,332,15,20,9
2021-04-22T23:59:59+02:00,9,10,5631,6539,10440,13626,12611,19793,18021,29774,25861,31629,44771,48062,43623,52787,13202,22440,2145,1948,3266,4611,3956,7838,6002,12115,8831,11873,9923,9395,19940,24394,9925,16900,228246,134377,34917,18368,135631,300,15,20,9
2021-04-21T23:59:59+02:00,9,9,5533,6402,10210,13424,12280,19479,17519,29280,25143,30896,40490,43191,43143,52253,13135,22336,2132,1939,3230,4574,3901,7780,5921,12022,8655,11713,9591,9011,19441,23802,9859,16803,216115,132728,34851,17356,133731,277,15,20,5
2021-04-20T23:59:59+02:00,9,9,5455,6312,10016,13207,12005,19213,17096,28873,24590,30328,38735,41175,42488,51473,13063,22195,2107,1926,3189,4550,3834,7736,5788,11923,8484,11585,9307,8693,18968,23133,9762,16662,209869,131359,34761,16052,131577,223,15,20,5
2021-04-19T23:59:59+02:00,9,8,5376,6234,9855,13077,11800,19003,16733,28491,24044,29857,37176,39381,41896,50751,13008,22108,2091,1909,3154,4515,3794,7692,5748,11854,8399,11493,9069,8409,18560,22565,9715,16570,204828,129663,34703,15658,129243,203,15,18,5
2021-04-18T23:59:59+02:00,9,7,5314,6183,9724,12992,11600,18864,16452,28293,23636,29544,35864,38016,41543,50346,12974,22044,2078,1894,3126,4493,3768,7676,5704,11807,8349,11444,8971,8320,18406,22377,9702,16545,203282,129182,34661,15267,125430,198,15,17,5
2021-04-17T23:59:59+02:00,9,7,5308,6167,9690,12961,11553,18824,16375,28226,23572,29485,35553,37675,41435,50248,12968,22033,2068,1886,3099,4480,3710,7631,5634,11756,8263,11392,8861,8210,18300,22261,9681,16532,202051,128378,34652,15177,125354,196,15,17,5
2021-04-16T23:59:59+02:00,9,7,5243,6128,9601,12900,11418,18712,16164,28066,23219,29137,34470,36416,41023,49722,12948,21999,1935,1800,2870,4300,3350,7314,4864,11223,6773,10302,6340,6142,16489,20567,9486,16234,197883,119028,34562,10755,124706,193,15,16,5
2021-04-15T23:59:59+02:00,9,7,5177,6038,9399,12727,11123,18465,15668,27672,22529,28532,32572,34100,39976,48514,12867,21831,1892,1768,2803,4235,3231,7193,4647,11041,6395,9994,5883,5743,15897,19880,9293,15899,192055,115894,34509,9703,120611,184,15,16,5
2021-04-14T23:59:59+02:00,9,7,5115,5992,9233,12600,10907,18288,15266,27357,21877,28052,30644,31848,38756,47092,12792,21644,1809,1714,2719,4167,3120,7100,4446,10875,6087,9744,5404,5329,15314,19192,9089,15543,185673,113267,34370,8243,117405,129,15,16,5
2021-04-13T23:59:59+02:00,9,7,5068,5938,9096,12472,10730,18120,14923,27081,21354,27590,28539,29396,37493,45493,12648,21437,1765,1697,2682,4124,3064,7039,4312,10735,5817,9533,5061,5026,14863,18743,8953,15339,178777,111844,34304,6863,114282,33,15,16,5
2021-04-12T23:59:59+02:00,9,7,5005,5889,8988,12334,10523,17972,14602,26800,20815,27135,26498,27122,36333,44023,12518,21236,1730,1654,2652,4104,3036,6986,4253,10668,5714,9432,4895,4880,14562,18375,8840,15138,173052,110998,34225,5876,110501,32,15,16,5
2021-04-11T23:59:59+02:00,9,7,4969,5846,8895,12255,10366,17871,14339,26623,20390,26811,25295,25831,35627,43238,12429,21086,1721,1648,2631,4084,3011,6958,4218,10621,5627,9364,4804,4825,14446,18252,8801,15085,171266,110788,34154,5269,106436,26,15,16,5
2021-04-10T23:59:59+02:00,9,7,4958,5833,8853,12227,10311,17836,14271,26574,20294,26731,24979,25456,35280,42818,12422,21065,1716,1642,2622,4076,2997,6941,4188,10590,5568,9325,4726,4748,14317,18086,8754,15000,170052,109989,33429,5268,106412,26,15,16,5
2021-04-09T23:59:59+02:00,9,7,4911,5801,8769,12148,10187,17712,14103,26400,20034,26487,24139,24301,34325,41607,12390,20991,1688,1613,2565,4042,2925,6881,4037,10480,5313,9101,4310,4373,13747,17368,8524,14631,166685,106302,31912,5260,105698,26,11,15,5
2021-04-08T23:59:59+02:00,9,7,4835,5736,8623,12039,9974,17540,13707,26086,19429,26020,22431,22311,32630,39633,12241,20755,1658,1597,2511,3997,2842,6794,3888,10344,5021,8837,3853,3946,12753,16121,8040,13868,160920,101310,31005,4729,102055,21,11,15,5
2021-04-07T23:59:59+02:00,9,6,4788,5683,8439,11961,9747,17390,13389,25859,18958,25658,20622,20196,30868,37369,12123,20541,1625,1581,2457,3945,2781,6713,3781,10199,4834,8649,3590,3654,12063,15317,7663,13307,154873,97983,29827,4155,98885,12,10,11,5
2021-04-06T23:59:59+02:00,9,6,4741,5637,8295,11849,9587,17224,13069,25591,18438,25271,18766,18131,28941,34876,11920,20196,1590,1562,2433,3919,2748,6675,3719,10156,4752,8558,3481,3530,11590,14669,7377,12894,148022,95673,28862,3960,95643,11,10,10,5
2021-04-05T23:59:59+02:00,9,6,4710,5596,8200,11759,9448,17127,12856,25379,18036,24925,17037,16199,27313,32725,11773,19968,1568,1550,2402,3901,2718,6626,3676,10097,4666,8442,3368,3421,11249,14301,7219,12613,142607,94276,28426,3521,92015,11,10,8,5
2021-04-04T23:59:59+02:00,9,6,4703,5590,8192,11749,9434,17112,12830,25358,18008,24900,16905,16023,27117,32479,11764,19954,1567,1549,2400,3898,2715,6622,3674,10093,4663,8439,3359,3410,11237,14289,7216,12605,141888,94197,28333,3521,91898,11,8,6,5
2021-04-03T23:59:59+02:00,9,6,4699,5583,8178,11742,9415,17092,12791,25327,17930,24836,16825,15933,27070,32422,11759,19947,1564,1547,2391,3890,2697,6608,3651,10065,4580,8384,3242,3295,11156,14214,7210,12595,141357,93550,28307,3521,91886,11,8,6,5
2021-04-02T23:59:59+02:00,9,6,4673,5563,8119,11688,9351,17024,12652,25220,17694,24635,16372,15455,26594,31845,11727,19893,1562,1538,2377,3884,2690,6592,3630,10033,4510,8291,3172,3227,10919,13912,7058,12392,140145,92252,26894,3517,91467,11,8,6,5
2021-04-01T23:59:59+02:00,8,6,4630,5502,8007,11546,9221,16864,12379,24934,17249,24234,15621,14729,25835,30882,11600,19711,1545,1518,2348,3851,2667,6563,3591,9994,4442,8225,3059,3096,9983,12794,6444,11542,137904,88235,26230,3412,88812,10,6,6,5
2021-03-31T23:59:59+02:00,8,6,4418,5423,7896,11424,9080,16697,12160,24659,16895,23868,14924,13965,25001,29870,11490,19512,1536,1513,2335,3831,2642,6534,3543,9946,4376,8156,2971,3007,9411,12091,6079,11043,136101,85799,24766,3200,86417,10,6,6,5
2021-03-30T23:59:59+02:00,8,6,4387,5370,7822,11297,8993,16540,11998,24469,16611,23556,14323,13323,24241,28885,11351,19267,1522,1503,2314,3806,2616,6505,3503,9881,4310,8085,2844,2859,8816,11435,5728,10548,134611,83471,23550,2793,84274,6,6,6,5
2021-03-29T23:59:59+02:00,8,6,4347,5315,7722,11185,8886,16377,11839,24195,16282,23209,13778,12721,23475,27909,11191,19018,1504,1490,2295,3790,2594,6476,3469,9822,4246,8010,2791,2791,8527,11048,5539,10236,132762,82083,22790,2534,81899,6,6,6,5
2021-03-28T23:59:59+02:00,8,6,4312,5231,7638,11075,8807,16223,11704,23965,16023,22935,13449,12410,22903,27214,11016,18734,1495,1483,2273,3774,2579,6447,3429,9772,4208,7952,2743,2740,8448,10944,5494,10168,132263,81732,22265,2207,79113,5,6,6,5
2021-03-27T23:59:59+01:00,8,6,4298,5220,7612,11043,8741,16151,11604,23870,15878,22819,13243,12197,22700,27000,10981,18705,1494,1481,2270,3772,2578,6446,3415,9744,4198,7930,2735,2734,8390,10879,5459,10128,131378,81436,21619,2207,79067,5,6,6,5
2021-03-26T23:59:59+01:00,8,6,4255,5153,7502,10909,8565,15966,11270,23567,15264,22317,12321,11368,21910,26157,10834,18478,1489,1467,2265,3751,2565,6423,3398,9718,4157,7893,2705,2695,8209,10660,5338,9958,127320,80586,20007,2093,78511,5,6,6,5
2021-03-25T23:59:59+01:00,8,5,4200,4992,7339,10630,8320,15559,10886,22943,14619,21619,11646,10704,21039,25089,10515,17932,1469,1453,2233,3725,2531,6384,3363,9671,4087,7812,2575,2558,7231,9400,4723,9041,124031,76380,19225,1865,74778,5,5,6,5
2021-03-24T23:59:59+01:00,8,5,4124,4851,7202,10342,8105,15147,10622,22394,14149,21009,11039,10145,20104,23998,10182,17365,1448,1424,2206,3687,2487,6347,3321,9606,4008,7712,2476,2461,6580,8636,4338,8457,121429,73739,18031,1449,71325,3,2,4,5
2021-03-23T23:59:59+01:00,8,5,4084,4758,7095,10104,7950,14806,10359,21888,13746,20518,10572,9703,19377,23146,9868,16898,1437,1406,2180,3666,2468,6319,3262,9552,3918,7635,2383,2361,5853,7703,3886,7766,119962,70659,16925,1131,67993,3,1,4,5
2021-03-22T23:59:59+01:00,8,5,4031,4679,6967,9864,7790,14484,10099,21420,13396,20017,10178,9348,18808,22436,9674,16549,1428,1399,2173,3652,2456,6303,3238,9529,3888,7601,2322,2310,5398,7095,3528,7274,119070,68547,16522,1041,64156,3,1,4,5
2021-03-21T23:59:59+01:00,8,5,3984,4576,6833,9601,7622,14127,9878,20881,13053,19491,9858,9068,18271,21833,9485,16236,1425,1395,2172,3641,2453,6296,3232,9520,3878,7587,2308,2291,5281,6962,3470,7173,118865,68038,16125,1041,59815,2,1,4,5
2021-03-20T23:59:59+01:00,8,5,3973,4556,6798,9547,7564,14054,9794,20772,12947,19401,9771,8975,18131,21656,9434,16149,1422,1390,2168,3638,2448,6291,3219,9510,3859,7577,2273,2259,4953,6589,3281,6931,118033,66762,16030,1041,59467,2,1,4,5
2021-03-19T23:59:59+01:00,7,5,3798,4416,6505,9298,7123,13629,8882,20042,11219,18076,6910,6627,15875,19452,9071,15585,1418,1386,2163,3631,2436,6278,3207,9485,3808,7531,2206,2218,4578,6117,3012,6606,108731,65067,11307,1008,56477,2,1,4,5
2021-03-18T23:59:59+01:00,7,4,3694,4284,6328,8988,6855,13189,8494,19382,10580,17339,6195,5975,14652,17980,8553,14760,1414,1380,2140,3604,2418,6242,3178,9444,3768,7498,2161,2184,4156,5585,2729,6192,103597,63188,10299,900,53358,2,1,4,5
2021-03-17T23:59:59+01:00,7,4,3615,4211,6197,8843,6684,13012,8196,19072,10177,16949,5787,5588,13837,17055,8152,14171,1404,1367,2124,3585,2388,6210,3147,9416,3731,7462,2106,2125,3747,5139,2475,5804,100357,61460,8607,765,52588,2,1,4,5
2021-03-16T23:59:59+01:00,7,4,3536,4077,6043,8573,6477,12643,7882,18489,9629,16294,5259,5134,13020,16095,7814,13670,1395,1359,2115,3568,2372,6195,3131,9397,3706,7436,2079,2089,3229,4496,2135,5291,98031,59227,7195,761,49415,2,1,4,5
2021-03-15T23:59:59+01:00,7,4,3488,3931,5854,8300,6258,12232,7605,17917,9193,15671,4941,4849,12362,15352,7547,13207,1395,1349,2099,3553,2352,6171,3112,9348,3682,7397,2042,2038,2861,4034,1850,4896,96531,57432,6214,743,45969,2,0,4,5
2021-03-14T23:59:59+01:00,7,4,3444,3796,5624,7969,5968,11786,7296,17199,8734,14919,4619,4574,12071,15097,7499,13108,1388,1343,2083,3524,2339,6122,3094,9290,3665,7359,2035,2027,2782,3926,1797,4810,96408,57032,5598,548,41704,2,0,4,5
2021-03-13T23:59:59+01:00,7,4,3429,3755,5583,7853,5909,11664,7212,17051,8585,14764,4468,4424,11981,15012,7493,13097,1388,1343,2083,3524,2338,6122,3093,9289,3664,7359,2032,2019,2730,3871,1763,4757,95717,56823,5598,548,40972,2,0,4,5
2021-03-12T23:59:59+01:00,7,4,3410,3684,5526,7718,5848,11512,7126,16825,8449,14530,4360,4328,11707,14687,7336,12879,1388,1343,2079,3518,2337,6114,3089,9283,3662,7354,2030,2017,2642,3760,1679,4670,94285,56413,5590,548,40057,2,0,4,5
2021-03-11T23:59:59+01:00,7,4,3333,3491,5318,7418,5615,11094,6786,16157,8010,13892,4016,3991,10627,13431,6678,11964,1383,1341,2068,3504,2318,6089,3067,9250,3638,7321,2000,1993,2403,3496,1524,4451,90080,55326,5154,516,36594,2,0,4,5
2021-03-10T23:59:59+01:00,7,4,3237,3373,5100,7147,5403,10732,6516,15611,7673,13346,3793,3763,9981,12639,6289,11426,1378,1330,2041,3466,2289,5999,3019,9128,3581,7202,1956,1916,2187,3259,1390,4257,87604,54112,4778,282,33654,2,0,4,5
2021-03-09T23:59:59+01:00,6,4,3164,3246,4935,6958,5200,10446,6285,15178,7376,12837,3609,3556,9344,11939,5913,10898,1371,1319,2006,3406,2258,5897,2957,8985,3513,7120,1926,1890,1907,2942,1218,4010,85318,52687,4516,34,31056,2,0,4,5
2021-03-08T23:59:59+01:00,6,4,3099,3089,4707,6693,4961,10093,6025,14665,7015,12252,3407,3363,8951,11495,5716,10581,1368,1301,1992,3328,2227,5800,2919,8839,3480,7027,1911,1868,1704,2710,1094,3816,83842,51350,4145,32,28131,0,0,4,5
2021-03-07T23:59:59+01:00,6,4,3067,3030,4634,6578,4877,9980,5920,14501,6898,12106,3356,3317,8864,11387,5675,10512,1362,1296,1986,3316,2219,5775,2913,8800,3468,7008,1903,1856,1649,2642,1042,3747,83482,50948,3969,32,27257,0,0,4,5
2021-03-06T23:59:59+01:00,6,4,3053,2973,4593,6487,4840,9913,5862,14381,6850,11995,3332,3294,8807,11322,5641,10471,1360,1283,1981,3302,2207,5748,2910,8773,3457,6989,1893,1832,1621,2618,1036,3738,83163,50714,3969,32,26688,0,0,4,5
2021-03-05T23:59:59+01:00,6,4,3029,2879,4534,6376,4776,9814,5799,14229,6747,11843,3287,3239,8620,11094,5518,10296,1351,1250,1949,3247,2182,5642,2869,8639,3413,6851,1849,1786,1557,2548,1014,3710,82254,49823,3961,32,25871,0,0,4,5
2021-03-04T23:59:59+01:00,4,4,2976,2688,4377,6140,4558,9501,5592,13813,6434,11455,3111,3063,7599,9796,4883,9378,1332,1201,1911,3124,2151,5459,2823,8363,3358,6619,1777,1697,1520,2496,1009,3692,78081,48499,3687,31,23600,0,0,4,5
2021-03-03T23:59:59+01:00,3,4,2937,2617,4238,5948,4392,9232,5389,13435,6178,11033,2986,2931,6948,9020,4487,8770,1320,1165,1884,3051,2129,5349,2792,8184,3305,6462,1709,1655,1479,2426,989,3638,75353,47505,3444,31,21747,0,0,4,4
2021-03-02T23:59:59+01:00,3,4,2877,2526,4052,5729,4186,8962,5191,13056,5909,10657,2838,2769,6182,8053,4016,8061,1287,1122,1857,2978,2105,5207,2742,7911,3256,6264,1636,1595,1413,2346,965,3587,72179,46239,2988,31,19900,0,0,4,4
2021-03-01T23:59:59+01:00,3,3,2838,2463,3888,5577,3999,8743,5001,12735,5671,10264,2737,2654,5687,7395,3650,7550,1281,1086,1833,2877,2079,5014,2702,7661,3197,6028,1593,1559,1363,2285,935,3544,70007,45005,2679,31,18168,0,0,4,4
2021-02-28T23:59:59+01:00,3,3,2796,2415,3730,5458,3778,8554,4817,12484,5484,9959,2680,2580,5565,7241,3588,7449,1277,1081,1828,2864,2070,4990,2695,7625,3187,6011,1584,1552,1358,2277,932,3534,69529,44834,2457,30,16594,0,0,4,4
2021-02-27T23:59:59+01:00,3,2,2781,2353,3703,5378,3744,8482,4783,12391,5449,9885,2639,2546,5232,6855,3389,7197,1270,1073,1821,2852,2057,4955,2676,7560,3171,5955,1566,1543,1352,2266,930,3533,68214,44550,2457,29,16137,0,0,4,4
2021-02-26T23:59:59+01:00,3,2,2761,2312,3661,5290,3678,8378,4721,12280,5364,9798,2562,2493,4849,6373,3111,6866,1213,1023,1771,2746,2008,4775,2620,7285,3100,5746,1505,1492,1329,2245,917,3524,66399,43270,2330,28,15769,0,0,4,4
2021-02-25T23:59:59+01:00,3,2,2589,2205,3478,5107,3493,8153,4517,11994,5145,9523,2473,2426,4399,5818,2822,6438,1197,965,1740,2637,1954,4500,2551,6890,3005,5460,1459,1449,1308,2230,914,3515,64532,41748,2002,25,14047,0,0,4,4
2021-02-24T23:59:59+01:00,3,2,2436,2072,3287,4913,3346,7949,4320,11740,4925,9273,2336,2306,3938,5307,2560,6040,1182,936,1717,2553,1919,4360,2491,6634,2953,5256,1428,1417,1290,2209,910,3492,62755,40728,1523,17,12471,0,0,4,4
2021-02-23T23:59:59+01:00,3,2,2303,1934,3109,4685,3194,7710,4145,11469,4740,9026,2247,2213,3381,4642,2216,5522,1168,888,1684,2457,1880,4169,2423,6335,2859,4996,1372,1362,1261,2165,894,3465,60538,39362,1171,14,10828,0,0,4,4
2021-02-22T23:59:59+01:00,3,2,2263,1883,3025,4592,3124,7603,4051,11283,4632,8901,2196,2172,3011,4177,1930,5135,1157,829,1652,2333,1839,3923,2347,5941,2734,4699,1309,1308,1238,2132,886,3442,58859,37763,1084,4,10036,0,0,4,4
2021-02-21T23:59:59+01:00,3,2,2227,1852,2973,4523,3044,7489,3970,11138,4566,8784,2181,2149,2927,4062,1874,5047,1154,811,1635,2281,1812,3816,2314,5785,2672,4576,1279,1285,1228,2118,879,3427,58426,37066,1051,4,9330,0,0,4,4
2021-02-20T23:59:59+01:00,3,2,2215,1849,2950,4510,3028,7453,3944,11105,4545,8762,2178,2141,2873,4005,1839,4993,1153,808,1635,2279,1811,3807,2313,5780,2671,4572,1278,1282,1227,2115,878,3426,58211,37030,1050,4,9130,0,0,4,3
2021-02-19T23:59:59+01:00,2,2,2203,1835,2914,4458,3003,7365,3899,11023,4491,8699,2170,2135,2782,3891,1754,4899,1102,799,1596,2271,1801,3798,2303,5759,2663,4559,1272,1271,1216,2110,873,3419,57789,36807,1018,4,8714,0,0,4,3
2021-02-18T23:59:59+01:00,2,2,2072,1740,2758,4275,2879,7167,3762,10738,4352,8494,2136,2101,2539,3620,1598,4675,1024,763,1524,2171,1751,3677,2230,5602,2606,4474,1258,1252,1210,2096,860,3401,56716,35894,950,4,7240,0,0,4,3
2021-02-17T23:59:59+01:00,2,2,2028,1692,2667,4143,2770,6955,3609,10397,4210,8251,2077,2017,2320,3390,1469,4482,872,698,1412,2045,1674,3487,2134,5375,2534,4301,1226,1207,1184,2051,844,3356,55641,34396,804,3,6032,0,0,4,3
2021-02-16T23:59:59+01:00,2,2,1858,1581,2491,3936,2630,6680,3448,10043,4032,7946,2032,1990,2038,3070,1295,4229,845,676,1342,1967,1605,3345,2042,5202,2442,4169,1166,1161,1125,1963,811,3254,54299,33112,768,2,4232,0,0,4,3
2021-02-15T23:59:59+01:00,2,2,1823,1526,2403,3766,2553,6407,3326,9675,3918,7677,2006,1961,1819,2830,1169,4036,827,664,1313,1919,1563,3276,1985,5031,2380,4068,1109,1121,1062,1871,791,3152,53191,32130,752,1,2952,0,0,4,3
2021-02-14T23:59:59+01:00,2,2,1733,1495,2355,3704,2511,6314,3255,9571,3871,7599,1995,1951,1761,2770,1118,3976,812,654,1297,1895,1536,3253,1951,4990,2354,4012,1099,1112,1055,1862,788,3140,52851,31808,723,1,2405,0,0,4,3
2021-02-13T23:59:59+01:00,2,2,1732,1483,2345,3697,2505,6300,3252,9555,3864,7589,1986,1931,1737,2750,1114,3966,812,654,1297,1895,1536,3253,1951,4990,2354,4012,1099,1112,1055,1862,788,3140,52694,31808,723,1,2389,0,0,4,3
2021-02-12T23:59:59+01:00,2,2,1653,1398,2244,3583,2426,6127,3148,9317,3740,7324,1939,1873,1673,2679,1091,3937,805,646,1285,1872,1523,3234,1943,4959,2338,3992,1094,1107,1054,1843,788,3109,51753,31591,723,0,1676,0,0,4,3
2021-02-11T23:59:59+01:00,2,2,1456,1262,2062,3371,2298,5835,2997,8883,3582,6977,1866,1771,1631,2615,1071,3915,776,597,1190,1693,1396,2955,1803,4598,2171,3702,1041,1043,1010,1766,747,2967,50353,29456,683,0,556,0,0,4,1
2021-02-10T23:59:59+01:00,2,2,1362,1215,1978,3242,2230,5663,2915,8604,3471,6746,1796,1724,1584,2548,1052,3853,565,515,967,1469,1257,2644,1618,4137,1967,3320,921,915,877,1508,655,2625,49178,25961,644,0,161,0,0,4,1
2021-02-09T23:59:59+01:00,2,2,1326,1165,1943,3149,2202,5478,2848,8264,3401,6488,1722,1662,1522,2487,1033,3810,303,382,750,1205,1071,2267,1411,3598,1719,2865,755,754,705,1202,522,2122,47907,21632,514,0,80,0,0,3,1
2021-02-08T23:59:59+01:00,2,2,1319,1130,1911,3031,2165,5256,2797,7986,3342,6252,1679,1628,1472,2432,1016,3787,267,342,647,1052,966,2051,1252,3204,1523,2549,654,634,604,1015,450,1837,46781,19048,344,0,79,0,0,3,1
2021-02-07T23:59:59+01:00,2,2,1293,1114,1881,2979,2139,5174,2767,7883,3300,6186,1663,1612,1457,2413,1004,3772,233,287,598,963,907,1895,1161,2978,1426,2376,613,614,583,980,440,1806,46495,17862,143,0,0,0,0,3,0
2021-02-06T23:59:59+01:00,2,2,1288,1108,1875,2967,2130,5146,2754,7839,3289,6141,1650,1604,1452,2403,1001,3771,214,254,576,925,879,1830,1118,2859,1369,2293,597,595,576,980,440,1806,46276,17313,143,0,0,0,0,3,0
2021-02-05T23:59:59+01:00,2,2,1229,1056,1826,2859,2078,4950,2693,7542,3212,5925,1587,1551,1435,2380,993,3765,198,222,540,876,843,1750,1080,2739,1316,2194,563,571,564,956,428,1781,44939,16623,143,0,0,0,0,3,0
2021-02-04T23:59:59+01:00,2,2,1217,992,1785,2711,2006,4637,2610,7096,3112,5597,1542,1518,1418,2363,988,3754,169,169,466,758,744,1609,967,2501,1203,1980,517,518,516,900,407,1662,43313,15088,35,0,0,0,0,2,0
2021-02-03T23:59:59+01:00,2,2,1199,963,1755,2632,1967,4489,2544,6834,3060,5383,1506,1486,1388,2328,969,3724,140,140,393,645,628,1371,822,2124,1009,1689,398,382,373,680,287,1257,42194,12340,35,0,0,0,0,2,0
2021-02-02T23:59:59+01:00,2,2,1182,907,1721,2531,1925,4269,2471,6502,2955,5112,1453,1439,1364,2297,959,3699,117,116,318,524,523,1133,677,1794,820,1380,297,279,292,498,225,946,40753,9941,35,0,0,0,0,2,0
2021-02-01T23:59:59+01:00,1,2,1169,847,1685,2408,1874,4024,2394,6112,2834,4816,1386,1358,1334,2251,946,3670,84,76,219,352,350,740,429,1158,480,858,185,170,171,297,126,562,39074,6257,35,0,0,0,0,2,0
2021-01-31T23:59:59+01:00,1,2,1165,829,1668,2351,1849,3902,2362,5928,2767,4697,1355,1335,1323,2235,939,3654,73,70,186,281,272,574,340,904,398,691,159,155,159,288,122,548,38328,5220,32,0,0,0,0,2,0
2021-01-30T23:59:59+01:00,1,2,1165,826,1667,2346,1847,3891,2360,5917,2764,4687,1354,1331,1322,2234,939,3653,70,63,153,233,244,506,305,786,355,616,158,148,154,284,122,547,38273,4744,31,0,0,0,0,2,0
2021-01-29T23:59:59+01:00,1,2,1113,817,1628,2339,1836,3884,2352,5902,2756,4676,1350,1328,1318,2234,939,3653,62,45,116,178,200,352,250,638,311,488,147,139,143,274,119,546,38097,4008,29,0,0,0,0,2,0
2021-01-28T23:59:59+01:00,1,2,1039,791,1572,2276,1803,3815,2305,5831,2723,4624,1338,1316,1309,2228,927,3639,40,20,74,105,131,205,155,382,203,291,115,106,117,220,107,496,37511,2767,26,0,0,0,0,2,0
2021-01-27T23:59:59+01:00,1,2,891,739,1476,2200,1735,3701,2232,5702,2665,4498,1309,1271,1280,2190,911,3604,31,13,62,87,105,161,122,325,176,246,107,88,105,201,103,459,36388,2391,17,0,0,0,0,2,0
2021-01-26T23:59:59+01:00,1,2,877,719,1413,2124,1674,3571,2145,5530,2577,4386,1250,1231,1230,2117,886,3544,30,12,59,84,101,155,118,310,175,237,104,82,98,180,92,409,35263,2246,12,0,0,0,0,2,0
2021-01-25T23:59:59+01:00,1,2,863,698,1382,2062,1641,3474,2099,5361,2520,4294,1197,1206,1175,2057,868,3478,28,12,56,84,98,153,117,308,174,237,103,81,97,179,90,406,34374,2223,3,0,0,0,0,1,0
2021-01-24T23:59:59+01:00,1,2,860,697,1376,2051,1636,3457,2091,5336,2508,4262,1193,1199,1170,2050,867,3472,28,12,56,84,97,152,117,308,174,236,103,81,97,179,90,405,34224,2219,3,0,0,0,0,1,0
2021-01-23T23:59:59+01:00,1,2,860,697,1376,2051,1636,3457,2091,5336,2508,4262,1193,1199,1170,2050,867,3472,28,12,56,84,97,152,117,308,173,236,103,81,97,179,90,405,34224,2218,3,0,0,0,0,1,0
2021-01-22T23:59:59+01:00,1,2,859,687,1362,2028,1621,3433,2078,5302,2492,4243,1191,1194,1169,2027,866,3438,28,12,56,84,97,152,117,308,172,236,103,81,97,179,90,405,33989,2217,3,0,0,0,0,1,0
2021-01-21T23:59:59+01:00,1,2,828,650,1285,1871,1520,3241,1982,5031,2381,4044,1151,1134,1140,1959,829,3317,26,11,52,79,89,143,107,279,158,213,89,72,86,155,74,345,32362,1978,3,0,0,0,0,1,0
2021-01-20T23:59:59+01:00,1,2,627,553,1091,1655,1384,2966,1806,4625,2177,3703,1023,1015,1010,1718,753,3013,24,11,51,75,86,142,99,266,147,194,78,65,80,130,62,307,29118,1817,3,0,0,0,0,1,0
2021-01-19T23:59:59+01:00,1,2,342,409,840,1397,1180,2619,1570,4096,1913,3252,848,843,837,1423,629,2564,20,8,36,53,57,77,73,179,103,131,58,50,52,96,47,238,24762,1278,2,0,0,0,0,1,0
2021-01-18T23:59:59+01:00,1,2,301,372,727,1210,1062,2366,1377,3595,1672,2870,708,689,677,1167,525,2119,8,4,12,18,19,26,24,52,25,46,13,11,13,33,11,72,21438,387,1,0,0,0,0,1,0
2021-01-17T23:59:59+01:00,1,2,259,318,661,1115,983,2195,1279,3323,1558,2657,662,659,648,1107,497,2051,0,0,1,0,3,2,2,1,2,2,1,4,1,0,0,1,19974,20,1,0,0,0,0,0,0
2021-01-16T23:59:59+01:00,1,2,242,287,645,1080,959,2133,1238,3212,1508,2583,646,641,640,1107,497,2050,0,0,0,0,1,2,1,1,1,2,0,1,1,0,0,1,19470,11,1,0,0,0,0,0,0
2021-01-15T23:59:59+01:00,1,2,227,254,615,1030,932,2056,1204,3095,1456,2487,615,615,633,1086,490,2038,0,0,0,0,0,0,0,0,0,0,0,0,0,0,0,0,18836,0,0,0,0,0,0,0,0
2021-01-14T23:59:59+01:00,1,2,197,204,554,909,843,1911,1109,2874,1341,2302,571,571,593,1040,483,1992,0,0,0,0,0,0,0,0,0,0,0,0,0,0,0,0,17497,0,0,0,0,0,0,0,0
2021-01-13T23:59:59+01:00,1,2,167,185,506,838,771,1786,1010,2637,1187,2079,455,452,451,823,367,1551,0,0,0,0,0,0,0,0,0,0,0,0,0,0,0,0,15268,0,0,0,0,0,0,0,0
2021-01-12T23:59:59+01:00,1,2,143,164,475,769,720,1631,921,2434,1079,1847,365,343,351,591,270,1114,0,0,0,0,0,0,0,0,0,0,0,0,0,0,0,0,13220,0,0,0,0,0,0,0,0
2021-01-11T23:59:59+01:00,0,1,114,127,399,638,630,1377,757,1976,847,1459,227,202,201,357,153,673,0,0,0,0,0,0,0,0,0,0,0,0,0,0,0,0,10138,0,0,0,0,0,0,0,0
2021-01-10T23:59:59+01:00,0,1,88,92,309,459,474,998,548,1448,623,1062,189,178,184,343,147,659,0,0,0,0,0,0,0,0,0,0,0,0,0,0,0,0,7802,0,0,0,0,0,0,0,0
2021-01-09T23:59:59+01:00,0,1,78,84,262,396,403,866,481,1231,547,904,183,168,179,338,147,657,0,0,0,0,0,0,0,0,0,0,0,0,0,0,0,0,6925,0,0,0,0,0,0,0,0
2021-01-08T23:59:59+01:00,0,1,65,64,189,288,305,585,367,933,441,685,175,163,163,326,145,657,0,0,0,0,0,0,0,0,0,0,0,0,0,0,0,0,5552,0,0,0,0,0,0,0,0
2021-01-07T23:59:59+01:00,0,0,46,24,81,121,140,231,165,420,223,340,130,127,144,276,131,602,0,0,0,0,0,0,0,0,0,0,0,0,0,0,0,0,3201,0,0,0,0,0,0,0,0
2021-01-06T23:59:59+01:00,0,0,34,18,70,92,119,180,137,343,194,276,111,98,116,227,112,517,0,0,0,0,0,0,0,0,0,0,0,0,0,0,0,0,2644,0,0,0,0,0,0,0,0
2021-01-05T23:59:59+01:00,0,0,31,13,60,88,108,166,121,329,180,253,109,94,115,220,109,499,0,0,0,0,0,0,0,0,0,0,0,0,0,0,0,0,2495,0,0,0,0,0,0,0,0
2021-01-04T23:59:59+01:00,0,0,28,12,57,85,100,158,116,314,178,241,108,90,108,206,99,461,0,0,0,0,0,0,0,0,0,0,0,0,0,0,0,0,2361,0,0,0,0,0,0,0,0
2021-01-03T23:59:59+01:00,0,0,28,12,57,85,100,158,116,314,178,241,108,90,107,205,99,461,0,0,0,0,0,0,0,0,0,0,0,0,0,0,0,0,2359,0,0,0,0,0,0,0,0
2021-01-02T23:59:59+01:00,0,0,28,12,57,85,100,158,116,314,177,241,108,90,107,205,99,461,0,0,0,0,0,0,0,0,0,0,0,0,0,0,0,0,2358,0,0,0,0,0,0,0,0
2021-01-01T23:59:59+01:00,0,0,28,12,57,85,100,158,116,314,175,240,108,90,107,205,99,461,0,0,0,0,0,0,0,0,0,0,0,0,0,0,0,0,2355,0,0,0,0,0,0,0,0
2020-12-31T23:59:59+01:00,0,0,28,12,57,85,100,158,116,314,175,240,108,90,107,205,99,461,0,0,0,0,0,0,0,0,0,0,0,0,0,0,0,0,2355,0,0,0,0,0,0,0,0
2020-12-30T23:59:59+01:00,0,0,27,12,57,84,99,155,116,313,175,240,108,90,107,205,99,461,0,0,0,0,0,0,0,0,0,0,0,0,0,0,0,0,2348,0,0,0,0,0,0,0,0
2020-12-29T23:59:59+01:00,0,0,20,9,42,60,76,91,86,218,128,188,83,77,78,171,80,373,0,0,0,0,0,0,0,0,0,0,0,0,0,0,0,0,1780,0,0,0,0,0,0,0,0
2020-12-28T23:59:59+01:00,0,0,9,6,18,30,31,45,40,113,53,101,36,42,40,98,43,211,0,0,0,0,0,0,0,0,0,0,0,0,0,0,0,0,916,0,0,0,0,0,0,0,0
2020-12-27T23:59:59+01:00,0,0,2,2,4,5,7,11,10,24,6,22,6,7,7,25,5,56,0,0,0,0,0,0,0,0,0,0,0,0,0,0,0,0,199,0,0,0,0,0,0,0,0
