Datum,<15_1_m,<15_1_w,15-24_1_m,15-24_1_w,25-34_1_m,25-34_1_w,35-44_1_m,35-44_1_w,45-54_1_m,45-54_1_w,55-64_1_m,55-64_1_w,65-74_1_m,65-74_1_w,75-84_1_m,75-84_1_w,>84_1_m,>84_1_w,<15_2_m,<15_2_w,15-24_2_m,15-24_2_w,25-34_2_m,25-34_2_w,35-44_2_m,35-44_2_w,45-54_2_m,45-54_2_w,55-64_2_m,55-64_2_w,65-74_2_m,65-74_2_w,75-84_2_m,75-84_2_w,>84_2_m,>84_2_w,bp_1,bp_2,mo_1,mo_2,az_1,az_2,ja,unb_1,unb_2
2021-11-02T23:59:59+01:00,11737,10983,62707,58589,69049,64452,77452,78233,98506,100162,109172,107818,74562,80908,52338,64245,15152,26137,10054,9336,57360,54133,64373,59813,73037,73677,93934,95495,105224,104181,72828,78942,51134,62752,14654,25127,857067,810122,71584,68783,182695,176181,50915,41,53
2021-11-01T23:59:59+01:00,11651,10904,62436,58412,68792,64263,77252,78090,98342,100035,109063,107735,74532,80880,52323,64221,15148,26128,9986,9268,57232,54030,64246,59718,72950,73575,93862,95425,105165,104131,72791,78910,51122,62725,14646,25107,855257,809108,71518,68740,182681,176177,50811,40,53
2021-10-31T23:59:59+01:00,11640,10892,62403,58396,68768,64242,77227,78066,98324,100025,109052,107728,74530,80880,52323,64221,15148,26128,9969,9250,57214,54016,64233,59702,72939,73562,93858,95420,105160,104127,72791,78908,51122,62724,14646,25107,855082,808996,71504,68734,182679,176177,50788,40,53
2021-10-30T23:59:59+02:00,11634,10888,62387,58378,68743,64225,77209,78047,98309,100013,109046,107726,74528,80880,52323,64221,15147,26127,9966,9250,57201,54007,64226,59699,72928,73553,93852,95414,105157,104126,72791,78907,51121,62724,14646,25106,854951,808949,71495,68729,182679,176177,50766,40,53
2021-10-29T23:59:59+02:00,11571,10830,62203,58259,68533,64076,77028,77924,98142,99887,108936,107668,74505,80866,52313,64206,15143,26119,9936,9224,57092,53928,64137,59623,72866,73491,93782,95370,105124,104104,72777,78892,51117,62715,14642,25100,853479,808330,71455,68701,182676,176177,50659,40,53
2021-10-28T23:59:59+02:00,11493,10763,61991,58116,68298,63889,76838,77776,97956,99739,108839,107590,74482,80824,52297,64193,15138,26111,9881,9176,56944,53785,64010,59515,72773,73401,93717,95300,105045,104041,72754,78861,51106,62702,14638,25090,851815,807335,71392,68675,182673,176163,50513,40,53
2021-10-27T23:59:59+02:00,11424,10679,61833,57966,68102,63738,76675,77657,97832,99642,108769,107534,74462,80792,52288,64174,15135,26095,9822,9121,56830,53671,63907,59417,72681,73323,93651,95242,104990,104007,72731,78831,51094,62678,14634,25075,850487,806421,71275,68653,182672,176155,50423,40,53
2021-10-26T23:59:59+02:00,11341,10581,61693,57814,67925,63576,76515,77549,97718,99543,108690,107476,74433,80761,52266,64148,15125,26081,9761,9046,56680,53556,63805,59304,72608,73255,93577,95178,104944,103963,72708,78807,51070,62650,14627,25066,849075,805444,71216,68628,182669,176145,50335,40,53
2021-10-25T23:59:59+02:00,11317,10561,61637,57764,67878,63540,76469,77507,97682,99522,108668,107458,74424,80750,52265,64143,15122,26080,9737,9023,56619,53514,63769,59275,72580,73219,93551,95160,104928,103947,72706,78802,51068,62646,14627,25064,848661,805104,71207,68623,182669,176145,50310,40,53
2021-10-24T23:59:59+02:00,11274,10523,61528,57687,67777,63451,76387,77433,97605,99476,108632,107429,74410,80736,52259,64141,15119,26079,9688,8983,56544,53435,63692,59193,72517,73170,93502,95106,104898,103908,72682,78787,51059,62636,14624,25062,847987,804491,71155,68611,182669,176136,50195,40,53
2021-10-23T23:59:59+02:00,11270,10520,61517,57674,67759,63435,76375,77419,97591,99468,108627,107424,74409,80735,52259,64141,15119,26079,9685,8981,56536,53423,63678,59185,72510,73156,93493,95098,104895,103904,72680,78785,51059,62634,14624,25061,847900,804424,71141,68603,182668,176135,50172,40,53
2021-10-22T23:59:59+02:00,11207,10472,61360,57560,67578,63302,76234,77299,97464,99367,108551,107375,74392,80715,52255,64133,15118,26074,9631,8933,56421,53325,63595,59105,72436,73084,93424,95043,104858,103877,72663,78767,51054,62624,14624,25061,846707,803689,71064,68572,182667,176133,50078,40,53
2021-10-21T23:59:59+02:00,11130,10393,61207,57440,67418,63178,76105,77176,97339,99277,108463,107308,74364,80686,52242,64106,15113,26065,9558,8831,56292,53190,63466,58978,72355,72981,93327,94962,104800,103827,72629,78732,51044,62600,14618,25056,845423,802566,71033,68548,182666,176131,49948,40,53
2021-10-20T23:59:59+02:00,11088,10343,61106,57340,67314,63074,76016,77089,97255,99217,108414,107270,74348,80666,52231,64096,15108,26058,9476,8771,56164,53051,63360,58874,72279,72868,93261,94904,104731,103772,72603,78700,51031,62575,14615,25046,844533,801496,71013,68523,182664,176128,49881,40,53
2021-10-19T23:59:59+02:00,11037,10294,61038,57269,67239,62993,75946,77024,97205,99179,108374,107236,74323,80648,52216,64071,15097,26041,9392,8684,56024,52939,63246,58762,72192,72776,93180,94806,104664,103702,72554,78655,51013,62538,14608,25026,843819,800268,70991,68499,182663,176126,49815,40,53
2021-10-18T23:59:59+02:00,10993,10249,60964,57198,67160,62928,75890,76966,97161,99127,108333,107191,74309,80628,52206,64045,15093,26025,9340,8634,55907,52794,63119,58628,72101,72678,93095,94707,104607,103645,72512,78618,50986,62510,14597,25009,843135,799071,70962,68485,182663,176115,49763,40,53
2021-10-17T23:59:59+02:00,10965,10223,60917,57160,67127,62893,75864,76943,97120,99090,108321,107168,74299,80616,52203,64033,15088,26019,9284,8587,55812,52715,63039,58535,72038,72594,93037,94651,104570,103603,72485,78587,50974,62483,14591,24991,842774,798255,70955,68461,182663,176094,49713,40,53
2021-10-16T23:59:59+02:00,10961,10219,60911,57156,67119,62885,75857,76939,97114,99088,108320,107165,74298,80616,52203,64032,15088,26019,9277,8582,55808,52701,63033,58529,72033,72590,93034,94646,104568,103599,72484,78585,50974,62483,14591,24991,842731,798208,70952,68453,182663,176094,49700,40,53
2021-10-15T23:59:59+02:00,10923,10173,60818,57093,67058,62822,75799,76878,97064,99036,108282,107142,74287,80601,52201,64030,15086,26017,9229,8533,55689,52582,62957,58456,71966,72517,92967,94587,104521,103556,72467,78567,50964,62466,14590,24987,842112,797388,70931,68407,182663,176093,49660,40,53
2021-10-14T23:59:59+02:00,10876,10113,60710,56998,66997,62726,75735,76805,97002,98979,108247,107095,74273,80582,52189,64016,15082,26011,9123,8450,55523,52448,62840,58326,71895,72420,92863,94496,104461,103487,72432,78534,50942,62432,14580,24974,841346,796145,70918,68382,182660,176079,49567,40,53
2021-10-13T23:59:59+02:00,10822,10072,60619,56916,66930,62635,75666,76739,96943,98941,108197,107054,74252,80560,52174,63997,15076,26001,9055,8389,55389,52318,62738,58199,71798,72323,92786,94411,104382,103412,72394,78501,50922,62398,14569,24954,840596,794965,70904,68370,182658,176059,49491,40,53
2021-10-12T23:59:59+02:00,10765,10022,60513,56832,66829,62554,75598,76685,96898,98888,108159,107020,74227,80536,52164,63985,15071,25992,8981,8327,55257,52166,62629,58080,71713,72216,92729,94327,104309,103345,72355,78453,50898,62367,14564,24935,839816,793772,70895,68349,182656,176051,49426,40,53
2021-10-11T23:59:59+02:00,10711,9973,60411,56769,66739,62455,75522,76616,96836,98833,108106,106976,74200,80506,52146,63957,15056,25970,8920,8271,55133,52037,62502,57947,71635,72107,92651,94251,104233,103278,72309,78409,50870,62332,14551,24913,838978,792590,70875,68330,182649,176042,49334,40,53
2021-10-10T23:59:59+02:00,10684,9948,60350,56727,66680,62412,75479,76573,96803,98801,108079,106956,74188,80495,52143,63951,15051,25960,8868,8229,55032,51919,62409,57823,71550,72022,92577,94167,104170,103226,72278,78379,50849,62310,14545,24901,838571,791603,70866,68320,182646,176028,49250,40,53
2021-10-09T23:59:59+02:00,10683,9945,60341,56719,66669,62405,75474,76567,96798,98792,108074,106954,74188,80491,52143,63951,15051,25959,8856,8221,55015,51903,62399,57807,71539,72013,92570,94161,104163,103222,72275,78378,50849,62310,14545,24901,838513,791497,70861,68314,182645,176025,49238,40,53
2021-10-08T23:59:59+02:00,10632,9896,60247,56624,66594,62328,75419,76500,96752,98750,108040,106927,74178,80483,52136,63939,15046,25958,8814,8170,54913,51812,62322,57743,71471,71947,92521,94107,104135,103189,72267,78367,50842,62304,14543,24899,837838,790830,70835,68282,182643,176015,49186,40,53
2021-10-07T23:59:59+02:00,10567,9830,60097,56515,66503,62231,75335,76404,96679,98697,107975,106872,74154,80461,52124,63925,15039,25951,8706,8076,54783,51669,62218,57614,71361,71838,92435,94016,104049,103125,72216,78330,50818,62279,14531,24888,836889,789596,70824,68249,182642,175998,49057,40,52
2021-10-06T23:59:59+02:00,10513,9789,59963,56423,66419,62152,75260,76345,96620,98653,107926,106827,74133,80435,52106,63902,15035,25935,8631,8006,54643,51506,62124,57480,71265,71733,92331,93929,103959,103042,72178,78287,50793,62245,14521,24874,836062,788323,70813,68242,182640,175982,48948,40,52
2021-10-05T23:59:59+02:00,10447,9719,59824,56300,66320,62054,75179,76273,96544,98590,107879,106773,74111,80408,52097,63873,15029,25924,8544,7927,54459,51336,62011,57336,71152,71616,92222,93827,103888,102971,72124,78242,50769,62206,14513,24861,835121,786953,70798,68213,182637,175971,48815,40,52
2021-10-04T23:59:59+02:00,10387,9666,59682,56181,66189,61942,75085,76185,96456,98513,107816,106723,74090,80377,52076,63837,15024,25904,8469,7866,54286,51151,61897,57183,71024,71485,92141,93721,103790,102884,72089,78187,50724,62167,14503,24841,834048,785504,70785,68206,182634,175953,48693,40,52
2021-10-03T23:59:59+02:00,10344,9627,59629,56097,66124,61891,75027,76147,96426,98482,107783,106684,74078,80359,52064,63821,15022,25897,8412,7823,54171,51038,61815,57091,70937,71384,92075,93647,103724,102798,72055,78158,50705,62134,14496,24837,833545,784538,70780,68201,182621,175926,48583,40,52
2021-10-02T23:59:59+02:00,10339,9625,59619,56082,66109,61880,75019,76134,96421,98477,107781,106681,74077,80359,52063,63819,15022,25897,8407,7819,54156,51027,61803,57082,70934,71374,92071,93644,103722,102789,72052,78158,50704,62132,14495,24837,833472,784466,70769,68194,182621,175925,48569,40,52
2021-10-01T23:59:59+02:00,10284,9568,59461,55982,66031,61791,74939,76067,96367,98424,107722,106646,74061,80336,52052,63806,15021,25893,8345,7758,54042,50918,61747,57018,70887,71326,92017,93589,103687,102756,72039,78151,50699,62120,14493,24832,832630,783804,70750,68167,182619,175923,48478,40,52
2021-09-30T23:59:59+02:00,10213,9485,59321,55832,65898,61662,74839,75977,96262,98334,107634,106585,74035,80298,52036,63782,15017,25878,8266,7683,53894,50786,61653,56912,70795,71244,91937,93507,103614,102692,72003,78108,50680,62086,14493,24821,831530,782817,70720,68145,182615,175912,48248,40,52
2021-09-29T23:59:59+02:00,10135,9428,59169,55698,65778,61545,74753,75881,96164,98244,107569,106528,73996,80253,52028,63754,15012,25867,8187,7597,53738,50633,61541,56776,70698,71137,91843,93414,103518,102625,71953,78064,50655,62035,14486,24811,830497,781624,70691,68116,182612,175893,48026,40,52
2021-09-28T23:59:59+02:00,10050,9346,59028,55546,65617,61405,74647,75795,96057,98158,107487,106462,73945,80211,52008,63726,15005,25851,8112,7528,53585,50481,61404,56659,70605,71021,91766,93335,103443,102547,71913,78026,50632,62002,14482,24800,829338,780565,70678,68097,182608,175884,47743,40,52
2021-09-27T23:59:59+02:00,9990,9294,58873,55386,65476,61277,74557,75691,95953,98053,107397,106409,73899,80167,51989,63699,14997,25831,8046,7461,53434,50353,61279,56526,70513,70914,91664,93239,103358,102495,71864,77979,50610,61966,14475,24781,828286,779576,70655,68081,182603,175838,47410,40,52
2021-09-26T23:59:59+02:00,9947,9253,58786,55299,65391,61191,74499,75615,95890,97997,107350,106372,73873,80142,51977,63674,14990,25818,7998,7419,53336,50242,61191,56445,70437,70825,91593,93163,103303,102463,71835,77951,50588,61942,14469,24769,827645,778831,70637,68073,182587,175802,47211,40,52
2021-09-25T23:59:59+02:00,9938,9241,58769,55279,65374,61180,74488,75606,95884,97989,107341,106368,73873,80141,51976,63673,14990,25818,7997,7408,53310,50233,61177,56425,70424,70817,91587,93157,103293,102461,71835,77949,50588,61939,14469,24769,827566,778753,70630,68069,182585,175801,47163,40,52
2021-09-24T23:59:59+02:00,9886,9185,58659,55155,65274,61080,74398,75513,95798,97916,107282,106327,73845,80119,51968,63663,14989,25808,7943,7352,53205,50126,61101,56350,70351,70746,91516,93096,103220,102411,71809,77931,50577,61923,14464,24759,826681,777964,70612,68061,182579,175795,47008,40,52
2021-09-23T23:59:59+02:00,9795,9093,58421,54965,65099,60922,74274,75367,95653,97780,107173,106216,73799,80083,51948,63623,14977,25790,7877,7277,53027,49990,60982,56214,70236,70635,91398,92986,103127,102337,71775,77885,50559,61898,14451,24745,825268,776949,70559,68033,182575,175776,46589,40,52
2021-09-22T23:59:59+02:00,9711,9033,58234,54816,64940,60778,74156,75243,95525,97680,107072,106158,73755,80035,51922,63579,14957,25762,7802,7213,52884,49839,60862,56095,70145,70538,91305,92878,103064,102284,71734,77836,50529,61861,14437,24731,824010,775960,70540,68009,182565,175762,46254,40,52
2021-09-21T23:59:59+02:00,9641,8945,58085,54661,64795,60631,74018,75108,95387,97562,106980,106066,73721,79976,51905,63554,14949,25740,7709,7128,52737,49679,60746,55964,70044,70432,91198,92774,102969,102191,71695,77791,50503,61820,14428,24706,822727,774785,70524,67997,182561,175755,45925,40,52
2021-09-20T23:59:59+02:00,9580,8884,57947,54520,64636,60497,73899,74958,95259,97471,106892,105973,73659,79932,51879,63518,14936,25720,7653,7072,52618,49544,60622,55847,69936,70325,91098,92684,102892,102116,71642,77747,50479,61771,14421,24688,821522,773810,70510,67980,182554,175726,45587,40,52
2021-09-19T23:59:59+02:00,9528,8844,57828,54434,64527,60381,73810,74853,95187,97371,106830,105901,73642,79907,51866,63499,14934,25709,7617,7031,52509,49429,60531,55734,69843,70231,91031,92612,102813,102047,71608,77713,50458,61740,14414,24682,820740,773034,70491,67965,182542,175701,45291,40,52
2021-09-18T23:59:59+02:00,9511,8827,57802,54404,64492,60350,73782,74829,95171,97348,106818,105880,73639,79906,51863,63496,14934,25708,7608,7018,52479,49394,60500,55710,69822,70211,91011,92596,102800,102027,71604,77710,50458,61739,14413,24680,820519,772841,70481,67956,182542,175700,45231,40,52
2021-09-17T23:59:59+02:00,9424,8748,57633,54255,64362,60222,73657,74710,95067,97244,106735,105808,73604,79874,51851,63478,14927,25701,7545,6957,52313,49283,60378,55599,69730,70121,90929,92516,102727,101970,71571,77673,50443,61709,14404,24673,819373,771897,70436,67937,182541,175693,44962,40,52
2021-09-16T23:59:59+02:00,9346,8673,57422,54103,64189,60036,73478,74541,94918,97110,106580,105697,73533,79816,51828,63436,14920,25686,7481,6893,52148,49158,60233,55475,69604,70007,90818,92413,102622,101889,71526,77625,50421,61671,14397,24660,817906,770929,70419,67918,182518,175661,44481,40,52
2021-09-15T23:59:59+02:00,9253,8592,57217,53882,64007,59834,73298,74361,94771,96956,106434,105564,73473,79749,51783,63384,14910,25665,7422,6834,51989,48992,60105,55338,69478,69904,90716,92333,102516,101801,71480,77566,50387,61633,14387,24649,816148,769845,70400,67901,182514,175650,44082,40,52
2021-09-14T23:59:59+02:00,9145,8486,57027,53649,63829,59647,73152,74184,94639,96798,106310,105464,73399,79684,51753,63334,14894,25644,7347,6755,51818,48793,59951,55197,69356,69785,90606,92203,102422,101708,71429,77505,50359,61589,14379,24636,814391,768509,70388,67887,182494,175615,43775,39,52
2021-09-13T23:59:59+02:00,9083,8419,56811,53443,63674,59453,72994,74014,94490,96645,106175,105333,73346,79634,51715,63287,14874,25614,7301,6701,51652,48629,59825,55063,69274,69693,90488,92115,102327,101635,71385,77464,50331,61549,14369,24625,812706,767459,70377,67875,182479,175588,43452,39,52
2021-09-12T23:59:59+02:00,9037,8391,56690,53356,63584,59358,72917,73928,94416,96578,106113,105265,73318,79609,51701,63265,14869,25607,7254,6655,51520,48517,59723,54962,69198,69614,90412,92049,102255,101566,71349,77434,50316,61524,14364,24612,811987,766646,70360,67861,182462,175563,43203,39,51
2021-09-11T23:59:59+02:00,9031,8382,56673,53334,63566,59342,72904,73915,94409,96564,106108,105260,73317,79608,51701,63265,14869,25607,7247,6649,51500,48497,59703,54949,69182,69603,90402,92034,102253,101561,71344,77432,50316,61524,14364,24610,811909,766597,70352,67816,182459,175561,43145,39,51
2021-09-10T23:59:59+02:00,8959,8321,56513,53189,63453,59224,72796,73809,94291,96447,106032,105199,73280,79572,51686,63239,14865,25602,7215,6624,51373,48431,59640,54886,69120,69555,90337,91977,102216,101523,71323,77416,50307,61514,14360,24605,810793,766131,70320,67761,182453,175558,42921,39,51
2021-09-09T23:59:59+02:00,8888,8256,56316,52997,63287,59041,72639,73663,94142,96307,105908,105105,73221,79509,51655,63205,14861,25589,7149,6565,51187,48264,59486,54751,68986,69429,90218,91870,102102,101431,71280,77371,50279,61484,14354,24589,809438,765068,70299,67712,182434,175536,42428,38,51
2021-09-08T23:59:59+02:00,8802,8179,56136,52825,63135,58859,72494,73512,93983,96177,105814,104998,73155,79449,51626,63150,14856,25574,7074,6496,51010,48098,59361,54613,68861,69280,90092,91762,102017,101331,71225,77313,50255,61443,14350,24573,808040,763912,70273,67660,182398,175511,42020,38,51
2021-09-07T23:59:59+02:00,8714,8119,55972,52667,63017,58720,72377,73380,93878,96075,105709,104899,73104,79403,51600,63110,14849,25554,6995,6442,50841,47934,59229,54468,68736,69162,89986,91646,101917,101231,71177,77264,50233,61417,14346,24553,806791,762688,70267,67648,182395,175489,41701,38,51
2021-09-06T23:59:59+02:00,8652,8053,55825,52498,62880,58563,72269,73249,93775,95964,105629,104811,73052,79354,51568,63080,14838,25538,6929,6386,50692,47792,59090,54319,68621,69041,89904,91551,101821,101144,71128,77216,50211,61387,14339,24543,805573,761565,70241,67606,182363,175465,41427,38,51
2021-09-05T23:59:59+02:00,8622,8015,55757,52405,62818,58501,72219,73192,93729,95914,105601,104767,73031,79332,51558,63060,14831,25532,6880,6334,50601,47707,59026,54253,68557,68982,89858,91495,101780,101094,71108,77188,50198,61370,14333,24534,805054,760946,70232,67596,182341,175443,41262,38,51
2021-09-04T23:59:59+02:00,8615,8010,55737,52396,62809,58490,72211,73184,93722,95910,105598,104761,73030,79331,51558,63060,14831,25532,6876,6329,50587,47692,59010,54238,68552,68974,89850,91490,101776,101090,71107,77186,50197,61370,14333,24534,804993,760880,70229,67591,182340,175441,41228,38,51
2021-09-03T23:59:59+02:00,8549,7942,55605,52309,62737,58394,72133,73104,93644,95846,105528,104700,73000,79298,51539,63029,14824,25522,6817,6277,50471,47598,58932,54171,68493,68903,89789,91428,101712,101037,71079,77152,50176,61347,14330,24525,804076,760105,70222,67572,182333,175432,41077,38,51
2021-09-02T23:59:59+02:00,8454,7846,55416,52152,62613,58287,72039,72975,93524,95732,105423,104615,72943,79242,51507,62982,14813,25502,6722,6187,50247,47426,58787,54053,68390,68788,89656,91324,101596,100942,71022,77104,50152,61320,14322,24509,802943,758957,70178,67529,182319,175382,40628,38,51
2021-09-01T23:59:59+02:00,8378,7753,55264,52004,62482,58155,71951,72850,93431,95644,105345,104545,72905,79198,51485,62947,14806,25484,6636,6078,50072,47217,58662,53913,68310,68676,89554,91221,101491,100848,70983,77062,50127,61280,14315,24493,801832,757727,70154,67490,182305,175332,40338,38,51
2021-08-31T23:59:59+02:00,8270,7660,55103,51850,62376,58038,71873,72748,93344,95561,105260,104467,72864,79157,51463,62918,14796,25470,6521,5960,49866,47015,58543,53769,68196,68551,89457,91116,101382,100768,70937,77010,50107,61245,14303,24477,800750,756367,70146,67472,182296,175306,40027,38,51
2021-08-30T23:59:59+02:00,8194,7580,54927,51689,62264,57910,71758,72632,93220,95432,105142,104372,72814,79114,51446,62885,14775,25447,6424,5875,49668,46802,58419,53630,68097,68439,89340,91004,101268,100659,70887,76974,50080,61216,14289,24460,799566,755159,70106,67406,182264,175251,39664,38,51
2021-08-29T23:59:59+02:00,8152,7533,54836,51609,62205,57830,71691,72585,93166,95368,105094,104337,72794,79092,51431,62870,14769,25438,6370,5827,49550,46701,58331,53533,68027,68362,89284,90944,101207,100606,70862,76958,50066,61203,14283,24457,799033,754509,70104,67396,182254,175207,39408,38,51
2021-08-28T23:59:59+02:00,8134,7519,54798,51571,62174,57810,71664,72568,93148,95351,105080,104326,72789,79090,51429,62866,14769,25438,6364,5823,49512,46682,58305,53517,68006,68348,89264,90921,101200,100593,70856,76954,50064,61201,14283,24457,798826,754361,70103,67389,182252,175207,39342,38,51
2021-08-27T23:59:59+02:00,8049,7441,54616,51433,62061,57670,71567,72445,93025,95230,104969,104241,72744,79039,51406,62830,14757,25432,6329,5783,49387,46598,58225,53436,67924,68277,89184,90855,101143,100545,70821,76919,50050,61190,14281,24457,797508,753661,70098,67383,182240,175201,39108,38,51
2021-08-26T23:59:59+02:00,7985,7368,54461,51286,61944,57559,71469,72337,92920,95101,104863,104159,72702,78989,51383,62810,14752,25418,6279,5742,49224,46442,58106,53331,67827,68183,89079,90776,101074,100476,70780,76884,50026,61168,14276,24448,796465,752839,70088,67344,182231,175168,38719,38,51
2021-08-25T23:59:59+02:00,7921,7315,54317,51137,61833,57407,71360,72221,92813,95000,104762,104076,72646,78938,51355,62774,14739,25404,6210,5660,49028,46250,57981,53190,67707,68058,88963,90663,100975,100387,70723,76836,50000,61129,14270,24433,795462,751701,70062,67308,182220,175133,38270,38,51
2021-08-24T23:59:59+02:00,7809,7226,54177,50933,61707,57270,71253,72092,92696,94880,104657,103979,72593,78890,51320,62729,14731,25389,6128,5570,48809,46027,57843,53017,67598,67922,88861,90570,100883,100306,70685,76783,49975,61103,14266,24417,794057,750300,70045,67286,182210,175111,38015,38,51
2021-08-23T23:59:59+02:00,7747,7152,54001,50761,61578,57146,71139,71981,92569,94773,104558,103880,72541,78829,51286,62687,14724,25378,6068,5515,48625,45854,57725,52889,67491,67824,88757,90479,100795,100229,70645,76732,49947,61064,14262,24405,792857,749280,70015,67262,182195,175055,37658,38,51
2021-08-22T23:59:59+02:00,7719,7126,53918,50682,61526,57083,71100,71928,92526,94731,104513,103851,72521,78814,51277,62674,14723,25372,6030,5477,48506,45744,57634,52795,67416,67763,88686,90420,100751,100187,70615,76708,49932,61046,14259,24398,792432,748594,70007,67254,182175,175005,37463,38,51
2021-08-21T23:59:59+02:00,7713,7123,53893,50667,61508,57072,71084,71914,92513,94713,104503,103841,72516,78812,51277,62673,14723,25371,6026,5473,48487,45726,57614,52787,67398,67743,88668,90405,100741,100177,70613,76705,49932,61045,14259,24398,792361,748501,69965,67235,182171,174999,37411,38,51
2021-08-20T23:59:59+02:00,7682,7086,53801,50591,61434,57011,71013,71851,92448,94651,104450,103805,72491,78784,51265,62647,14714,25360,6003,5454,48395,45651,57540,52724,67330,67688,88611,90345,100681,100139,70590,76683,49926,61029,14250,24394,791816,747985,69893,67222,182168,174976,37199,38,51
2021-08-19T23:59:59+02:00,7616,7006,53668,50469,61284,56894,70895,71743,92333,94562,104354,103715,72442,78727,51236,62607,14705,25340,5976,5428,48260,45548,57422,52632,67238,67610,88520,90265,100583,100074,70557,76655,49906,61005,14246,24385,790775,747337,69857,67186,182151,174931,36805,38,51
2021-08-18T23:59:59+02:00,7541,6949,53525,50330,61157,56784,70785,71651,92224,94474,104252,103631,72383,78674,51201,62571,14695,25319,5942,5385,48143,45421,57303,52536,67148,67536,88404,90175,100507,100000,70512,76617,49886,60981,14239,24368,789774,746617,69827,67158,182140,174880,36397,38,51
2021-08-17T23:59:59+02:00,7458,6868,53362,50166,61052,56659,70669,71529,92119,94369,104144,103531,72332,78631,51173,62545,14687,25308,5892,5346,47949,45242,57173,52396,67025,67430,88273,90079,100397,99904,70456,76568,49861,60960,14232,24356,788694,745580,69805,67123,182135,174825,35960,38,51
2021-08-16T23:59:59+02:00,7385,6805,53233,50034,60956,56544,70568,71434,92026,94264,104051,103431,72289,78580,51143,62501,14679,25300,5868,5311,47809,45122,57066,52328,66929,67346,88175,89991,100313,99809,70413,76528,49837,60932,14225,24351,787821,744951,69757,67078,182120,174757,35517,38,50
2021-08-15T23:59:59+02:00,7336,6765,53155,49953,60887,56474,70502,71374,91967,94212,103996,103384,72254,78550,51135,62485,14675,25291,5847,5293,47704,45028,56974,52238,66859,67284,88096,89927,100258,99761,70376,76493,49822,60911,14220,24339,787346,744468,69744,67047,182106,174675,35191,38,49
2021-08-14T23:59:59+02:00,7314,6749,53082,49883,60837,56430,70466,71327,91930,94173,103957,103348,72233,78542,51126,62474,14673,25288,5771,5239,47467,44755,56807,52050,66705,67130,87961,89805,100143,99654,70327,76450,49811,60888,14216,24334,786861,742639,69737,67041,182106,174664,35120,38,49
2021-08-13T23:59:59+02:00,7273,6713,52971,49788,60754,56349,70414,71258,91854,94116,103907,103303,72210,78519,51114,62463,14671,25281,5543,5024,46962,44258,56566,51782,66476,66875,87688,89552,99947,99448,70240,76349,49772,60828,14210,24313,786105,739157,69733,67031,182106,174590,35006,38,49
2021-08-12T23:59:59+02:00,7242,6686,52872,49719,60696,56270,70339,71208,91784,94057,103846,103257,72176,78486,51100,62447,14669,25267,5323,4850,46466,43813,56292,51474,66217,66652,87432,89329,99607,99174,70130,76215,49718,60764,14199,24285,785671,736105,69707,67006,182090,174136,34645,38,48
2021-08-11T23:59:59+02:00,7176,6617,52705,49548,60566,56151,70255,71114,91675,93953,103745,103149,72116,78421,51068,62405,14662,25251,5047,4567,45788,43194,55919,51090,65957,66354,87137,89064,99271,98806,69990,76069,49658,60662,14187,24256,784493,731985,69686,66973,182081,173701,34309,38,48
2021-08-10T23:59:59+02:00,7099,6533,52507,49362,60419,56032,70148,70992,91550,93823,103621,103044,72063,78363,51037,62374,14654,25242,4824,4326,44833,42290,55249,50434,65462,65901,86675,88579,98779,98350,69785,75870,49558,60561,14166,24218,783132,725722,69677,66920,182073,173198,33972,38,48
2021-08-09T23:59:59+02:00,7055,6486,52396,49270,60342,55959,70091,70932,91481,93750,103549,102985,72020,78327,51031,62358,14650,25234,4584,4109,43827,41231,54533,49746,64988,65469,86228,88144,98263,97881,69597,75646,49468,60435,14138,24179,782567,719266,69607,66845,182061,172635,33672,38,48
2021-08-08T23:59:59+02:00,7009,6445,52331,49201,60303,55927,70053,70906,91424,93702,103496,102945,72000,78305,51017,62337,14644,25229,4569,4096,43771,41167,54472,49698,64922,65428,86156,88085,98196,97831,69572,75615,49447,60409,14130,24172,782280,718972,69600,66828,182047,172552,33336,38,48
2021-08-07T23:59:59+02:00,6970,6404,52220,49073,60224,55850,69995,70841,91355,93639,103446,102897,71983,78288,51008,62331,14644,25228,4256,3784,42804,40150,53918,49128,64487,65021,85782,87686,97876,97484,69429,75472,49391,60327,14113,24154,781489,712610,69596,66809,182047,172544,33253,38,46
2021-08-06T23:59:59+02:00,6927,6342,52086,48945,60150,55784,69929,70760,91275,93562,103386,102840,71959,78265,50997,62312,14642,25224,3948,3562,42120,39537,53673,48861,64263,64779,85545,87463,97647,97282,69345,75381,49349,60286,14107,24141,780616,708990,69591,66725,182046,172407,33121,38,46
2021-08-05T23:59:59+02:00,6816,6234,51830,48721,59974,55597,69787,70613,91113,93414,103244,102703,71898,78202,50969,62272,14629,25205,3755,3391,41285,38845,53154,48402,63892,64427,85086,87062,97024,96763,69158,75197,49283,60188,14088,24111,778990,704445,69539,66673,182011,171278,32669,38,46
2021-08-04T23:59:59+02:00,6727,6148,51634,48489,59828,55417,69677,70462,90978,93297,103125,102587,71837,78138,50943,62226,14618,25176,3381,3036,40441,38061,52783,47997,63573,64105,84714,86733,96611,96356,68994,75026,49206,60092,14072,24077,777584,699856,69503,66652,181997,170493,32211,38,46
2021-08-03T23:59:59+02:00,6654,6091,51464,48352,59703,55288,69585,70370,90878,93197,103028,102506,71783,78102,50923,62200,14610,25160,3252,2934,39442,37115,51985,47312,63029,63570,84195,86247,95897,95726,68750,74810,49114,59975,14051,24033,776545,693601,69494,66628,181990,169309,31853,38,46
2021-08-02T23:59:59+02:00,6606,6048,51328,48212,59612,55209,69501,70301,90825,93125,102948,102444,71743,78060,50902,62177,14603,25147,3084,2756,38170,35960,51023,46502,62315,62983,83589,85681,95096,95024,68497,74553,49026,59841,14031,23994,775848,685985,69446,66574,181962,167997,31523,38,46
2021-08-01T23:59:59+02:00,6564,5993,51158,48050,59459,55094,69408,70188,90717,93034,102860,102351,71701,78023,50880,62137,14598,25131,3060,2738,37985,35826,50864,46403,62184,62889,83411,85537,94643,94619,68380,74443,48987,59792,14020,23974,774799,685334,69417,66514,181944,166687,31174,38,46
2021-07-31T23:59:59+02:00,6521,5959,51064,47930,59404,55022,69359,70144,90677,93004,102833,102326,71690,78011,50872,62133,14598,25128,2656,2356,36376,34315,49956,45533,61648,62323,82907,85024,94163,94185,68193,74238,48908,59697,14002,23941,774188,676182,69413,66503,181944,166572,31118,38,46
2021-07-30T23:59:59+02:00,6485,5906,50914,47790,59320,54941,69290,70084,90604,92924,102777,102287,71673,77987,50863,62109,14595,25124,2380,2127,34921,32910,48985,44584,60916,61628,82220,84401,93481,93608,67958,74001,48803,59547,13983,23910,773423,666647,69388,66491,181938,166267,30912,38,46
2021-07-29T23:59:59+02:00,6370,5786,50483,47421,59101,54669,69100,69893,90416,92736,102614,102150,71598,77904,50830,62054,14580,25106,2303,2061,34188,32293,48361,44134,60510,61272,81795,84051,92708,92933,67762,73843,48739,59460,13963,23879,771100,662775,69334,66344,181895,164620,30470,38,46
2021-07-28T23:59:59+02:00,6298,5723,50228,47226,58968,54514,68972,69796,90285,92612,102506,102056,71542,77847,50803,62014,14571,25089,2279,2042,33861,31995,48037,43894,60277,61047,81614,83880,92470,92733,67688,73776,48705,59427,13950,23869,769780,661053,69298,66255,181868,164099,30092,38,45
2021-07-27T23:59:59+02:00,6245,5676,50067,47083,58825,54416,68878,69707,90183,92502,102400,101979,71497,77794,50773,61980,14563,25075,2137,1927,32392,30599,46761,42800,59443,60251,81009,83347,91446,91883,67412,73491,48617,59300,13918,23828,768870,652381,69271,66184,181844,162305,29646,38,45
2021-07-26T23:59:59+02:00,6222,5647,49948,46996,58727,54327,68799,69653,90095,92441,102334,101927,71456,77758,50750,61960,14557,25066,2003,1812,31021,29344,45438,41673,58339,59261,80297,82712,90278,90851,67102,73217,48526,59183,13894,23786,768335,643293,69204,66085,181806,160007,29307,37,45
2021-07-25T23:59:59+02:00,6202,5630,49835,46891,58638,54260,68734,69594,90030,92384,102273,101879,71423,77722,50731,61937,14554,25056,1987,1804,30811,29187,45166,41475,58076,59026,80023,82500,89311,89995,66895,73043,48457,59110,13882,23762,767923,642086,69192,65962,181780,157549,28868,36,45
2021-07-24T23:59:59+02:00,6167,5601,49715,46802,58569,54198,68686,69537,89984,92340,102232,101838,71418,77715,50728,61934,14553,25052,1729,1585,29219,27601,44021,40389,57378,58310,79406,81923,88665,89427,66715,72852,48386,59008,13868,23738,767317,632033,69182,65944,181772,157410,28788,36,45
2021-07-23T23:59:59+02:00,6082,5514,49539,46625,58474,54093,68576,69433,89879,92236,102142,101742,71382,77659,50707,61903,14549,25046,1502,1366,27522,26082,42764,39297,56443,57421,78715,81302,87957,88763,66445,72578,48307,58907,13847,23708,765937,621462,69178,65778,181753,156938,28703,36,45
2021-07-22T23:59:59+02:00,5942,5400,49244,46338,58277,53889,68405,69265,89693,92084,101987,101608,71315,77576,50665,61852,14538,25027,1418,1311,26701,25258,41855,38487,55502,56590,77969,80673,86290,87255,66069,72178,48196,58776,13816,23656,763999,612973,69133,65273,181721,155467,28242,36,45
2021-07-21T23:59:59+02:00,5666,5117,48709,45810,57973,53574,68175,68984,89415,91837,101719,101341,71188,77445,50606,61787,14529,25001,1386,1285,26446,25034,41432,38203,55056,56197,77595,80389,85482,86650,65901,72050,48141,58710,13798,23631,760389,610985,69107,64993,181699,153692,27671,36,45
2021-07-20T23:59:59+02:00,5589,5043,48426,45531,57802,53364,68000,68838,89235,91682,101554,101197,71112,77377,50567,61740,14520,24973,1295,1200,25267,23887,40141,37168,53716,54993,76687,79612,84116,85304,65594,71708,48033,58573,13770,23585,758707,600583,69100,64832,181654,152110,27079,36,45
2021-07-19T23:59:59+02:00,5509,4957,48100,45206,57579,53156,67833,68635,89047,91502,101406,101036,71040,77295,50524,61689,14511,24944,1215,1138,24439,23047,38828,36045,51983,53494,75416,78553,83001,84322,65300,71452,47933,58455,13745,23545,756903,590525,69091,64684,181626,150318,26339,36,45
2021-07-18T23:59:59+02:00,5501,4956,48025,45147,57482,53075,67761,68561,88953,91435,101333,100971,71003,77254,50499,61657,14509,24932,1200,1132,24296,22946,38555,35820,51648,53203,75164,78356,82096,83552,65107,71274,47877,58383,13740,23523,756620,589450,69067,64521,181586,148085,25771,36,45
2021-07-17T23:59:59+02:00,5474,4919,47926,45069,57407,53014,67698,68504,88893,91373,101288,100952,70994,77239,50494,61650,14509,24931,1006,944,22912,21487,37170,34519,50405,52009,74557,77799,81461,82955,64977,71126,47810,58321,13731,23503,756054,578577,69062,64494,181577,147945,25631,36,45
2021-07-16T23:59:59+02:00,5372,4840,47684,44837,57280,52907,67580,68391,88755,91276,101180,100848,70948,77188,50471,61631,14503,24925,809,782,21658,20249,35876,33275,48949,50688,73547,76864,80760,82294,64757,70903,47728,58220,13712,23471,754593,566942,69060,64430,181570,147742,25383,36,45
2021-07-15T23:59:59+02:00,5230,4711,47285,44515,57071,52714,67386,68206,88541,91076,100992,100679,70851,77086,50422,61557,14494,24896,750,739,21052,19747,34945,32574,47710,49739,72362,75945,78608,80161,64158,70305,47585,58040,13693,23408,752533,557577,69042,63401,181524,145900,24598,36,45
2021-07-14T23:59:59+02:00,4857,4387,46694,43939,56837,52447,67182,68002,88326,90832,100775,100482,70743,76976,50354,61474,14482,24872,734,723,20845,19602,34680,32413,47337,49436,71828,75554,77941,79625,63834,70029,47502,57957,13670,23374,749083,555766,69024,63212,181472,143996,24067,36,43
2021-07-13T23:59:59+02:00,4766,4307,46495,43786,56672,52288,67019,67856,88168,90705,100629,100355,70670,76914,50317,61427,14478,24856,705,684,20284,19067,33653,31592,45713,47980,70066,73890,76333,78063,63458,69637,47373,57785,13641,23322,747722,544826,69007,62437,181398,142374,23566,36,43
2021-07-12T23:59:59+02:00,4701,4229,46308,43594,56521,52146,66864,67729,87996,90566,100473,100215,70594,76826,50279,61371,14471,24838,681,663,19809,18635,32868,30970,44048,46523,67685,71817,74440,76559,62926,69050,47228,57623,13613,23271,746451,533721,68983,61868,181297,139802,22975,36,43
2021-07-11T23:59:59+02:00,4696,4226,46237,43541,56457,52096,66812,67690,87933,90513,100401,100155,70556,76783,50269,61356,14468,24824,673,658,19599,18490,32517,30724,43598,46145,67223,71457,73660,75860,62524,68670,47157,57533,13597,23238,746299,531918,68972,61543,181231,137324,22495,36,43
2021-07-10T23:59:59+02:00,4570,4090,45951,43233,56272,51898,66663,67514,87799,90373,100299,100049,70501,76726,50248,61330,14465,24815,641,626,19035,17941,31570,29864,41845,44565,65739,70174,73024,75240,62357,68519,47104,57481,13590,23224,744199,521297,68966,61527,181219,137276,22396,36,43
2021-07-09T23:59:59+02:00,4441,3972,45679,42980,56105,51702,66501,67348,87647,90208,100165,99944,70448,76653,50211,61289,14460,24803,594,577,18445,17369,30600,28900,39890,42635,63444,68048,71863,74099,62083,68194,47028,57356,13572,23199,742143,507605,68952,61146,181213,136870,22232,36,43
2021-07-08T23:59:59+02:00,4412,3946,45536,42865,55980,51582,66370,67247,87522,90086,100045,99847,70393,76601,50190,61251,14449,24789,547,533,17506,16566,29199,27864,38170,41179,61313,66224,68501,70944,61183,67221,46782,57012,13527,23103,741410,492334,68892,59066,181143,134287,21644,36,43
2021-07-07T23:59:59+02:00,4400,3940,45470,42821,55895,51526,66286,67202,87467,90046,100002,99796,70377,76578,50181,61233,14445,24779,469,480,16547,15713,27806,26850,36643,39945,59691,64765,65270,67466,60166,66177,46544,56691,13477,23030,741099,477026,68844,57152,181091,132135,21374,36,43
2021-07-06T23:59:59+02:00,4348,3892,45325,42690,55765,51386,66182,67093,87359,89954,99921,99711,70339,76519,50163,61206,14442,24765,402,416,15776,14975,26728,25940,34792,38230,56291,61741,62615,65004,59410,65387,46270,56357,13437,22927,739965,459120,68823,56331,181033,130000,21204,35,43
2021-07-05T23:59:59+02:00,4285,3847,45144,42514,55611,51283,66059,66982,87239,89860,99836,99613,70276,76455,50141,61179,14439,24750,368,364,15115,14354,25777,25125,33557,37095,53188,58765,59838,62538,58570,64575,46016,56045,13392,22849,738772,443033,68780,55974,180953,127508,20973,35,43
2021-07-04T23:59:59+02:00,4276,3841,45096,42481,55543,51249,66014,66954,87200,89828,99804,99586,70252,76434,50135,61164,14433,24739,349,344,14911,14149,25336,24766,32957,36567,52523,58236,58850,61675,57905,63943,45832,55841,13373,22800,738571,438945,68747,55772,180884,124805,20792,35,43
2021-07-03T23:59:59+02:00,4057,3662,44564,41919,55226,50873,65716,66674,86953,89567,99603,99390,70179,76362,50112,61118,14429,24727,331,328,14625,13826,24981,24411,31977,35646,50777,56687,57981,60939,57731,63745,45764,55756,13361,22775,734763,430361,68729,55754,180878,124757,20726,35,43
2021-07-02T23:59:59+02:00,3747,3376,43911,41324,54900,50534,65429,66369,86679,89315,99367,99164,70076,76249,50060,61048,14423,24710,304,291,14208,13380,24283,23799,30817,34580,48144,54518,55845,59149,57336,63314,45604,55597,13345,22737,730421,417842,68710,54703,180865,124026,20651,34,29
2021-07-01T23:59:59+02:00,3609,3266,43556,40975,54698,50358,65269,66205,86524,89173,99213,99044,70006,76181,50029,61014,14415,24695,261,250,13517,12697,22978,22717,29139,33065,46126,52773,53350,56869,55911,61740,45110,54981,13272,22609,728279,404299,68645,52389,180815,120192,20457,34,28
2021-06-30T23:59:59+02:00,3598,3249,43292,40779,54514,50222,65150,66107,86432,89106,99142,98992,69979,76157,50017,60992,14411,24684,199,211,12775,12095,21811,21817,27550,31695,44270,51058,49711,52905,54581,60405,44755,54542,13216,22481,727129,388540,68593,50482,180795,116754,20273,33,28
2021-06-29T23:59:59+02:00,3382,3029,42372,39948,53903,49617,64711,65675,86018,88653,98794,98666,69854,76008,49960,60921,14391,24654,170,159,12173,11495,21009,21046,26182,30486,41646,48644,47839,51358,53612,59295,44347,54004,13122,22328,721141,376497,68539,48958,180779,113369,20064,33,27
2021-06-28T23:59:59+02:00,3164,2849,41418,38955,53235,48964,64245,65284,85635,88261,98460,98322,69714,75848,49895,60821,14373,24630,127,127,11670,11045,20348,20458,25213,29588,39550,46701,46213,49991,52507,58249,43985,53498,13042,22206,714978,367008,68427,47920,180768,109696,19867,33,27
2021-06-27T23:59:59+02:00,3159,2846,41381,38920,53189,48926,64206,65249,85583,88226,98408,98294,69695,75835,49886,60807,14368,24627,109,110,11476,10851,20025,20143,24635,29025,38526,45848,45046,48897,51475,57237,43551,52990,12960,22063,714763,362406,68397,47477,180732,105377,19680,33,27
2021-06-26T23:59:59+02:00,2677,2372,39988,37558,52468,48183,63654,64684,85096,87705,97983,97861,69504,75660,49813,60703,14349,24604,99,99,11361,10749,19855,19987,24435,28808,38047,45410,44678,48545,51361,57092,43505,52942,12955,22048,706060,359449,68368,47472,180732,105359,19669,33,27
2021-06-25T23:59:59+02:00,2272,2037,39140,36749,52116,47825,63330,64359,84816,87394,97733,97595,69400,75543,49766,60641,14335,24582,75,81,11060,10438,19472,19560,23905,28184,35363,43105,42493,46631,51022,56713,43406,52811,12931,22017,701007,347871,68231,47026,180725,104706,19637,33,27
2021-06-24T23:59:59+02:00,2218,1984,38652,36290,51766,47497,63111,64149,84582,87201,97545,97438,69318,75477,49731,60595,14329,24567,62,58,10463,9854,18412,18673,22482,26929,33263,41265,40061,44336,49539,55061,42837,52110,12814,21814,698061,334976,68202,44427,180704,101153,19450,33,27
2021-06-23T23:59:59+02:00,2205,1960,38422,36064,51603,47327,62994,64038,84482,87106,97468,97354,69287,75446,49711,60574,14325,24556,35,32,10009,9422,17785,18113,21550,26071,31330,39629,36095,39869,48243,53697,42451,51603,12733,21648,696826,319440,68170,43801,180688,97840,19207,31,27
2021-06-22T23:59:59+02:00,2126,1899,37437,35135,50850,46654,62512,63591,84108,86696,97103,97042,69138,75303,49644,60493,14312,24523,13,17,9541,8992,16913,17424,20324,24992,28203,36866,33794,37990,47286,52724,42043,51044,12593,21413,690686,307267,68124,41061,180676,94769,19049,31,26
2021-06-21T23:59:59+02:00,1979,1760,36087,33920,49828,45787,61791,62928,83609,86224,96663,96635,68969,75132,49578,60398,14301,24488,9,10,9223,8696,16452,17060,19700,24511,26457,35301,32255,36697,46233,51644,41590,50494,12487,21221,682735,299904,68090,40420,180661,91129,18561,30,26
2021-06-20T23:59:59+02:00,1968,1751,35999,33867,49683,45664,61651,62790,83529,86163,96590,96575,68935,75104,49563,60380,14301,24477,8,9,9075,8593,16233,16890,19384,24253,25641,34648,31313,35745,46038,51441,41559,50442,12478,21201,682084,296116,68048,39827,180643,90797,18185,30,26
2021-06-19T23:59:59+02:00,1600,1451,34385,32321,48782,44843,61163,62285,83058,85687,96184,96223,68787,74938,49498,60299,14286,24453,7,8,9035,8519,16130,16767,19265,24100,25536,34489,31184,35602,45942,51345,41541,50417,12474,21191,673383,294777,68029,39824,180636,90760,18165,30,26
2021-06-18T23:59:59+02:00,1404,1278,32742,30738,47579,43657,60223,61365,82253,84939,95572,95645,68568,74716,49409,60161,14270,24423,7,8,8960,8434,15971,16611,19075,23906,25283,34248,30899,35283,45647,50998,41457,50340,12461,21177,662269,292579,67895,39707,180635,90340,18113,30,26
2021-06-17T23:59:59+02:00,1329,1220,31821,29901,46715,42949,59417,60515,81510,84291,95162,95262,68426,74572,49367,60084,14256,24394,7,8,8419,8068,15280,16055,18245,23079,24179,33122,29420,33922,44321,49493,40972,49729,12341,20988,655348,283635,67778,38879,180604,87677,17431,30,26
2021-06-16T23:59:59+02:00,1246,1156,31131,29202,45912,42199,58493,59636,80731,83520,94739,94882,68291,74412,49310,59992,14236,24368,7,8,7931,7743,14667,15539,17467,22351,23037,32165,28240,32811,42422,47374,40425,49150,12234,20803,648281,273883,67651,38280,180586,85277,16908,30,26
2021-06-15T23:59:59+02:00,1104,1037,29239,27424,44163,40679,56902,58002,79342,82202,93980,94211,68004,74119,49197,59835,14203,24303,7,6,7757,7616,14358,15299,17103,22049,22516,31778,27706,32382,41485,46356,40039,48725,12110,20582,633343,270804,67602,37773,180548,82848,16423,30,26
2021-06-14T23:59:59+02:00,1011,923,27692,25957,42560,39162,55246,56352,78242,81090,93287,93583,67754,73877,49103,59713,14183,24258,6,5,7574,7443,13981,14962,16573,21603,21823,31194,27028,31788,41101,45933,39655,48272,11979,20376,620109,268117,67546,37357,180520,80009,15788,30,25
2021-06-13T23:59:59+02:00,987,898,27490,25778,42176,38825,54699,55830,77896,80781,93094,93393,67664,73797,49066,59655,14168,24233,6,5,7433,7275,13709,14667,16184,21204,21394,30702,26489,31285,40703,45529,39191,47707,11801,20090,617398,266022,67405,37286,180492,76936,15105,30,25
2021-06-12T23:59:59+02:00,858,784,25980,24192,41021,37747,54025,55095,77366,80286,92544,92868,67509,73620,48997,59578,14155,24212,6,5,7387,7225,13584,14557,16052,21091,21210,30555,26370,31183,40686,45512,39181,47696,11801,20089,607879,265236,67399,37284,180486,76602,15043,30,25
2021-06-11T23:59:59+02:00,745,675,24366,22673,39674,36558,52797,53885,76397,79434,91971,92292,67275,73385,48935,59470,14136,24177,6,5,7332,7137,13412,14369,15834,20895,20937,30295,26097,30926,40380,45136,39096,47581,11783,20060,596135,263337,67319,37139,180477,75896,14884,30,25
2021-06-10T23:59:59+02:00,644,585,23369,21667,38455,35379,51191,52380,75078,78238,90365,90747,66920,72989,48809,59296,14111,24122,6,5,7050,6913,12885,13933,15195,20322,20173,29541,25305,30249,39675,44274,38745,47163,11669,19876,583242,259865,66835,37106,180425,72170,13813,30,25
2021-06-09T23:59:59+02:00,574,536,22918,21282,37794,34856,50084,51335,73833,77045,89774,90242,66793,72844,48759,59211,14096,24092,6,5,6779,6605,12293,13332,14409,19509,19254,28517,24320,29087,37108,41353,38181,46519,11521,19637,576081,249544,66374,37033,180387,68637,13196,30,25
2021-06-08T23:59:59+02:00,468,425,21398,19831,36191,33493,47973,49375,71695,75107,88299,88761,66478,72459,48623,59050,14063,24048,6,5,6648,6435,11907,12958,13925,19021,18651,27916,23763,28549,36822,41098,37889,46151,11412,19480,558724,247884,66096,36955,180355,65240,12532,30,25
2021-06-07T23:59:59+02:00,353,331,20394,18860,34647,32160,45696,47353,69558,73226,87321,87912,66254,72193,48549,58915,14043,24011,6,5,6494,6273,11482,12604,13381,18538,17922,27328,23129,27952,36502,40794,37470,45670,11299,19281,543539,245892,65924,36885,180302,61347,11981,30,25
2021-06-06T23:59:59+02:00,330,310,20215,18713,34253,31877,45088,46780,68938,72741,87109,87747,66198,72132,48537,58889,14037,23999,6,5,6362,6100,11156,12190,12950,17965,17283,26518,22432,27142,36033,40320,36988,45119,11144,19013,540419,243441,65597,36835,180259,56838,11588,30,24
2021-06-05T23:59:59+02:00,258,245,18973,17452,32931,30666,43865,45608,68364,72223,86576,87237,66107,72030,48489,58841,14030,23987,6,5,6311,6020,11053,12025,12822,17786,17111,26308,22261,26953,35968,40243,36966,45095,11142,19008,530449,242833,65597,36422,180239,56237,11567,30,24
2021-06-04T23:59:59+02:00,177,175,17782,16302,31624,29376,42313,44110,67023,70908,85769,86484,65920,71817,48413,58749,14014,23958,6,5,6208,5880,10876,11813,12608,17530,16756,25923,21741,26514,35079,39387,36650,44795,11125,18986,517627,240988,65530,36095,180232,53281,11495,30,23
2021-06-03T23:59:59+02:00,122,122,17142,15729,30639,28547,40854,42815,65249,69376,83518,84199,65495,71364,48285,58587,13996,23920,6,5,6038,5669,10566,11456,12290,17062,16305,25262,21190,25935,34415,38596,36474,44592,11092,18936,503838,238649,64832,35707,180193,50445,11066,30,22
2021-06-02T23:59:59+02:00,93,79,16800,15420,30327,28281,40187,42194,63659,67983,82579,83397,65354,71201,48225,58505,13993,23905,6,4,5920,5578,10389,11297,12061,16845,16009,24955,20844,25541,31167,34968,36246,44370,11063,18883,496330,229943,64829,35375,180192,50005,10801,30,22
2021-06-01T23:59:59+02:00,37,44,16010,14752,28830,27176,37820,40131,60092,64798,80149,81075,65003,70837,48097,58316,13959,23851,6,4,5647,5301,9863,10866,11522,16250,15340,24159,20106,24780,30824,34670,36051,44192,11034,18821,477972,228471,63272,34869,180126,46497,9578,29,21
2021-05-31T23:59:59+02:00,29,36,15446,14278,27890,26475,35859,38466,56649,61771,78116,79372,64671,70481,47953,58141,13927,23799,6,3,5484,5098,9455,10501,11091,15768,14802,23474,19482,24075,30538,34415,35866,43999,10999,18764,462204,227787,62549,34483,180060,43012,8517,29,21
2021-05-30T23:59:59+02:00,27,33,15302,14150,27602,26241,35407,38056,55936,61154,77795,79098,64609,70424,47928,58106,13923,23788,6,3,5382,4900,9127,10141,10678,15279,14350,22670,18957,23303,29858,33700,35639,43806,10977,18702,459219,227318,62111,34404,180013,37528,8207,29,21
2021-05-29T23:59:59+02:00,25,32,14905,13759,26752,25429,33646,36467,54453,59856,77206,78532,64459,70274,47875,58053,13916,23774,6,3,5349,4824,9061,10025,10584,15160,14240,22520,18826,23164,29829,33677,35633,43798,10976,18699,449095,226828,62078,34404,180009,36919,8202,29,21
2021-05-28T23:59:59+02:00,22,31,14498,13359,25940,24685,31798,34708,52282,57850,76155,77536,64254,70022,47823,57976,13906,23751,6,3,5263,4708,8882,9881,10428,14986,14078,22283,18613,22862,29759,33630,35616,43781,10975,18694,437146,226151,61610,34398,179919,35986,7892,29,21
2021-05-27T23:59:59+02:00,18,26,13868,12890,24871,23967,30548,33779,50671,56473,73051,74550,63812,69485,47689,57814,13883,23695,6,3,5150,4474,8548,9542,10024,14551,13632,21647,18106,22263,29536,33426,35505,43669,10954,18665,424985,225494,59646,34326,179287,32717,7143,29,21
2021-05-26T23:59:59+02:00,17,24,13381,12467,23958,23318,29625,33075,49583,55547,70092,71356,63197,68874,47554,57643,13852,23649,6,3,5062,4311,8292,9226,9720,14163,13274,21045,17672,21662,29340,33258,35407,43564,10927,18613,414156,224878,57466,34208,178788,29665,6773,29,21
2021-05-25T23:59:59+02:00,17,19,13037,12169,23377,22911,28566,32211,46981,53308,67830,69230,62845,68507,47441,57494,13834,23594,6,3,4983,4189,8080,8963,9466,13785,12962,20523,17287,21111,29181,33101,35323,43458,10900,18557,402287,224318,56396,34126,178165,26919,6494,29,21
2021-05-24T23:59:59+02:00,16,18,12740,11888,22878,22533,27945,31758,44360,50876,65369,67039,62536,68208,47330,57368,13798,23537,6,3,4912,4081,7830,8731,9147,13400,12632,20010,16902,20553,29037,32961,35249,43386,10876,18510,390627,223738,55913,34060,177496,24275,6132,29,21
2021-05-23T23:59:59+02:00,16,18,12678,11820,22782,22448,27865,31678,44103,50648,64781,66490,62456,68120,47305,57350,13796,23535,6,3,4890,4066,7795,8700,9088,13365,12552,19949,16824,20497,29028,32948,35245,43379,10876,18508,388420,223452,55832,34053,177482,24067,6126,29,21
2021-05-22T23:59:59+02:00,16,18,12454,11582,22461,22139,26862,30790,42267,49072,63925,65749,62293,67929,47239,57259,13786,23512,6,3,4874,4011,7768,8635,9046,13299,12521,19863,16794,20429,29017,32938,35241,43373,10875,18507,379929,223360,55821,34053,177477,23669,6097,29,21
2021-05-21T23:59:59+02:00,16,17,12152,11330,21890,21695,26044,30098,39875,47178,61950,64080,62030,67656,47155,57171,13771,23486,6,3,4855,3984,7713,8549,8980,13211,12445,19770,16719,20343,29001,32912,35234,43362,10873,18506,369490,223163,54765,34038,177285,23219,6025,29,21
2021-05-20T23:59:59+02:00,15,17,11542,10758,20762,20793,24893,29068,38366,45900,59602,62006,61209,66755,46955,56911,13737,23430,6,3,4580,3806,7310,8259,8538,12814,11991,19257,16296,19820,28880,32814,35183,43309,10869,18496,358979,222754,52410,33927,176001,20229,5300,29,21
2021-05-19T23:59:59+02:00,15,17,11099,10444,19976,20239,24045,28469,37462,45215,56369,58367,60518,66052,46847,56777,13714,23383,6,3,4427,3648,7056,8016,8262,12485,11659,18825,15925,19399,28781,32702,35140,43233,10858,18481,348503,222267,50787,33810,174874,17993,4815,29,21
2021-05-18T23:59:59+02:00,15,17,10769,10159,19395,19788,23389,27908,36050,43983,54955,57237,60146,65625,46717,56616,13689,23358,6,3,4322,3521,6807,7779,8000,12200,11425,18422,15577,18968,28697,32610,35110,43192,10854,18474,343101,221974,48935,33728,173394,15887,4357,29,21
2021-05-17T23:59:59+02:00,14,16,10549,9978,18957,19498,22953,27597,34848,42990,53641,56198,59896,65378,46653,56517,13674,23324,6,3,4252,3434,6599,7560,7748,11905,11167,18025,15265,18560,28606,32521,35085,43151,10848,18460,339013,221672,47940,33660,171876,14019,3823,29,21
2021-05-16T23:59:59+02:00,14,15,10359,9849,18662,19294,22620,27356,34209,42529,52402,55027,59703,65213,46616,56463,13663,23304,6,3,4184,3360,6382,7394,7459,11650,10897,17672,14969,18196,28540,32459,35069,43133,10841,18456,336573,221418,47061,33598,170258,12255,3378,28,21
2021-05-15T23:59:59+02:00,14,15,10263,9749,18510,19146,22448,27211,33826,42161,52006,54649,59588,65067,46568,56418,13660,23288,6,3,4143,3324,6298,7328,7366,11547,10795,17553,14864,18066,28446,32341,34977,43040,10837,18451,334171,220328,47060,33596,170124,12236,3204,28,21
2021-05-14T23:59:59+02:00,13,15,9980,9546,18082,18906,22047,26923,31478,40381,49856,52794,59366,64838,46520,56333,13643,23267,6,3,4015,3241,6012,7163,7061,11323,10449,17202,14517,17739,27872,31635,34854,42848,10818,18423,325017,217033,47007,33590,169513,12113,2424,27,21
2021-05-13T23:59:59+02:00,13,15,9518,9177,17288,18341,21180,26240,30361,39390,47613,50622,58516,63864,46310,56050,13604,23194,6,3,3515,3047,5673,6910,6749,11013,10038,16812,14140,17304,26973,30436,34428,42329,10787,18362,316519,212432,45146,33033,167489,10923,2116,26,21
2021-05-12T23:59:59+02:00,13,15,9227,8982,16855,18082,20707,25950,29830,39004,44611,46975,57943,63222,46226,55936,13586,23169,6,3,3375,2959,5441,6799,6468,10866,9756,16603,13902,17039,26326,29613,34262,42136,10761,18328,307323,209400,44328,33007,167196,10755,1460,26,21
2021-05-11T23:59:59+02:00,13,13,8794,8706,16083,17564,19841,25329,28092,37560,42676,45469,57568,62775,46142,55801,13565,23141,6,3,3255,2828,5208,6458,6170,10450,9388,16046,13465,16479,24902,27944,33751,41509,10710,18240,301833,203420,41270,32824,164711,9255,1292,26,21
2021-05-10T23:59:59+02:00,13,12,8532,8553,15569,17308,19209,25008,27102,36870,41215,44323,57301,62501,46063,55697,13545,23110,6,2,3145,2702,4976,6224,5915,10126,9065,15568,13102,16056,23852,26613,33262,40925,10674,18182,298526,198762,40363,32796,162037,7838,980,25,19
2021-05-09T23:59:59+02:00,13,12,8376,8470,15263,17127,18827,24752,26434,36441,39437,42657,57005,62222,46007,55639,13537,23090,6,2,3024,2647,4794,6083,5746,9951,8867,15361,12934,15883,23576,26280,33117,40752,10664,18167,295552,197564,39986,32753,159039,6811,707,25,19
2021-05-08T23:59:59+02:00,13,12,8301,8397,15080,16981,18619,24553,26206,36203,39203,42465,56878,62072,45969,55602,13534,23079,6,2,3016,2628,4763,6047,5702,9905,8790,15296,12847,15813,23206,25853,32831,40438,10656,18151,293987,196374,39532,32042,158916,6808,707,25,19
2021-05-07T23:59:59+02:00,12,11,8130,8301,14754,16797,18230,24316,25783,35913,38745,42086,56603,61717,45920,55555,13527,23069,6,2,2718,2494,4415,5862,5430,9644,8474,14985,12451,15417,22107,24478,32181,39603,10628,18101,291442,192909,39101,30542,158589,5216,312,25,17
2021-05-06T23:59:59+02:00,11,11,7483,7945,13854,16194,17171,23460,24441,34799,36599,40420,55476,60395,45677,55248,13492,23002,6,2,2593,2381,4241,5665,5223,9340,8130,14544,12019,14963,20799,22802,31326,38595,10574,17987,280792,187291,37817,29583,156769,4024,275,25,17
2021-05-05T23:59:59+02:00,9,11,6945,7637,13072,15651,16135,22691,23051,33772,34768,38931,53633,58354,45356,54902,13459,22936,6,2,2506,2322,4066,5509,5032,9128,7782,14206,11649,14603,19409,21019,30131,37179,10534,17884,269325,181154,36893,28410,154974,3290,96,25,17
2021-05-04T23:59:59+02:00,9,10,6756,7547,12705,15474,15647,22420,22402,33426,33807,38232,52779,57391,45233,54775,13441,22895,6,2,2451,2252,3912,5340,4856,8874,7439,13798,11223,14144,17756,19089,29032,35847,10438,17764,265547,174334,36024,27469,153311,2361,43,24,16
2021-05-03T23:59:59+02:00,9,10,6611,7398,12327,15253,15139,22109,21690,33020,32654,37341,52481,57073,45137,54667,13426,22863,6,2,2392,2182,3818,5160,4716,8639,7221,13449,10902,13736,16552,17589,28152,34744,10374,17656,262252,168754,35562,27120,151338,1368,32,24,16
2021-05-02T23:59:59+02:00,9,10,6530,7308,12113,15081,14841,21877,21212,32699,31503,36392,52197,56782,45075,54576,13408,22832,6,2,2377,2175,3796,5127,4685,8603,7155,13378,10817,13644,16240,17193,27854,34439,10362,17642,259816,167183,35489,27006,149085,1261,31,24,14
2021-05-01T23:59:59+02:00,9,10,6512,7285,12050,15031,14760,21814,21109,32627,31376,36298,52191,56767,45071,54575,13406,22830,6,2,2374,2167,3772,5110,4644,8578,7118,13341,10756,13589,16042,16970,27739,34302,10359,17632,259244,166217,35488,26980,148934,1259,31,24,14
2021-04-30T23:59:59+02:00,9,10,6474,7247,11957,14935,14654,21694,20914,32440,31136,36107,51920,56407,45026,54522,13400,22818,6,2,2346,2147,3710,5047,4548,8469,6968,13159,10478,13326,15227,15944,26868,33228,10318,17544,257457,163011,35444,25089,148715,1191,30,24,14
2021-04-29T23:59:59+02:00,9,10,6269,7119,11635,14746,14298,21454,20394,32150,30383,35618,51271,55580,44934,54403,13374,22738,6,2,2308,2101,3617,4958,4424,8333,6774,12940,10201,13039,14252,14710,25562,31682,10255,17449,254265,157303,35349,24339,146718,928,29,24,14
2021-04-28T23:59:59+02:00,9,10,6006,6954,11255,14408,13804,20986,19752,31543,29216,34486,48603,52572,44640,54078,13311,22660,6,2,2270,2060,3550,4897,4308,8217,6614,12756,9951,12820,13111,13227,24070,29801,10193,17346,244306,151326,35222,23136,144725,709,16,24,12
2021-04-27T23:59:59+02:00,9,10,5902,6863,11099,14285,13604,20822,19471,31332,28653,34097,48397,52352,44584,54024,13302,22638,6,2,2228,2025,3460,4803,4215,8108,6448,12569,9668,12544,11895,11661,22414,27642,10114,17200,242921,144493,35174,21951,143309,531,16,24,11
2021-04-26T23:59:59+02:00,9,10,5853,6822,10981,14218,13442,20700,19243,31120,27819,33530,48060,51982,44530,53958,13293,22609,6,2,2206,1998,3405,4758,4153,8041,6345,12436,9479,12369,10977,10502,21132,25885,10053,17110,242188,139207,35147,21204,140805,421,16,23,9
2021-04-25T23:59:59+02:00,9,10,5808,6775,10876,14123,13280,20544,18995,30836,27058,32789,47562,51471,44446,53859,13279,22589,6,2,2181,1988,3375,4739,4134,8022,6312,12395,9422,12308,10815,10308,20889,25561,10043,17096,240473,138354,35103,20854,138694,363,16,23,9
2021-04-24T23:59:59+02:00,9,10,5786,6727,10797,14031,13181,20399,18860,30656,26896,32608,47459,51348,44352,53763,13275,22584,6,2,2174,1978,3350,4711,4095,7975,6240,12323,9290,12190,10658,10127,20754,25429,10027,17078,238982,137826,35085,20212,138635,344,16,23,9
2021-04-23T23:59:59+02:00,9,10,5724,6638,10663,13832,12978,20145,18549,30276,26498,32246,46512,50211,44198,53518,13252,22552,6,2,2156,1956,3307,4674,4046,7921,6146,12232,9126,12062,10392,9826,20430,25008,9979,16995,234580,136702,35026,19204,138166,333,16,23,9
2021-04-22T23:59:59+02:00,9,10,5623,6524,10453,13634,12625,19807,18033,29802,25867,31654,44784,48057,43626,52789,13206,22452,5,2,2142,1945,3268,4621,3969,7848,6017,12132,8866,11897,9958,9420,19973,24416,9929,16917,228322,134573,34913,18426,135681,301,16,23,9
2021-04-21T23:59:59+02:00,9,9,5524,6389,10223,13432,12293,19494,17530,29308,25149,30921,40504,43185,43146,52255,13139,22347,5,2,2129,1936,3232,4584,3914,7789,5936,12039,8690,11737,9626,9035,19474,23823,9863,16820,216191,132923,34847,17412,133780,278,16,23,5
2021-04-20T23:59:59+02:00,9,9,5446,6298,10028,13214,12017,19227,17107,28900,24593,30353,38748,41168,42490,51476,13067,22206,5,2,2104,1923,3190,4560,3847,7745,5805,11940,8519,11609,9342,8715,19001,23152,9766,16679,209938,131552,34757,16107,131622,224,16,23,5
2021-04-19T23:59:59+02:00,9,8,5366,6222,9867,13084,11811,19017,16744,28518,24047,29881,37188,39375,41898,50754,13014,22119,5,2,2088,1906,3155,4525,3806,7699,5765,11870,8434,11517,9104,8430,18593,22584,9719,16586,204899,129852,34699,15712,129287,203,16,21,5
2021-04-18T23:59:59+02:00,9,7,5303,6171,9736,12999,11611,18877,16462,28320,23638,29567,35871,38009,41544,50349,12980,22055,5,2,2075,1891,3128,4503,3780,7683,5721,11823,8384,11468,9006,8341,18439,22396,9706,16561,203347,129371,34657,15322,125468,198,16,20,5
2021-04-17T23:59:59+02:00,9,7,5297,6155,9702,12968,11564,18837,16385,28253,23574,29508,35559,37667,41436,50251,12974,22044,5,2,2065,1883,3101,4490,3722,7638,5651,11772,8298,11416,8895,8231,18333,22279,9685,16548,202116,128565,34648,15232,125390,196,16,20,5
2021-04-16T23:59:59+02:00,9,7,5232,6116,9615,12908,11428,18725,16173,28093,23220,29159,34475,36407,41023,49726,12954,22010,5,2,1933,1796,2873,4310,3364,7320,4880,11239,6806,10323,6364,6154,16515,20579,9490,16249,197947,119184,34558,10804,124740,193,16,19,5
2021-04-15T23:59:59+02:00,9,7,5166,6026,9411,12735,11134,18478,15677,27699,22531,28555,32575,34092,39975,48518,12873,21842,5,2,1890,1764,2806,4245,3245,7198,4663,11057,6428,10013,5905,5755,15922,19892,9298,15914,192120,116044,34505,9753,120643,184,16,19,5
2021-04-14T23:59:59+02:00,9,7,5104,5980,9245,12609,10919,18301,15273,27382,21879,28076,30646,31838,38755,47096,12798,21655,5,2,1807,1710,2723,4176,3133,7104,4461,10892,6119,9763,5429,5341,15340,19204,9094,15558,185734,113413,34366,8298,117437,129,16,19,5
2021-04-13T23:59:59+02:00,9,7,5057,5926,9108,12481,10742,18134,14929,27106,21357,27613,28541,29386,37490,45496,12654,21448,5,2,1763,1693,2686,4133,3079,7043,4327,10752,5849,9552,5088,5038,14889,18754,8958,15354,178835,111994,34300,6917,114315,33,16,18,5
2021-04-12T23:59:59+02:00,9,7,4993,5877,9000,12343,10535,17986,14607,26825,20817,27157,26500,27114,36330,44029,12525,21247,5,2,1728,1649,2656,4112,3051,6990,4268,10684,5746,9451,4921,4893,14588,18387,8847,15154,173110,111146,34221,5933,110536,32,16,18,5
2021-04-11T23:59:59+02:00,9,7,4957,5834,8905,12264,10377,17884,14342,26648,20391,26833,25297,25823,35625,43243,12436,21097,5,2,1719,1643,2634,4091,3026,6962,4233,10637,5659,9383,4828,4838,14472,18263,8808,15101,171320,110935,34150,5323,106469,26,15,18,5
2021-04-10T23:59:59+02:00,9,7,4946,5821,8863,12236,10321,17849,14274,26599,20295,26753,24981,25448,35278,42823,12429,21076,5,2,1714,1637,2625,4083,3012,6945,4203,10606,5600,9344,4750,4761,14343,18097,8761,15016,170105,110136,33425,5322,106445,26,15,18,5
2021-04-09T23:59:59+02:00,9,7,4899,5789,8780,12157,10197,17725,14106,26425,20035,26510,24139,24293,34322,41611,12396,21002,4,2,1686,1608,2568,4049,2940,6886,4053,10496,5344,9120,4335,4386,13773,17380,8531,14647,166735,106452,31910,5314,105729,26,11,17,5
2021-04-08T23:59:59+02:00,9,7,4824,5724,8633,12049,9984,17553,13709,26111,19431,26041,22427,22302,32627,39636,12246,20765,4,2,1656,1592,2514,4004,2856,6801,3906,10359,5051,8855,3875,3959,12778,16133,8047,13884,160965,101454,31004,4784,102081,22,11,17,5
2021-04-07T23:59:59+02:00,9,6,4777,5671,8449,11972,9757,17403,13390,25884,18959,25679,20619,20188,30867,37371,12128,20551,4,2,1623,1576,2460,3951,2795,6719,3799,10214,4863,8666,3609,3667,12087,15331,7671,13324,154925,98127,29825,4206,98907,13,10,13,5
2021-04-06T23:59:59+02:00,9,6,4729,5625,8305,11860,9597,17236,13070,25616,18439,25292,18764,18119,28942,34880,11925,20205,4,2,1587,1557,2436,3925,2761,6681,3737,10170,4780,8575,3500,3542,11613,14683,7384,12910,148073,95812,28860,4008,95664,12,10,12,5
2021-04-05T23:59:59+02:00,9,6,4698,5584,8209,11769,9459,17139,12857,25405,18038,24947,17036,16190,27314,32731,11777,19979,4,2,1565,1545,2405,3907,2731,6632,3694,10111,4693,8459,3387,3433,11271,14314,7226,12628,142663,94414,28425,3567,92039,11,10,10,5
2021-04-04T23:59:59+02:00,9,6,4691,5578,8201,11759,9445,17124,12831,25384,18010,24922,16904,16014,27118,32485,11768,19965,4,2,1564,1544,2403,3904,2728,6628,3692,10107,4689,8456,3378,3422,11260,14302,7222,12620,141944,94334,28332,3567,91922,11,8,8,5
2021-04-03T23:59:59+02:00,9,6,4687,5570,8187,11752,9426,17104,12792,25353,17932,24858,16824,15924,27071,32428,11763,19958,4,2,1561,1542,2394,3896,2710,6614,3669,10079,4606,8401,3261,3307,11179,14228,7216,12610,141413,93688,28305,3567,91910,11,8,8,5
2021-04-02T23:59:59+02:00,9,6,4662,5550,8128,11698,9362,17036,12653,25246,17696,24657,16373,15448,26595,31851,11731,19903,4,2,1559,1533,2379,3891,2703,6598,3648,10047,4536,8308,3192,3239,10941,13926,7065,12407,140204,92391,26892,3563,91492,11,8,8,5
2021-04-01T23:59:59+02:00,8,6,4619,5489,8016,11555,9232,16877,12380,24960,17251,24256,15620,14721,25836,30888,11604,19720,4,2,1542,1513,2350,3858,2680,6569,3609,10008,4468,8242,3079,3108,10005,12807,6450,11556,137959,88372,26226,3457,88839,10,6,8,5
2021-03-31T23:59:59+02:00,8,6,4407,5409,7905,11432,9091,16711,12161,24682,16897,23891,14923,13956,25002,29876,11495,19520,4,2,1533,1508,2336,3838,2654,6540,3559,9960,4397,8170,2989,3018,9430,12103,6085,11059,136154,85933,24762,3231,86442,10,6,8,5
2021-03-30T23:59:59+02:00,8,6,4376,5357,7829,11305,9004,16554,12000,24492,16613,23579,14322,13313,24241,28891,11356,19275,4,2,1519,1498,2315,3813,2628,6511,3518,9895,4330,8099,2862,2870,8835,11445,5732,10563,134664,83599,23545,2824,84298,5,6,8,5
2021-03-29T23:59:59+02:00,8,6,4336,5304,7729,11193,8896,16389,11840,24218,16284,23232,13778,12712,23477,27914,11196,19026,4,2,1501,1485,2296,3797,2606,6482,3484,9835,4266,8024,2809,2802,8544,11057,5543,10250,132813,82206,22785,2565,81926,5,6,8,5
2021-03-28T23:59:59+02:00,8,6,4301,5220,7644,11085,8816,16235,11705,23988,16025,22959,13449,12402,22905,27219,11022,18741,4,2,1492,1478,2274,3781,2591,6453,3444,9785,4229,7965,2761,2751,8464,10951,5498,10183,132314,81854,22259,2237,79143,4,6,8,5
2021-03-27T23:59:59+01:00,8,6,4287,5209,7618,11053,8750,16163,11605,23893,15880,22843,13244,12189,22702,27005,10987,18712,4,2,1491,1476,2271,3779,2590,6452,3430,9758,4219,7942,2753,2745,8406,10887,5463,10143,131430,81559,21613,2237,79097,4,6,8,5
2021-03-26T23:59:59+01:00,8,6,4244,5142,7508,10919,8576,15978,11270,23589,15267,22340,12325,11359,21912,26161,10840,18484,2,2,1486,1462,2266,3758,2577,6429,3413,9732,4178,7906,2723,2706,8225,10668,5342,9972,127371,80709,20002,2123,78541,4,6,8,5
2021-03-25T23:59:59+01:00,8,5,4189,4980,7345,10640,8331,15569,10886,22966,14622,21640,11651,10697,21041,25092,10521,17938,2,2,1466,1449,2233,3731,2543,6390,3376,9685,4107,7824,2590,2566,7247,9408,4725,9055,124079,76501,19221,1884,74808,4,5,8,5
2021-03-24T23:59:59+01:00,8,5,4113,4839,7208,10353,8115,15157,10622,22416,14150,21030,11045,10139,20105,24003,10188,17371,2,2,1445,1420,2206,3693,2499,6353,3334,9620,4028,7724,2489,2469,6595,8643,4339,8473,121477,73864,18027,1461,71355,2,2,6,5
2021-03-23T23:59:59+01:00,8,5,4073,4747,7101,10113,7962,14815,10359,21911,13748,20538,10577,9697,19379,23149,9873,16903,2,2,1434,1402,2180,3672,2480,6325,3274,9566,3934,7648,2395,2368,5866,7712,3885,7781,120012,70786,16918,1132,68021,2,1,6,5
2021-03-22T23:59:59+01:00,8,5,4020,4669,6972,9872,7801,14493,10099,21443,13398,20037,10184,9341,18807,22439,9679,16555,2,1,1425,1395,2173,3658,2468,6309,3250,9543,3904,7614,2334,2317,5409,7102,3527,7289,119117,68670,16515,1042,64183,2,1,6,5
2021-03-21T23:59:59+01:00,8,5,3973,4567,6840,9607,7633,14133,9877,20901,13055,19511,9864,9062,18270,21837,9490,16242,2,1,1422,1391,2172,3647,2464,6301,3244,9534,3894,7600,2320,2298,5292,6970,3469,7188,118910,68159,16118,1042,59840,2,1,6,5
2021-03-20T23:59:59+01:00,8,5,3962,4547,6804,9552,7575,14059,9793,20791,12949,19421,9777,8969,18130,21660,9439,16155,2,1,1419,1386,2168,3643,2459,6296,3230,9524,3874,7590,2285,2266,4964,6596,3280,6946,118078,66879,16023,1042,59488,2,1,6,5
2021-03-19T23:59:59+01:00,7,5,3788,4406,6512,9302,7135,13634,8881,20061,11221,18094,6918,6624,15878,19454,9077,15593,2,1,1415,1382,2163,3636,2447,6283,3217,9498,3823,7544,2218,2225,4589,6124,3011,6621,108785,65182,11304,1009,56494,2,1,6,5
2021-03-18T23:59:59+01:00,7,4,3684,4275,6335,8995,6866,13195,8491,19403,10584,17356,6202,5972,14654,17981,8560,14768,2,1,1411,1376,2140,3609,2429,6247,3188,9457,3783,7511,2173,2191,4168,5592,2729,6206,103648,63304,10297,901,53380,2,1,6,5
2021-03-17T23:59:59+01:00,7,4,3605,4201,6206,8848,6694,13018,8192,19093,10181,16966,5793,5586,13839,17062,8161,14180,2,1,1401,1363,2124,3589,2399,6215,3157,9429,3746,7474,2118,2131,3759,5146,2476,5818,100413,61573,8608,767,52608,2,1,6,5
2021-03-16T23:59:59+01:00,7,4,3527,4069,6051,8578,6487,12649,7881,18511,9632,16310,5265,5131,13021,16100,7823,13679,2,1,1392,1354,2115,3572,2383,6200,3141,9410,3721,7448,2091,2094,3239,4505,2136,5304,98084,59337,7196,763,49438,2,1,6,5
2021-03-15T23:59:59+01:00,7,4,3479,3923,5864,8303,6269,12237,7604,17939,9197,15687,4947,4846,12362,15358,7557,13217,2,1,1392,1344,2099,3557,2363,6176,3122,9361,3697,7409,2054,2043,2871,4043,1851,4909,96585,57542,6216,745,45993,2,0,6,5
2021-03-14T23:59:59+01:00,7,4,3434,3790,5634,7972,5979,11790,7296,17219,8737,14936,4623,4571,12073,15102,7508,13117,2,1,1385,1339,2083,3528,2350,6127,3104,9302,3680,7371,2047,2032,2793,3935,1798,4823,96460,57143,5600,550,41726,2,0,6,5
2021-03-13T23:59:59+01:00,7,4,3418,3750,5593,7856,5918,11668,7211,17071,8588,14781,4472,4421,11983,15017,7502,13106,2,1,1385,1339,2083,3528,2349,6127,3103,9301,3679,7371,2044,2024,2740,3880,1764,4769,95767,56932,5600,550,40993,2,0,6,5
2021-03-12T23:59:59+01:00,7,4,3398,3680,5536,7718,5858,11516,7125,16845,8452,14547,4366,4325,11709,14692,7346,12888,2,1,1385,1339,2079,3522,2348,6119,3099,9295,3677,7366,2042,2022,2652,3769,1680,4680,94339,56520,5592,550,40075,2,0,6,5
2021-03-11T23:59:59+01:00,7,4,3320,3487,5327,7421,5627,11099,6786,16176,8015,13908,4022,3989,10629,13433,6687,11974,2,1,1380,1337,2068,3508,2329,6094,3076,9261,3653,7333,2012,1997,2412,3503,1524,4461,90133,55427,5157,517,36615,2,0,6,5
2021-03-10T23:59:59+01:00,7,4,3224,3369,5108,7150,5415,10736,6515,15629,7677,13361,3799,3760,9983,12642,6298,11438,2,1,1375,1326,2041,3470,2300,6004,3028,9138,3596,7214,1968,1920,2196,3266,1391,4265,87659,54211,4781,283,33669,2,0,6,5
2021-03-09T23:59:59+01:00,6,4,3150,3241,4940,6963,5210,10451,6283,15194,7380,12852,3615,3553,9345,11943,5920,10911,2,1,1368,1315,2007,3410,2269,5902,2966,8996,3528,7132,1938,1894,1916,2948,1219,4018,85371,52787,4516,35,31068,2,0,6,5
2021-03-08T23:59:59+01:00,6,4,3086,3085,4709,6699,4969,10098,6022,14680,7019,12266,3413,3360,8954,11500,5722,10593,2,1,1365,1297,1993,3331,2238,5805,2928,8850,3495,7038,1923,1872,1713,2716,1095,3824,83894,51448,4145,33,28140,0,0,6,5
2021-03-07T23:59:59+01:00,6,4,3054,3025,4636,6584,4885,9985,5917,14516,6902,12119,3362,3313,8865,11391,5681,10526,2,1,1359,1292,1987,3319,2230,5780,2921,8811,3483,7019,1915,1860,1658,2648,1044,3755,83533,51046,3967,33,27265,0,0,6,5
2021-03-06T23:59:59+01:00,6,4,3040,2967,4595,6491,4848,9918,5859,14397,6854,12007,3338,3290,8808,11325,5646,10483,2,1,1357,1279,1982,3305,2218,5753,2918,8784,3472,7000,1905,1836,1630,2624,1038,3746,83210,50812,3967,33,26693,0,0,6,5
2021-03-05T23:59:59+01:00,6,4,3016,2874,4536,6379,4784,9820,5796,14245,6751,11854,3293,3235,8621,11097,5523,10307,2,1,1348,1246,1950,3250,2193,5647,2877,8650,3428,6862,1861,1790,1566,2554,1016,3718,82301,49921,3959,33,25875,0,0,6,5
2021-03-04T23:59:59+01:00,4,4,2964,2685,4379,6140,4566,9507,5589,13828,6438,11465,3117,3059,7599,9802,4888,9389,2,1,1329,1197,1913,3128,2161,5464,2831,8373,3371,6630,1789,1700,1529,2502,1011,3700,78129,48594,3685,32,23603,0,0,6,5
2021-03-03T23:59:59+01:00,3,4,2925,2614,4239,5949,4399,9238,5386,13449,6182,11046,2992,2927,6948,9026,4491,8780,2,1,1317,1161,1886,3055,2139,5354,2800,8194,3318,6473,1721,1658,1488,2432,991,3646,75400,47600,3442,32,21750,0,0,6,4
2021-03-02T23:59:59+01:00,3,4,2865,2523,4051,5730,4194,8967,5188,13069,5913,10670,2845,2766,6187,8063,4019,8070,2,1,1284,1119,1859,2983,2115,5212,2750,7921,3269,6275,1647,1598,1422,2352,967,3595,72235,46335,2986,32,19900,0,0,6,4
2021-03-01T23:59:59+01:00,3,3,2826,2460,3887,5577,4008,8748,4999,12748,5674,10277,2744,2651,5693,7405,3653,7558,2,1,1278,1083,1836,2882,2089,5018,2709,7671,3209,6039,1604,1562,1373,2291,937,3552,70062,45100,2677,32,18169,0,0,6,4
2021-02-28T23:59:59+01:00,3,3,2784,2412,3729,5459,3785,8558,4816,12497,5487,9971,2687,2578,5571,7250,3591,7457,2,1,1274,1078,1831,2869,2080,4994,2702,7635,3199,6022,1595,1555,1368,2283,934,3542,69583,44929,2456,31,16593,0,0,6,4
2021-02-27T23:59:59+01:00,3,2,2771,2351,3703,5379,3751,8484,4782,12404,5452,9897,2646,2544,5236,6861,3390,7205,2,1,1267,1070,1824,2857,2067,4959,2683,7570,3183,5966,1577,1546,1362,2272,932,3541,68260,44645,2456,30,16139,0,0,6,4
2021-02-26T23:59:59+01:00,3,2,2751,2310,3663,5291,3685,8380,4719,12293,5367,9809,2569,2491,4852,6378,3111,6871,2,1,1210,1020,1774,2751,2018,4778,2627,7295,3111,5756,1516,1495,1339,2251,918,3532,66438,43361,2329,29,15772,0,0,6,4
2021-02-25T23:59:59+01:00,3,2,2579,2203,3476,5109,3499,8153,4516,12006,5148,9534,2480,2425,4402,5823,2822,6442,2,1,1194,963,1743,2642,1964,4504,2558,6898,3016,5469,1470,1452,1318,2236,915,3523,64569,41839,2002,26,14045,0,0,6,3
2021-02-24T23:59:59+01:00,3,2,2426,2069,3286,4915,3353,7948,4319,11752,4927,9283,2343,2305,3941,5311,2560,6043,1,1,1179,934,1720,2557,1928,4364,2498,6642,2963,5264,1439,1420,1300,2215,911,3500,62788,40815,1523,18,12469,0,0,6,3
2021-02-23T23:59:59+01:00,3,2,2296,1931,3107,4688,3200,7709,4145,11481,4743,9035,2254,2212,3384,4647,2217,5527,1,1,1165,886,1687,2462,1889,4173,2430,6343,2867,5004,1381,1365,1271,2171,895,3473,60576,39446,1170,15,10829,0,0,6,3
2021-02-22T23:59:59+01:00,3,2,2256,1880,3023,4595,3130,7600,4051,11294,4635,8910,2202,2171,3013,4180,1931,5141,1,1,1153,827,1655,2336,1847,3927,2354,5949,2742,4707,1318,1311,1248,2138,887,3448,58895,37841,1083,5,10033,0,0,6,3
2021-02-21T23:59:59+01:00,3,2,2220,1849,2971,4526,3050,7487,3970,11149,4569,8793,2187,2148,2928,4065,1875,5053,1,1,1150,809,1638,2284,1820,3820,2321,5793,2680,4583,1287,1288,1238,2124,880,3433,58461,37142,1050,5,9328,0,0,6,3
2021-02-20T23:59:59+01:00,3,2,2208,1846,2948,4513,3034,7451,3944,11116,4548,8771,2184,2140,2874,4008,1840,4998,1,1,1150,806,1638,2282,1819,3811,2320,5788,2679,4579,1286,1285,1237,2121,879,3432,58245,37106,1049,5,9128,0,0,6,3
2021-02-19T23:59:59+01:00,2,2,2196,1832,2912,4461,3009,7364,3899,11034,4494,8708,2176,2134,2783,3894,1755,4904,1,1,1100,797,1599,2274,1808,3802,2310,5767,2671,4566,1280,1274,1226,2116,874,3425,57823,36884,1017,4,8713,0,0,6,3
2021-02-18T23:59:59+01:00,2,2,2065,1737,2755,4278,2885,7166,3762,10748,4355,8503,2142,2101,2541,3623,1599,4681,1,1,1022,761,1527,2175,1758,3680,2237,5610,2614,4481,1266,1255,1219,2102,861,3407,56750,35970,952,4,7237,0,0,6,3
2021-02-17T23:59:59+01:00,2,2,2021,1689,2664,4147,2775,6954,3609,10407,4213,8261,2083,2017,2322,3393,1471,4487,1,1,870,696,1414,2049,1681,3489,2140,5382,2542,4308,1232,1209,1193,2057,845,3362,55675,34465,806,3,6030,0,0,6,3
2021-02-16T23:59:59+01:00,2,2,1851,1578,2490,3939,2635,6679,3448,10053,4035,7955,2038,1990,2040,3073,1297,4233,1,1,843,674,1344,1971,1612,3348,2045,5208,2447,4174,1170,1163,1133,1968,812,3260,54333,33169,770,2,4229,0,0,6,3
2021-02-15T23:59:59+01:00,2,2,1816,1523,2402,3768,2558,6407,3326,9685,3920,7685,2012,1961,1821,2833,1171,4040,1,1,825,662,1315,1924,1570,3279,1988,5036,2384,4073,1112,1122,1066,1876,793,3156,53224,32179,754,1,2948,0,0,6,3
2021-02-14T23:59:59+01:00,2,2,1726,1493,2354,3707,2516,6313,3255,9580,3873,7607,2001,1951,1763,2773,1121,3980,1,1,810,652,1299,1901,1543,3256,1954,4995,2358,4017,1102,1113,1059,1867,790,3144,52885,31858,725,1,2401,0,0,6,3
2021-02-13T23:59:59+01:00,2,2,1725,1481,2344,3700,2510,6299,3252,9564,3866,7597,1992,1931,1739,2753,1117,3970,1,1,810,652,1299,1901,1543,3256,1954,4995,2358,4017,1102,1113,1059,1867,790,3144,52728,31858,725,1,2385,0,0,6,3
2021-02-12T23:59:59+01:00,2,2,1646,1396,2243,3586,2431,6126,3147,9326,3741,7332,1945,1873,1675,2682,1094,3941,1,1,803,644,1287,1878,1530,3237,1946,4964,2342,3997,1097,1108,1058,1848,790,3113,51786,31641,725,0,1671,0,0,6,3
2021-02-11T23:59:59+01:00,2,2,1451,1260,2062,3374,2303,5834,2996,8892,3583,6985,1872,1771,1633,2618,1074,3918,1,1,774,596,1192,1699,1403,2958,1806,4602,2176,3707,1044,1044,1014,1770,749,2971,50387,29506,684,0,553,0,0,6,1
2021-02-10T23:59:59+01:00,2,2,1358,1213,1978,3247,2234,5662,2914,8613,3472,6754,1802,1724,1586,2551,1055,3856,1,1,564,512,970,1473,1261,2647,1621,4141,1972,3325,924,917,881,1512,657,2629,49211,26007,645,0,161,0,0,6,1
2021-02-09T23:59:59+01:00,2,2,1323,1164,1943,3154,2206,5477,2847,8272,3402,6496,1728,1662,1524,2490,1036,3813,1,1,302,379,755,1207,1075,2269,1414,3602,1722,2869,758,755,708,1205,523,2125,47941,21669,515,0,80,0,0,5,1
2021-02-08T23:59:59+01:00,2,2,1316,1129,1911,3037,2169,5255,2795,7993,3343,6260,1685,1628,1475,2435,1019,3790,1,1,266,341,652,1054,970,2053,1255,3209,1526,2553,656,635,606,1018,451,1840,46815,19086,345,0,79,0,0,5,1
2021-02-07T23:59:59+01:00,2,2,1290,1113,1881,2985,2143,5173,2765,7890,3301,6194,1669,1612,1460,2416,1007,3775,1,1,232,286,603,965,909,1898,1164,2982,1429,2381,615,615,584,983,441,1809,46529,17898,144,0,0,0,0,5,0
2021-02-06T23:59:59+01:00,2,2,1285,1107,1875,2973,2134,5145,2752,7846,3290,6149,1656,1604,1455,2406,1004,3774,1,1,213,255,581,927,881,1833,1121,2863,1372,2298,599,596,577,983,441,1809,46310,17351,144,0,0,0,0,5,0
2021-02-05T23:59:59+01:00,2,2,1226,1055,1826,2865,2082,4949,2691,7549,3213,5933,1593,1551,1438,2383,996,3768,1,1,196,222,545,876,845,1753,1083,2743,1319,2198,565,572,565,959,429,1784,44973,16656,144,0,0,0,0,5,0
2021-02-04T23:59:59+01:00,2,2,1214,992,1785,2717,2010,4637,2609,7102,3113,5604,1548,1518,1421,2366,991,3757,1,1,167,170,471,756,746,1612,970,2504,1206,1984,519,519,517,903,408,1664,43348,15118,36,0,0,0,0,4,0
2021-02-03T23:59:59+01:00,2,2,1196,963,1755,2635,1971,4489,2543,6840,3061,5390,1511,1486,1391,2331,972,3727,1,1,139,141,397,644,630,1374,824,2126,1010,1692,399,383,373,681,288,1259,42225,12362,36,0,0,0,0,4,0
2021-02-02T23:59:59+01:00,2,2,1179,907,1721,2534,1929,4269,2470,6508,2956,5118,1457,1439,1367,2300,962,3702,1,1,116,116,321,522,524,1136,679,1796,821,1383,298,280,292,499,225,947,40782,9957,36,0,0,0,0,4,0
2021-02-01T23:59:59+01:00,1,2,1166,847,1686,2410,1878,4024,2393,6118,2834,4822,1390,1357,1337,2254,949,3673,0,0,83,76,221,352,351,743,430,1159,479,861,186,170,171,298,126,562,39101,6268,36,0,0,0,0,4,0
2021-01-31T23:59:59+01:00,1,2,1162,829,1669,2353,1853,3902,2361,5934,2767,4702,1359,1334,1326,2238,942,3657,0,0,72,70,187,280,273,576,341,905,397,694,160,155,159,289,122,548,38354,5228,33,0,0,0,0,4,0
2021-01-30T23:59:59+01:00,1,2,1162,826,1668,2348,1851,3891,2359,5923,2764,4692,1358,1330,1325,2237,942,3656,0,0,69,63,154,233,245,508,306,787,354,619,159,148,154,285,122,547,38299,4753,32,0,0,0,0,4,0
2021-01-29T23:59:59+01:00,1,2,1111,817,1629,2340,1840,3884,2351,5908,2756,4681,1354,1327,1321,2237,942,3656,0,0,61,45,117,178,201,353,250,639,310,491,148,139,143,275,119,546,38123,4015,30,0,0,0,0,4,0
2021-01-28T23:59:59+01:00,1,2,1037,791,1573,2277,1807,3815,2304,5837,2723,4629,1342,1315,1311,2231,930,3642,0,0,39,20,75,106,132,206,155,383,202,294,115,106,117,221,107,496,37536,2774,27,0,0,0,0,4,0
2021-01-27T23:59:59+01:00,1,2,889,739,1478,2202,1739,3701,2231,5708,2665,4503,1312,1270,1282,2193,914,3606,0,0,30,13,63,88,106,162,122,326,175,248,107,88,104,201,103,459,36413,2395,18,0,0,0,0,4,0
2021-01-26T23:59:59+01:00,1,2,874,719,1415,2127,1678,3571,2144,5536,2577,4391,1253,1230,1232,2120,889,3546,0,0,29,12,60,85,102,156,118,311,174,239,104,82,97,180,92,409,35288,2250,13,0,0,0,0,4,0
2021-01-25T23:59:59+01:00,1,2,861,698,1384,2065,1645,3474,2098,5366,2520,4299,1200,1205,1177,2060,872,3480,0,0,27,12,57,85,99,154,117,309,173,239,103,81,96,179,90,406,34400,2227,4,0,0,0,0,3,0
2021-01-24T23:59:59+01:00,1,2,858,697,1378,2054,1640,3457,2090,5341,2508,4267,1196,1198,1172,2053,871,3474,0,0,27,12,57,85,98,153,117,309,173,238,103,81,96,179,90,405,34250,2223,4,0,0,0,0,3,0
2021-01-23T23:59:59+01:00,1,2,858,697,1378,2054,1639,3457,2090,5341,2508,4267,1196,1198,1172,2053,871,3474,0,0,27,12,57,85,98,153,117,309,172,238,103,81,96,179,90,405,34250,2222,3,0,0,0,0,3,0
2021-01-22T23:59:59+01:00,1,2,857,687,1364,2031,1624,3433,2077,5307,2492,4248,1194,1193,1171,2030,870,3440,0,0,27,12,57,85,98,153,117,309,171,238,103,81,96,179,90,405,34015,2221,3,0,0,0,0,3,0
2021-01-21T23:59:59+01:00,1,2,825,651,1287,1876,1523,3240,1981,5035,2382,4048,1153,1133,1142,1961,832,3319,0,0,25,11,53,80,90,144,107,280,157,215,89,72,85,155,74,345,32387,1982,3,0,0,0,0,1,0
2021-01-20T23:59:59+01:00,1,2,625,552,1093,1659,1385,2966,1804,4629,2177,3707,1024,1014,1012,1720,755,3015,0,0,23,11,52,76,87,143,99,267,146,196,78,65,79,130,62,307,29136,1821,3,0,0,0,0,1,0
2021-01-19T23:59:59+01:00,1,2,341,408,844,1402,1181,2618,1568,4100,1913,3256,849,841,838,1425,630,2565,0,0,19,8,37,53,58,78,73,180,103,133,58,50,51,96,47,238,24779,1282,2,0,0,0,0,1,0
2021-01-18T23:59:59+01:00,1,2,300,372,731,1213,1063,2364,1376,3599,1672,2874,708,689,677,1169,526,2120,0,0,8,4,12,18,20,26,24,52,25,47,13,11,13,33,11,72,21454,389,1,0,0,0,0,1,0
2021-01-17T23:59:59+01:00,1,2,258,319,664,1117,983,2193,1278,3326,1558,2663,662,659,648,1109,498,2052,0,0,0,0,1,0,3,2,2,1,2,2,1,4,1,0,0,1,19989,20,1,0,0,0,0,0,0
2021-01-16T23:59:59+01:00,1,2,241,289,648,1082,959,2132,1237,3215,1507,2589,646,641,640,1109,498,2051,0,0,0,0,0,0,1,2,1,1,1,2,0,1,1,0,0,1,19486,11,1,0,0,0,0,0,0
2021-01-15T23:59:59+01:00,1,2,225,255,618,1030,932,2054,1203,3097,1455,2492,615,615,633,1088,491,2039,0,0,0,0,0,0,0,0,0,0,0,0,0,0,0,0,0,0,18845,0,0,0,0,0,0,0,0
2021-01-14T23:59:59+01:00,1,2,195,206,557,907,843,1910,1108,2875,1340,2307,571,571,593,1042,484,1993,0,0,0,0,0,0,0,0,0,0,0,0,0,0,0,0,0,0,17505,0,0,0,0,0,0,0,0
2021-01-13T23:59:59+01:00,1,2,166,185,508,836,771,1785,1009,2638,1185,2082,455,452,451,824,368,1552,0,0,0,0,0,0,0,0,0,0,0,0,0,0,0,0,0,0,15270,0,0,0,0,0,0,0,0
2021-01-12T23:59:59+01:00,1,2,142,164,477,767,719,1630,920,2435,1077,1850,365,343,351,591,270,1115,0,0,0,0,0,0,0,0,0,0,0,0,0,0,0,0,0,0,13219,0,0,0,0,0,0,0,0
2021-01-11T23:59:59+01:00,0,1,113,127,401,637,629,1376,756,1977,846,1462,227,202,201,357,153,673,0,0,0,0,0,0,0,0,0,0,0,0,0,0,0,0,0,0,10138,0,0,0,0,0,0,0,0
2021-01-10T23:59:59+01:00,0,1,87,92,310,458,473,999,547,1449,622,1065,189,178,184,344,147,659,0,0,0,0,0,0,0,0,0,0,0,0,0,0,0,0,0,0,7804,0,0,0,0,0,0,0,0
2021-01-09T23:59:59+01:00,0,1,77,84,263,396,402,867,480,1232,546,907,183,168,179,339,147,657,0,0,0,0,0,0,0,0,0,0,0,0,0,0,0,0,0,0,6928,0,0,0,0,0,0,0,0
2021-01-08T23:59:59+01:00,0,1,64,64,190,288,304,585,366,934,440,688,175,163,163,327,145,657,0,0,0,0,0,0,0,0,0,0,0,0,0,0,0,0,0,0,5554,0,0,0,0,0,0,0,0
2021-01-07T23:59:59+01:00,0,0,45,25,81,122,140,231,164,421,222,343,130,127,144,277,131,602,0,0,0,0,0,0,0,0,0,0,0,0,0,0,0,0,0,0,3205,0,0,0,0,0,0,0,0
2021-01-06T23:59:59+01:00,0,0,33,18,70,93,119,180,136,344,193,278,111,98,115,227,112,517,0,0,0,0,0,0,0,0,0,0,0,0,0,0,0,0,0,0,2644,0,0,0,0,0,0,0,0
2021-01-05T23:59:59+01:00,0,0,30,13,60,89,108,166,120,329,179,255,109,94,114,220,109,499,0,0,0,0,0,0,0,0,0,0,0,0,0,0,0,0,0,0,2494,0,0,0,0,0,0,0,0
2021-01-04T23:59:59+01:00,0,0,27,12,57,86,100,158,115,314,177,243,108,90,107,206,99,461,0,0,0,0,0,0,0,0,0,0,0,0,0,0,0,0,0,0,2360,0,0,0,0,0,0,0,0
2021-01-03T23:59:59+01:00,0,0,27,12,57,86,100,158,115,314,177,243,108,90,106,205,99,461,0,0,0,0,0,0,0,0,0,0,0,0,0,0,0,0,0,0,2358,0,0,0,0,0,0,0,0
2021-01-02T23:59:59+01:00,0,0,27,12,57,86,100,158,115,314,176,243,108,90,106,205,99,461,0,0,0,0,0,0,0,0,0,0,0,0,0,0,0,0,0,0,2357,0,0,0,0,0,0,0,0
2021-01-01T23:59:59+01:00,0,0,27,12,57,86,100,158,115,314,174,242,108,90,106,205,99,461,0,0,0,0,0,0,0,0,0,0,0,0,0,0,0,0,0,0,2354,0,0,0,0,0,0,0,0
2020-12-31T23:59:59+01:00,0,0,27,12,57,86,100,158,115,314,174,242,108,90,106,205,99,461,0,0,0,0,0,0,0,0,0,0,0,0,0,0,0,0,0,0,2354,0,0,0,0,0,0,0,0
2020-12-30T23:59:59+01:00,0,0,26,12,57,85,99,155,115,313,174,242,108,90,106,205,99,461,0,0,0,0,0,0,0,0,0,0,0,0,0,0,0,0,0,0,2347,0,0,0,0,0,0,0,0
2020-12-29T23:59:59+01:00,0,0,20,9,42,60,76,91,86,218,128,190,83,77,77,171,80,373,0,0,0,0,0,0,0,0,0,0,0,0,0,0,0,0,0,0,1781,0,0,0,0,0,0,0,0
2020-12-28T23:59:59+01:00,0,0,9,6,18,30,31,45,40,113,53,103,36,42,39,98,43,211,0,0,0,0,0,0,0,0,0,0,0,0,0,0,0,0,0,0,917,0,0,0,0,0,0,0,0
2020-12-27T23:59:59+01:00,0,0,2,2,4,5,7,11,10,24,6,23,6,7,7,25,5,56,0,0,0,0,0,0,0,0,0,0,0,0,0,0,0,0,0,0,200,0,0,0,0,0,0,0,0
