Datum,<24_1_m,<24_1_w,25-34_1_m,25-34_1_w,35-44_1_m,35-44_1_w,45-54_1_m,45-54_1_w,55-64_1_m,55-64_1_w,65-74_1_m,65-74_1_w,75-84_1_m,75-84_1_w,>84_1_m,>84_1_w,<24_2_m,<24_2_w,25-34_2_m,25-34_2_w,35-44_2_m,35-44_2_w,45-54_2_m,45-54_2_w,55-64_2_m,55-64_2_w,65-74_2_m,65-74_2_w,75-84_2_m,75-84_2_w,>84_2_m,>84_2_w,bp_1,bp_2,mo_1,mo_2,az_1,az_2,ja
2021-06-20T23:59:59+02:00,42107,39776,50206,46068,61756,63435,86264,88716,93728,94096,65104,71743,46915,57949,11257,20294,10245,10164,16214,16647,19035,24611,26148,35342,30805,34665,45860,51529,39485,48458,9814,17618,675315,290747,67107,39128,179209,88982,17783
2021-06-19T23:59:59+02:00,40029,37835,49359,45303,61267,62941,85794,88231,93366,93778,64965,71591,46858,57876,11245,20273,10194,10080,16120,16531,18920,24453,26043,35196,30688,34530,45776,51445,39466,48430,9811,17612,666642,289447,67094,39125,179208,88956,17767
2021-06-18T23:59:59+02:00,38057,35937,48210,44149,60366,62105,85001,87486,92809,93248,64768,71400,46776,57750,11232,20245,10121,9986,15964,16378,18737,24266,25796,34960,30413,34218,45494,51122,39390,48358,9804,17601,655555,287319,67045,39010,179207,88547,17732
2021-06-17T23:59:59+02:00,36993,34997,47386,43478,59644,61321,84306,86887,92466,92929,64652,71279,46735,57680,11221,20226,9555,9577,15297,15811,17950,23453,24675,33818,28967,32856,44263,49735,38932,47773,9709,17457,648989,278478,66965,38342,179179,85941,17067
2021-06-16T23:59:59+02:00,36189,34215,46585,42736,58775,60463,83581,86172,92093,92584,64532,71134,46682,57596,11203,20204,9128,9220,14714,15326,17210,22699,23576,32873,27853,31699,42490,47777,38433,47232,9621,17303,642172,269274,66849,37748,179164,83573,16559
2021-06-15T23:59:59+02:00,34006,32187,44884,41194,57211,58885,82270,84926,91388,91960,64292,70868,46584,57445,11175,20153,8925,9071,14417,15083,16843,22420,23041,32487,27339,31248,41606,46833,38064,46819,9530,17122,627410,266280,66807,37251,179130,81236,16081
2021-06-14T23:59:59+02:00,32244,30467,43228,39653,55649,57328,81227,83858,90751,91387,64063,70653,46498,57332,11158,20116,8713,8881,14038,14760,16322,21982,22348,31887,26727,30691,41245,46437,37694,46382,9431,16950,614290,263694,66760,36849,179101,78484,15461
2021-06-13T23:59:59+02:00,32012,30255,42828,39315,55194,56885,80892,83564,90582,91218,63989,70581,46464,57281,11147,20094,8558,8690,13762,14472,15953,21575,21895,31392,26219,30205,40873,46048,37256,45837,9291,16715,611788,261643,66629,36783,179069,75500,14815
2021-06-12T23:59:59+02:00,30221,28404,41719,38282,54556,56203,80363,83070,90061,90716,63854,70425,46402,57210,11139,20077,8505,8627,13637,14366,15815,21465,21716,31252,26119,30119,40859,46036,37248,45830,9291,16715,602259,260879,66626,36783,179061,75182,14756
2021-06-11T23:59:59+02:00,28346,26660,40370,37069,53392,55052,79383,82223,89527,90180,63655,70213,46347,57114,11120,20047,8434,8513,13469,14203,15599,21267,21452,31007,25855,29848,40573,45693,37164,45721,9280,16692,590497,259030,66551,36638,179049,74501,14601
2021-06-10T23:59:59+02:00,27168,25473,39080,35829,51847,53639,78111,81045,87974,88694,63363,69873,46232,56953,11100,20004,8116,8248,12946,13771,14970,20705,20681,30239,25107,29209,39912,44882,36822,45309,9196,16542,577722,255647,66093,36607,179000,70831,13570
2021-06-09T23:59:59+02:00,26627,25033,38436,35280,50711,52591,76913,79902,87472,88239,63264,69752,46185,56873,11087,19978,7792,7882,12318,13163,14201,19875,19775,29200,24052,27974,37452,42144,36309,44706,9073,16333,570731,245421,65696,36545,178959,67326,12957
2021-06-08T23:59:59+02:00,24875,23345,36781,33873,48613,50622,74812,78016,86144,86883,62983,69403,46065,56741,11063,19939,7628,7670,11934,12822,13728,19387,19152,28576,23545,27490,37181,41904,36025,44344,8990,16197,553481,243802,65435,36472,178929,63986,12313
2021-06-07T23:59:59+02:00,23672,22200,35124,32431,46330,48631,72765,76184,85314,86146,62792,69168,46000,56616,11046,19910,7443,7482,11504,12475,13177,18914,18421,27950,22959,26941,36877,41603,35615,43870,8910,16034,538409,241850,65266,36409,178878,60140,11776
2021-06-06T23:59:59+02:00,23454,22022,34724,32119,45713,48067,72178,75731,85141,86007,62747,69113,45985,56588,11042,19900,7296,7274,11181,12062,12757,18345,17782,27145,22294,26177,36430,41156,35177,43342,8787,15809,535329,239455,64945,36363,178828,55767,11429
2021-06-05T23:59:59+02:00,21996,20567,33373,30824,44584,46999,71618,75210,84633,85519,62664,69018,45943,56545,11036,19890,7237,7196,11084,11910,12637,18198,17610,26942,22144,26020,36383,41096,35158,43322,8785,15804,525346,238902,64945,35948,178719,55267,11409
2021-06-04T23:59:59+02:00,20593,19235,32023,29485,43073,45521,70269,73934,83914,84830,62516,68842,45877,56461,11023,19867,7119,7034,10905,11706,12419,17945,17234,26559,21643,25561,35505,40274,34885,43062,8773,15782,512533,237116,64880,35628,178711,52323,11339
2021-06-03T23:59:59+02:00,19837,18547,31002,28620,41584,44242,68503,72393,81749,82606,62193,68480,45757,56316,11009,19835,6932,6795,10593,11376,12109,17460,16771,25919,21122,24996,34868,39543,34728,42883,8747,15737,498879,234838,64203,35247,178668,49571,10923
2021-06-02T23:59:59+02:00,19469,18191,30691,28360,40851,43555,66841,70964,80975,81941,62073,68335,45707,56245,11006,19822,6803,6690,10423,11228,11885,17249,16493,25596,20602,24437,31820,36133,34530,42684,8727,15687,491494,226250,64202,34924,178666,49149,10664
2021-06-01T23:59:59+02:00,18519,17419,29169,27233,38443,41402,63232,67759,78885,79947,61791,68016,45587,56077,10979,19772,6493,6369,9904,10794,11356,16667,15818,24811,19931,23741,31510,35870,34355,42512,8704,15632,473508,224884,62656,34436,178608,45689,9458
2021-05-31T23:59:59+02:00,17860,16871,28217,26524,36274,39591,59758,64666,77175,78506,61499,67697,45461,55924,10951,19731,6304,6118,9495,10445,10936,16159,15279,24137,19351,23090,31245,35645,34190,42343,8675,15581,457795,224238,61953,34051,178545,42292,8412
2021-05-30T23:59:59+02:00,17685,16722,27947,26306,35783,39136,59045,64062,76926,78291,61449,67645,45437,55893,10947,19721,6185,5887,9144,10099,10545,15651,14822,23341,18861,22369,30610,34989,33995,42169,8657,15534,454861,223807,61520,33971,178500,36966,8114
2021-05-29T23:59:59+02:00,17242,16285,27010,25401,33985,37528,57685,62870,76368,77729,61329,67529,45387,55847,10944,19708,6146,5796,9082,9992,10454,15538,14708,23193,18739,22241,30591,34975,33990,42162,8656,15531,444756,223348,61487,33971,178495,36366,8109
2021-05-28T23:59:59+02:00,16783,15835,26128,24581,32005,35631,55646,61038,75388,76754,61177,67343,45342,55778,10935,19689,6047,5664,8922,9848,10301,15371,14549,22958,18537,21949,30544,34951,33975,42149,8655,15528,432825,222728,61021,33966,178405,35452,7802
2021-05-27T23:59:59+02:00,16045,15303,25078,23867,30754,34675,53995,59620,72340,73780,60865,66952,45224,55623,10914,19645,5903,5389,8589,9534,9912,14954,14112,22293,18075,21424,30355,34774,33872,42050,8638,15502,420753,222119,59079,33899,177787,32297,7061
2021-05-26T23:59:59+02:00,15459,14818,24192,23209,29849,33993,52829,58647,69299,70472,60489,66567,45104,55466,10887,19612,5797,5186,8325,9231,9625,14549,13743,21683,17663,20876,30187,34618,33781,41956,8616,15459,409982,221534,56911,33783,177292,29271,6707
2021-05-25T23:59:59+02:00,15065,14466,23629,22814,28677,33043,50003,56186,67325,68618,60239,66304,45004,55325,10875,19569,5706,5043,8103,8972,9383,14177,13421,21136,17294,20381,30049,34490,33708,41857,8597,15413,398183,221022,55848,33705,176672,26564,6439
2021-05-24T23:59:59+02:00,14708,14142,23141,22440,28062,32578,46907,53300,65357,66896,59982,66042,44905,55204,10847,19523,5622,4916,7844,8745,9063,13790,13098,20620,16934,19860,29935,34382,33644,41793,8578,15373,386572,220506,55369,33643,176007,23962,6086
2021-05-23T23:59:59+02:00,14637,14066,23047,22355,27990,32503,46614,53024,64802,66377,59911,65979,44885,55187,10845,19522,5599,4896,7806,8720,9003,13751,13023,20564,16869,19808,29929,34373,33641,41788,8578,15372,384377,220246,55292,33637,175995,23757,6080
2021-05-22T23:59:59+02:00,14383,13811,22736,22027,26845,31510,44785,51474,64094,65747,59764,65798,44829,55104,10836,19503,5578,4835,7782,8660,8965,13691,12990,20476,16845,19755,29923,34362,33636,41784,8578,15371,375924,220169,55278,33637,175989,23370,6055
2021-05-21T23:59:59+02:00,14036,13512,22151,21591,25946,30776,42199,49407,62424,64307,59572,65594,44754,55020,10824,19485,5554,4796,7726,8575,8902,13611,12913,20378,16773,19677,29913,34346,33630,41774,8576,15370,365597,219987,54219,33624,175799,22920,5983
2021-05-20T23:59:59+02:00,13321,12862,21013,20716,24836,29771,40624,48055,60092,62218,58911,64874,44578,54787,10798,19437,5229,4589,7322,8287,8498,13214,12442,19847,16397,19226,29811,34273,33586,41727,8574,15362,355195,219604,51920,33518,174514,19998,5264
2021-05-19T23:59:59+02:00,12820,12493,20214,20173,23987,29176,39734,47360,56577,58272,58592,64568,44485,54658,10780,19397,5054,4402,7082,8037,8211,12887,12096,19403,16060,18837,29732,34172,33546,41657,8566,15352,344813,219144,50308,33409,173391,17767,4774
2021-05-18T23:59:59+02:00,12443,12159,19633,19727,23354,28607,38168,46010,55358,57284,58269,64191,44367,54515,10759,19376,4936,4251,6829,7809,7963,12597,11853,19010,15736,18425,29669,34111,33517,41624,8563,15345,339491,218871,48480,33336,171926,15708,4323
2021-05-17T23:59:59+02:00,12184,11941,19203,19454,22923,28298,36805,44873,54224,56396,58070,63983,44309,54420,10747,19348,4855,4144,6610,7584,7712,12302,11598,18623,15439,18037,29602,34052,33497,41587,8557,15333,335458,218601,47507,33270,170419,13867,3794
2021-05-16T23:59:59+02:00,11967,11781,18906,19254,22592,28051,36110,44371,53002,55239,57959,63883,44274,54371,10738,19329,4775,4060,6374,7415,7445,12048,11323,18261,15175,17727,29551,34007,33482,41568,8550,15330,333041,218362,46633,33212,168807,12171,3346
2021-05-15T23:59:59+02:00,11861,11666,18747,19111,22429,27909,35670,43951,52654,54907,57857,63758,44234,54326,10735,19316,4729,4018,6283,7348,7354,11940,11225,18145,15068,17602,29450,33884,33408,41489,8546,15326,330658,217282,46633,33211,168671,12153,3169
2021-05-14T23:59:59+02:00,11544,11436,18321,18873,22035,27630,32910,41848,50902,53348,57705,63604,44187,54254,10723,19297,4579,3926,5989,7175,7050,11710,10876,17791,14718,17275,28915,33184,33294,41333,8533,15300,321584,214011,46580,33207,168057,12034,2396
2021-05-13T23:59:59+02:00,11024,11000,17507,18311,21162,26946,31776,40840,48604,51070,57003,62832,44005,53996,10692,19233,4020,3701,5673,6921,6751,11405,10464,17408,14322,16805,28020,31996,32934,40888,8507,15250,313138,209456,44723,32656,166049,10862,2091
2021-05-12T23:59:59+02:00,10689,10773,17080,18062,20687,26662,31242,40444,45314,47054,56775,62615,43926,53894,10678,19213,3857,3602,5442,6815,6479,11256,10180,17197,14069,16509,27410,31216,32793,40729,8484,15219,304011,206491,43901,32634,165760,10696,1436
2021-05-11T23:59:59+02:00,10195,10455,16280,17526,19840,26045,29269,38868,43603,45660,56479,62259,43846,53772,10663,19188,3711,3445,5214,6465,6173,10841,9810,16610,13597,15934,26003,29554,32348,40189,8446,15145,298547,200558,40844,32455,163288,9203,1269
2021-05-10T23:59:59+02:00,9888,10280,15758,17272,19228,25724,28213,38127,42195,44538,56303,62065,43775,53672,10645,19164,3588,3295,4981,6227,5924,10529,9476,16115,13199,15492,24976,28210,31921,39696,8415,15095,295304,195938,39940,32431,160634,7801,969
2021-05-09T23:59:59+02:00,9696,10186,15467,17083,18842,25479,27492,37655,40340,42797,56173,61939,43731,53618,10638,19148,3448,3233,4804,6089,5764,10353,9284,15902,13022,15328,24700,27879,31802,39539,8407,15086,292373,194755,39570,32392,157647,6799,694
2021-05-08T23:59:59+02:00,9603,10093,15291,16943,18633,25268,27261,37418,40116,42609,56060,61817,43698,53579,10635,19140,3438,3211,4770,6055,5720,10304,9202,15836,12924,15245,24309,27426,31565,39276,8400,15071,290824,193571,39119,31690,157527,6797,694
2021-05-07T23:59:59+02:00,9403,9981,14950,16758,18263,25034,26844,37131,39684,42227,55799,61497,43658,53532,10630,19133,3100,3050,4422,5880,5465,10028,8869,15529,12501,14799,23201,26026,31011,38560,8378,15034,288328,190152,38692,30200,157203,5200,301
2021-05-06T23:59:59+02:00,8680,9576,14048,16124,17190,24172,25444,35991,37539,40494,54812,60338,43443,53250,10599,19081,2953,2923,4251,5672,5255,9714,8499,15079,12059,14303,21849,24307,30282,37697,8335,14935,277703,184598,37417,29244,155397,4007,264
2021-05-05T23:59:59+02:00,8080,9221,13247,15569,16155,23380,23991,34950,35708,38909,53141,58481,43167,52943,10572,19023,2845,2851,4079,5518,5059,9489,8140,14720,11692,13909,20345,22412,29285,36495,8303,14851,266317,178553,36508,28082,153627,3273,85
2021-05-04T23:59:59+02:00,7857,9110,12887,15388,15640,23106,23348,34591,34709,38152,52400,57627,43055,52820,10561,18989,2774,2768,3925,5346,4878,9227,7795,14285,11229,13403,18632,20414,28318,35343,8230,14753,262582,171789,35645,27154,151981,2345,32
2021-05-03T23:59:59+02:00,7674,8939,12495,15178,15128,22787,22636,34168,33556,37241,52181,57380,42963,52725,10552,18960,2705,2686,3830,5165,4733,8977,7571,13921,10892,12981,17379,18842,27543,34376,8176,14663,259326,166253,35186,26805,150029,1360,22
2021-05-02T23:59:59+02:00,7586,8828,12268,15013,14817,22554,22151,33836,32363,36242,51999,57168,42907,52645,10537,18932,2692,2677,3808,5132,4703,8938,7502,13847,10804,12879,17039,18437,27297,34108,8164,14653,256915,164706,35115,26694,147795,1259,21
2021-05-01T23:59:59+02:00,7560,8800,12210,14960,14737,22501,22055,33762,32245,36155,51994,57158,42904,52644,10535,18930,2685,2667,3787,5115,4662,8911,7459,13812,10744,12814,16832,18204,27199,33993,8161,14643,256368,163743,35115,26667,147646,1257,21
2021-04-30T23:59:59+02:00,7517,8754,12113,14878,14625,22377,21854,33590,32012,35942,51743,56830,42861,52593,10531,18921,2650,2642,3726,5048,4565,8803,7304,13611,10440,12536,15934,17059,26457,33072,8130,14570,254618,160552,35072,24788,147431,1187,20
2021-04-29T23:59:59+02:00,7278,8616,11808,14689,14264,22137,21321,33289,31253,35411,51161,56083,42776,52482,10513,18857,2609,2587,3627,4955,4436,8665,7107,13398,10157,12236,14803,15624,25343,31760,8077,14487,251472,154875,34981,24045,145465,931,20
2021-04-28T23:59:59+02:00,6978,8426,11421,14352,13788,21660,20691,32669,29932,34106,48662,53307,42522,52187,10464,18791,2568,2541,3555,4893,4323,8546,6934,13204,9902,12005,13472,13893,24079,30177,8033,14401,241600,148961,34863,22844,143485,713,8
2021-04-27T23:59:59+02:00,6864,8324,11264,14226,13602,21507,20397,32453,29373,33700,48497,53129,42471,52138,10458,18773,2523,2499,3457,4804,4236,8433,6750,13004,9617,11707,12045,12064,22666,28328,7972,14284,240262,142186,34817,21659,142089,536,8
2021-04-26T23:59:59+02:00,6808,8276,11151,14157,13437,21389,20158,32223,28519,33094,48218,52828,42422,52082,10453,18746,2500,2466,3403,4763,4170,8360,6642,12867,9419,11515,10959,10668,21594,26839,7922,14213,239562,136948,34791,20918,139600,426,8
2021-04-25T23:59:59+02:00,6756,8223,11041,14058,13280,21235,19898,31928,27692,32304,47819,52387,42349,51996,10440,18729,2471,2454,3373,4744,4152,8338,6608,12826,9357,11457,10772,10439,21382,26555,7917,14201,237878,136094,34748,20577,137501,367,8
2021-04-24T23:59:59+02:00,6729,8165,10961,13975,13188,21088,19760,31755,27535,32131,47714,52263,42274,51917,10436,18725,2464,2444,3347,4713,4111,8293,6528,12748,9226,11336,10614,10260,21263,26432,7905,14185,236428,135574,34732,19938,137448,349,8
2021-04-23T23:59:59+02:00,6656,8059,10824,13771,12992,20830,19436,31378,27126,31745,46817,51157,42128,51712,10421,18695,2446,2422,3302,4679,4059,8235,6429,12652,9060,11200,10322,9929,20975,26051,7864,14121,232068,134461,34676,18939,136995,338,8
2021-04-22T23:59:59+02:00,6541,7935,10599,13556,12646,20492,18899,30890,26449,31074,45120,49029,41632,51082,10384,18612,2428,2402,3256,4631,3984,8156,6303,12551,8784,11032,9858,9470,20575,25515,7826,14060,225848,132355,34566,18162,134518,306,8
2021-04-21T23:59:59+02:00,6436,7775,10361,13355,12300,20166,18387,30382,25516,30081,41075,44426,41206,50609,10329,18518,2417,2390,3212,4598,3936,8098,6214,12454,8610,10874,9489,9046,20124,24975,7777,13977,213788,130733,34500,17163,132626,287,8
2021-04-20T23:59:59+02:00,6339,7673,10156,13139,12021,19898,17960,29952,24898,29450,39340,42419,40638,49936,10269,18397,2392,2374,3169,4573,3870,8051,6074,12361,8450,10743,9179,8662,19670,24366,7704,13860,207594,129393,34412,15863,130471,234,8
2021-04-19T23:59:59+02:00,6252,7586,9997,13008,11809,19696,17566,29530,24305,28925,37832,40644,40119,49302,10221,18322,2375,2352,3133,4540,3827,8004,6036,12294,8364,10650,8901,8318,19304,23858,7670,13782,202591,127712,34358,15472,128157,216,8
2021-04-18T23:59:59+02:00,6174,7524,9868,12931,11615,19546,17276,29329,23849,28538,36571,39341,39810,48930,10196,18274,2362,2332,3102,4521,3800,7987,5990,12247,8314,10603,8793,8203,19163,23694,7657,13763,201070,127227,34321,15084,124373,212,8
2021-04-17T23:59:59+02:00,6167,7507,9831,12898,11572,19502,17193,29265,23772,28466,36273,39005,39715,48851,10191,18264,2350,2322,3076,4505,3735,7945,5916,12194,8235,10552,8682,8090,19066,23590,7639,13751,199848,126435,34312,14995,124304,210,8
2021-04-16T23:59:59+02:00,6100,7456,9746,12847,11442,19377,16974,29112,23363,28041,35244,37781,39356,48407,10175,18237,2201,2216,2852,4333,3370,7619,5107,11627,6700,9438,6222,6068,17479,22077,7486,13507,195747,117403,34228,10683,123675,208,8
2021-04-15T23:59:59+02:00,6020,7355,9541,12665,11132,19124,16453,28713,22628,27349,33332,35451,38467,47351,10108,18098,2153,2178,2788,4268,3250,7501,4864,11429,6338,9128,5746,5663,16902,21377,7336,13233,189950,114309,34175,9636,119654,201,8
2021-04-14T23:59:59+02:00,5943,7297,9373,12540,10895,18931,16036,28376,21928,26796,31345,33136,37430,46113,10046,17941,2062,2114,2710,4205,3138,7409,4649,11253,6014,8877,5266,5239,16329,20667,7166,12941,183594,111707,34036,8179,116488,145,8
2021-04-13T23:59:59+02:00,5884,7231,9232,12411,10716,18757,15672,28080,21338,26232,29196,30621,36306,44698,9932,17776,2013,2095,2673,4166,3081,7343,4511,11100,5745,8671,4922,4918,15873,20212,7069,12781,176724,110304,33973,6813,113377,48,8
2021-04-12T23:59:59+02:00,5812,7175,9113,12272,10509,18601,15331,27784,20725,25698,27142,28295,35281,43394,9827,17612,1979,2053,2644,4147,3057,7285,4440,11031,5642,8577,4766,4772,15565,19821,6980,12616,171023,109481,33899,5839,109641,47,8
2021-04-11T23:59:59+02:00,5765,7127,9022,12193,10346,18497,15044,27591,20258,25319,25944,27012,34658,42682,9760,17491,1969,2046,2621,4126,3038,7259,4403,10986,5558,8510,4669,4719,15453,19697,6949,12571,169249,109289,33830,5235,105622,42,8
2021-04-10T23:59:59+02:00,5746,7110,8988,12169,10287,18461,14974,27542,20159,25230,25587,26593,34371,42320,9753,17470,1964,2041,2612,4115,3022,7243,4370,10958,5499,8466,4593,4641,15324,19530,6912,12497,168042,108502,33109,5235,105601,42,8
2021-04-09T23:59:59+02:00,5688,7076,8905,12085,10162,18339,14800,27349,19883,24976,24646,25296,33567,41291,9728,17412,1931,2009,2560,4077,2943,7181,4208,10831,5242,8235,4170,4259,14755,18794,6726,12190,164697,104835,31603,5228,104897,42,6
2021-04-08T23:59:59+02:00,5604,7002,8754,11968,9937,18159,14383,27027,19256,24452,22791,23143,32101,39573,9609,17213,1896,1989,2503,4028,2865,7095,4046,10680,4941,7965,3702,3812,13726,17476,6340,11564,158962,99887,30697,4698,101307,37,6
2021-04-07T23:59:59+02:00,5541,6939,8578,11897,9707,17999,14047,26779,18752,24056,20810,20770,30588,37638,9516,17037,1859,1972,2449,3973,2801,7016,3931,10518,4754,7756,3431,3530,13005,16626,6031,11092,152943,96585,29526,4127,98179,26,6
2021-04-06T23:59:59+02:00,5481,6887,8436,11791,9546,17827,13693,26500,18215,23618,18767,18445,28915,35452,9358,16752,1821,1951,2423,3947,2768,6975,3866,10474,4673,7668,3327,3404,12486,15935,5800,10745,146132,94293,28573,3939,94972,25,6
2021-04-05T23:59:59+02:00,5441,6840,8342,11698,9409,17728,13456,26273,17767,23226,16910,16303,27512,33568,9236,16568,1795,1939,2396,3928,2740,6925,3822,10412,4582,7554,3218,3292,12132,15538,5666,10503,140736,92902,28138,3509,91397,25,6
2021-04-04T23:59:59+02:00,5434,6835,8334,11684,9392,17719,13434,26250,17735,23202,16753,16101,27342,33352,9231,16557,1794,1937,2395,3926,2738,6922,3820,10408,4576,7552,3210,3279,12120,15527,5664,10495,140018,92823,28045,3509,91286,25,6
2021-04-03T23:59:59+02:00,5430,6827,8319,11673,9370,17700,13388,26217,17663,23136,16672,16015,27302,33296,9227,16553,1791,1933,2384,3920,2719,6906,3791,10382,4497,7487,3084,3166,12050,15462,5659,10485,139491,92176,28017,3509,91274,25,6
2021-04-02T23:59:59+02:00,5401,6805,8265,11616,9299,17630,13237,26104,17424,22922,16195,15483,26875,32799,9202,16508,1787,1923,2373,3914,2709,6891,3764,10341,4431,7401,3015,3096,11776,15142,5549,10311,138295,90887,26608,3505,90856,25,6
2021-04-01T23:59:59+02:00,5347,6727,8149,11478,9164,17463,12952,25805,16962,22520,15398,14695,26192,31911,9103,16359,1762,1891,2350,3892,2681,6860,3728,10302,4362,7336,2891,2958,10758,13900,5045,9607,136068,86896,25944,3400,88209,23,4
2021-03-31T23:59:59+02:00,5125,6629,8035,11367,9029,17295,12716,25505,16611,22158,14647,13864,25429,30973,9021,16202,1749,1885,2337,3869,2659,6834,3674,10247,4291,7271,2802,2868,10122,13128,4759,9200,134280,84492,24491,3176,85831,23,4
2021-03-30T23:59:59+02:00,5091,6561,7957,11239,8947,17141,12549,25306,16318,21831,14018,13153,24713,30072,8913,15997,1733,1870,2319,3847,2633,6805,3631,10179,4220,7192,2678,2730,9489,12412,4476,8783,132815,82196,23279,2777,83708,20,4
2021-03-29T23:59:59+02:00,5045,6489,7848,11132,8838,16972,12380,25014,15978,21488,13438,12476,24004,29180,8791,15790,1719,1860,2301,3832,2617,6776,3593,10120,4161,7119,2625,2663,9164,11989,4331,8522,130986,80826,22526,2542,81347,20,4
2021-03-28T23:59:59+02:00,5003,6393,7760,11026,8767,16813,12232,24778,15709,21213,13100,12133,23444,28504,8652,15555,1708,1855,2281,3814,2604,6747,3552,10071,4121,7059,2582,2615,9082,11876,4293,8469,130488,80493,22006,2213,78584,19,4
2021-03-27T23:59:59+01:00,4989,6379,7733,10994,8695,16739,12129,24676,15561,21095,12892,11916,23260,28311,8624,15528,1707,1853,2278,3812,2602,6746,3539,10044,4110,7041,2573,2607,9017,11804,4268,8437,129610,80202,21363,2213,78544,19,4
2021-03-26T23:59:59+01:00,4939,6294,7613,10875,8520,16538,11772,24352,14927,20574,11958,11086,22539,27523,8517,15344,1699,1835,2274,3794,2589,6721,3517,10018,4068,7004,2550,2571,8811,11560,4181,8299,125607,79369,19765,2099,77995,19,4
2021-03-25T23:59:59+01:00,4873,6109,7440,10587,8271,16124,11359,23709,14308,19899,11260,10410,21676,26439,8273,14898,1677,1817,2243,3767,2553,6687,3479,9965,3993,6921,2411,2437,7761,10171,3684,7566,122355,75245,18992,1865,74285,19,3
2021-03-24T23:59:59+01:00,4789,5940,7289,10294,8065,15706,11079,23152,13843,19323,10631,9830,20761,25333,8000,14414,1653,1785,2216,3731,2511,6647,3423,9893,3927,6828,2307,2338,7059,9320,3370,7085,119769,72625,17807,1448,70871,18,2
2021-03-23T23:59:59+01:00,4743,5824,7175,10062,7910,15357,10807,22628,13439,18853,10162,9377,20011,24452,7762,14031,1639,1767,2192,3709,2488,6620,3363,9835,3835,6755,2211,2238,6266,8285,3002,6521,118324,69587,16707,1120,67561,18,1
2021-03-22T23:59:59+01:00,4682,5728,7044,9814,7746,15033,10534,22149,13092,18374,9775,9016,19443,23723,7612,13743,1627,1758,2185,3694,2474,6607,3341,9809,3797,6722,2159,2188,5756,7604,2717,6114,117449,67500,16309,1033,63749,18,1
2021-03-21T23:59:59+01:00,4628,5594,6910,9545,7581,14661,10295,21600,12758,17893,9444,8732,18923,23110,7455,13478,1624,1753,2184,3685,2471,6601,3334,9797,3787,6711,2143,2168,5623,7455,2675,6031,117255,66995,15915,1033,59436,13,1
2021-03-20T23:59:59+01:00,4617,5568,6874,9484,7518,14598,10202,21490,12657,17805,9361,8638,18785,22934,7414,13401,1621,1750,2180,3682,2466,6595,3321,9787,3762,6702,2110,2132,5262,7047,2532,5829,116432,65731,15820,1033,59093,13,1
2021-03-19T23:59:59+01:00,4417,5400,6585,9234,7040,14159,9220,20712,10847,16400,6484,6271,16742,20854,7123,12931,1615,1746,2175,3674,2455,6583,3309,9759,3703,6657,2046,2093,4842,6526,2326,5564,107172,64058,11120,1001,56126,13,1
2021-03-18T23:59:59+01:00,4297,5230,6391,8932,6784,13696,8807,20034,10203,15689,5770,5609,15500,19323,6705,12252,1608,1737,2154,3646,2437,6544,3277,9721,3662,6623,2007,2061,4359,5930,2111,5226,102075,62199,10117,893,53029,10,1
2021-03-17T23:59:59+01:00,4206,5140,6266,8792,6608,13518,8504,19691,9794,15311,5364,5223,14661,18347,6375,11756,1596,1722,2139,3627,2406,6512,3242,9692,3625,6585,1953,2004,3913,5430,1908,4901,98847,60485,8437,759,52271,10,1
2021-03-16T23:59:59+01:00,4114,4982,6110,8523,6397,13127,8165,19105,9255,14677,4849,4766,13826,17352,6110,11341,1587,1713,2130,3611,2389,6500,3230,9670,3597,6557,1924,1966,3323,4720,1653,4480,96543,58286,7037,755,49118,8,1
2021-03-15T23:59:59+01:00,4045,4806,5917,8249,6187,12693,7877,18527,8820,14079,4551,4490,13144,16588,5894,10938,1586,1703,2115,3595,2368,6474,3208,9617,3574,6519,1890,1916,2917,4218,1426,4141,95054,56520,6069,741,45682,6,0
2021-03-14T23:59:59+01:00,3987,4637,5663,7929,5923,12221,7541,17781,8384,13381,4236,4231,12877,16345,5857,10853,1578,1693,2098,3565,2353,6422,3191,9556,3557,6489,1882,1905,2833,4101,1382,4067,94940,56120,5463,547,41443,5,0
2021-03-13T23:59:59+01:00,3971,4600,5624,7827,5864,12125,7456,17652,8251,13238,4083,4090,12797,16269,5852,10842,1578,1693,2098,3565,2352,6422,3190,9555,3556,6489,1877,1896,2774,4040,1357,4020,94254,55910,5463,547,40824,5,0
2021-03-12T23:59:59+01:00,3945,4511,5575,7692,5796,11980,7368,17413,8121,13030,3976,3993,12492,15925,5742,10655,1578,1693,2094,3558,2350,6414,3187,9548,3555,6485,1875,1894,2666,3911,1297,3956,92838,55509,5455,547,39921,5,0
2021-03-11T23:59:59+01:00,3840,4266,5361,7431,5567,11532,7012,16718,7704,12450,3643,3646,11333,14556,5203,9901,1572,1688,2084,3545,2330,6391,3165,9510,3530,6454,1848,1870,2402,3621,1175,3769,88665,54435,5028,514,36470,5,0
2021-03-10T23:59:59+01:00,3730,4124,5142,7163,5350,11156,6735,16143,7378,11960,3440,3429,10625,13686,4897,9461,1565,1669,2059,3506,2301,6304,3113,9380,3474,6344,1807,1799,2160,3356,1074,3610,86208,53238,4662,279,33549,4,0
2021-03-09T23:59:59+01:00,3648,3972,4971,6975,5165,10869,6499,15684,7077,11486,3271,3249,9941,12919,4594,9015,1555,1653,2025,3446,2268,6199,3044,9234,3415,6273,1780,1773,1858,3001,936,3409,83942,51833,4408,32,30985,4,0
2021-03-08T23:59:59+01:00,3572,3790,4738,6714,4924,10497,6231,15162,6719,10916,3085,3082,9529,12441,4442,8749,1552,1629,2008,3365,2238,6106,3002,9089,3387,6190,1765,1750,1635,2747,840,3244,82474,50517,4047,30,28070,0,0
2021-03-07T23:59:59+01:00,3537,3719,4660,6601,4834,10381,6132,15000,6606,10786,3036,3037,9444,12330,4410,8693,1544,1623,2003,3353,2229,6076,2995,9051,3375,6176,1759,1737,1567,2670,801,3188,82131,50117,3879,30,27196,0,0
2021-03-06T23:59:59+01:00,3519,3648,4616,6518,4796,10310,6074,14884,6560,10691,3018,3016,9379,12256,4386,8659,1542,1607,1996,3341,2219,6048,2992,9023,3364,6156,1751,1716,1536,2646,799,3180,81816,49886,3879,30,26635,0,0
2021-03-05T23:59:59+01:00,3490,3543,4552,6417,4737,10205,6007,14724,6460,10548,2984,2973,9169,11995,4296,8517,1532,1566,1967,3284,2192,5940,2950,8887,3322,6022,1709,1678,1471,2575,780,3157,80920,49002,3871,30,25826,0,0
2021-03-04T23:59:59+01:00,3421,3324,4380,6178,4536,9893,5782,14282,6159,10195,2810,2806,8066,10551,3782,7773,1509,1508,1932,3161,2164,5745,2902,8618,3267,5806,1642,1594,1439,2529,776,3142,76781,47705,3600,29,23557,0,0
2021-03-03T23:59:59+01:00,3370,3242,4236,5978,4371,9614,5563,13890,5921,9794,2689,2694,7369,9690,3455,7270,1495,1465,1904,3085,2142,5635,2871,8437,3211,5661,1575,1550,1399,2457,758,3095,74065,46711,3370,29,21711,0,0
2021-03-02T23:59:59+01:00,3306,3134,4043,5771,4173,9336,5360,13500,5663,9439,2555,2552,6529,8612,3071,6692,1460,1416,1876,3012,2115,5481,2825,8162,3161,5483,1505,1491,1338,2378,741,3059,70916,45474,2947,29,19873,0,0
2021-03-01T23:59:59+01:00,3261,3056,3858,5616,3993,9107,5169,13173,5428,9058,2467,2457,5981,7881,2781,6271,1452,1373,1855,2901,2084,5293,2780,7887,3105,5279,1464,1461,1291,2317,717,3024,68765,44254,2646,29,18146,0,0
2021-02-28T23:59:59+01:00,3211,2999,3681,5499,3791,8903,4976,12912,5247,8774,2423,2395,5843,7712,2735,6188,1447,1367,1852,2888,2073,5267,2775,7852,3095,5264,1456,1454,1285,2307,715,3017,68292,44085,2427,29,16570,0,0
2021-02-27T23:59:59+01:00,3192,2922,3655,5423,3760,8836,4939,12816,5209,8712,2384,2354,5473,7293,2583,5978,1440,1357,1842,2876,2062,5222,2755,7793,3080,5213,1441,1446,1277,2297,714,3016,66985,43803,2427,28,16117,0,0
2021-02-26T23:59:59+01:00,3167,2866,3610,5341,3702,8734,4878,12705,5116,8633,2311,2304,5044,6761,2371,5705,1371,1291,1797,2775,2014,5031,2696,7508,3008,5030,1384,1405,1255,2274,701,3008,65189,42521,2302,27,15757,0,0
2021-02-25T23:59:59+01:00,2978,2735,3422,5163,3523,8508,4661,12400,4911,8385,2232,2254,4533,6139,2150,5355,1354,1228,1760,2663,1968,4727,2618,7116,2917,4786,1344,1365,1238,2259,699,2999,63331,41017,1980,24,14038,0,0
2021-02-24T23:59:59+01:00,2795,2575,3251,4968,3365,8310,4457,12117,4701,8173,2103,2138,4045,5572,1939,5025,1333,1191,1740,2583,1930,4570,2561,6854,2865,4605,1318,1338,1219,2239,697,2981,61568,40007,1510,17,12456,0,0
2021-02-23T23:59:59+01:00,2639,2413,3073,4736,3219,8083,4272,11839,4529,7945,2021,2052,3421,4834,1682,4598,1318,1136,1709,2482,1889,4364,2489,6555,2767,4368,1267,1287,1195,2198,684,2957,59377,38651,1160,14,10819,0,0
2021-02-22T23:59:59+01:00,2589,2352,2990,4643,3145,7975,4177,11646,4424,7831,1982,2013,3006,4329,1453,4266,1304,1069,1675,2345,1843,4105,2407,6162,2643,4098,1214,1239,1174,2170,679,2935,57716,37058,1076,4,10029,0,0
2021-02-21T23:59:59+01:00,2550,2315,2934,4567,3068,7859,4090,11491,4364,7734,1967,1991,2916,4206,1407,4189,1298,1046,1659,2287,1815,3989,2372,6006,2585,3987,1182,1223,1166,2154,672,2922,57284,36359,1043,4,9321,0,0
2021-02-20T23:59:59+01:00,2538,2311,2912,4552,3052,7825,4060,11457,4348,7715,1962,1982,2855,4143,1381,4141,1298,1043,1659,2285,1813,3979,2372,6001,2584,3984,1181,1220,1165,2150,671,2922,57069,36323,1042,4,9123,0,0
2021-02-19T23:59:59+01:00,2522,2294,2879,4497,3022,7737,4016,11371,4295,7661,1956,1977,2745,4010,1321,4071,1238,1033,1628,2278,1802,3966,2363,5979,2573,3974,1177,1212,1153,2145,667,2915,56656,36099,1011,4,8707,0,0
2021-02-18T23:59:59+01:00,2367,2179,2736,4316,2899,7532,3870,11074,4167,7487,1930,1945,2477,3713,1198,3881,1146,984,1562,2186,1752,3843,2288,5814,2524,3902,1164,1195,1150,2130,657,2899,55599,35192,944,4,7228,0,0
2021-02-17T23:59:59+01:00,2314,2119,2645,4182,2788,7311,3711,10714,4037,7272,1879,1874,2237,3454,1097,3722,980,902,1455,2068,1684,3641,2193,5582,2452,3757,1135,1152,1124,2084,642,2862,54536,33710,799,3,6021,0,0
2021-02-16T23:59:59+01:00,2113,1988,2487,3971,2649,7020,3547,10346,3873,7013,1838,1848,1933,3095,958,3515,947,875,1386,1988,1609,3494,2096,5402,2362,3647,1075,1101,1069,1992,610,2777,53208,32428,763,2,4223,0,0
2021-02-15T23:59:59+01:00,2074,1920,2400,3806,2571,6736,3419,9966,3768,6782,1814,1821,1692,2830,862,3357,928,858,1355,1939,1570,3420,2037,5233,2297,3549,1013,1060,1004,1905,595,2689,52116,31451,750,1,2952,0,0
2021-02-14T23:59:59+01:00,1981,1882,2356,3745,2525,6641,3354,9860,3722,6716,1805,1813,1623,2763,825,3306,913,848,1336,1911,1543,3399,2006,5188,2273,3498,1003,1050,997,1894,592,2680,51784,31130,721,1,2412,0,0
2021-02-13T23:59:59+01:00,1980,1867,2345,3740,2520,6626,3350,9845,3715,6704,1797,1795,1597,2743,824,3297,913,848,1336,1911,1543,3399,2006,5188,2273,3498,1003,1050,997,1894,592,2680,51629,31130,721,1,2395,0,0
2021-02-12T23:59:59+01:00,1887,1767,2253,3627,2438,6449,3242,9605,3599,6446,1753,1753,1535,2671,803,3273,905,840,1324,1890,1530,3378,1996,5158,2258,3480,999,1045,996,1871,592,2654,50693,30915,721,1,1687,0,0
2021-02-11T23:59:59+01:00,1659,1609,2083,3414,2311,6137,3088,9175,3447,6129,1687,1659,1492,2616,792,3253,874,771,1221,1712,1408,3097,1855,4776,2102,3240,952,985,954,1793,564,2533,49309,28836,680,1,562,0,0
2021-02-10T23:59:59+01:00,1552,1547,1998,3284,2248,5967,2992,8893,3348,5913,1618,1614,1448,2547,777,3201,626,660,1018,1492,1265,2776,1664,4286,1912,2916,835,863,829,1532,497,2233,48146,25404,640,0,161,0,0
2021-02-09T23:59:59+01:00,1512,1485,1964,3194,2217,5772,2927,8543,3277,5684,1544,1555,1390,2487,764,3171,343,496,808,1226,1073,2396,1447,3731,1667,2508,682,695,653,1221,400,1817,46895,21163,511,0,80,0,0
2021-02-08T23:59:59+01:00,1502,1439,1935,3063,2174,5549,2874,8244,3218,5484,1506,1527,1346,2431,748,3155,299,437,702,1068,971,2171,1275,3323,1479,2226,581,584,549,1024,348,1590,45776,18627,340,0,79,0,0
2021-02-07T23:59:59+01:00,1471,1417,1907,3015,2148,5463,2841,8145,3180,5423,1493,1513,1332,2411,736,3142,262,375,653,974,910,2006,1186,3098,1381,2073,544,565,529,992,340,1562,45498,17450,139,0,0,0,0
2021-02-06T23:59:59+01:00,1466,1409,1899,3003,2140,5431,2828,8103,3169,5382,1482,1505,1325,2402,735,3141,241,338,629,935,882,1939,1144,2978,1327,1994,528,553,523,992,340,1562,45281,16905,139,0,0,0,0
2021-02-05T23:59:59+01:00,1395,1341,1855,2898,2088,5219,2761,7800,3096,5189,1424,1460,1307,2377,728,3135,224,302,592,894,847,1852,1105,2859,1274,1901,495,533,515,967,330,1540,43934,16230,139,0,0,0,0
2021-02-04T23:59:59+01:00,1382,1263,1808,2748,2022,4880,2670,7351,3000,4914,1384,1429,1290,2361,725,3126,191,233,513,777,755,1710,991,2608,1164,1711,453,488,475,908,313,1432,42322,14722,31,0,0,0,0
2021-02-03T23:59:59+01:00,1358,1226,1780,2669,1981,4712,2603,7080,2950,4725,1349,1399,1259,2324,712,3101,156,194,433,658,635,1463,839,2227,978,1445,333,359,344,687,217,1075,41197,12043,31,0,0,0,0
2021-02-02T23:59:59+01:00,1340,1163,1748,2562,1934,4478,2528,6744,2839,4479,1308,1356,1237,2295,703,3078,133,159,349,536,526,1211,686,1885,796,1170,246,259,268,502,168,807,39761,9701,31,0,0,0,0
2021-02-01T23:59:59+01:00,1323,1093,1710,2424,1881,4215,2450,6354,2722,4204,1244,1285,1211,2255,693,3053,97,99,237,367,349,781,426,1218,467,727,151,156,162,307,87,461,38086,6092,31,0,0,0,0
2021-01-31T23:59:59+01:00,1317,1070,1693,2360,1854,4092,2416,6165,2665,4099,1214,1268,1202,2239,687,3041,83,88,198,295,277,610,336,939,388,598,127,142,155,299,83,448,37351,5066,31,0,0,0,0
2021-01-30T23:59:59+01:00,1317,1067,1692,2355,1851,4079,2415,6154,2662,4091,1213,1264,1201,2237,687,3041,78,76,164,245,248,540,301,816,349,536,126,136,150,296,83,447,37296,4591,30,0,0,0,0
2021-01-29T23:59:59+01:00,1256,1058,1661,2348,1839,4070,2408,6142,2653,4079,1210,1262,1197,2237,687,3041,69,56,122,186,205,377,246,663,307,426,118,127,138,287,80,447,37120,3854,28,0,0,0,0
2021-01-28T23:59:59+01:00,1168,1027,1616,2292,1805,4000,2359,6063,2622,4035,1199,1251,1192,2231,678,3027,44,27,77,111,130,219,154,390,205,259,87,101,112,231,73,408,36540,2628,25,0,0,0,0
2021-01-27T23:59:59+01:00,1005,964,1526,2225,1743,3877,2291,5924,2563,3925,1175,1209,1167,2192,666,2999,32,19,66,87,105,175,123,334,179,218,79,85,102,209,70,379,35434,2262,17,0,0,0,0
2021-01-26T23:59:59+01:00,986,938,1464,2147,1675,3737,2200,5746,2482,3837,1119,1166,1124,2122,643,2953,31,18,63,84,101,168,119,318,178,210,77,81,93,185,61,335,34328,2122,11,0,0,0,0
2021-01-25T23:59:59+01:00,971,911,1431,2084,1643,3633,2147,5588,2431,3750,1070,1140,1076,2070,628,2897,29,18,60,84,98,165,118,317,176,209,77,81,92,184,59,332,33468,2099,2,0,0,0,0
2021-01-24T23:59:59+01:00,968,909,1424,2071,1638,3616,2139,5562,2419,3720,1067,1132,1071,2065,627,2892,29,18,60,84,97,164,118,317,176,208,77,81,92,184,59,332,33318,2096,2,0,0,0,0
2021-01-23T23:59:59+01:00,968,909,1424,2071,1638,3616,2139,5562,2419,3720,1067,1132,1070,2065,627,2892,29,18,60,84,97,164,118,317,175,208,77,81,92,184,59,332,33317,2095,2,0,0,0,0
2021-01-22T23:59:59+01:00,967,899,1407,2046,1626,3590,2123,5530,2407,3702,1065,1128,1069,2036,626,2865,29,18,60,84,97,164,118,317,174,208,77,81,92,184,59,332,33084,2094,2,0,0,0,0
2021-01-21T23:59:59+01:00,931,848,1327,1892,1532,3400,2021,5234,2303,3532,1027,1071,1034,1947,594,2749,27,17,54,79,90,155,109,286,160,188,64,73,82,161,47,284,31440,1876,2,0,0,0,0
2021-01-20T23:59:59+01:00,698,725,1146,1678,1395,3110,1842,4814,2105,3238,906,953,915,1708,538,2492,26,17,53,74,87,155,101,269,149,172,55,66,74,136,41,252,28261,1727,2,0,0,0,0
2021-01-19T23:59:59+01:00,388,553,903,1421,1187,2765,1602,4267,1851,2827,751,783,748,1413,452,2117,21,12,35,51,60,85,74,182,104,117,41,50,54,103,30,192,24027,1211,1,0,0,0,0
2021-01-18T23:59:59+01:00,336,489,790,1231,1065,2496,1398,3746,1616,2493,628,643,602,1144,383,1761,8,6,11,17,22,30,23,50,24,39,10,10,14,34,6,60,20821,364,0,0,0,0,0
2021-01-17T23:59:59+01:00,292,425,720,1135,990,2321,1301,3461,1501,2303,588,613,572,1088,367,1705,1,0,0,0,3,3,1,0,2,2,1,4,0,0,0,1,19382,18,0,0,0,0,0
2021-01-16T23:59:59+01:00,273,391,703,1099,965,2258,1260,3348,1453,2233,572,601,566,1088,367,1704,0,0,0,0,2,3,0,0,1,2,0,1,0,0,0,1,18881,10,0,0,0,0,0
2021-01-15T23:59:59+01:00,258,349,672,1060,937,2170,1225,3232,1401,2142,544,579,560,1066,360,1695,0,0,0,0,0,0,0,0,0,0,0,0,0,0,0,0,18250,0,0,0,0,0,0
2021-01-14T23:59:59+01:00,224,281,606,941,854,2021,1129,3004,1286,1979,506,541,526,1018,355,1658,0,0,0,0,0,0,0,0,0,0,0,0,0,0,0,0,16929,0,0,0,0,0,0
2021-01-13T23:59:59+01:00,189,256,555,868,782,1888,1022,2762,1138,1770,384,427,406,807,263,1267,0,0,0,0,0,0,0,0,0,0,0,0,0,0,0,0,14784,0,0,0,0,0,0
2021-01-12T23:59:59+01:00,165,230,522,796,727,1721,931,2545,1032,1571,299,315,315,573,187,899,0,0,0,0,0,0,0,0,0,0,0,0,0,0,0,0,12828,0,0,0,0,0,0
2021-01-11T23:59:59+01:00,134,179,443,657,633,1460,756,2055,804,1232,178,185,177,339,97,513,0,0,0,0,0,0,0,0,0,0,0,0,0,0,0,0,9842,0,0,0,0,0,0
2021-01-10T23:59:59+01:00,102,125,345,481,472,1060,542,1495,596,903,152,166,165,324,92,503,0,0,0,0,0,0,0,0,0,0,0,0,0,0,0,0,7523,0,0,0,0,0,0
2021-01-09T23:59:59+01:00,90,116,296,410,402,914,473,1271,525,772,147,158,160,320,92,501,0,0,0,0,0,0,0,0,0,0,0,0,0,0,0,0,6647,0,0,0,0,0,0
2021-01-08T23:59:59+01:00,74,91,215,292,304,632,360,960,428,587,140,150,144,311,90,501,0,0,0,0,0,0,0,0,0,0,0,0,0,0,0,0,5279,0,0,0,0,0,0
2021-01-07T23:59:59+01:00,50,32,86,126,136,246,163,435,226,301,104,123,132,279,87,477,0,0,0,0,0,0,0,0,0,0,0,0,0,0,0,0,3003,0,0,0,0,0,0
2021-01-06T23:59:59+01:00,35,24,75,95,117,192,137,356,196,243,82,96,108,228,74,407,0,0,0,0,0,0,0,0,0,0,0,0,0,0,0,0,2465,0,0,0,0,0,0
2021-01-05T23:59:59+01:00,32,19,64,89,106,179,122,339,184,224,81,91,106,221,72,389,0,0,0,0,0,0,0,0,0,0,0,0,0,0,0,0,2318,0,0,0,0,0,0
2021-01-04T23:59:59+01:00,29,18,61,85,98,170,117,321,182,215,80,89,97,204,64,360,0,0,0,0,0,0,0,0,0,0,0,0,0,0,0,0,2190,0,0,0,0,0,0
2021-01-03T23:59:59+01:00,29,18,61,85,98,170,117,321,182,215,80,89,96,203,64,360,0,0,0,0,0,0,0,0,0,0,0,0,0,0,0,0,2188,0,0,0,0,0,0
2021-01-02T23:59:59+01:00,29,18,61,85,98,170,117,321,181,215,80,89,96,203,64,360,0,0,0,0,0,0,0,0,0,0,0,0,0,0,0,0,2187,0,0,0,0,0,0
2021-01-01T23:59:59+01:00,29,18,61,85,98,170,117,321,179,214,80,89,96,203,64,360,0,0,0,0,0,0,0,0,0,0,0,0,0,0,0,0,2184,0,0,0,0,0,0
2020-12-31T23:59:59+01:00,29,18,61,85,98,170,117,321,179,214,80,89,96,203,64,360,0,0,0,0,0,0,0,0,0,0,0,0,0,0,0,0,2184,0,0,0,0,0,0
2020-12-30T23:59:59+01:00,28,18,61,83,97,168,117,320,179,214,80,89,96,203,64,360,0,0,0,0,0,0,0,0,0,0,0,0,0,0,0,0,2177,0,0,0,0,0,0
2020-12-29T23:59:59+01:00,23,12,42,59,76,102,86,226,131,166,61,75,73,169,51,287,0,0,0,0,0,0,0,0,0,0,0,0,0,0,0,0,1639,0,0,0,0,0,0
2020-12-28T23:59:59+01:00,9,7,19,28,34,51,40,119,49,85,28,43,43,99,25,167,0,0,0,0,0,0,0,0,0,0,0,0,0,0,0,0,846,0,0,0,0,0,0
2020-12-27T23:59:59+01:00,3,4,3,4,10,14,8,24,5,18,5,6,6,25,3,49,0,0,0,0,0,0,0,0,0,0,0,0,0,0,0,0,187,0,0,0,0,0,0
