Datum,<15_m,<15_w,15-24_1_m,15-24_1_w,25-34_1_m,25-34_1_w,35-44_1_m,35-44_1_w,45-54_1_m,45-54_1_w,55-64_1_m,55-64_1_w,65-74_1_m,65-74_1_w,75-84_1_m,75-84_1_w,>84_1_m,>84_1_w,<24_2_m,<24_2_w,25-34_2_m,25-34_2_w,35-44_2_m,35-44_2_w,45-54_2_m,45-54_2_w,55-64_2_m,55-64_2_w,65-74_2_m,65-74_2_w,75-84_2_m,75-84_2_w,>84_2_m,>84_2_w,bp_1,bp_2,mo_1,mo_2,az_1,az_2,ja,unb_1,unb_2
2021-09-03T23:59:59+02:00,8485,7879,55836,52721,62561,58097,71734,72666,93339,95550,105278,104439,72701,79069,51068,62723,14360,24775,50628,47965,58755,53859,68062,68429,89408,91072,101411,100717,70781,76882,49799,61033,13987,23939,801039,756922,69674,67031,181942,175142,40600,26,48
2021-09-02T23:59:59+02:00,8396,7795,55640,52575,62440,58003,71643,72542,93222,95441,105177,104361,72645,79016,51038,62680,14349,24755,50406,47799,58614,53751,67960,68319,89285,90976,101297,100625,70726,76841,49779,61007,13980,23924,799973,755828,69628,66993,181929,175095,40162,26,48
2021-09-01T23:59:59+02:00,8319,7703,55493,52429,62315,57877,71563,72424,93131,95355,105100,104294,72608,78973,51019,62645,14342,24737,50234,47596,58486,53613,67885,68211,89186,90879,101194,100533,70687,76801,49754,60967,13973,23909,798900,754629,69605,66956,181917,175046,39879,26,48
2021-08-31T23:59:59+02:00,8211,7612,55341,52280,62210,57770,71487,72328,93052,95275,105021,104215,72567,78933,50997,62616,14332,24727,50032,47395,58370,53482,67775,68092,89098,90779,101089,100456,70641,76750,49735,60938,13961,23894,797857,753316,69598,66940,181908,175023,39585,26,48
2021-08-30T23:59:59+02:00,8136,7532,55173,52119,62098,57643,71372,72211,92927,95147,104902,104121,72516,78894,50980,62584,14311,24705,49833,47185,58254,53343,67678,67985,88980,90669,100977,100354,70591,76716,49708,60910,13949,23876,796692,752144,69558,66873,181876,174970,39219,26,48
2021-08-29T23:59:59+02:00,8096,7486,55082,52043,62043,57566,71307,72167,92876,95085,104853,104085,72497,78872,50965,62569,14305,24696,49717,47083,58171,53244,67611,67910,88925,90615,100919,100303,70568,76700,49693,60898,13943,23873,796174,751508,69556,66863,181866,174929,38971,26,48
2021-08-28T23:59:59+02:00,8079,7472,55043,52006,62014,57545,71281,72151,92858,95069,104840,104074,72492,78870,50963,62565,14305,24696,49679,47064,58147,53229,67593,67897,88905,90592,100912,100290,70562,76696,49691,60897,13943,23873,795969,751363,69555,66857,181864,174929,38909,26,48
2021-08-27T23:59:59+02:00,7996,7395,54863,51868,61905,57408,71183,72029,92737,94950,104732,103989,72447,78820,50940,62528,14293,24690,49553,46978,58074,53150,67510,67829,88830,90526,100857,100242,70527,76664,49677,60886,13941,23873,794665,750681,69550,66851,181854,174923,38678,26,48
2021-08-26T23:59:59+02:00,7934,7322,54710,51724,61786,57298,71090,71922,92635,94823,104626,103908,72405,78769,50917,62508,14288,24676,49393,46825,57957,53047,67417,67739,88727,90448,100791,100174,70486,76629,49654,60864,13936,23864,793628,749867,69539,66814,181843,174891,38305,26,48
2021-08-25T23:59:59+02:00,7871,7269,54567,51573,61678,57150,70985,71808,92532,94726,104528,103828,72349,78718,50890,62476,14275,24662,49196,46633,57833,52911,67301,67619,88618,90338,100695,100089,70432,76583,49629,60826,13930,23849,792640,748745,69514,66783,181832,174857,37873,26,48
2021-08-24T23:59:59+02:00,7776,7190,54443,51388,61559,57018,70887,71692,92422,94622,104438,103744,72302,78680,50861,62437,14267,24647,48988,46420,57697,52749,67196,67493,88523,90253,100606,100011,70398,76534,49607,60801,13926,23834,791407,747425,69497,66763,181822,174836,37621,26,48
2021-08-23T23:59:59+02:00,7715,7117,54272,51215,61428,56894,70773,71582,92298,94517,104341,103648,72250,78620,50827,62395,14260,24636,48803,46247,57585,52623,67093,67396,88426,90165,100525,99934,70359,76484,49581,60763,13922,23822,790217,746434,69469,66739,181807,174784,37269,26,48
2021-08-22T23:59:59+02:00,7688,7093,54188,51139,61374,56830,70735,71525,92257,94475,104298,103620,72231,78606,50818,62382,14259,24630,48686,46138,57495,52532,67021,67336,88363,90107,100482,99893,70332,76462,49566,60745,13919,23815,789795,745770,69460,66730,181787,174734,37080,26,48
2021-08-21T23:59:59+02:00,7682,7090,54163,51124,61356,56818,70719,71511,92244,94458,104288,103610,72226,78604,50818,62381,14259,24629,48667,46121,57475,52524,67005,67317,88345,90092,100473,99884,70332,76459,49566,60744,13919,23815,789726,745682,69417,66715,181784,174728,37027,26,48
2021-08-20T23:59:59+02:00,7651,7056,54076,51049,61285,56757,70654,71450,92181,94396,104234,103575,72201,78575,50806,62356,14251,24619,48574,46046,57407,52462,66942,67266,88289,90033,100413,99847,70310,76438,49559,60729,13911,23811,789197,745181,69347,66706,181781,174705,36821,26,48
2021-08-19T23:59:59+02:00,7586,6977,53941,50930,61145,56647,70540,71340,92069,94308,104143,103484,72154,78520,50777,62316,14242,24599,48441,45944,57292,52375,66854,67189,88197,89953,100317,99782,70278,76410,49539,60705,13907,23802,788186,744543,69310,66673,181764,174660,36432,26,48
2021-08-18T23:59:59+02:00,7512,6920,53795,50796,61022,56538,70428,71245,91960,94223,104043,103405,72096,78469,50744,62280,14232,24578,48324,45818,57178,52280,66764,67114,88083,89867,100243,99711,70233,76372,49520,60682,13901,23785,787202,743844,69282,66649,181757,174610,36019,26,48
2021-08-17T23:59:59+02:00,7429,6841,53633,50633,60922,56413,70312,71125,91856,94120,103937,103306,72046,78427,50716,62255,14224,24567,48129,45641,57048,52144,66646,67009,87957,89774,100135,99617,70181,76323,49496,60664,13894,23773,786135,742829,69260,66618,181752,174554,35589,26,48
2021-08-16T23:59:59+02:00,7356,6780,53505,50502,60825,56303,70213,71030,91765,94015,103846,103207,72002,78377,50688,62212,14216,24559,47990,45527,56944,52075,66551,66925,87860,89692,100052,99521,70139,76287,49472,60638,13887,23768,785272,742209,69213,66582,181739,174488,35151,26,48
2021-08-15T23:59:59+02:00,7308,6741,53425,50419,60757,56237,70149,70966,91710,93966,103795,103161,71967,78350,50681,62196,14212,24550,47884,45431,56849,51988,66483,66861,87787,89630,99997,99475,70102,76254,49460,60618,13882,23756,784803,741727,69202,66554,181729,174408,34830,26,48
2021-08-14T23:59:59+02:00,7287,6725,53352,50350,60710,56197,70114,70919,91672,93928,103756,103125,71946,78342,50672,62185,14210,24548,47641,45159,56687,51802,66335,66708,87654,89508,99884,99367,70053,76211,49449,60595,13878,23751,784326,739905,69195,66548,181729,174399,34762,26,48
2021-08-13T23:59:59+02:00,7250,6690,53244,50255,60627,56116,70061,70851,91597,93873,103705,103080,71923,78321,50660,62174,14208,24541,47133,44657,56447,51534,66105,66459,87382,89258,99688,99164,69966,76112,49410,60535,13872,23731,783581,736430,69191,66540,181729,174324,34649,26,48
2021-08-12T23:59:59+02:00,7221,6664,53141,50185,60566,56041,69991,70805,91527,93816,103644,103035,71892,78289,50646,62158,14206,24527,46636,44214,56168,51232,65847,66238,87128,89039,99349,98892,69861,75979,49356,60471,13861,23703,783152,733384,69166,66517,181714,173875,34296,26,48
2021-08-11T23:59:59+02:00,7157,6594,52977,50014,60436,55923,69905,70712,91419,93712,103544,102928,71831,78224,50615,62118,14200,24512,45958,43593,55791,50852,65590,65945,86833,88776,99016,98525,69721,75835,49297,60372,13850,23675,781982,729281,69145,66483,181705,173441,33963,26,48
2021-08-10T23:59:59+02:00,7082,6510,52780,49829,60298,55805,69802,70592,91295,93583,103424,102825,71780,78167,50585,62087,14192,24503,45003,42684,55126,50203,65101,65495,86375,88295,98531,98068,69522,75638,49205,60275,13830,23638,780640,723038,69136,66454,181699,172937,33638,26,48
2021-08-09T23:59:59+02:00,7040,6465,52669,49740,60224,55734,69748,70532,91228,93514,103356,102767,71737,78131,50579,62071,14188,24495,43989,41621,54416,49514,64629,65067,85932,87858,98021,97601,69342,75416,49125,60152,13805,23602,780092,716580,69068,66411,181688,172377,33344,26,48
2021-08-08T23:59:59+02:00,6995,6426,52604,49674,60180,55703,69715,70509,91176,93467,103303,102726,71716,78110,50565,62051,14182,24490,43935,41558,54349,49470,64573,65034,85865,87801,97958,97552,69318,75388,49106,60128,13797,23595,779816,716312,69063,66397,181674,172298,33013,26,48
2021-08-07T23:59:59+02:00,6957,6386,52494,49548,60112,55629,69660,70445,91106,93406,103252,102679,71699,78093,50555,62045,14182,24489,42969,40530,53790,48893,64140,64631,85494,87409,97640,97206,69175,75245,49050,60047,13780,23577,779042,709938,69058,66382,181674,172290,32937,26,46
2021-08-06T23:59:59+02:00,6917,6325,52356,49419,60036,55563,69594,70361,91028,93331,103192,102626,71675,78070,50544,62027,14180,24484,42287,39919,53543,48628,63918,64392,85261,87190,97412,97006,69092,75154,49008,60007,13774,23564,778172,706336,69055,66302,181673,172153,32802,26,46
2021-08-05T23:59:59+02:00,6809,6218,52103,49195,59867,55377,69452,70218,90871,93186,103053,102492,71615,78008,50518,61987,14167,24466,41454,39224,53028,48167,63552,64046,84810,86793,96796,96492,68909,74971,48943,59909,13756,23533,776570,701820,69004,66255,181643,171026,32359,26,46
2021-08-04T23:59:59+02:00,6722,6133,51908,48967,59719,55200,69341,70069,90736,93071,102935,102377,71555,77946,50492,61941,14156,24437,40610,38432,52655,47768,63236,63733,84441,86464,96384,96091,68746,74801,48867,59813,13741,23499,775178,697251,68963,66239,181629,170231,31909,26,46
2021-08-03T23:59:59+02:00,6648,6076,51741,48830,59594,55079,69250,69980,90637,92974,102840,102296,71504,77911,50472,61917,14148,24422,39620,37477,51860,47096,62696,63213,83924,85983,95678,95461,68506,74588,48776,59699,13720,23455,774153,691031,68954,66220,181622,169056,31564,26,46
2021-08-02T23:59:59+02:00,6599,6033,51607,48690,59504,55000,69168,69911,90584,92903,102764,102235,71465,77869,50452,61895,14141,24409,38340,36300,50895,46287,61989,62635,83321,85417,94881,94764,68254,74332,48690,59567,13700,23417,773462,683403,68906,66176,181594,167743,31241,26,46
2021-08-01T23:59:59+02:00,6557,5980,51435,48530,59358,54890,69075,69797,90476,92813,102677,102143,71425,77832,50430,61854,14137,24393,38157,36164,50741,46196,61861,62543,83142,85278,94431,94361,68138,74224,48651,59518,13690,23397,772423,682770,68878,66121,181576,166432,30899,26,46
2021-07-31T23:59:59+02:00,6514,5947,51340,48410,59304,54820,69027,69755,90436,92784,102651,102119,71414,77820,50422,61851,14137,24390,36546,34649,49832,45330,61325,61979,82637,84765,93950,93928,67948,74019,48572,59423,13672,23364,771821,673610,68874,66114,181576,166317,30844,26,46
2021-07-30T23:59:59+02:00,6479,5894,51189,48274,59223,54738,68957,69698,90363,92704,102596,102081,71397,77797,50413,61828,14134,24386,35080,33237,48857,44379,60598,61293,81954,84147,93268,93350,67715,73786,48467,59273,13653,23333,771065,664084,68850,66103,181570,166013,30640,26,46
2021-07-29T23:59:59+02:00,6364,5775,50758,47906,59011,54471,68766,69507,90174,92515,102436,101944,71322,77714,50381,61773,14119,24368,34351,32618,48234,43935,60199,60948,81532,83795,92501,92678,67519,73632,48405,59187,13633,23304,768756,660243,68797,65967,181527,164376,30198,26,46
2021-07-28T23:59:59+02:00,6292,5711,50502,47710,58880,54322,68641,69413,90050,92393,102329,101850,71265,77657,50357,61735,14110,24351,34023,32322,47920,43705,59975,60736,81358,83631,92265,92480,67445,73567,48376,59153,13620,23294,767448,658578,68767,65879,181500,163858,29827,26,45
2021-07-27T23:59:59+02:00,6241,5665,50341,47571,58745,54230,68548,69326,89951,92284,102222,101775,71223,77604,50328,61702,14103,24338,32559,30911,46648,42605,59144,59950,80754,83106,91249,91631,67170,73283,48289,59026,13590,23253,766565,649905,68743,65813,181477,162074,29386,26,45
2021-07-26T23:59:59+02:00,6218,5636,50219,47483,58645,54145,68473,69273,89862,92224,102158,101725,71185,77568,50304,61682,14098,24329,31187,29645,45325,41480,58042,58965,80052,82473,90083,90604,66862,73011,48199,58910,13567,23211,766028,640823,68677,65722,181439,159775,29057,26,45
2021-07-25T23:59:59+02:00,6199,5618,50105,47376,58557,54079,68412,69216,89798,92168,102100,101678,71152,77532,50287,61659,14095,24319,30979,29486,45061,41285,57788,58740,79781,82270,89126,89753,66655,72838,48132,58837,13556,23187,765620,639659,68665,65607,181415,157320,28624,26,45
2021-07-24T23:59:59+02:00,6164,5589,49986,47283,58492,54015,68363,69161,89752,92125,102060,101637,71147,77526,50284,61656,14094,24315,29365,27882,43895,40191,57092,58028,79164,81697,88484,89190,66476,72646,48061,58736,13542,23164,765014,629549,68657,65596,181407,157181,28545,26,45
2021-07-23T23:59:59+02:00,6080,5502,49808,47106,58397,53910,68255,69059,89647,92023,101970,101542,71111,77469,50263,61625,14090,24309,27660,26344,42634,39107,56164,57139,78475,81084,87776,88526,66206,72374,47983,58635,13521,23134,763638,618973,68653,65434,181388,156712,28461,26,45
2021-07-22T23:59:59+02:00,5942,5388,49512,46824,58196,53710,68083,68891,89464,91871,101815,101410,71046,77387,50223,61573,14079,24290,26837,25510,41714,38293,55221,56311,77732,80457,86105,87021,65833,71975,47875,58503,13490,23082,761713,610464,68610,64938,181357,155238,27998,26,45
2021-07-21T23:59:59+02:00,5665,5104,48976,46295,57889,53397,67852,68614,89187,91624,101544,101143,70919,77256,50164,61508,14070,24264,26581,25288,41293,38012,54785,55926,77366,80178,85296,86416,65667,71846,47820,58437,13472,23057,758103,608509,68585,64667,181333,153461,27424,26,45
2021-07-20T23:59:59+02:00,5588,5030,48690,46017,57718,53192,67676,68470,89007,91472,101381,100999,70842,77190,50125,61461,14061,24236,25410,24133,39992,36979,53448,54725,76466,79408,83936,85073,65364,71504,47713,58300,13444,23012,756423,598117,68579,64521,181289,151877,26838,26,45
2021-07-19T23:59:59+02:00,5508,4945,48362,45691,57503,52982,67509,68268,88822,91296,101233,100837,70767,77108,50084,61411,14052,24207,24577,23290,38683,35856,51717,53225,75203,78361,82825,84093,65074,71247,47622,58182,13420,22972,754627,588081,68569,64376,181260,150092,26103,26,45
2021-07-18T23:59:59+02:00,5500,4944,48295,45637,57410,52907,67444,68201,88734,91229,101162,100772,70735,77067,50058,61378,14050,24195,24440,23187,38417,35641,51391,52941,74954,78169,81926,83329,64889,71070,47566,58109,13415,22950,754358,587030,68546,64217,181220,147864,25568,26,45
2021-07-17T23:59:59+02:00,5474,4908,48196,45559,57337,52845,67384,68145,88675,91168,101119,100753,70728,77052,50053,61372,14050,24194,23045,21711,37022,34339,50143,51749,74354,77616,81292,82734,64760,70922,47500,58048,13406,22930,753801,576128,68544,64193,181215,147727,25426,26,45
2021-07-16T23:59:59+02:00,5370,4830,47952,45326,57213,52739,67269,68035,88539,91074,101014,100651,70683,77002,50030,61354,14044,24187,21783,20462,35717,33089,48691,50427,73348,76682,80591,82074,64541,70702,47419,57948,13387,22897,752361,564470,68544,64134,181209,147525,25172,26,45
2021-07-15T23:59:59+02:00,5228,4703,47553,45000,57004,52539,67078,67852,88328,90874,100826,100485,70586,76901,49981,61280,14034,24158,21175,19958,34787,32393,47456,49490,72170,75770,78436,79946,63943,70105,47276,57771,13368,22834,750301,555141,68528,63107,181162,145679,24393,26,45
2021-07-14T23:59:59+02:00,4856,4376,46961,44425,56773,52272,66875,67649,88116,90631,100608,100288,70480,76791,49916,61197,14023,24134,20969,19811,34531,32237,47090,49192,71642,75381,77770,79412,63620,69829,47195,57687,13346,22799,746851,553352,68514,62925,181111,143777,23869,26,43
2021-07-13T23:59:59+02:00,4767,4297,46758,44271,56606,52119,66712,67502,87960,90505,100463,100162,70408,76729,49877,61151,14019,24118,20404,19273,33506,31423,45476,47735,69887,73721,76171,77858,63247,69438,47067,57517,13317,22747,745492,542439,68497,62154,181037,142165,23372,26,43
2021-07-12T23:59:59+02:00,4702,4221,46572,44081,56456,51977,66557,67376,87787,90366,100307,100024,70333,76646,49840,61098,14012,24100,19924,18835,32717,30800,43814,46282,67513,71646,74281,76357,62717,68854,46924,57355,13289,22697,744232,531336,68476,61592,180937,139592,22784,26,43
2021-07-11T23:59:59+02:00,4697,4217,46500,44028,56398,51927,66508,67340,87727,90317,100235,99965,70296,76603,49830,61083,14010,24086,19718,18688,32379,30553,43370,45910,67056,71289,73501,75661,62319,68477,46854,57265,13274,22664,744094,529568,68467,61269,180871,137119,22309,26,43
2021-07-10T23:59:59+02:00,4571,4083,46217,43717,56213,51732,66361,67166,87595,90178,100136,99859,70240,76546,49809,61057,14007,24077,19154,18127,31427,29686,41619,44326,65575,70008,72867,75044,62154,68326,46801,57213,13267,22650,742004,518926,68462,61253,180860,137075,22212,26,43
2021-07-09T23:59:59+02:00,4444,3966,45944,43463,56045,51541,66204,67007,87444,90016,100004,99753,70187,76473,49773,61016,14002,24065,18556,17551,30455,28728,39656,42394,63275,67882,71706,73904,61882,68001,46725,57087,13250,22625,739960,505207,68451,60871,180854,136669,22056,26,43
2021-07-08T23:59:59+02:00,4412,3940,45805,43350,55925,51423,66076,66905,87323,89894,99881,99656,70135,76419,49752,60977,13991,24052,17614,16744,29056,27691,37938,40947,61144,66063,68350,70753,60991,67032,46484,56746,13205,22530,739229,489946,68395,58805,180784,134089,21482,26,43
2021-07-07T23:59:59+02:00,4401,3935,45737,43307,55848,51379,65995,66863,87269,89854,99838,99605,70119,76397,49743,60959,13987,24042,16648,15884,27676,26682,36417,39718,59529,64608,65126,67282,59977,65993,46248,56425,13155,22457,738939,474650,68352,56904,180730,131943,21231,26,43
2021-07-06T23:59:59+02:00,4347,3887,45593,43180,55719,51239,65890,66754,87163,89765,99760,99521,70081,76338,49725,60931,13984,24028,15874,15138,26599,25771,34581,38013,56132,61588,62479,64830,59224,65204,45976,56091,13114,22354,737819,456776,68332,56090,180669,129815,21059,26,43
2021-07-05T23:59:59+02:00,4286,3843,45417,43005,55571,51143,65774,66646,87048,89671,99676,99427,70018,76274,49704,60904,13981,24013,15214,14508,25640,24956,33356,36882,53034,58619,59707,62368,58387,64395,45726,55780,13069,22277,736652,440703,68299,55733,180592,127336,20832,26,43
2021-07-04T23:59:59+02:00,4278,3837,45370,42979,55511,51117,65734,66625,87010,89639,99644,99399,69995,76254,49698,60889,13976,24003,15005,14302,25203,24606,32761,36354,52369,58092,58725,61505,57728,63765,45544,55578,13050,22230,736479,436621,68269,55529,180524,124656,20660,26,41
2021-07-03T23:59:59+02:00,4058,3660,44834,42414,55190,50745,65444,66350,86765,89379,99447,99201,69922,76182,49675,60843,13972,23992,14718,13980,24852,24254,31781,35434,50626,56540,57857,60768,57555,63570,45477,55493,13038,22205,732676,428037,68256,55513,180517,124614,20598,26,41
2021-07-02T23:59:59+02:00,3749,3373,44180,41821,54864,50414,65161,66048,86494,89127,99212,98976,69818,76069,49623,60774,13966,23975,14297,13530,24152,23646,30623,34372,47998,54377,55727,58980,57161,63144,45318,55336,13022,22167,728339,415535,68239,54462,180504,123885,20537,25,21
2021-07-01T23:59:59+02:00,3611,3263,43828,41468,54662,50240,65006,65889,86342,88989,99059,98856,69747,76001,49592,60740,13958,23960,13605,12835,22855,22558,28948,32856,45991,52633,53233,56702,55740,61575,44823,54719,12949,22039,726209,401994,68176,52147,180455,120064,20346,25,20
2021-06-30T23:59:59+02:00,3600,3247,43559,41272,54481,50115,64894,65802,86256,88925,98990,98806,69720,75978,49580,60718,13954,23949,12852,12229,21686,21664,27359,31491,44147,50917,49593,52742,54411,60244,44467,54280,12893,21911,725096,386242,68131,50249,180433,116623,20162,24,20
2021-06-29T23:59:59+02:00,3382,3027,42643,40429,53874,49523,64463,65376,85849,88473,98644,98476,69593,75829,49523,60648,13935,23918,12251,11622,20889,20900,26011,30288,41529,48515,47725,51199,53440,59136,44060,53744,12799,21758,719114,374224,68080,48740,180419,113243,19968,24,20
2021-06-28T23:59:59+02:00,3165,2847,41679,39423,53217,48879,64006,64994,85465,88084,98311,98132,69455,75668,49458,60548,13917,23895,11747,11171,20237,20311,25051,29393,39437,46575,46099,49835,52335,58091,43698,53239,12720,21638,712953,364750,67974,47713,180410,109566,19782,24,20
2021-06-27T23:59:59+02:00,3160,2844,41644,39391,53175,48848,63971,64962,85413,88049,98259,98105,69438,75656,49449,60534,13912,23892,11553,10977,19911,19994,24474,28835,38414,45727,44939,48743,51305,57082,43264,52733,12638,21502,712758,360167,67949,47272,180373,105253,19598,24,20
2021-06-26T23:59:59+02:00,2678,2371,40245,38018,52440,48095,63417,64399,84927,87534,97835,97673,69247,75480,49376,60430,13893,23869,11437,10875,19742,19841,24277,28619,37937,45290,44573,48393,51191,56937,43218,52685,12633,21487,704017,357224,67925,47266,180373,105235,19588,24,20
2021-06-25T23:59:59+02:00,2271,2038,39389,37198,52089,47732,63089,64074,84645,87221,97583,97407,69143,75367,49329,60368,13878,23847,11133,10562,19360,19417,23754,28001,35242,42990,42392,46479,50853,56558,43119,52556,12609,21457,698933,345658,67790,46818,180366,104587,19555,24,20
2021-06-24T23:59:59+02:00,2217,1987,38899,36737,51740,47399,62875,63870,84413,87028,97398,97256,69062,75300,49294,60322,13872,23831,10532,9977,18298,18548,22335,26754,33141,41156,39962,44186,49372,54912,42548,51854,12492,21254,695996,332801,67766,44213,180344,101037,19370,24,20
2021-06-23T23:59:59+02:00,2205,1963,38670,36500,51577,47237,62770,63768,84319,86934,97322,97171,69031,75269,49277,60301,13869,23820,10075,9547,17670,18001,21400,25903,31213,39529,35998,39725,48081,53552,42163,51348,12411,21088,694782,317293,67739,43592,180329,97735,19131,22,20
2021-06-22T23:59:59+02:00,2127,1901,37681,35558,50830,46564,62293,63328,83941,86525,96959,96859,68882,75127,49211,60220,13856,23787,9601,9101,16806,17315,20177,24832,28092,36760,33694,37851,47127,52582,41754,50790,12271,20853,688637,305128,67698,40852,180319,94663,18973,22,20
2021-06-21T23:59:59+02:00,1981,1762,36321,34324,49809,45684,61574,62670,83444,86055,96520,96457,68713,74956,49145,60125,13844,23752,9284,8802,16345,16951,19550,24351,26350,35196,32161,36556,46078,51504,41300,50241,12165,20661,680658,297783,67672,40210,180303,91020,18481,22,20
2021-06-20T23:59:59+02:00,1970,1753,36236,34271,49672,45572,61442,62543,83366,85997,96452,96399,68679,74928,49130,60107,13844,23741,9137,8700,16131,16783,19235,24093,25533,34544,31224,35608,45883,51301,41269,50189,12156,20641,680050,294004,67635,39620,180285,90690,18110,22,20
2021-06-19T23:59:59+02:00,1601,1452,34613,32711,48761,44749,60952,62034,82897,85518,96043,96045,68529,74762,49064,60024,13829,23717,9097,8621,16030,16662,19117,23943,25427,34386,31096,35470,45787,51205,41251,50164,12152,20631,671288,292671,67622,39617,180279,90657,18090,22,19
2021-06-18T23:59:59+02:00,1406,1279,32959,31111,47546,43556,60015,61117,82091,84773,95426,95467,68310,74542,48974,59885,13813,23687,9022,8532,15872,16511,18932,23753,25176,34147,30811,35152,45495,50861,41166,50088,12139,20617,660120,290498,67497,39501,180278,90231,18040,22,19
2021-06-17T23:59:59+02:00,1330,1220,32026,30262,46673,42850,59211,60271,81353,84125,95016,95086,68168,74398,48931,59809,13799,23658,8481,8163,15185,15950,18107,22930,24072,33022,29331,33798,44169,49358,40681,49477,12019,20429,653170,281557,67386,38677,180246,87572,17362,22,19
2021-06-16T23:59:59+02:00,1247,1156,31329,29558,45874,42101,58292,59401,80574,83357,94597,94709,68029,74238,48874,59718,13780,23632,7989,7838,14571,15439,17340,22207,22939,32069,28154,32692,42279,47244,40138,48897,11911,20244,646103,271845,67270,38078,180225,85178,16846,22,19
2021-06-15T23:59:59+02:00,1105,1037,29438,27754,44121,40560,56709,57762,79187,82041,93841,94040,67742,73946,48762,59560,13747,23567,7812,7707,14266,15201,16978,21908,22424,31689,27628,32269,41343,46228,39755,48475,11788,20024,631125,268789,67225,37575,180186,82764,16361,22,19
2021-06-14T23:59:59+02:00,1012,923,27886,26274,42510,39044,55051,56113,78087,80936,93145,93413,67491,73705,48666,59438,13727,23523,7626,7533,13888,14870,16455,21470,21737,31109,26950,31675,40961,45805,39373,48026,11657,19819,617869,266127,67170,37166,180158,79928,15725,22,19
2021-06-13T23:59:59+02:00,988,898,27684,26091,42128,38714,54513,55594,77740,80632,92953,93223,67400,73625,48629,59381,13712,23498,7482,7362,13620,14577,16072,21078,21309,30621,26419,31176,40563,45401,38915,47462,11478,19534,615168,264051,67036,37098,180129,76864,15048,22,19
2021-06-12T23:59:59+02:00,859,783,26148,24486,40956,37628,53838,54861,77207,80137,92402,92698,67245,73447,48560,59304,13699,23477,7436,7311,13499,14468,15939,20967,21125,30474,26303,31079,40546,45385,38907,47452,11478,19533,605571,263275,67032,37096,180123,76536,14987,22,19
2021-06-11T23:59:59+02:00,745,674,24518,22947,39596,36433,52611,53654,76238,79286,91825,92123,67009,73213,48498,59196,13680,23442,7379,7222,13328,14285,15728,20776,20856,30219,26034,30822,40238,45009,38822,47338,11461,19505,593766,261392,66955,36951,180115,75841,14830,22,19
2021-06-10T23:59:59+02:00,645,587,23521,21933,38372,35248,51009,52152,74919,78094,90213,90578,66655,72818,48371,59023,13655,23387,7098,6996,12808,13849,15096,20209,20094,29465,25241,30150,39537,44148,38472,46922,11348,19322,580852,257953,66479,36918,180062,72111,13765,22,19
2021-06-09T23:59:59+02:00,575,538,23069,21542,37713,34724,49899,51115,73680,76898,89623,90073,66529,72672,48321,58938,13640,23357,6822,6684,12209,13247,14316,19400,19179,28444,24257,28993,36970,41233,37907,46277,11200,19082,573689,247647,66022,36842,180022,68573,13151,22,18
2021-06-08T23:59:59+02:00,469,427,21549,20065,36096,33356,47791,49156,71542,74965,88152,88592,66215,72286,48186,58778,13608,23313,6692,6505,11834,12880,13837,18915,18578,27842,23702,28459,36686,40980,37618,45910,11092,18926,556298,246007,65747,36765,179989,65187,12490,22,18
2021-06-07T23:59:59+02:00,354,333,20540,19078,34550,32018,45515,47132,69406,73088,87174,87741,65992,72021,48112,58643,13588,23278,6539,6342,11414,12531,13299,18439,17851,27256,23069,27864,36367,40676,37199,45429,10979,18730,541085,244023,65577,36701,179935,61309,11944,22,18
2021-06-06T23:59:59+02:00,331,312,20357,18933,34157,31735,44910,46566,68790,72607,86963,87574,65937,71962,48101,58616,13581,23266,6406,6173,11093,12119,12871,17869,17214,26446,22372,27059,35900,40202,36719,44874,10823,18462,537981,241587,65254,36652,179892,56807,11549,22,18
2021-06-05T23:59:59+02:00,259,247,19106,17648,32816,30517,43679,45389,68216,72090,86432,87064,65846,71860,48053,58567,13574,23254,6355,6092,10990,11966,12748,17698,17046,26238,22203,26876,35838,40124,36697,44850,10821,18457,527947,240999,65254,36239,179865,56225,11529,22,18
2021-06-04T23:59:59+02:00,178,177,17906,16491,31497,29220,42121,43892,66873,70772,85621,86312,65659,71647,47976,58475,13558,23226,6253,5950,10814,11759,12533,17445,16690,25853,21683,26438,34954,39271,36381,44550,10804,18435,515077,239170,65187,35913,179857,53266,11458,22,17
2021-06-03T23:59:59+02:00,123,124,17266,15914,30510,28395,40666,42606,65100,69243,83367,84028,65235,71195,47848,58313,13540,23188,6082,5742,10507,11408,12216,16983,16244,25191,21137,25858,34288,38483,36207,44348,10771,18385,501291,236850,64494,35527,179817,50431,11037,22,16
2021-06-02T23:59:59+02:00,94,81,16921,15601,30202,28135,39999,41985,63512,67853,82427,83228,65093,71031,47788,58230,13537,23173,5966,5650,10337,11255,11993,16773,15951,24889,20795,25467,31049,34862,35980,44125,10742,18331,493783,228185,64493,35196,179816,50002,10776,22,16
2021-06-01T23:59:59+02:00,38,46,16126,14926,28706,27045,37641,39926,59955,64673,79998,80909,64743,70666,47660,58041,13503,23118,5691,5364,9822,10823,11463,16185,15292,24100,20056,24714,30704,34565,35782,43946,10714,18269,475448,226728,62937,34691,179747,46500,9566,22,15
2021-05-31T23:59:59+02:00,30,38,15555,14448,27771,26348,35677,38259,56515,61648,77965,79203,64410,70310,47516,57866,13470,23066,5529,5149,9414,10460,11034,15708,14758,23418,19431,24008,30417,34313,35599,43752,10678,18212,459670,226055,62220,34305,179680,43011,8503,22,15
2021-05-30T23:59:59+02:00,29,35,15409,14322,27492,26121,35226,37853,55804,61029,77646,78929,64348,70252,47491,57831,13466,23056,5426,4956,9087,10093,10623,15223,14309,22618,18904,23239,29741,33599,35372,43558,10656,18151,456704,225603,61786,34225,179631,37525,8196,22,15
2021-05-29T23:59:59+02:00,27,34,15011,13922,26636,25301,33465,36258,54320,59730,77057,78363,64197,70103,47438,57778,13459,23042,5392,4880,9025,9982,10533,15110,14202,22472,18774,23102,29711,33576,35366,43550,10655,18148,446548,225130,61754,34225,179626,36926,8191,22,15
2021-05-28T23:59:59+02:00,24,33,14599,13516,25818,24552,31612,34492,52146,57723,76001,77368,63992,69852,47386,57701,13449,23019,5307,4763,8852,9836,10380,14941,14044,22237,18566,22800,29642,33529,35349,43534,10654,18144,434558,224470,61284,34219,179538,36002,7881,22,15
2021-05-27T23:59:59+02:00,20,28,13973,13047,24753,23830,30367,33564,50539,56348,72899,74383,63550,69315,47251,57539,13425,22965,5193,4523,8524,9500,9981,14513,13605,21605,18066,22202,29420,33325,35239,43422,10632,18116,422405,223838,59324,34150,178909,32736,7136,22,15
2021-05-26T23:59:59+02:00,19,26,13484,12617,23842,23178,29449,32868,49451,55421,69938,71191,62938,68706,47116,57368,13395,22919,5107,4358,8269,9184,9683,14126,13247,21006,17632,21605,29228,33158,35141,43318,10606,18066,411579,223236,57147,34032,178411,29693,6767,22,15
2021-05-25T23:59:59+02:00,19,21,13137,12316,23262,22772,28398,32012,46854,53187,67675,69063,62586,68339,47003,57219,13377,22868,5026,4234,8062,8927,9429,13753,12935,20486,17251,21058,29069,33004,35057,43215,10580,18011,399725,222698,56082,33951,177789,26953,6490,22,14
2021-05-24T23:59:59+02:00,18,20,12838,12034,22762,22389,27780,31562,44232,50756,65221,66876,62279,68041,46893,57093,13344,22812,4954,4126,7812,8695,9112,13376,12607,19975,16865,20501,28927,32866,34983,43143,10558,17965,388072,222132,55600,33887,177123,24308,6133,22,14
2021-05-23T23:59:59+02:00,18,20,12777,11964,22667,22306,27700,31486,43976,50526,64635,66327,62199,67952,46868,57075,13342,22810,4934,4111,7775,8665,9054,13345,12529,19915,16790,20447,28918,32853,34979,43137,10558,17963,385870,221859,55520,33880,177109,24102,6127,22,14
2021-05-22T23:59:59+02:00,18,20,12553,11724,22345,22001,26696,30598,42141,48944,63780,65589,62037,67761,46802,56984,13332,22787,4918,4056,7748,8603,9013,13282,12499,19832,16760,20382,28908,32843,34975,43131,10557,17962,377376,221772,55509,33880,177104,23711,6101,22,14
2021-05-21T23:59:59+02:00,18,19,12248,11471,21775,21563,25887,29911,39752,47053,61808,63924,61776,67490,46718,56896,13317,22762,4899,4028,7694,8515,8946,13193,12421,19738,16687,20298,28892,32818,34968,43121,10555,17961,366974,221574,54450,33866,176914,23261,6028,22,14
2021-05-20T23:59:59+02:00,17,19,11627,10892,20656,20677,24746,28891,38247,45775,59466,61857,60958,66591,46519,56638,13283,22707,4618,3849,7292,8222,8507,12797,11967,19227,16270,19778,28771,32722,34917,43070,10551,17951,356503,221177,52096,33757,175639,20264,5306,22,14
2021-05-19T23:59:59+02:00,17,19,11187,10577,19869,20132,23898,28297,37345,45090,56231,58220,60266,65887,46410,56503,13261,22660,4465,3682,7036,7977,8230,12468,11639,18800,15901,19355,28673,32609,34875,42996,10541,17936,346050,220703,50479,33641,174502,18018,4816,22,14
2021-05-18T23:59:59+02:00,17,19,10854,10290,19296,19681,23253,27741,35946,43866,54821,57093,59895,65463,46280,56341,13236,22635,4357,3557,6790,7745,7970,12183,11407,18399,15556,18925,28590,32519,34845,42957,10537,17929,340686,220418,48639,33561,173020,15922,4360,22,14
2021-05-17T23:59:59+02:00,16,18,10634,10107,18863,19396,22823,27433,34744,42870,53512,56060,59646,65216,46217,56242,13220,22602,4285,3470,6581,7527,7721,11889,11149,18003,15245,18521,28498,32432,34821,42915,10531,17916,336621,220123,47646,33494,171500,14052,3830,22,14
2021-05-16T23:59:59+02:00,16,17,10444,9975,18568,19194,22487,27194,34108,42411,52276,54891,59454,65052,46181,56188,13209,22582,4217,3394,6361,7361,7428,11635,10881,17650,14950,18158,28432,32370,34805,42897,10524,17912,334197,219875,46768,33431,169878,12283,3382,22,13
2021-05-15T23:59:59+02:00,16,17,10346,9874,18416,19047,22318,27053,33723,42042,51882,54515,59337,64905,46133,56143,13206,22566,4176,3359,6277,7296,7335,11532,10779,17531,14842,18028,28337,32252,34714,42804,10520,17907,331801,218786,46767,33429,169743,12264,3206,22,13
2021-05-14T23:59:59+02:00,15,17,10061,9665,17982,18806,21919,26768,31365,40266,49732,52660,59119,64678,46085,56059,13190,22544,4046,3274,5991,7134,7027,11308,10430,17180,14496,17701,27763,31546,34593,42612,10502,17878,322643,215485,46714,33424,169129,12144,2424,21,13
2021-05-13T23:59:59+02:00,15,17,9598,9288,17188,18242,21047,26090,30246,39281,47490,50489,58272,63705,45876,55776,13151,22472,3541,3075,5654,6879,6715,10999,10023,16791,14119,17267,26868,30346,34169,42095,10471,17816,314148,210891,44850,32870,167109,10947,2116,20,13
2021-05-12T23:59:59+02:00,15,17,9305,9097,16753,17986,20577,25804,29718,38896,44487,46843,57698,63064,45792,55663,13133,22447,3400,2987,5423,6768,6437,10854,9741,16582,13880,17002,26223,29525,34005,41900,10445,17782,304974,207868,44027,32844,166817,10779,1459,18,13
2021-05-11T23:59:59+02:00,15,15,8863,8811,15981,17471,19717,25188,27976,37451,42555,45340,57320,62618,45707,55528,13113,22419,3280,2856,5193,6426,6135,10439,9376,16021,13443,16446,24799,27857,33495,41278,10394,17697,299483,201901,40969,32661,164328,9280,1290,18,12
2021-05-10T23:59:59+02:00,15,14,8601,8658,15468,17220,19088,24872,26984,36762,41096,44192,57059,62346,45628,55425,13093,22388,3170,2728,4961,6195,5881,10113,9048,15545,13080,16028,23752,26526,33008,40692,10358,17639,296202,197254,40062,32635,161652,7857,976,17,10
2021-05-09T23:59:59+02:00,15,14,8442,8574,15160,17037,18710,24622,26316,36337,39315,42533,56761,62068,45575,55367,13085,22370,3049,2674,4780,6058,5711,9940,8851,15338,12912,15854,23478,26194,32863,40517,10348,17624,293247,196056,39690,32594,158645,6837,702,17,10
2021-05-08T23:59:59+02:00,15,14,8367,8498,14983,16892,18500,24424,26090,36099,39084,42344,56634,61919,45538,55330,13082,22360,3042,2656,4748,6022,5669,9894,8774,15273,12826,15784,23110,25767,32577,40206,10340,17608,291695,194868,39235,31889,158524,6835,702,17,10
2021-05-07T23:59:59+02:00,14,13,8193,8399,14658,16710,18118,24191,25668,35811,38631,41966,56360,61564,45489,55283,13077,22350,2738,2522,4397,5836,5400,9632,8460,14961,12431,15388,22013,24395,31931,39375,10312,17558,289169,191417,38804,30390,158198,5233,307,17,10
2021-05-06T23:59:59+02:00,13,13,7541,8038,13763,16110,17064,23344,24330,34699,36484,40304,55232,60244,45247,54977,13042,22284,2611,2409,4223,5639,5191,9322,8117,14519,11999,14932,20708,22713,31077,38370,10261,17447,278539,185802,37524,29431,156380,4034,269,17,10
2021-05-05T23:59:59+02:00,11,13,7001,7731,12979,15559,16037,22580,22950,33675,34660,38819,53395,58206,44930,54631,13009,22218,2521,2349,4049,5481,5002,9110,7772,14179,11631,14575,19320,20932,29887,36956,10221,17346,267103,179682,36602,28261,154592,3296,90,17,10
2021-05-04T23:59:59+02:00,11,12,6812,7635,12622,15387,15554,22309,22309,33330,33699,38125,52538,57246,44809,54505,12991,22177,2465,2278,3896,5311,4827,8852,7431,13771,11203,14115,17670,19008,28793,35628,10127,17226,263348,172876,35736,27324,152935,2363,36,16,10
2021-05-03T23:59:59+02:00,11,12,6665,7486,12247,15171,15049,21999,21601,32926,32548,37235,52240,56929,44713,54397,12976,22145,2406,2207,3803,5131,4685,8615,7215,13422,10882,13707,16467,17515,27914,34530,10063,17119,260063,167312,35277,26973,150968,1368,26,16,10
2021-05-02T23:59:59+02:00,11,12,6585,7396,12036,14999,14755,21766,21126,32606,31397,36289,51957,56638,44651,54306,12959,22114,2392,2200,3782,5099,4656,8579,7149,13350,10800,13617,16156,17122,27618,34224,10051,17107,257638,165752,35206,26862,148718,1263,25,16,8
2021-05-01T23:59:59+02:00,11,12,6567,7371,11974,14954,14678,21707,21025,32533,31270,36197,51951,56622,44647,54305,12957,22112,2389,2191,3759,5082,4614,8554,7112,13313,10740,13562,15958,16899,27502,34087,10048,17097,257080,164786,35205,26835,148567,1261,25,16,8
2021-04-30T23:59:59+02:00,11,12,6530,7333,11884,14865,14573,21590,20830,32347,31032,36006,51679,56262,44602,54251,12952,22100,2360,2170,3697,5020,4518,8445,6961,13128,10463,13298,15147,15873,26632,33013,10007,17008,255308,161582,35162,24944,148349,1190,24,16,8
2021-04-29T23:59:59+02:00,11,12,6325,7209,11564,14678,14220,21354,20311,32059,30278,35515,51028,55437,44511,54137,12928,22025,2323,2124,3605,4931,4393,8309,6767,12911,10187,13013,14176,14640,25329,31470,9946,16916,252143,155890,35068,24198,146352,929,23,16,8
2021-04-28T23:59:59+02:00,11,12,6058,7044,11187,14343,13732,20889,19674,31454,29111,34388,48363,52434,44220,53812,12865,21947,2284,2084,3536,4871,4278,8193,6607,12727,9940,12794,13033,13160,23840,29593,9885,16813,242218,149925,34939,22993,144360,710,11,16,7
2021-04-27T23:59:59+02:00,11,12,5956,6952,11038,14222,13532,20728,19397,31244,28551,34002,48157,52214,44164,53761,12857,21925,2242,2050,3445,4777,4185,8084,6441,12543,9661,12518,11821,11598,22188,27438,9809,16668,240858,143118,34892,21808,142947,533,11,15,6
2021-04-26T23:59:59+02:00,11,12,5908,6907,10921,14157,13371,20607,19170,31034,27720,33433,47820,51848,44110,53696,12848,21896,2219,2022,3392,4734,4123,8015,6340,12410,9472,12343,10906,10438,20907,25690,9751,16582,240140,137847,34865,21067,140439,423,11,14,4
2021-04-25T23:59:59+02:00,11,12,5862,6860,10817,14062,13211,20453,18926,30751,26960,32696,47322,51336,44027,53596,12834,21876,2192,2011,3362,4715,4105,7996,6307,12369,9415,12283,10745,10246,20665,25367,9741,16568,238442,136993,34822,20723,138323,364,11,14,4
2021-04-24T23:59:59+02:00,11,12,5841,6812,10742,13977,13115,20312,18794,30574,26799,32517,47221,51213,43934,53501,12830,21871,2185,2001,3338,4688,4066,7950,6235,12296,9285,12166,10587,10065,20533,25236,9725,16550,236979,136470,34804,20083,138268,346,11,14,4
2021-04-23T23:59:59+02:00,11,12,5777,6720,10612,13778,12916,20059,18485,30198,26407,32156,46277,50079,43780,53256,12807,21839,2167,1979,3297,4653,4018,7895,6140,12206,9120,12038,10320,9767,20209,24815,9677,16470,232593,135348,34747,19081,137804,335,11,14,4
2021-04-22T23:59:59+02:00,11,12,5674,6605,10404,13583,12566,19729,17976,29726,25779,31564,44547,47926,43208,52527,12761,21738,2153,1968,3257,4600,3941,7821,6012,12106,8861,11873,9889,9360,19757,24227,9627,16392,226356,133230,34637,18303,135318,303,11,14,4
2021-04-21T23:59:59+02:00,11,11,5578,6467,10175,13381,12238,19416,17473,29232,25064,30836,40277,43062,42732,51992,12695,21634,2141,1959,3222,4564,3886,7763,5933,12013,8685,11713,9559,8977,19257,23636,9567,16297,214261,131587,34571,17297,133417,280,11,14,4
2021-04-20T23:59:59+02:00,11,11,5498,6377,9981,13165,11962,19153,17053,28824,24512,30275,38522,41050,42080,51217,12625,21496,2116,1946,3183,4539,3820,7718,5800,11916,8513,11585,9276,8657,18787,22970,9470,16156,208046,130225,34481,15993,131261,226,11,13,4
2021-04-19T23:59:59+02:00,11,10,5418,6299,9822,13038,11761,18948,16691,28443,23970,29807,36968,39258,41492,50492,12569,21407,2100,1927,3148,4504,3779,7674,5761,11846,8429,11494,9039,8374,18382,22404,9424,16065,203027,128535,34425,15602,128930,205,11,11,4
2021-04-18T23:59:59+02:00,11,9,5356,6248,9691,12955,11562,18811,16413,28245,23567,29495,35662,37896,41144,50086,12537,21344,2088,1911,3119,4482,3753,7658,5716,11800,8378,11445,8939,8283,18229,22216,9411,16042,201493,128048,34383,15214,125134,200,11,11,4
2021-04-17T23:59:59+02:00,11,9,5350,6232,9656,12924,11517,18771,16336,28178,23503,29437,35353,37558,41036,49989,12531,21333,2078,1903,3092,4470,3695,7613,5645,11749,8292,11393,8829,8174,18124,22099,9390,16029,200266,127245,34374,15124,125062,198,11,11,4
2021-04-16T23:59:59+02:00,11,9,5285,6193,9567,12864,11384,18659,16123,28018,23154,29089,34271,36299,40626,49463,12511,21299,1945,1815,2865,4290,3336,7298,4876,11217,6800,10300,6327,6127,16320,20417,9200,15732,196104,117943,34286,10718,124413,196,11,11,4
2021-04-15T23:59:59+02:00,11,9,5218,6102,9367,12694,11088,18411,15627,27625,22464,28490,32372,33979,39585,48254,12435,21135,1900,1783,2800,4226,3219,7179,4659,11035,6423,9989,5866,5729,15729,19734,9014,15403,190286,114824,34235,9667,120323,189,11,11,4
2021-04-14T23:59:59+02:00,11,8,5156,6056,9199,12565,10869,18234,15226,27312,21817,28010,30449,31729,38369,46838,12361,20950,1818,1728,2717,4160,3110,7086,4454,10868,6117,9737,5384,5316,15145,19045,8812,15053,183920,112201,34098,8208,117119,133,11,11,4
2021-04-13T23:59:59+02:00,11,8,5109,6003,9062,12435,10690,18064,14884,27037,21295,27545,28351,29281,37112,45245,12221,20746,1773,1711,2679,4117,3055,7025,4323,10728,5847,9527,5044,5012,14698,18597,8680,14852,177044,110783,34032,6841,114001,36,11,11,4
2021-04-12T23:59:59+02:00,10,8,5047,5953,8952,12298,10486,17916,14562,26757,20753,27089,26312,27012,35954,43781,12094,20549,1740,1668,2650,4098,3028,6972,4263,10661,5744,9427,4883,4867,14399,18227,8569,14653,171328,109944,33955,5862,110228,35,11,11,4
2021-04-11T23:59:59+02:00,10,8,5008,5910,8861,12219,10328,17815,14299,26579,20329,26765,25114,25726,35249,42996,12006,20401,1731,1662,2629,4078,3006,6947,4230,10615,5657,9359,4791,4812,14284,18105,8531,14601,169547,109746,33884,5257,106170,27,11,11,4
2021-04-10T23:59:59+02:00,10,8,4997,5896,8820,12192,10273,17780,14231,26530,20233,26685,24800,25352,34904,42577,11999,20380,1726,1656,2620,4070,2991,6931,4201,10586,5600,9320,4713,4733,14158,17943,8484,14517,168335,108958,33162,5256,106148,27,11,11,4
2021-04-09T23:59:59+02:00,10,8,4950,5863,8735,12114,10150,17656,14063,26354,19972,26443,23965,24198,33951,41369,11966,20307,1698,1626,2566,4035,2919,6869,4050,10473,5346,9095,4293,4359,13597,17228,8258,14152,164974,105283,31648,5248,105433,27,8,11,4
2021-04-08T23:59:59+02:00,10,8,4873,5798,8587,12003,9936,17479,13667,26041,19366,25975,22263,22217,32265,39403,11821,20073,1668,1610,2512,3988,2838,6782,3902,10335,5052,8830,3840,3934,12611,15983,7786,13394,159227,100310,30743,4727,101796,22,8,11,4
2021-04-07T23:59:59+02:00,10,7,4826,5746,8405,11926,9708,17329,13347,25814,18897,25615,20452,20105,30508,37145,11706,19862,1635,1594,2456,3936,2776,6702,3793,10189,4863,8640,3579,3645,11928,15178,7417,12849,153189,97008,29569,4155,98634,12,7,9,4
2021-04-06T23:59:59+02:00,10,7,4779,5701,8261,11814,9547,17164,13029,25548,18378,25229,18601,18043,28591,34659,11511,19519,1600,1575,2433,3910,2743,6665,3728,10145,4781,8550,3471,3523,11451,14532,7135,12442,146366,94704,28609,3964,95401,11,7,8,4
2021-04-05T23:59:59+02:00,10,7,4748,5659,8165,11725,9408,17064,12818,25336,17977,24882,16874,16108,26963,32515,11367,19297,1579,1564,2403,3891,2714,6617,3685,10086,4696,8435,3360,3416,11113,14163,6979,12163,140954,93314,28174,3535,91782,10,7,6,4
2021-04-04T23:59:59+02:00,10,7,4740,5653,8157,11714,9395,17051,12793,25316,17949,24857,16742,15934,26767,32268,11358,19284,1578,1563,2401,3888,2712,6614,3683,10083,4692,8432,3350,3403,11102,14151,6976,12155,140234,93234,28082,3535,91669,10,6,4,4
2021-04-03T23:59:59+02:00,10,7,4736,5645,8143,11706,9375,17031,12754,25285,17871,24795,16662,15845,26722,32211,11353,19277,1575,1561,2392,3880,2694,6600,3659,10055,4609,8377,3232,3288,11020,14077,6970,12145,139707,92585,28054,3535,91657,10,6,4,4
2021-04-02T23:59:59+02:00,10,7,4710,5625,8086,11652,9312,16963,12615,25179,17636,24595,16211,15368,26247,31637,11321,19224,1573,1551,2379,3874,2687,6584,3638,10023,4540,8284,3163,3220,10783,13778,6818,11943,138504,91293,26645,3531,91239,10,6,4,4
2021-04-01T23:59:59+02:00,9,7,4667,5564,7974,11510,9181,16803,12342,24894,17191,24196,15463,14642,25492,30678,11195,19041,1556,1529,2348,3842,2665,6554,3598,9984,4471,8219,3052,3091,9853,12662,6207,11097,136270,87290,25981,3427,88590,9,4,4,4
2021-03-31T23:59:59+02:00,9,7,4457,5484,7864,11388,9040,16638,12124,24618,16838,23831,14767,13880,24660,29669,11090,18849,1547,1524,2334,3822,2639,6526,3550,9935,4400,8148,2962,3001,9283,11967,5844,10602,134474,84872,24523,3201,86208,9,4,4,4
2021-03-30T23:59:59+02:00,9,7,4426,5430,7791,11261,8954,16479,11961,24428,16559,23522,14175,13238,23904,28691,10952,18608,1533,1514,2315,3797,2613,6497,3511,9870,4334,8077,2838,2855,8700,11313,5494,10115,132995,82567,23313,2803,84079,4,4,4,4
2021-03-29T23:59:59+02:00,9,7,4385,5372,7691,11148,8847,16316,11802,24156,16231,23175,13634,12638,23145,27720,10799,18363,1515,1501,2296,3781,2591,6468,3476,9813,4270,8002,2785,2787,8413,10928,5304,9806,131158,81186,22561,2544,81711,4,4,4,4
2021-03-28T23:59:59+02:00,9,7,4350,5287,7606,11040,8770,16164,11667,23927,15972,22902,13310,12329,22579,27029,10625,18084,1506,1495,2274,3767,2576,6439,3436,9763,4232,7944,2737,2736,8335,10824,5261,9741,130659,80843,22042,2217,78948,4,4,4,4
2021-03-27T23:59:59+01:00,9,7,4336,5276,7580,11010,8704,16093,11567,23832,15830,22786,13104,12116,22378,26818,10590,18055,1505,1493,2271,3765,2575,6438,3423,9739,4221,7922,2727,2729,8278,10759,5227,9701,129778,80550,21399,2217,78906,4,4,4,4
2021-03-26T23:59:59+01:00,9,7,4293,5206,7471,10878,8528,15910,11233,23531,15217,22281,12184,11294,21594,25980,10449,17831,1500,1479,2265,3744,2562,6415,3406,9713,4180,7885,2697,2690,8099,10541,5110,9533,125744,79709,19790,2102,78354,4,4,4,4
2021-03-25T23:59:59+01:00,9,6,4234,5047,7310,10600,8285,15505,10849,22909,14576,21583,11514,10634,20729,24914,10136,17294,1480,1465,2233,3718,2527,6376,3369,9665,4108,7804,2563,2551,7125,9289,4504,8628,122476,75532,19017,1866,74634,4,3,4,4
2021-03-24T23:59:59+01:00,9,6,4158,4906,7171,10315,8071,15091,10587,22361,14108,20976,10911,10075,19799,23828,9812,16733,1459,1435,2207,3680,2482,6340,3327,9601,4030,7705,2464,2452,6482,8529,4123,8049,119889,72912,17831,1450,71192,2,1,4,4
2021-03-23T23:59:59+01:00,9,6,4118,4811,7064,10079,7917,14752,10329,21857,13706,20484,10446,9633,19080,22978,9502,16272,1447,1417,2181,3659,2462,6313,3266,9547,3937,7631,2371,2350,5753,7600,3677,7362,118431,69846,16729,1125,67879,2,0,4,4
2021-03-22T23:59:59+01:00,9,6,4066,4730,6937,9839,7757,14432,10073,21392,13357,19987,10054,9277,18518,22271,9316,15932,1438,1410,2172,3645,2450,6297,3243,9524,3907,7597,2310,2299,5301,6994,3330,6873,117550,67749,16332,1038,64067,2,0,4,4
2021-03-21T23:59:59+01:00,9,6,4019,4625,6805,9574,7589,14077,9850,20852,13017,19461,9733,8998,17989,21668,9126,15625,1435,1406,2171,3634,2447,6290,3237,9515,3897,7583,2296,2280,5184,6862,3272,6772,117354,67240,15938,1038,59727,2,0,4,4
2021-03-20T23:59:59+01:00,9,6,4008,4603,6770,9520,7530,14006,9766,20747,12911,19372,9646,8904,17854,21494,9075,15538,1432,1401,2167,3631,2442,6285,3224,9505,3878,7573,2261,2248,4861,6489,3088,6530,116529,65974,15843,1038,59383,2,0,4,4
2021-03-19T23:59:59+01:00,8,6,3833,4462,6480,9268,7089,13583,8853,20017,11182,18044,6795,6563,15622,19296,8722,14977,1428,1397,2162,3624,2430,6272,3212,9481,3828,7527,2194,2207,4492,6017,2825,6215,107260,64302,11136,1006,56400,2,0,4,4
2021-03-18T23:59:59+01:00,8,5,3728,4329,6302,8959,6824,13143,8461,19358,10542,17307,6084,5910,14409,17829,8215,14162,1424,1391,2139,3597,2412,6236,3184,9440,3788,7493,2149,2173,4073,5489,2544,5806,102155,62437,10133,898,53283,2,0,4,4
2021-03-17T23:59:59+01:00,8,5,3650,4255,6170,8815,6657,12965,8167,19048,10141,16916,5679,5527,13593,16899,7822,13587,1414,1379,2123,3578,2382,6203,3153,9412,3751,7457,2093,2113,3667,5043,2295,5423,98930,60720,8451,763,52519,2,0,4,4
2021-03-16T23:59:59+01:00,7,5,3572,4120,6018,8544,6451,12598,7853,18463,9594,16260,5157,5074,12781,15936,7492,13096,1405,1370,2114,3561,2367,6188,3137,9392,3726,7431,2065,2077,3148,4403,1961,4917,96620,58500,7050,759,49347,2,0,4,4
2021-03-15T23:59:59+01:00,7,5,3524,3972,5832,8267,6233,12190,7579,17890,9158,15636,4842,4793,12128,15194,7230,12639,1405,1360,2098,3546,2347,6163,3119,9343,3702,7392,2029,2027,2785,3943,1676,4525,95130,56713,6080,744,45905,2,0,4,4
2021-03-14T23:59:59+01:00,7,5,3478,3840,5605,7938,5947,11746,7272,17173,8697,14884,4528,4521,11839,14938,7185,12540,1398,1354,2082,3517,2333,6113,3101,9285,3685,7353,2022,2016,2707,3836,1624,4441,95013,56314,5474,550,41652,2,0,4,4
2021-03-13T23:59:59+01:00,7,5,3462,3799,5566,7826,5888,11628,7190,17030,8551,14732,4376,4371,11747,14852,7179,12529,1398,1354,2082,3517,2332,6113,3100,9284,3684,7353,2019,2008,2654,3781,1590,4387,94323,56103,5474,550,40937,2,0,4,4
2021-03-12T23:59:59+01:00,7,5,3444,3727,5510,7690,5826,11481,7106,16806,8416,14499,4269,4275,11478,14529,7025,12314,1398,1354,2078,3511,2331,6105,3096,9278,3683,7347,2017,2006,2568,3671,1510,4301,92907,55701,5466,550,40030,2,0,4,4
2021-03-11T23:59:59+01:00,7,5,3366,3532,5301,7392,5595,11061,6768,16140,7984,13861,3934,3941,10407,13274,6377,11412,1393,1351,2068,3498,2312,6080,3073,9244,3659,7314,1988,1981,2330,3408,1360,4082,88737,54621,5049,517,36567,2,0,4,4
2021-03-10T23:59:59+01:00,7,5,3271,3414,5088,7122,5382,10704,6498,15595,7649,13315,3714,3714,9766,12482,5993,10879,1388,1340,2040,3460,2282,5990,3025,9122,3601,7195,1944,1905,2114,3171,1231,3894,86275,53417,4680,282,33639,2,0,4,4
2021-03-09T23:59:59+01:00,6,5,3197,3284,4933,6933,5188,10425,6269,15164,7352,12811,3531,3509,9137,11781,5621,10362,1381,1330,2004,3400,2251,5888,2964,8978,3533,7114,1914,1879,1839,2855,1063,3649,84012,52004,4425,35,31067,2,0,4,4
2021-03-08T23:59:59+01:00,6,5,3131,3123,4707,6668,4950,10072,6010,14654,6990,12223,3332,3317,8750,11338,5424,10050,1378,1311,1990,3322,2220,5794,2925,8832,3500,7021,1899,1857,1639,2624,945,3459,82544,50682,4064,33,28138,0,0,4,4
2021-03-07T23:59:59+01:00,6,5,3099,3064,4633,6556,4866,9959,5905,14491,6874,12078,3282,3275,8666,11234,5386,9983,1372,1306,1983,3310,2212,5767,2918,8793,3488,7002,1891,1845,1583,2556,893,3392,82194,50277,3899,33,27265,0,0,4,4
2021-03-06T23:59:59+01:00,6,5,3085,3006,4589,6466,4832,9896,5847,14377,6826,11969,3258,3252,8609,11168,5352,9940,1370,1293,1978,3296,2200,5740,2915,8765,3477,6983,1882,1821,1556,2532,888,3383,81877,50045,3899,33,26703,0,0,4,4
2021-03-05T23:59:59+01:00,6,5,3061,2913,4531,6357,4770,9798,5785,14226,6726,11816,3214,3197,8424,10938,5233,9768,1361,1260,1948,3241,2175,5633,2873,8631,3433,6845,1839,1776,1492,2461,866,3357,80978,49157,3891,33,25895,0,0,4,4
2021-03-04T23:59:59+01:00,4,5,3008,2719,4372,6118,4552,9487,5579,13806,6415,11427,3036,3020,7410,9648,4614,8856,1341,1210,1910,3118,2143,5450,2827,8354,3377,6613,1768,1686,1456,2412,862,3339,76834,47833,3621,32,23617,0,0,4,4
2021-03-03T23:59:59+01:00,3,5,2969,2646,4231,5927,4387,9219,5376,13429,6161,11007,2915,2889,6766,8879,4221,8254,1329,1172,1883,3046,2121,5339,2795,8176,3324,6455,1699,1642,1415,2342,842,3286,74124,46834,3391,32,21765,0,0,4,3
2021-03-02T23:59:59+01:00,3,5,2908,2557,4047,5711,4180,8946,5179,13053,5893,10633,2769,2732,5999,7914,3759,7549,1296,1129,1856,2974,2097,5200,2746,7903,3275,6257,1627,1582,1351,2264,822,3243,70965,45590,2945,32,19923,0,0,4,3
2021-03-01T23:59:59+01:00,3,4,2868,2494,3881,5560,3993,8726,4991,12731,5654,10246,2669,2618,5510,7260,3406,7044,1290,1093,1832,2873,2070,5007,2705,7653,3215,6021,1584,1546,1303,2205,796,3204,68816,44365,2646,32,18192,0,0,4,3
2021-02-28T23:59:59+01:00,3,4,2827,2444,3723,5441,3772,8536,4808,12481,5467,9941,2612,2546,5387,7104,3344,6943,1286,1088,1828,2859,2061,4983,2698,7617,3205,6004,1576,1539,1297,2196,794,3194,68337,44194,2428,31,16614,0,0,4,3
2021-02-27T23:59:59+01:00,3,3,2812,2379,3697,5361,3738,8466,4774,12390,5432,9867,2571,2512,5058,6717,3148,6692,1279,1080,1821,2847,2048,4948,2679,7552,3189,5948,1558,1530,1291,2185,791,3193,67029,43909,2428,30,16159,0,0,4,3
2021-02-26T23:59:59+01:00,3,3,2792,2338,3657,5276,3672,8364,4713,12281,5347,9780,2494,2459,4681,6236,2878,6369,1220,1030,1771,2738,1999,4767,2625,7278,3116,5736,1497,1479,1268,2163,777,3184,65237,42620,2302,29,15800,0,0,4,2
2021-02-25T23:59:59+01:00,3,3,2618,2229,3473,5095,3490,8141,4509,11995,5128,9506,2407,2394,4233,5684,2590,5948,1204,972,1740,2630,1946,4493,2554,6884,3021,5450,1452,1436,1248,2148,775,3175,63382,41104,1980,26,14080,0,0,4,1
2021-02-24T23:59:59+01:00,3,3,2463,2091,3283,4903,3342,7935,4312,11741,4909,9258,2270,2275,3780,5174,2333,5555,1189,943,1717,2544,1912,4354,2494,6627,2969,5244,1421,1405,1230,2128,771,3156,61618,40087,1511,18,12497,0,0,4,1
2021-02-23T23:59:59+01:00,3,3,2326,1953,3103,4675,3187,7701,4140,11468,4727,9012,2184,2181,3226,4509,1995,5043,1175,895,1686,2449,1873,4161,2426,6328,2871,4984,1363,1350,1201,2085,758,3131,59416,38723,1164,14,10852,0,0,4,1
2021-02-22T23:59:59+01:00,3,3,2286,1902,3019,4582,3117,7593,4046,11282,4620,8887,2134,2140,2862,4046,1708,4657,1163,836,1654,2323,1830,3915,2350,5934,2745,4686,1301,1295,1178,2052,751,3110,57743,37120,1080,4,10060,0,0,4,1
2021-02-21T23:59:59+01:00,3,3,2250,1870,2968,4513,3035,7479,3965,11135,4554,8770,2120,2117,2778,3932,1653,4569,1159,818,1637,2270,1805,3806,2317,5779,2682,4562,1269,1272,1168,2038,744,3097,57312,36420,1047,4,9351,0,0,4,1
2021-02-20T23:59:59+01:00,3,3,2239,1867,2946,4500,3019,7443,3939,11102,4533,8749,2117,2109,2724,3875,1618,4514,1159,815,1637,2268,1804,3797,2316,5774,2681,4558,1268,1269,1167,2035,743,3096,57097,36384,1046,4,9153,0,0,4,1
2021-02-19T23:59:59+01:00,2,3,2227,1854,2910,4448,2994,7355,3894,11020,4479,8686,2109,2103,2636,3762,1538,4421,1107,806,1598,2260,1794,3788,2306,5753,2672,4546,1262,1258,1156,2030,738,3089,56685,36160,1015,4,8737,0,0,4,1
2021-02-18T23:59:59+01:00,2,3,2095,1758,2753,4263,2870,7157,3757,10732,4340,8481,2077,2069,2396,3496,1386,4199,1028,771,1523,2162,1744,3665,2233,5595,2615,4459,1248,1238,1151,2016,728,3071,55627,35244,948,4,7255,0,0,4,1
2021-02-17T23:59:59+01:00,2,3,2051,1709,2661,4130,2761,6943,3604,10391,4199,8238,2019,1986,2177,3267,1262,4012,874,708,1414,2036,1669,3475,2139,5370,2541,4288,1214,1193,1126,1971,713,3031,54564,33760,803,3,6044,0,0,4,1
2021-02-16T23:59:59+01:00,2,3,1878,1596,2486,3923,2622,6668,3443,10036,4023,7931,1975,1959,1902,2948,1092,3760,847,686,1342,1961,1601,3333,2045,5198,2444,4157,1154,1146,1068,1881,681,2938,53236,32481,767,2,4240,0,0,4,1
2021-02-15T23:59:59+01:00,2,3,1843,1540,2398,3754,2544,6395,3320,9669,3908,7662,1949,1931,1687,2710,971,3574,829,673,1313,1915,1560,3265,1990,5026,2381,4057,1089,1106,1004,1790,662,2845,52143,31505,754,1,2959,0,0,4,1
2021-02-14T23:59:59+01:00,2,3,1753,1509,2353,3693,2502,6305,3250,9565,3862,7584,1938,1921,1629,2650,921,3515,814,663,1296,1890,1533,3242,1956,4985,2356,4002,1079,1097,997,1780,659,2833,51808,31182,725,1,2418,0,0,4,1
2021-02-13T23:59:59+01:00,2,3,1752,1497,2343,3686,2496,6291,3246,9549,3855,7574,1929,1901,1606,2630,918,3505,814,663,1296,1890,1533,3242,1956,4985,2356,4002,1079,1097,997,1780,659,2833,51653,31182,725,1,2401,0,0,4,1
2021-02-12T23:59:59+01:00,2,3,1672,1411,2244,3574,2416,6117,3141,9311,3731,7309,1882,1844,1543,2558,895,3478,808,656,1284,1868,1518,3223,1948,4954,2340,3982,1074,1092,996,1761,659,2803,50713,30967,725,0,1689,0,0,4,1
2021-02-11T23:59:59+01:00,2,3,1469,1273,2062,3359,2287,5825,2989,8878,3572,6963,1810,1742,1501,2497,881,3455,780,605,1189,1688,1392,2949,1809,4595,2174,3695,1024,1029,953,1688,626,2672,49318,28869,684,0,562,0,0,4,1
2021-02-10T23:59:59+01:00,2,3,1373,1224,1974,3232,2218,5651,2907,8599,3461,6733,1739,1694,1456,2430,865,3398,566,521,966,1463,1253,2641,1624,4132,1971,3316,906,902,831,1435,547,2356,48150,25431,644,0,161,0,0,4,1
2021-02-09T23:59:59+01:00,2,3,1337,1174,1937,3140,2191,5470,2840,8258,3391,6474,1665,1632,1395,2370,848,3361,303,384,747,1200,1066,2266,1414,3593,1722,2863,737,738,663,1148,437,1911,46890,21193,515,0,80,0,0,3,1
2021-02-08T23:59:59+01:00,2,3,1330,1139,1905,3021,2153,5248,2788,7978,3332,6238,1624,1598,1350,2315,832,3341,267,343,645,1045,960,2048,1254,3201,1524,2546,634,619,559,969,380,1661,45770,18656,345,0,79,0,0,3,1
2021-02-07T23:59:59+01:00,2,3,1303,1123,1876,2969,2128,5166,2759,7875,3290,6173,1608,1582,1335,2296,821,3326,233,287,597,955,900,1893,1161,2975,1425,2374,594,599,538,936,370,1632,45488,17471,144,0,0,0,0,3,0
2021-02-06T23:59:59+01:00,2,3,1298,1117,1870,2957,2119,5138,2746,7831,3279,6128,1595,1574,1330,2286,818,3325,214,253,575,918,872,1827,1119,2857,1368,2292,578,581,531,936,370,1632,45269,16925,144,0,0,0,0,3,0
2021-02-05T23:59:59+01:00,2,3,1237,1065,1821,2846,2067,4942,2687,7535,3202,5912,1532,1520,1311,2260,810,3318,198,223,540,871,838,1747,1081,2740,1315,2193,544,557,520,912,360,1607,43923,16248,144,0,0,0,0,3,0
2021-02-04T23:59:59+01:00,2,3,1225,1001,1780,2697,1996,4630,2604,7090,3102,5585,1487,1487,1293,2244,806,3310,170,169,467,753,739,1608,970,2501,1202,1979,497,505,477,858,343,1494,42304,14734,36,0,0,0,0,2,0
2021-02-03T23:59:59+01:00,2,3,1207,972,1750,2616,1957,4484,2537,6828,3050,5370,1450,1455,1264,2209,788,3281,139,140,392,641,623,1371,824,2123,1005,1688,378,370,342,644,240,1133,41185,12055,36,0,0,0,0,2,0
2021-02-02T23:59:59+01:00,2,3,1189,916,1717,2516,1914,4261,2464,6496,2943,5097,1396,1409,1241,2179,779,3257,118,116,316,520,520,1136,679,1793,815,1378,280,270,264,472,188,849,39741,9716,36,0,0,0,0,2,0
2021-02-01T23:59:59+01:00,1,3,1176,856,1682,2391,1864,4015,2387,6103,2821,4801,1329,1328,1211,2133,768,3232,85,76,216,349,347,741,431,1156,479,859,174,165,152,279,100,496,38063,6105,36,0,0,0,0,2,0
2021-01-31T23:59:59+01:00,1,3,1171,838,1665,2333,1840,3892,2355,5920,2754,4682,1298,1305,1200,2118,761,3220,74,70,183,279,270,575,342,903,397,692,148,149,144,271,96,482,37321,5075,33,0,0,0,0,2,0
2021-01-30T23:59:59+01:00,1,3,1171,835,1664,2328,1838,3881,2353,5909,2751,4672,1297,1301,1199,2117,761,3219,70,63,151,232,242,507,307,785,354,617,147,142,139,267,96,481,37266,4600,32,0,0,0,0,2,0
2021-01-29T23:59:59+01:00,1,3,1118,826,1625,2321,1827,3874,2345,5895,2743,4660,1293,1298,1195,2117,761,3219,62,45,114,177,198,353,250,636,310,489,136,133,127,256,93,481,37090,3860,30,0,0,0,0,1,0
2021-01-28T23:59:59+01:00,1,3,1043,801,1567,2261,1794,3805,2298,5824,2710,4606,1281,1286,1188,2111,752,3205,40,20,72,105,129,206,155,380,202,292,103,101,102,205,83,434,36508,2629,27,0,0,0,0,1,0
2021-01-27T23:59:59+01:00,1,3,893,750,1476,2185,1727,3690,2227,5694,2652,4482,1253,1242,1164,2072,740,3173,29,12,62,86,104,162,122,323,175,247,95,84,91,186,79,403,35405,2260,18,0,0,0,0,1,0
2021-01-26T23:59:59+01:00,1,3,879,731,1411,2111,1664,3560,2140,5522,2564,4371,1198,1202,1118,2001,716,3124,28,11,59,83,100,156,118,309,174,237,93,79,84,165,68,357,34303,2121,12,0,0,0,0,1,0
2021-01-25T23:59:59+01:00,1,3,866,710,1379,2051,1633,3463,2095,5356,2507,4281,1147,1177,1071,1944,698,3065,26,11,56,83,97,154,117,307,173,237,92,78,83,164,66,354,33443,2098,3,0,0,0,0,1,0
2021-01-24T23:59:59+01:00,1,3,863,709,1373,2040,1628,3446,2087,5330,2496,4249,1143,1170,1066,1937,697,3060,26,11,56,83,96,153,117,307,173,236,92,78,83,164,66,354,33294,2095,3,0,0,0,0,1,0
2021-01-23T23:59:59+01:00,1,3,863,709,1373,2040,1628,3446,2087,5330,2496,4249,1143,1170,1066,1937,697,3060,26,11,56,83,96,153,117,307,172,236,92,78,83,164,66,354,33294,2094,3,0,0,0,0,1,0
2021-01-22T23:59:59+01:00,1,3,863,699,1359,2018,1612,3422,2074,5296,2480,4229,1141,1165,1065,1914,696,3027,26,11,56,83,96,153,117,307,171,236,92,78,83,164,66,354,33060,2093,3,0,0,0,0,1,0
2021-01-21T23:59:59+01:00,1,3,832,662,1281,1863,1512,3232,1978,5024,2370,4032,1103,1107,1038,1849,665,2922,24,10,52,78,88,145,107,278,157,213,79,70,74,144,54,301,31470,1874,3,0,0,0,0,1,0
2021-01-20T23:59:59+01:00,1,3,629,563,1087,1644,1378,2958,1801,4619,2166,3695,977,989,920,1620,600,2652,22,10,51,74,85,144,99,265,146,194,69,64,69,122,45,269,28298,1728,3,0,0,0,0,1,0
2021-01-19T23:59:59+01:00,1,3,342,417,835,1387,1177,2618,1566,4090,1906,3245,810,821,756,1347,502,2247,18,7,36,52,56,78,73,178,102,131,52,49,48,91,34,208,24067,1213,2,0,0,0,0,1,0
2021-01-18T23:59:59+01:00,1,3,300,376,723,1199,1056,2364,1374,3592,1668,2865,682,672,611,1103,428,1863,7,3,11,17,19,27,24,50,25,46,12,11,13,33,7,61,20878,366,1,0,0,0,0,1,0
2021-01-17T23:59:59+01:00,1,3,259,321,657,1105,978,2193,1276,3318,1553,2654,637,643,584,1047,407,1805,0,0,1,0,2,2,2,1,2,2,1,4,1,0,0,1,19440,19,1,0,0,0,0,0,0
2021-01-16T23:59:59+01:00,1,3,242,289,641,1072,954,2130,1235,3208,1502,2581,621,626,576,1047,407,1804,0,0,0,0,1,2,1,1,1,2,0,1,1,0,0,1,18938,11,1,0,0,0,0,0,0
2021-01-15T23:59:59+01:00,1,3,227,256,612,1024,927,2052,1201,3092,1450,2485,590,600,569,1026,400,1792,0,0,0,0,0,0,0,0,0,0,0,0,0,0,0,0,18307,0,0,0,0,0,0,0,0
2021-01-14T23:59:59+01:00,1,2,197,204,552,902,838,1909,1108,2869,1335,2302,546,557,531,982,394,1750,0,0,0,0,0,0,0,0,0,0,0,0,0,0,0,0,16979,0,0,0,0,0,0,0,0
2021-01-13T23:59:59+01:00,1,2,166,185,503,833,766,1783,1010,2636,1181,2077,433,440,404,777,296,1353,0,0,0,0,0,0,0,0,0,0,0,0,0,0,0,0,14846,0,0,0,0,0,0,0,0
2021-01-12T23:59:59+01:00,1,2,144,164,471,764,716,1628,920,2433,1074,1843,344,332,313,557,214,965,0,0,0,0,0,0,0,0,0,0,0,0,0,0,0,0,12885,0,0,0,0,0,0,0,0
2021-01-11T23:59:59+01:00,0,1,115,127,395,634,626,1375,756,1975,847,1457,213,194,174,329,116,568,0,0,0,0,0,0,0,0,0,0,0,0,0,0,0,0,9902,0,0,0,0,0,0,0,0
2021-01-10T23:59:59+01:00,0,1,89,92,305,458,471,995,549,1448,623,1061,176,171,162,316,111,555,0,0,0,0,0,0,0,0,0,0,0,0,0,0,0,0,7583,0,0,0,0,0,0,0,0
2021-01-09T23:59:59+01:00,0,1,78,84,259,395,401,863,482,1231,547,903,169,161,157,311,111,553,0,0,0,0,0,0,0,0,0,0,0,0,0,0,0,0,6706,0,0,0,0,0,0,0,0
2021-01-08T23:59:59+01:00,0,1,65,64,186,287,304,584,367,933,441,684,161,156,141,299,109,553,0,0,0,0,0,0,0,0,0,0,0,0,0,0,0,0,5335,0,0,0,0,0,0,0,0
2021-01-07T23:59:59+01:00,0,0,46,24,78,121,137,230,165,419,223,340,116,121,123,251,98,504,0,0,0,0,0,0,0,0,0,0,0,0,0,0,0,0,2996,0,0,0,0,0,0,0,0
2021-01-06T23:59:59+01:00,0,0,32,17,69,92,116,180,137,342,194,276,97,93,97,205,83,429,0,0,0,0,0,0,0,0,0,0,0,0,0,0,0,0,2459,0,0,0,0,0,0,0,0
2021-01-05T23:59:59+01:00,0,0,29,12,59,87,106,166,121,327,180,253,96,88,95,198,81,411,0,0,0,0,0,0,0,0,0,0,0,0,0,0,0,0,2309,0,0,0,0,0,0,0,0
2021-01-04T23:59:59+01:00,0,0,26,11,56,84,98,157,116,312,178,241,95,85,88,184,71,380,0,0,0,0,0,0,0,0,0,0,0,0,0,0,0,0,2182,0,0,0,0,0,0,0,0
2021-01-03T23:59:59+01:00,0,0,26,11,56,84,98,157,116,312,178,241,95,85,87,183,71,380,0,0,0,0,0,0,0,0,0,0,0,0,0,0,0,0,2180,0,0,0,0,0,0,0,0
2021-01-02T23:59:59+01:00,0,0,26,11,56,84,98,157,116,312,177,241,95,85,87,183,71,380,0,0,0,0,0,0,0,0,0,0,0,0,0,0,0,0,2179,0,0,0,0,0,0,0,0
2021-01-01T23:59:59+01:00,0,0,26,11,56,84,98,157,116,312,175,240,95,85,87,183,71,380,0,0,0,0,0,0,0,0,0,0,0,0,0,0,0,0,2176,0,0,0,0,0,0,0,0
2020-12-31T23:59:59+01:00,0,0,26,11,56,84,98,157,116,312,175,240,95,85,87,183,71,380,0,0,0,0,0,0,0,0,0,0,0,0,0,0,0,0,2176,0,0,0,0,0,0,0,0
2020-12-30T23:59:59+01:00,0,0,25,11,56,83,97,154,116,311,175,240,95,85,87,183,71,380,0,0,0,0,0,0,0,0,0,0,0,0,0,0,0,0,2169,0,0,0,0,0,0,0,0
2020-12-29T23:59:59+01:00,0,0,18,8,41,59,74,91,86,216,128,188,73,73,65,151,56,304,0,0,0,0,0,0,0,0,0,0,0,0,0,0,0,0,1631,0,0,0,0,0,0,0,0
2020-12-28T23:59:59+01:00,0,0,8,5,17,28,31,45,40,111,53,101,30,40,37,91,29,175,0,0,0,0,0,0,0,0,0,0,0,0,0,0,0,0,841,0,0,0,0,0,0,0,0
2020-12-27T23:59:59+01:00,0,0,2,2,4,5,7,11,10,23,6,22,5,7,6,25,3,48,0,0,0,0,0,0,0,0,0,0,0,0,0,0,0,0,186,0,0,0,0,0,0,0,0
