Datum,<15_m,<15_w,15-24_1_m,15-24_1_w,25-34_1_m,25-34_1_w,35-44_1_m,35-44_1_w,45-54_1_m,45-54_1_w,55-64_1_m,55-64_1_w,65-74_1_m,65-74_1_w,75-84_1_m,75-84_1_w,>84_1_m,>84_1_w,<24_2_m,<24_2_w,25-34_2_m,25-34_2_w,35-44_2_m,35-44_2_w,45-54_2_m,45-54_2_w,55-64_2_m,55-64_2_w,65-74_2_m,65-74_2_w,75-84_2_m,75-84_2_w,>84_2_m,>84_2_w,bp_1,bp_2,mo_1,mo_2,az_1,az_2,ja,unb_1,unb_2
2021-07-21T23:59:59+02:00,5617,5072,48736,46094,57649,53201,67641,68413,88941,91397,101233,100932,70755,77105,50081,61424,14055,24224,26348,25084,41006,37793,54492,55641,77004,79809,84801,86022,65391,71575,47664,58259,13440,23018,755978,605533,68354,64274,180939,152853,27280,19,45
2021-07-20T23:59:59+02:00,5540,4999,48460,45818,57482,53000,67471,68270,88765,91248,101072,100788,70684,77040,50043,61379,14047,24203,25202,23941,39726,36770,53174,54457,76116,79051,83479,84717,65101,71243,47564,58127,13413,22978,754328,595254,68351,64139,180902,151378,26709,19,45
2021-07-19T23:59:59+02:00,5461,4915,48140,45495,57268,52791,67305,68072,88580,91075,100924,100629,70608,76960,50003,61328,14038,24174,24385,23112,38441,35661,51458,52971,74870,78015,82381,83743,64814,70987,47473,58011,13389,22939,752551,585314,68343,64029,180875,149611,25978,19,45
2021-07-18T23:59:59+02:00,5454,4914,48076,45444,57180,52720,67243,68007,88503,91014,100855,100565,70577,76919,49977,61295,14036,24162,24253,23010,38185,35452,51135,52691,74631,77826,81490,82986,64631,70810,47417,57938,13384,22917,752299,584280,68320,63870,180836,147401,25467,19,45
2021-07-17T23:59:59+02:00,5429,4878,47982,45370,57111,52658,67183,67953,88448,90956,100812,100546,70570,76904,49972,61291,14036,24161,22869,21545,36797,34160,49891,51506,74036,77277,80859,82392,64504,70663,47351,57877,13375,22897,751766,573439,68318,63854,180833,147264,25324,19,45
2021-07-16T23:59:59+02:00,5327,4801,47743,45141,56989,52554,67068,67842,88312,90862,100710,100445,70528,76856,49951,61272,14030,24154,21621,20301,35509,32930,48451,50197,73043,76351,80167,81743,64288,70445,47273,57780,13357,22865,750348,561918,68318,63795,180828,147062,25072,19,45
2021-07-15T23:59:59+02:00,5189,4674,47351,44824,56784,52357,66880,67663,88101,90666,100525,100278,70431,76755,49904,61198,14020,24125,21019,19804,34590,32238,47227,49269,71880,75451,78032,79625,63694,69854,47131,57605,13338,22803,748321,552668,68304,62791,180784,145231,24297,19,45
2021-07-14T23:59:59+02:00,4817,4348,46763,44253,56555,52093,66679,67462,87892,90426,100310,100082,70324,76647,49839,61116,14009,24101,20818,19662,34337,32086,46867,48972,71356,75067,77370,79096,63375,69579,47050,57521,13317,22768,744897,550912,68290,62610,180734,143340,23776,19,45
2021-07-13T23:59:59+02:00,4730,4271,46570,44101,56398,51950,66520,67319,87741,90306,100174,99964,70253,76586,49802,61072,14005,24086,20275,19137,33323,31287,45269,47531,69621,73433,75785,77555,63002,69191,46922,57354,13288,22717,743603,540145,68276,61858,180667,141734,23283,19,45
2021-07-12T23:59:59+02:00,4669,4195,46390,43912,56251,51813,66367,67197,87572,90170,100023,99831,70178,76504,49766,61022,13998,24068,19800,18703,32536,30666,43618,46089,67261,71362,73905,76060,62473,68607,46781,57193,13260,22668,742378,529099,68255,61304,180576,139167,22699,18,45
2021-07-11T23:59:59+02:00,4664,4191,46318,43861,56194,51763,66318,67163,87513,90121,99954,99772,70141,76462,49756,61007,13996,24054,19597,18556,32199,30420,43177,45717,66805,71008,73133,75367,62076,68231,46712,57105,13245,22636,742242,527339,68248,60983,180514,136711,22226,18,45
2021-07-10T23:59:59+02:00,4537,4055,46036,43552,56011,51570,66173,66992,87383,89984,99856,99669,70086,76404,49736,60981,13993,24045,19041,18002,31258,29556,41442,44142,65338,69741,72505,74753,61912,68082,46659,57053,13238,22622,740167,516781,68244,60967,180504,136679,22130,18,45
2021-07-09T23:59:59+02:00,4410,3941,45763,43299,55843,51381,66019,66835,87233,89824,99726,99566,70036,76332,49700,60940,13988,24033,18446,17430,30290,28602,39488,42216,63050,67624,71346,73614,61641,67760,46584,56928,13221,22597,738146,503122,68233,60585,180498,136273,21974,18,45
2021-07-08T23:59:59+02:00,4381,3916,45631,43192,55727,51266,65891,66735,87115,89704,99607,99469,69986,76279,49681,60903,13977,24020,17507,16627,28897,27565,37779,40777,60923,65811,68008,70480,60758,66791,46344,56588,13176,22502,737450,487927,68177,58527,180429,133698,21406,18,45
2021-07-07T23:59:59+02:00,4371,3911,45564,43150,55653,51223,65810,66696,87061,89666,99564,99418,69970,76257,49672,60885,13973,24009,16543,15773,27525,26560,36268,39551,59311,64363,64808,67029,59747,65754,46108,56269,13126,22430,737170,472690,68134,56649,180375,131564,21156,18,45
2021-07-06T23:59:59+02:00,4317,3866,45422,43027,55526,51083,65708,66589,86960,89580,99487,99336,69932,76200,49654,60857,13970,23996,15772,15028,26450,25653,34439,37852,55925,61352,62173,64590,58997,64968,45836,55935,13085,22328,736070,454885,68116,55836,180322,129442,20984,18,45
2021-07-05T23:59:59+02:00,4259,3822,45248,42856,55384,50991,65594,66482,86846,89489,99404,99244,69869,76136,49633,60830,13967,23982,15113,14401,25498,24842,33223,36724,52839,58388,59413,62132,58161,64162,45587,55624,13040,22251,734922,438861,68089,55487,180248,126971,20759,18,43
2021-07-04T23:59:59+02:00,4251,3816,45203,42830,55324,50965,65556,66461,86808,89458,99372,99216,69847,76117,49627,60815,13962,23972,14908,14199,25061,24494,32628,36198,52176,57864,58435,61268,57501,63533,45405,55422,13021,22204,734754,434792,68059,55283,180180,124297,20589,18,41
2021-07-03T23:59:59+02:00,4034,3641,44669,42266,55007,50596,65267,66188,86562,89201,99178,99017,69774,76045,49604,60769,13958,23961,14622,13879,24710,24143,31653,35283,50441,56315,57571,60531,57329,63339,45338,55338,13009,22179,730972,426238,68044,55269,180175,124255,20528,18,41
2021-07-02T23:59:59+02:00,3727,3355,44020,41678,54684,50266,64987,65891,86293,88955,98943,98795,69670,75933,49553,60700,13952,23944,14226,13455,24026,23557,30506,34234,47834,54174,55452,58753,56938,62916,45180,55183,12993,22142,726669,413922,68028,54224,180162,123525,20470,17,15
2021-07-01T23:59:59+02:00,3589,3246,43668,41328,54484,50098,64834,65733,86145,88820,98795,98681,69603,75864,49523,60667,13944,23929,13539,12763,22740,22474,28840,32722,45833,52432,52963,56488,55522,61351,44685,54567,12921,22014,724567,400436,67968,51917,180117,119712,20282,17,15
2021-06-30T23:59:59+02:00,3578,3230,43400,41134,54304,49974,64722,65646,86059,88759,98728,98633,69576,75841,49511,60644,13940,23920,12784,12145,21573,21570,27252,31352,43995,50708,49342,52547,54196,60025,44329,54128,12865,21886,723457,384684,67929,50027,180097,116280,20099,17,15
2021-06-29T23:59:59+02:00,3361,3011,42489,40293,53704,49384,64293,65223,85654,88307,98382,98306,69449,75692,49454,60574,13921,23889,12186,11540,20778,20808,25909,30153,41380,48312,47482,51007,53229,58919,43922,53592,12771,21733,717503,372704,67878,48522,180083,112902,19905,17,15
2021-06-28T23:59:59+02:00,3144,2832,41527,39287,53048,48742,63839,64844,85271,87920,98051,97964,69313,75532,49389,60474,13903,23866,11686,11092,20130,20221,24955,29260,39294,46375,45860,49652,52125,57876,43560,53088,12692,21613,711362,363263,67774,47505,180074,109230,19719,17,15
2021-06-27T23:59:59+02:00,3139,2829,41494,39256,53007,48711,63804,64813,85219,87885,98001,97937,69296,75521,49380,60460,13898,23864,11493,10901,19809,19904,24379,28705,38276,45537,44709,48563,51102,56873,43127,52584,12610,21478,711173,358711,67750,47067,180038,104939,19536,17,15
2021-06-26T23:59:59+02:00,2659,2356,40096,37885,52272,47961,63250,64250,84733,87370,97579,97506,69105,75345,49307,60355,13879,23841,11380,10802,19642,19755,24183,28494,37803,45101,44346,48217,50989,56730,43081,52537,12605,21463,702441,355802,67727,47062,180038,104921,19526,17,15
2021-06-25T23:59:59+02:00,2255,2023,39242,37066,51923,47602,62921,63926,84454,87059,97327,97241,69002,75232,49261,60295,13864,23819,11077,10492,19262,19333,23666,27882,35115,42807,42171,46311,50652,56353,42982,52408,12581,21433,697373,344279,67597,46617,180032,104278,19493,17,15
2021-06-24T23:59:59+02:00,2201,1974,38754,36609,51576,47273,62711,63725,84224,86868,97143,97090,68921,75168,49226,60250,13858,23803,10477,9912,18202,18465,22250,26637,33019,40974,39743,44022,49176,54716,42413,51709,12464,21230,694461,331451,67578,44017,180010,100740,19308,17,15
2021-06-23T23:59:59+02:00,2189,1951,38530,36375,51414,47113,62607,63623,84131,86776,97071,97006,68890,75137,49209,60228,13855,23793,10024,9484,17578,17919,21320,25796,31096,39364,35792,39583,47887,53359,42029,51206,12383,21064,693265,316027,67551,43398,179996,97444,19069,17,15
2021-06-22T23:59:59+02:00,2113,1889,37545,35435,50670,46441,62132,63184,83761,86375,96709,96696,68744,74999,49143,60148,13842,23761,9551,9039,16717,17236,20107,24731,27982,36599,33494,37718,46936,52392,41621,50649,12243,20830,687160,303910,67512,40662,179987,94380,18911,17,15
2021-06-21T23:59:59+02:00,1967,1750,36185,34200,49652,45568,61416,62528,83268,85904,96271,96295,68575,74829,49079,60054,13830,23728,9239,8747,16259,16875,19475,24244,26245,35047,31971,36431,45891,51316,41169,50102,12138,20639,679199,296608,67489,40023,179972,90742,18422,17,15
2021-06-20T23:59:59+02:00,1956,1742,36101,34148,49515,45456,61286,62401,83191,85850,96204,96237,68541,74801,49064,60036,13830,23717,9092,8645,16044,16705,19156,23986,25426,34390,31038,35484,45696,51115,41138,50050,12129,20619,678598,292816,67454,39436,179955,90414,18052,17,15
2021-06-19T23:59:59+02:00,1594,1443,34487,32599,48609,44638,60801,61896,82724,85375,95798,95884,68391,74638,48999,59955,13815,23693,9052,8569,15945,16584,19037,23836,25322,34233,30912,35346,45601,51019,41120,50025,12125,20609,669900,291492,67441,39433,179949,90381,18032,17,14
2021-06-18T23:59:59+02:00,1400,1270,32834,31006,47401,43451,59868,60985,81927,84631,95183,95309,68174,74421,48910,59816,13799,23663,8977,8482,15789,16435,18853,23650,25074,33997,30628,35030,45311,50676,41035,49950,12112,20595,658783,289339,67317,39317,179948,89958,17983,17,14
2021-06-17T23:59:59+02:00,1324,1212,31904,30162,46534,42749,59069,60143,81190,83984,94778,94931,68037,74277,48868,59740,13784,23634,8441,8116,15105,15880,18032,22829,23972,32876,29152,33681,43990,49179,40550,49340,11993,20407,651873,280439,67209,38496,179915,87305,17306,17,14
2021-06-16T23:59:59+02:00,1241,1148,31210,29462,45740,42002,58152,59278,80416,83219,94363,94555,67901,74117,48812,59650,13765,23608,7950,7798,14493,15373,17271,22115,22844,31932,27983,32583,42109,47078,40008,48766,11885,20222,644839,270807,67094,37898,179899,84918,16790,17,14
2021-06-15T23:59:59+02:00,1099,1030,29331,27667,43992,40470,56572,57641,79033,81905,93612,93888,67615,73826,48702,59492,13732,23543,7773,7669,14194,15136,16911,21819,22329,31558,27462,32160,41176,46066,39628,48348,11762,20002,629909,267777,67051,37396,179864,82512,16309,17,14
2021-06-14T23:59:59+02:00,1007,917,27790,26192,42392,38958,54922,56001,77940,80801,92918,93265,67363,73586,48606,59369,13712,23499,7588,7495,13818,14808,16390,21383,21646,30980,26792,31568,40797,45646,39246,47900,11631,19797,616711,265137,66997,36987,179836,79683,15677,17,14
2021-06-13T23:59:59+02:00,983,892,27588,26010,42009,38629,54385,55484,77594,80497,92726,93075,67274,73506,48569,59313,13697,23474,7447,7325,13554,14516,16010,20992,21220,30493,26265,31070,40401,45244,38788,47336,11452,19512,614016,263073,66866,36920,179805,76630,15001,17,14
2021-06-12T23:59:59+02:00,855,777,26057,24411,40838,37546,53712,54750,77065,80004,92178,92552,67119,73328,48500,59236,13684,23453,7401,7274,13434,14408,15877,20883,21037,30347,26150,30974,40384,45228,38780,47327,11452,19511,604448,262304,66863,36918,179797,76304,14940,17,14
2021-06-11T23:59:59+02:00,741,668,24435,22878,39480,36356,52491,53544,76096,79153,91600,91977,66884,73094,48439,59128,13665,23418,7344,7185,13264,14231,15667,20694,20768,30093,25885,30722,40076,44853,38696,47213,11435,19483,592672,260436,66786,36773,179788,75615,14784,17,14
2021-06-10T23:59:59+02:00,641,581,23441,21864,38261,35178,50898,52048,74779,77964,89993,90436,66530,72701,48313,58956,13639,23364,7064,6962,12746,13799,15040,20130,20009,29344,25097,30052,39381,43993,38346,46799,11323,19300,579791,257016,66315,36739,179738,71903,13726,17,14
2021-06-09T23:59:59+02:00,571,532,22992,21473,37604,34658,49788,51012,73541,76770,89402,89932,66405,72559,48263,58871,13624,23334,6792,6651,12151,13197,14261,19326,19098,28327,24119,28899,36823,41096,37782,46156,11175,19060,572646,246756,65859,36665,179696,68379,13113,17,13
2021-06-08T23:59:59+02:00,465,421,21479,19999,35994,33294,47682,49056,71407,74838,87934,88457,66092,72173,48130,58712,13592,23290,6662,6473,11779,12833,13785,18844,18498,27729,23567,28370,36541,40843,37493,45791,11067,18904,555292,245128,65585,36590,179667,65007,12454,17,13
2021-06-07T23:59:59+02:00,350,328,20473,19015,34448,31955,45408,47032,69274,72961,86958,87606,65870,71909,48056,58576,13572,23255,6510,6310,11360,12486,13249,18368,17771,27143,22938,27775,36221,40538,37075,45311,10954,18708,540094,243154,65415,36526,179612,61129,11908,17,13
2021-06-06T23:59:59+02:00,327,307,20291,18870,34055,31673,44803,46469,68659,72481,86749,87438,65814,71850,48045,58548,13565,23243,6377,6141,11040,12076,12822,17798,17138,26337,22245,26972,35755,40067,36596,44759,10798,18440,536996,240728,65093,36479,179568,56641,11513,17,13
2021-06-05T23:59:59+02:00,255,242,19041,17586,32715,30454,43575,45292,68084,71961,86219,86928,65723,71748,47997,58500,13558,23231,6327,6062,10937,11926,12699,17630,16972,26135,22078,26791,35694,39988,36574,44734,10796,18435,526979,240144,65093,36065,179527,56076,11493,17,13
2021-06-04T23:59:59+02:00,174,174,17842,16431,31399,29160,42020,43796,66741,70643,85407,86177,65537,71534,47921,58410,13542,23203,6225,5920,10764,11721,12483,17382,16619,25752,21561,26354,34811,39143,36260,44436,10779,18412,514126,238330,65026,35740,179520,53129,11422,17,13
2021-06-03T23:59:59+02:00,119,121,17203,15856,30415,28335,40565,42511,64972,69115,83157,83896,65113,71082,47793,58248,13524,23165,6056,5714,10460,11370,12168,16926,16175,25097,21019,25776,34146,38357,36086,44234,10746,18362,500358,236026,64333,35358,179478,50303,11004,17,13
2021-06-02T23:59:59+02:00,91,78,16863,15548,30108,28076,39898,41890,63385,67729,82218,83096,64972,70919,47733,58165,13521,23150,5945,5622,10290,11219,11946,16716,15883,24796,20680,25386,30917,34749,35861,44012,10717,18308,492872,227392,64332,35032,179476,49878,10743,17,13
2021-06-01T23:59:59+02:00,37,43,16076,14880,28620,26991,37552,39838,59838,64558,79797,80784,64622,70555,47605,57980,13488,23095,5668,5334,9775,10785,11410,16123,15218,24011,19940,24634,30573,34453,35662,43833,10689,18245,474622,225897,62780,34535,179407,46387,9533,17,12
2021-05-31T23:59:59+02:00,29,35,15507,14403,27686,26296,35589,38174,56404,61535,77767,79082,64288,70199,47462,57805,13455,23042,5506,5119,9368,10423,10983,15648,14686,23332,19315,23928,30287,34203,35480,43639,10653,18188,458860,225233,62069,34150,179341,42902,8471,17,12
2021-05-30T23:59:59+02:00,28,32,15361,14277,27407,26070,35138,37768,55694,60918,77446,78808,64228,70141,47437,57770,13451,23032,5404,4929,9041,10056,10575,15164,14239,22535,18792,23160,29613,33490,35254,43445,10631,18127,455892,224788,61636,34070,179297,37431,8164,17,12
2021-05-29T23:59:59+02:00,27,31,14964,13879,26555,25249,33378,36174,54215,59625,76856,78241,64077,69993,47384,57717,13444,23018,5370,4853,8979,9946,10487,15052,14133,22390,18663,23024,29583,33467,35248,43437,10630,18124,445755,224322,61605,34070,179291,36833,8159,17,12
2021-05-28T23:59:59+02:00,23,30,14553,13473,25738,24501,31530,34409,52044,57621,75801,77246,63872,69744,47332,57640,13434,22995,5285,4736,8809,9800,10336,14884,13976,22157,18459,22725,29514,33421,35231,43421,10629,18120,433781,223679,61135,34064,179203,35908,7850,17,12
2021-05-27T23:59:59+02:00,19,26,13928,13003,24674,23779,30286,33483,50440,56248,72709,74267,63434,69208,47197,57478,13410,22941,5171,4497,8481,9465,9939,14459,13539,21527,17960,22130,29296,33217,35122,43309,10607,18092,421644,223056,59183,33993,178580,32653,7106,17,12
2021-05-26T23:59:59+02:00,18,24,13439,12573,23764,23129,29371,32789,49352,55323,69753,71082,62822,68599,47062,57308,13380,22895,5085,4332,8226,9151,9644,14073,13184,20929,17527,21533,29105,33050,35024,43205,10581,18042,410834,222456,57009,33875,178084,29618,6739,17,12
2021-05-25T23:59:59+02:00,18,21,13096,12273,23187,22725,28323,31935,46757,53093,67489,68958,62471,68232,46949,57159,13363,22844,5005,4211,8021,8895,9390,13703,12872,20411,17152,20988,28948,32899,34941,43104,10555,17987,399003,221934,55944,33795,177465,26886,6464,17,12
2021-05-24T23:59:59+02:00,17,20,12798,11992,22687,22343,27707,31486,44137,50662,65040,66772,62165,67935,46839,57034,13330,22789,4932,4106,7773,8665,9078,13326,12547,19903,16768,20435,28806,32761,34867,43033,10534,17942,387363,221377,55462,33732,176803,24256,6108,17,12
2021-05-23T23:59:59+02:00,17,20,12739,11922,22592,22260,27628,31410,43881,50434,64455,66223,62086,67847,46814,57016,13328,22787,4912,4091,7736,8635,9020,13295,12469,19844,16696,20381,28797,32749,34864,43027,10534,17941,385166,221109,55383,33726,176791,24051,6102,17,12
2021-05-22T23:59:59+02:00,17,20,12515,11683,22272,21957,26625,30523,42048,48852,63601,65485,61925,67656,46748,56925,13318,22764,4896,4036,7709,8573,8980,13232,12439,19762,16669,20317,28787,32739,34860,43021,10533,17940,376683,221026,55372,33726,176786,23662,6076,17,12
2021-05-21T23:59:59+02:00,17,19,12210,11430,21703,21519,25818,29839,39663,46965,61632,63822,61665,67385,46664,56837,13303,22739,4877,4008,7656,8486,8914,13147,12361,19669,16596,20233,28771,32714,34853,43011,10531,17939,366299,220834,54314,33713,176596,23212,6004,17,12
2021-05-20T23:59:59+02:00,16,19,11589,10854,20589,20633,24680,28822,38159,45688,59295,61758,60849,66486,46465,56581,13269,22684,4596,3828,7258,8194,8475,12752,11909,19159,16180,19714,28651,32620,34802,42960,10527,17929,355849,220441,51963,33605,175323,20221,5284,17,12
2021-05-19T23:59:59+02:00,16,19,11151,10541,19803,20088,23835,28228,37260,45005,56073,58132,60159,65783,46356,56447,13247,22637,4443,3662,7003,7950,8198,12422,11582,18732,15811,19292,28554,32507,34760,42886,10517,17914,345427,219964,50351,33492,174191,17980,4794,17,12
2021-05-18T23:59:59+02:00,16,19,10820,10255,19231,19636,23196,27672,35863,43782,54671,57014,59792,65362,46228,56285,13222,22612,4336,3537,6758,7718,7941,12140,11350,18338,15466,18864,28471,32418,34730,42847,10513,17907,340080,219683,48513,33415,172726,15893,4340,17,12
2021-05-17T23:59:59+02:00,15,18,10600,10073,18799,19351,22768,27366,34665,42787,53367,55984,59546,65116,46165,56186,13206,22579,4264,3450,6550,7500,7690,11850,11094,17944,15158,18461,28381,32332,34706,42806,10507,17894,336023,219402,47527,33348,171216,14026,3808,17,12
2021-05-16T23:59:59+02:00,15,17,10412,9941,18507,19150,22433,27126,34030,42328,52132,54815,59353,64952,46129,56132,13195,22559,4196,3374,6332,7335,7398,11597,10828,17592,14865,18098,28317,32270,34690,42788,10500,17890,333595,219160,46651,33287,169601,12259,3362,17,11
2021-05-15T23:59:59+02:00,15,17,10314,9840,18356,19005,22265,26986,33646,41959,51738,54440,59237,64804,46081,56087,13192,22543,4155,3339,6248,7270,7303,11494,10727,17473,14757,17969,28223,32152,34599,42695,10496,17885,331206,218071,46650,33286,169466,12240,3186,17,11
2021-05-14T23:59:59+02:00,14,17,10031,9632,17924,18765,21866,26703,31291,40188,49595,52588,59020,64578,46033,56004,13176,22521,4026,3257,5963,7108,6996,11271,10382,17127,14414,17643,27650,31447,34479,42503,10478,17856,322072,214789,46597,33282,168853,12120,2407,17,11
2021-05-13T23:59:59+02:00,14,17,9570,9256,17132,18202,20996,26026,30173,39207,47357,50419,58175,63609,45824,55721,13137,22449,3524,3061,5626,6854,6685,10966,9976,16740,14040,17211,26759,30253,34057,41990,10447,17794,313590,210219,44734,32730,166843,10930,2102,15,11
2021-05-12T23:59:59+02:00,14,17,9277,9065,16700,17946,20528,25742,29645,38821,44359,46780,57601,62970,45740,55609,13119,22424,3383,2973,5397,6743,6407,10821,9695,16532,13802,16948,26117,29437,33892,41796,10421,17760,304437,207205,43910,32707,166551,10763,1446,13,11
2021-05-11T23:59:59+02:00,14,15,8835,8782,15930,17431,19668,25128,27905,37376,42432,45281,57224,62524,45655,55474,13099,22397,3264,2842,5170,6401,6106,10408,9336,15973,13364,16392,24694,27773,33385,41175,10370,17675,298952,201255,40853,32526,164074,9267,1278,13,10
2021-05-10T23:59:59+02:00,14,14,8576,8629,15421,17182,19041,24813,26917,36695,40980,44137,56966,62253,45578,55371,13078,22369,3155,2714,4941,6171,5852,10085,9011,15497,13003,15974,23648,26447,32900,40590,10335,17617,295689,196618,39946,32500,161415,7849,972,12,8
2021-05-09T23:59:59+02:00,14,14,8419,8545,15115,16999,18666,24564,26249,36272,39204,42484,56671,61974,45525,55313,13070,22351,3035,2660,4761,6034,5683,9912,8815,15292,12835,15801,23374,26116,32756,40415,10325,17602,292745,195428,39575,32459,158419,6830,698,12,8
2021-05-08T23:59:59+02:00,14,14,8345,8470,14938,16854,18457,24367,26023,36034,38973,42294,56544,61825,45489,55276,13067,22341,3028,2642,4728,5998,5640,9866,8738,15228,12749,15731,23006,25690,32475,40105,10317,17586,291195,194243,39122,31757,158298,6828,698,12,8
2021-05-07T23:59:59+02:00,13,13,8171,8373,14615,16674,18077,24136,25602,35749,38525,41916,56271,61473,45440,55230,13062,22331,2724,2508,4378,5814,5372,9605,8427,14918,12358,15336,21914,24323,31833,39277,10289,17536,288687,190811,38695,30266,157973,5230,304,12,8
2021-05-06T23:59:59+02:00,12,13,7519,8011,13722,16076,17027,23291,24265,34641,36379,40255,55145,60156,45197,54925,13027,22265,2597,2395,4205,5618,5163,9295,8084,14476,11926,14884,20614,22645,30983,38276,10238,17425,278067,185216,37418,29309,156162,4031,267,12,8
2021-05-05T23:59:59+02:00,10,13,6980,7705,12938,15524,16004,22526,22887,33618,34561,38774,53309,58125,44882,54580,12994,22199,2508,2335,4031,5461,4975,9083,7739,14137,11561,14528,19230,20866,29797,36864,10198,17323,266640,179108,36502,28145,154387,3294,88,12,8
2021-05-04T23:59:59+02:00,10,12,6791,7610,12581,15354,15521,22256,22249,33274,33605,38081,52456,57165,44761,54454,12976,22158,2452,2264,3878,5291,4801,8827,7401,13730,11135,14069,17583,18945,28707,35537,10104,17203,262896,172315,35639,27216,152734,2361,34,11,8
2021-05-03T23:59:59+02:00,10,12,6644,7464,12207,15138,15017,21947,21543,32870,32458,37192,52158,56849,44665,54347,12961,22126,2393,2193,3786,5112,4662,8592,7186,13383,10814,13661,16384,17453,27831,34440,10040,17096,259618,166770,35180,26865,150775,1366,24,11,8
2021-05-02T23:59:59+02:00,10,12,6566,7374,11999,14966,14724,21714,21070,32550,31309,36248,51875,56559,44603,54257,12945,22095,2380,2186,3765,5080,4633,8556,7121,13312,10732,13572,16073,17060,27535,34135,10028,17084,257201,165214,35110,26755,148531,1261,23,11,6
2021-05-01T23:59:59+02:00,10,12,6548,7349,11937,14921,14647,21655,20972,32478,31183,36156,51869,56543,44599,54256,12943,22093,2377,2177,3742,5063,4591,8531,7084,13275,10672,13517,15875,16837,27419,33998,10025,17074,256647,164248,35110,26728,148380,1259,23,11,6
2021-04-30T23:59:59+02:00,10,12,6509,7311,11847,14834,14542,21540,20777,32294,30945,35966,51597,56184,44554,54202,12938,22081,2349,2157,3680,5001,4497,8423,6933,13092,10398,13254,15067,15812,26552,32927,9984,16986,254879,161058,35068,24845,148163,1188,22,11,6
2021-04-29T23:59:59+02:00,10,12,6305,7188,11529,14647,14190,21304,20259,32008,30191,35477,50951,55359,44463,54088,12915,22007,2312,2111,3588,4912,4372,8288,6740,12876,10125,12969,14096,14582,25249,31385,9923,16894,251725,155372,34976,24100,146170,930,21,11,6
2021-04-28T23:59:59+02:00,10,12,6038,7023,11153,14315,13702,20841,19626,31405,29027,34350,48290,52369,44173,53764,12852,21929,2273,2071,3519,4852,4257,8173,6580,12692,9878,12752,12959,13105,23765,29513,9862,16792,241828,149428,34851,22897,144180,710,9,11,6
2021-04-27T23:59:59+02:00,10,12,5936,6931,11004,14195,13504,20681,19350,31194,28468,33967,48085,52149,44117,53714,12844,21907,2231,2037,3428,4758,4164,8064,6415,12508,9600,12476,11751,11545,22114,27361,9786,16647,240473,142631,34804,21713,142771,533,9,11,6
2021-04-26T23:59:59+02:00,10,12,5888,6887,10891,14130,13345,20561,19124,30985,27640,33398,47748,51784,44065,53649,12835,21878,2210,2008,3376,4715,4100,7993,6313,12377,9412,12301,10837,10388,20838,25615,9728,16561,239764,137367,34780,20976,140266,423,9,11,4
2021-04-25T23:59:59+02:00,10,12,5842,6840,10788,14035,13185,20409,18880,30702,26882,32662,47251,51272,43982,53550,12821,21859,2183,1997,3346,4696,4082,7974,6280,12337,9355,12241,10676,10196,20597,25292,9718,16547,238072,136513,34739,20634,138151,364,9,11,4
2021-04-24T23:59:59+02:00,10,12,5821,6792,10713,13951,13089,20269,18750,30528,26720,32484,47151,51149,43889,53456,12817,21854,2176,1987,3322,4669,4043,7928,6208,12264,9225,12124,10519,10015,20466,25161,9702,16529,236616,135991,34723,19995,138096,346,9,11,4
2021-04-23T23:59:59+02:00,10,12,5757,6701,10583,13752,12891,20017,18445,30155,26329,32124,46207,50018,43735,53211,12795,21822,2158,1967,3280,4635,3995,7873,6114,12175,9060,11996,10252,9717,20142,24743,9654,16449,232241,134872,34667,18997,137636,335,9,11,4
2021-04-22T23:59:59+02:00,10,12,5654,6586,10376,13557,12542,19686,17937,29683,25701,31532,44479,47866,43162,52481,12749,21721,2145,1956,3240,4583,3920,7799,5986,12075,8802,11831,9823,9310,19691,24154,9604,16371,226007,132760,34557,18220,135150,303,9,11,4
2021-04-21T23:59:59+02:00,10,11,5560,6448,10147,13355,12214,19374,17435,29189,24987,30803,40215,43010,42687,51946,12683,21617,2133,1947,3205,4547,3864,7742,5909,11983,8627,11671,9494,8927,19193,23569,9545,16276,213929,131128,34491,17217,133251,280,9,11,4
2021-04-20T23:59:59+02:00,10,11,5481,6358,9954,13140,11940,19112,17015,28780,24435,30242,38460,41001,42034,51171,12613,21479,2108,1934,3166,4522,3798,7697,5778,11887,8456,11543,9212,8607,18724,22906,9448,16135,207723,129772,34401,15916,131093,226,9,10,4
2021-04-19T23:59:59+02:00,10,10,5401,6280,9796,13013,11739,18908,16653,28399,23894,29774,36906,39212,41446,50446,12557,21390,2092,1916,3131,4488,3759,7654,5739,11817,8375,11452,8976,8324,18321,22340,9402,16045,202708,128091,34346,15527,128763,206,9,8,4
2021-04-18T23:59:59+02:00,10,9,5339,6229,9666,12930,11541,18771,16375,28202,23491,29463,35601,37851,41098,50040,12525,21328,2080,1900,3102,4467,3733,7638,5694,11771,8324,11403,8876,8233,18168,22152,9389,16022,201177,127605,34307,15139,124968,201,9,8,4
2021-04-17T23:59:59+02:00,10,9,5333,6213,9631,12899,11496,18731,16299,28136,23427,29405,35292,37513,40991,49943,12519,21317,2070,1892,3075,4455,3675,7593,5623,11721,8239,11352,8767,8125,18065,22036,9368,16009,199952,126810,34298,15049,124897,199,9,8,4
2021-04-16T23:59:59+02:00,10,9,5270,6174,9544,12840,11364,18621,16090,27978,23084,29059,34215,36258,40585,49423,12499,21284,1938,1804,2853,4278,3322,7280,4865,11196,6768,10273,6300,6113,16282,20375,9179,15713,195828,117643,34214,10692,124248,197,9,8,4
2021-04-15T23:59:59+02:00,10,9,5203,6084,9344,12670,11068,18373,15594,27585,22394,28461,32318,33941,39544,48214,12423,21120,1893,1772,2788,4214,3207,7161,4648,11016,6396,9964,5841,5718,15693,19691,8994,15385,190016,114540,34163,9644,120159,190,9,8,4
2021-04-14T23:59:59+02:00,10,8,5142,6038,9175,12541,10849,18196,15193,27272,21750,27982,30397,31691,38328,46799,12349,20935,1812,1717,2705,4148,3098,7069,4447,10850,6092,9713,5361,5307,15109,19003,8792,15037,183652,111932,34026,8187,116960,134,9,8,4
2021-04-13T23:59:59+02:00,10,8,5094,5983,9038,12411,10670,18027,14853,26998,21228,27517,28300,29244,37071,45207,12209,20732,1767,1701,2668,4106,3043,7008,4317,10709,5822,9504,5022,5002,14663,18554,8660,14838,176778,110521,33962,6819,113843,37,9,8,4
2021-04-12T23:59:59+02:00,9,8,5033,5935,8930,12275,10468,17879,14534,26719,20688,27061,26262,26977,35915,43744,12082,20535,1734,1659,2640,4087,3017,6955,4257,10641,5718,9404,4862,4858,14365,18185,8549,14639,171073,109686,33889,5842,110075,35,9,8,4
2021-04-11T23:59:59+02:00,9,8,4994,5892,8839,12196,10310,17778,14273,26543,20265,26737,25065,25692,35210,42960,11995,20388,1725,1653,2619,4067,2995,6930,4224,10595,5632,9337,4771,4804,14250,18063,8511,14587,169295,109489,33819,5237,106023,30,9,8,4
2021-04-10T23:59:59+02:00,9,8,4983,5878,8798,12170,10255,17744,14205,26494,20169,26657,24751,25318,34867,42541,11988,20367,1720,1648,2610,4058,2981,6914,4195,10566,5575,9298,4693,4725,14124,17901,8465,14503,168085,108702,33099,5237,106001,30,9,8,4
2021-04-09T23:59:59+02:00,9,8,4937,5848,8713,12092,10133,17621,14039,26319,19909,26416,23920,24167,33917,41337,11955,20294,1692,1618,2556,4023,2909,6853,4045,10453,5324,9073,4274,4351,13564,17189,8239,14139,164738,105037,31592,5230,105289,30,7,8,4
2021-04-08T23:59:59+02:00,9,8,4860,5783,8566,11982,9919,17445,13643,26007,19307,25948,22220,22189,32235,39375,11809,20060,1662,1602,2502,3976,2828,6767,3897,10315,5033,8810,3822,3926,12582,15947,7769,13382,158999,100080,30687,4710,101664,25,7,8,4
2021-04-07T23:59:59+02:00,9,7,4813,5730,8386,11906,9691,17296,13323,25780,18839,25588,20411,20078,30482,37118,11694,19850,1629,1586,2448,3924,2767,6686,3788,10169,4845,8621,3562,3638,11900,15142,7400,12837,152966,96781,29515,4143,98505,13,7,8,4
2021-04-06T23:59:59+02:00,9,7,4766,5686,8242,11794,9530,17133,13006,25515,18322,25203,18560,18017,28567,34631,11499,19508,1595,1567,2426,3898,2734,6649,3723,10125,4765,8532,3455,3515,11424,14499,7120,12431,146146,94486,28559,3955,95275,12,7,8,4
2021-04-05T23:59:59+02:00,9,7,4735,5644,8146,11705,9392,17033,12794,25304,17923,24856,16837,16083,26942,32488,11355,19286,1575,1556,2396,3879,2705,6601,3681,10066,4680,8417,3345,3408,11087,14131,6964,12152,140742,93100,28124,3526,91660,12,7,6,4
2021-04-04T23:59:59+02:00,9,7,4727,5638,8138,11694,9379,17020,12769,25284,17895,24831,16705,15909,26746,32241,11346,19273,1574,1555,2394,3876,2703,6598,3679,10063,4676,8414,3335,3395,11076,14119,6962,12144,140022,93021,28032,3526,91547,12,6,4,4
2021-04-03T23:59:59+02:00,9,7,4723,5631,8124,11686,9359,17000,12730,25253,17817,24769,16625,15820,26701,32184,11341,19266,1571,1553,2385,3868,2685,6584,3655,10035,4594,8359,3217,3280,10994,14046,6956,12134,139496,92374,28004,3526,91535,12,6,4,4
2021-04-02T23:59:59+02:00,9,7,4697,5611,8067,11632,9296,16932,12591,25147,17583,24569,16174,15343,26226,31612,11309,19213,1569,1544,2372,3862,2678,6568,3634,10003,4525,8266,3148,3212,10757,13747,6804,11933,138295,91084,26596,3522,91117,12,6,4,4
2021-04-01T23:59:59+02:00,8,7,4654,5550,7955,11491,9165,16772,12318,24862,17138,24170,15426,14618,25472,30654,11184,19032,1552,1522,2341,3830,2656,6538,3594,9964,4457,8201,3037,3084,9829,12635,6196,11087,136066,87093,25932,3418,88470,10,4,4,4
2021-03-31T23:59:59+02:00,8,7,4445,5470,7845,11369,9025,16607,12100,24586,16787,23805,14730,13856,24640,29647,11079,18840,1543,1517,2327,3810,2630,6510,3546,9916,4387,8131,2947,2994,9259,11940,5834,10592,134273,84677,24478,3194,86087,10,4,4,4
2021-03-30T23:59:59+02:00,8,7,4414,5417,7773,11242,8939,16449,11938,24396,16510,23496,14138,13213,23885,28670,10942,18599,1529,1507,2307,3785,2604,6480,3505,9850,4317,8060,2824,2848,8677,11287,5484,10106,132800,82365,23268,2797,83960,6,4,4,4
2021-03-29T23:59:59+02:00,8,7,4373,5359,7673,11130,8833,16288,11780,24124,16185,23150,13597,12616,23127,27699,10789,18354,1511,1494,2288,3769,2583,6451,3470,9794,4254,7985,2771,2780,8390,10902,5294,9798,130969,80987,22519,2539,81596,6,4,4,4
2021-03-28T23:59:59+02:00,8,7,4339,5274,7588,11023,8756,16136,11646,23895,15928,22877,13273,12307,22561,27009,10615,18075,1502,1489,2266,3755,2569,6422,3430,9744,4216,7929,2723,2729,8313,10798,5251,9733,130472,80649,22001,2212,78836,6,4,4,4
2021-03-27T23:59:59+01:00,8,7,4325,5263,7562,10993,8691,16065,11546,23799,15786,22761,13067,12094,22362,26799,10580,18046,1501,1487,2263,3753,2568,6421,3417,9721,4205,7907,2713,2722,8257,10733,5217,9693,129593,80358,21359,2212,78794,6,4,4,4
2021-03-26T23:59:59+01:00,8,7,4282,5194,7454,10863,8516,15883,11214,23500,15179,22257,12154,11279,21581,25965,10439,17823,1496,1473,2258,3732,2555,6398,3400,9695,4164,7870,2683,2683,8080,10516,5100,9526,125582,79521,19763,2098,78245,6,4,4,4
2021-03-25T23:59:59+01:00,8,6,4223,5035,7293,10585,8273,15480,10832,22879,14541,21561,11485,10620,20716,24899,10127,17288,1476,1459,2226,3706,2521,6359,3363,9647,4094,7789,2549,2545,7108,9271,4496,8623,122325,75359,18990,1864,74529,6,3,4,4
2021-03-24T23:59:59+01:00,8,6,4149,4895,7158,10302,8059,15067,10571,22335,14075,20955,10883,10061,19786,23815,9804,16727,1455,1429,2200,3669,2476,6324,3322,9584,4016,7690,2450,2446,6467,8512,4115,8044,119743,72745,17806,1448,71102,5,1,4,4
2021-03-23T23:59:59+01:00,8,6,4109,4801,7051,10068,7906,14729,10316,21832,13675,20464,10419,9619,19067,22965,9494,16266,1443,1411,2174,3648,2455,6298,3261,9530,3925,7616,2358,2344,5741,7587,3671,7357,118289,69691,16704,1123,67798,5,0,4,4
2021-03-22T23:59:59+01:00,8,6,4057,4721,6925,9827,7747,14409,10061,21368,13328,19967,10028,9263,18504,22255,9307,15926,1434,1404,2165,3634,2443,6282,3238,9507,3896,7583,2297,2293,5289,6984,3325,6869,117409,67601,16307,1036,63987,5,0,4,4
2021-03-21T23:59:59+01:00,8,6,4011,4616,6794,9562,7581,14054,9839,20830,12988,19443,9708,8985,17975,21652,9117,15619,1431,1401,2164,3623,2440,6275,3232,9498,3886,7569,2283,2274,5172,6852,3267,6768,117214,67093,15913,1036,59657,5,0,4,4
2021-03-20T23:59:59+01:00,8,6,4000,4594,6759,9508,7523,13983,9755,20725,12884,19354,9621,8891,17840,21479,9067,15532,1428,1397,2160,3620,2435,6270,3219,9488,3867,7559,2248,2242,4849,6479,3083,6527,116394,65829,15818,1036,59313,5,0,4,4
2021-03-19T23:59:59+01:00,8,6,3826,4453,6469,9256,7082,13562,8843,19996,11159,18028,6779,6553,15614,19286,8715,14971,1424,1393,2155,3614,2423,6257,3207,9465,3817,7513,2181,2201,4480,6007,2821,6212,107142,64160,11122,1004,56338,5,0,4,4
2021-03-18T23:59:59+01:00,8,5,3721,4320,6292,8947,6817,13122,8453,19340,10520,17291,6071,5901,14401,17819,8208,14158,1420,1387,2130,3587,2405,6221,3177,9420,3774,7476,2136,2167,4062,5479,2541,5803,102048,62284,10119,896,53223,4,0,4,4
2021-03-17T23:59:59+01:00,8,5,3644,4246,6161,8803,6651,12944,8159,19030,10121,16899,5666,5518,13586,16889,7815,13583,1410,1375,2114,3568,2375,6189,3146,9392,3737,7440,2080,2108,3656,5033,2292,5420,98825,60568,8439,762,52460,4,0,4,4
2021-03-16T23:59:59+01:00,7,5,3566,4111,6010,8532,6444,12577,7845,18446,9576,16243,5146,5065,12774,15928,7485,13093,1401,1366,2105,3552,2360,6175,3131,9372,3711,7414,2052,2072,3138,4394,1959,4915,96516,58355,7039,758,49294,3,0,4,4
2021-03-15T23:59:59+01:00,7,5,3519,3964,5825,8255,6226,12168,7571,17874,9140,15619,4832,4784,12122,15185,7222,12636,1401,1356,2089,3537,2340,6150,3113,9324,3687,7375,2016,2022,2778,3935,1675,4523,95028,56573,6070,744,45852,3,0,4,4
2021-03-14T23:59:59+01:00,7,5,3473,3832,5598,7926,5941,11724,7266,17155,8679,14868,4519,4512,11832,14929,7177,12537,1394,1350,2073,3508,2325,6100,3095,9266,3670,7336,2009,2011,2700,3828,1623,4439,94910,56174,5465,550,41601,2,0,4,4
2021-03-13T23:59:59+01:00,7,5,3458,3792,5559,7818,5882,11611,7185,17016,8537,14719,4367,4363,11740,14843,7171,12526,1394,1350,2073,3508,2324,6100,3094,9265,3669,7336,2006,2003,2648,3773,1589,4385,94222,55964,5465,550,40908,2,0,4,4
2021-03-12T23:59:59+01:00,7,5,3440,3720,5503,7682,5820,11464,7102,16792,8403,14486,4260,4267,11470,14520,7017,12311,1394,1350,2069,3502,2323,6092,3090,9259,3668,7330,2004,2001,2562,3663,1509,4299,92806,55562,5457,550,40002,2,0,4,4
2021-03-11T23:59:59+01:00,7,5,3362,3525,5295,7384,5589,11046,6764,16127,7973,13849,3925,3933,10399,13266,6370,11410,1389,1347,2059,3489,2304,6067,3067,9225,3645,7298,1975,1976,2325,3402,1359,4081,88641,54488,5041,517,36543,2,0,4,4
2021-03-10T23:59:59+01:00,7,5,3267,3407,5083,7114,5376,10691,6494,15581,7638,13306,3706,3706,9758,12474,5986,10877,1385,1336,2032,3451,2274,5977,3019,9104,3587,7180,1932,1900,2109,3165,1230,3893,86182,53289,4674,282,33616,2,0,4,4
2021-03-09T23:59:59+01:00,6,5,3193,3277,4928,6925,5182,10412,6266,15150,7340,12803,3523,3501,9130,11773,5614,10360,1378,1326,1997,3391,2243,5875,2958,8960,3520,7099,1903,1874,1835,2849,1062,3648,83921,51880,4420,35,31043,2,0,4,4
2021-03-08T23:59:59+01:00,6,5,3127,3118,4702,6660,4945,10059,6007,14639,6978,12215,3324,3309,8743,11330,5417,10048,1375,1308,1983,3313,2212,5783,2919,8815,3487,7006,1888,1852,1635,2618,944,3458,82454,50562,4059,33,28115,0,0,4,4
2021-03-07T23:59:59+01:00,6,5,3095,3059,4628,6548,4862,9946,5902,14476,6863,12070,3274,3267,8660,11225,5379,9981,1369,1303,1976,3301,2204,5756,2912,8776,3475,6987,1880,1840,1579,2551,892,3391,82105,50158,3895,33,27242,0,0,4,4
2021-03-06T23:59:59+01:00,6,5,3081,3001,4584,6459,4828,9883,5844,14362,6815,11961,3250,3244,8604,11159,5345,9938,1367,1290,1971,3287,2192,5729,2909,8748,3464,6968,1872,1816,1552,2527,887,3382,81789,49927,3895,33,26681,0,0,4,4
2021-03-05T23:59:59+01:00,6,5,3057,2908,4526,6350,4766,9784,5781,14211,6715,11808,3206,3189,8420,10929,5226,9766,1358,1257,1941,3232,2168,5622,2867,8614,3420,6830,1830,1771,1488,2456,865,3356,80891,49041,3887,33,25871,0,0,4,4
2021-03-04T23:59:59+01:00,4,5,3004,2715,4367,6112,4547,9474,5575,13791,6404,11418,3028,3013,7406,9641,4609,8854,1338,1207,1903,3109,2138,5439,2821,8338,3364,6598,1760,1682,1452,2408,861,3338,76751,47723,3617,32,23595,0,0,4,4
2021-03-03T23:59:59+01:00,3,5,2965,2643,4226,5921,4382,9207,5373,13414,6151,10998,2907,2883,6762,8872,4216,8252,1326,1169,1876,3038,2116,5331,2789,8162,3311,6441,1691,1638,1411,2338,841,3285,74043,46731,3389,32,21744,0,0,4,3
2021-03-02T23:59:59+01:00,3,5,2904,2554,4042,5705,4174,8936,5176,13039,5883,10624,2761,2726,5996,7908,3754,7547,1293,1126,1849,2966,2092,5193,2740,7889,3262,6243,1620,1578,1347,2259,821,3242,70888,45488,2943,32,19902,0,0,4,3
2021-03-01T23:59:59+01:00,3,4,2864,2492,3876,5554,3987,8716,4988,12717,5645,10238,2661,2612,5507,7254,3403,7043,1287,1090,1826,2865,2065,5002,2700,7639,3203,6007,1577,1542,1299,2200,795,3203,68742,44268,2645,32,18173,0,0,4,3
2021-02-28T23:59:59+01:00,3,4,2823,2443,3718,5436,3768,8527,4805,12467,5458,9934,2604,2540,5384,7098,3341,6942,1283,1085,1822,2851,2056,4978,2693,7603,3193,5990,1569,1535,1293,2191,793,3193,68267,44097,2427,31,16597,0,0,4,3
2021-02-27T23:59:59+01:00,3,3,2808,2378,3692,5356,3734,8458,4771,12377,5423,9861,2563,2506,5055,6711,3145,6692,1276,1077,1815,2839,2043,4943,2674,7538,3177,5934,1551,1526,1287,2180,790,3192,66961,43812,2427,30,16144,0,0,4,3
2021-02-26T23:59:59+01:00,3,3,2788,2337,3652,5272,3669,8356,4710,12269,5338,9773,2487,2453,4678,6230,2876,6369,1217,1027,1765,2730,1994,4762,2620,7264,3104,5723,1490,1475,1264,2158,776,3183,65170,42524,2302,29,15787,0,0,4,2
2021-02-25T23:59:59+01:00,3,3,2614,2228,3467,5091,3487,8133,4507,11983,5120,9499,2400,2388,4229,5678,2588,5948,1201,970,1734,2622,1941,4489,2548,6870,3010,5437,1446,1432,1244,2143,774,3174,63314,41011,1980,26,14068,0,0,4,1
2021-02-24T23:59:59+01:00,3,3,2459,2090,3277,4899,3339,7927,4310,11729,4901,9251,2263,2269,3776,5168,2331,5555,1186,942,1711,2536,1907,4350,2488,6614,2958,5231,1415,1401,1226,2123,770,3155,61551,39996,1511,18,12484,0,0,4,1
2021-02-23T23:59:59+01:00,3,3,2322,1952,3099,4671,3184,7696,4139,11456,4719,9005,2177,2175,3223,4503,1993,5043,1172,894,1680,2441,1868,4157,2420,6315,2860,4971,1358,1346,1197,2080,757,3130,59352,38633,1164,14,10843,0,0,4,1
2021-02-22T23:59:59+01:00,3,3,2282,1901,3014,4578,3114,7588,4045,11271,4612,8880,2127,2134,2859,4042,1707,4657,1160,835,1648,2315,1825,3912,2344,5921,2735,4673,1296,1291,1174,2047,751,3109,57682,37033,1080,4,10051,0,0,4,1
2021-02-21T23:59:59+01:00,3,3,2246,1869,2963,4509,3032,7474,3964,11125,4546,8763,2113,2111,2775,3928,1652,4569,1156,817,1631,2262,1800,3802,2311,5766,2672,4549,1264,1268,1164,2033,744,3096,57251,36332,1047,4,9343,0,0,4,1
2021-02-20T23:59:59+01:00,3,3,2235,1866,2941,4496,3016,7438,3938,11092,4525,8742,2110,2103,2721,3871,1617,4514,1156,814,1631,2260,1799,3793,2310,5761,2671,4545,1263,1265,1163,2030,743,3095,57036,36296,1046,4,9145,0,0,4,1
2021-02-19T23:59:59+01:00,2,3,2223,1853,2905,4444,2991,7350,3893,11010,4471,8679,2102,2097,2633,3758,1537,4421,1104,805,1592,2252,1789,3784,2300,5740,2662,4533,1257,1254,1152,2025,738,3088,56624,36072,1015,4,8729,0,0,4,1
2021-02-18T23:59:59+01:00,2,3,2091,1757,2748,4260,2867,7151,3756,10723,4332,8476,2070,2063,2394,3493,1385,4199,1025,770,1517,2154,1740,3662,2228,5582,2606,4446,1243,1234,1147,2011,728,3070,55570,35160,948,4,7248,0,0,4,1
2021-02-17T23:59:59+01:00,2,3,2047,1708,2656,4126,2758,6937,3603,10382,4191,8234,2013,1980,2175,3264,1261,4012,871,707,1408,2029,1665,3472,2134,5358,2533,4275,1209,1189,1122,1966,713,3030,54508,33679,803,3,6037,0,0,4,1
2021-02-16T23:59:59+01:00,2,3,1874,1595,2483,3919,2619,6662,3442,10028,4015,7927,1969,1953,1900,2945,1091,3760,844,685,1336,1955,1597,3330,2039,5187,2436,4144,1148,1142,1064,1876,681,2937,53182,32400,767,2,4234,0,0,4,1
2021-02-15T23:59:59+01:00,2,3,1840,1540,2395,3751,2541,6389,3319,9661,3900,7658,1943,1926,1685,2707,970,3574,826,672,1307,1909,1556,3262,1984,5015,2373,4044,1083,1102,1000,1786,662,2844,52090,31425,754,1,2956,0,0,4,1
2021-02-14T23:59:59+01:00,2,3,1751,1509,2350,3689,2499,6299,3249,9558,3854,7580,1932,1916,1628,2648,920,3515,811,662,1290,1884,1530,3239,1950,4975,2348,3989,1073,1093,993,1776,659,2832,51758,31104,725,1,2415,0,0,4,1
2021-02-13T23:59:59+01:00,2,3,1750,1497,2340,3682,2493,6285,3245,9542,3847,7570,1924,1896,1605,2628,917,3505,811,662,1290,1884,1530,3239,1950,4975,2348,3989,1073,1093,993,1776,659,2832,51604,31104,725,1,2398,0,0,4,1
2021-02-12T23:59:59+01:00,2,3,1670,1411,2241,3570,2413,6111,3140,9304,3725,7305,1878,1840,1542,2556,894,3478,805,655,1278,1863,1515,3220,1942,4944,2332,3969,1068,1088,992,1757,659,2802,50666,30889,725,1,1688,0,0,4,1
2021-02-11T23:59:59+01:00,2,3,1467,1273,2058,3355,2285,5819,2988,8872,3566,6959,1806,1739,1500,2496,880,3456,777,604,1184,1684,1390,2947,1803,4585,2169,3683,1018,1027,951,1686,626,2671,49274,28805,684,1,562,0,0,4,1
2021-02-10T23:59:59+01:00,2,3,1371,1224,1970,3228,2217,5647,2906,8595,3454,6728,1735,1691,1455,2429,864,3399,563,520,962,1460,1252,2639,1618,4123,1966,3306,901,900,830,1435,547,2355,48109,25378,644,0,161,0,0,4,1
2021-02-09T23:59:59+01:00,2,3,1336,1174,1933,3136,2190,5467,2839,8253,3384,6470,1662,1629,1394,2369,847,3362,300,383,744,1197,1065,2264,1408,3587,1718,2854,733,736,662,1148,437,1909,46852,21146,515,0,80,0,0,3,1
2021-02-08T23:59:59+01:00,2,3,1329,1139,1902,3016,2152,5245,2787,7972,3325,6234,1621,1595,1349,2314,831,3342,264,342,643,1043,959,2046,1248,3197,1521,2538,630,617,558,969,380,1659,45732,18615,344,0,79,0,0,3,1
2021-02-07T23:59:59+01:00,2,3,1301,1123,1873,2964,2127,5163,2758,7869,3283,6169,1605,1579,1334,2295,820,3327,231,286,595,953,899,1891,1156,2972,1424,2367,590,597,537,936,370,1630,45449,17436,143,0,0,0,0,3,0
2021-02-06T23:59:59+01:00,2,3,1296,1117,1867,2952,2118,5135,2745,7825,3272,6124,1592,1571,1329,2285,817,3326,212,252,573,916,871,1825,1114,2855,1367,2285,574,579,530,936,370,1630,45230,16891,143,0,0,0,0,3,0
2021-02-05T23:59:59+01:00,2,3,1235,1065,1818,2841,2066,4939,2686,7529,3195,5908,1529,1517,1310,2259,809,3319,196,223,538,869,837,1746,1075,2738,1314,2186,540,555,519,912,360,1605,43884,16215,143,0,0,0,0,3,0
2021-02-04T23:59:59+01:00,2,3,1223,1001,1777,2692,1995,4628,2602,7085,3095,5582,1484,1484,1292,2243,806,3311,168,169,465,752,738,1607,966,2500,1202,1971,493,503,476,858,342,1492,42268,14704,35,0,0,0,0,2,0
2021-02-03T23:59:59+01:00,2,3,1205,972,1746,2611,1956,4482,2535,6823,3043,5364,1447,1451,1263,2208,788,3282,137,140,392,640,622,1371,821,2122,1005,1685,378,369,341,644,239,1131,41144,12039,35,0,0,0,0,2,0
2021-02-02T23:59:59+01:00,2,3,1188,916,1714,2511,1913,4259,2461,6491,2936,5090,1394,1405,1240,2178,778,3258,116,116,315,519,519,1136,677,1792,815,1377,280,269,263,472,188,847,39700,9703,35,0,0,0,0,2,0
2021-02-01T23:59:59+01:00,1,3,1175,856,1679,2386,1863,4013,2384,6098,2817,4794,1327,1323,1209,2132,767,3233,83,76,215,348,346,741,429,1155,478,858,174,164,152,279,100,494,38023,6092,35,0,0,0,0,2,0
2021-01-31T23:59:59+01:00,1,3,1170,838,1662,2328,1839,3890,2352,5915,2750,4675,1296,1300,1198,2117,760,3221,72,70,182,278,269,575,340,902,396,691,148,148,144,271,96,480,37281,5062,32,0,0,0,0,2,0
2021-01-30T23:59:59+01:00,1,3,1170,835,1661,2323,1837,3879,2350,5904,2747,4665,1295,1296,1197,2116,760,3220,68,63,150,231,241,507,305,784,353,616,147,141,139,267,96,479,37226,4587,31,0,0,0,0,2,0
2021-01-29T23:59:59+01:00,1,3,1117,826,1622,2316,1826,3872,2342,5890,2739,4653,1291,1293,1193,2116,760,3220,60,45,113,176,197,353,248,635,309,488,136,132,127,256,93,479,37050,3847,29,0,0,0,0,1,0
2021-01-28T23:59:59+01:00,1,3,1042,801,1564,2256,1793,3803,2295,5819,2706,4599,1279,1281,1186,2110,751,3206,38,20,72,104,128,206,153,380,201,291,103,101,102,205,83,432,36468,2619,26,0,0,0,0,1,0
2021-01-27T23:59:59+01:00,1,3,892,750,1473,2181,1726,3688,2223,5689,2648,4474,1251,1237,1162,2071,739,3174,27,12,62,85,103,162,121,323,174,247,95,84,91,186,79,401,35364,2252,17,0,0,0,0,1,0
2021-01-26T23:59:59+01:00,1,3,878,731,1408,2108,1663,3558,2136,5517,2560,4363,1196,1197,1116,2000,715,3125,26,11,59,82,99,156,117,309,173,237,93,79,84,165,68,355,34263,2113,11,0,0,0,0,1,0
2021-01-25T23:59:59+01:00,1,3,865,710,1376,2048,1632,3461,2091,5351,2503,4273,1145,1172,1069,1943,697,3066,24,11,56,82,96,154,116,307,172,237,92,78,83,164,66,352,33403,2090,2,0,0,0,0,1,0
2021-01-24T23:59:59+01:00,1,3,862,709,1370,2037,1627,3444,2083,5325,2492,4241,1141,1166,1064,1936,696,3061,24,11,56,82,95,153,116,307,172,236,92,78,83,164,66,352,33255,2087,2,0,0,0,0,1,0
2021-01-23T23:59:59+01:00,1,3,862,709,1370,2037,1627,3444,2083,5325,2492,4241,1141,1166,1064,1936,696,3061,24,11,56,82,95,153,116,307,171,236,92,78,83,164,66,352,33255,2086,2,0,0,0,0,1,0
2021-01-22T23:59:59+01:00,1,3,862,699,1356,2015,1611,3420,2070,5291,2476,4221,1139,1161,1063,1913,695,3028,24,11,56,82,95,153,116,307,170,236,92,78,83,164,66,352,33021,2085,2,0,0,0,0,1,0
2021-01-21T23:59:59+01:00,1,3,831,662,1279,1860,1512,3231,1973,5019,2368,4023,1099,1102,1032,1833,657,2901,22,10,52,77,87,145,106,278,156,213,79,70,74,144,54,300,31383,1867,2,0,0,0,0,1,0
2021-01-20T23:59:59+01:00,1,3,628,563,1085,1642,1378,2957,1796,4614,2165,3686,974,984,914,1604,592,2631,21,10,51,73,84,144,99,265,145,194,69,64,69,122,45,268,28214,1723,2,0,0,0,0,1,0
2021-01-19T23:59:59+01:00,1,3,341,417,834,1385,1177,2618,1561,4087,1905,3237,807,816,750,1331,494,2226,17,7,36,52,55,78,73,178,101,131,52,49,48,91,34,207,23988,1209,1,0,0,0,0,1,0
2021-01-18T23:59:59+01:00,1,3,298,376,722,1197,1055,2364,1369,3590,1666,2857,679,667,605,1087,420,1841,7,3,11,17,19,27,24,50,25,46,12,11,13,33,7,61,20796,366,0,0,0,0,0,1,0
2021-01-17T23:59:59+01:00,1,3,257,321,656,1103,977,2193,1272,3315,1551,2646,634,638,578,1031,399,1783,0,0,1,0,2,2,2,1,2,2,1,4,1,0,0,1,19358,19,0,0,0,0,0,0,0
2021-01-16T23:59:59+01:00,1,3,240,289,640,1070,953,2130,1231,3205,1500,2573,618,621,571,1031,399,1782,0,0,0,0,1,2,1,1,1,2,0,1,1,0,0,1,18857,11,0,0,0,0,0,0,0
2021-01-15T23:59:59+01:00,1,3,226,256,611,1023,926,2052,1196,3089,1448,2477,587,595,564,1010,392,1770,0,0,0,0,0,0,0,0,0,0,0,0,0,0,0,0,18226,0,0,0,0,0,0,0,0
2021-01-14T23:59:59+01:00,1,2,196,204,551,901,837,1909,1104,2866,1333,2294,543,552,526,966,386,1728,0,0,0,0,0,0,0,0,0,0,0,0,0,0,0,0,16899,0,0,0,0,0,0,0,0
2021-01-13T23:59:59+01:00,1,2,164,185,502,832,765,1783,1006,2634,1179,2072,430,435,399,761,288,1331,0,0,0,0,0,0,0,0,0,0,0,0,0,0,0,0,14769,0,0,0,0,0,0,0,0
2021-01-12T23:59:59+01:00,1,2,142,164,471,763,715,1628,917,2432,1072,1840,341,327,308,541,207,943,0,0,0,0,0,0,0,0,0,0,0,0,0,0,0,0,12814,0,0,0,0,0,0,0,0
2021-01-11T23:59:59+01:00,0,1,113,127,395,633,625,1375,753,1974,845,1454,211,190,169,313,109,546,0,0,0,0,0,0,0,0,0,0,0,0,0,0,0,0,9833,0,0,0,0,0,0,0,0
2021-01-10T23:59:59+01:00,0,1,87,92,305,457,470,995,546,1447,621,1058,174,167,157,300,104,533,0,0,0,0,0,0,0,0,0,0,0,0,0,0,0,0,7514,0,0,0,0,0,0,0,0
2021-01-09T23:59:59+01:00,0,1,76,84,259,394,400,863,479,1230,545,900,167,157,152,295,104,531,0,0,0,0,0,0,0,0,0,0,0,0,0,0,0,0,6637,0,0,0,0,0,0,0,0
2021-01-08T23:59:59+01:00,0,1,63,64,186,286,303,584,364,932,439,681,159,152,136,283,102,531,0,0,0,0,0,0,0,0,0,0,0,0,0,0,0,0,5266,0,0,0,0,0,0,0,0
2021-01-07T23:59:59+01:00,0,0,44,24,78,120,136,230,163,419,222,339,116,121,123,251,98,504,0,0,0,0,0,0,0,0,0,0,0,0,0,0,0,0,2988,0,0,0,0,0,0,0,0
2021-01-06T23:59:59+01:00,0,0,30,17,69,91,115,180,135,342,193,275,97,93,97,205,83,429,0,0,0,0,0,0,0,0,0,0,0,0,0,0,0,0,2451,0,0,0,0,0,0,0,0
2021-01-05T23:59:59+01:00,0,0,27,12,59,86,105,166,120,327,179,253,96,88,95,198,81,411,0,0,0,0,0,0,0,0,0,0,0,0,0,0,0,0,2303,0,0,0,0,0,0,0,0
2021-01-04T23:59:59+01:00,0,0,24,11,56,83,97,157,115,312,177,241,95,85,88,184,71,380,0,0,0,0,0,0,0,0,0,0,0,0,0,0,0,0,2176,0,0,0,0,0,0,0,0
2021-01-03T23:59:59+01:00,0,0,24,11,56,83,97,157,115,312,177,241,95,85,87,183,71,380,0,0,0,0,0,0,0,0,0,0,0,0,0,0,0,0,2174,0,0,0,0,0,0,0,0
2021-01-02T23:59:59+01:00,0,0,24,11,56,83,97,157,115,312,176,241,95,85,87,183,71,380,0,0,0,0,0,0,0,0,0,0,0,0,0,0,0,0,2173,0,0,0,0,0,0,0,0
2021-01-01T23:59:59+01:00,0,0,24,11,56,83,97,157,115,312,174,240,95,85,87,183,71,380,0,0,0,0,0,0,0,0,0,0,0,0,0,0,0,0,2170,0,0,0,0,0,0,0,0
2020-12-31T23:59:59+01:00,0,0,24,11,56,83,97,157,115,312,174,240,95,85,87,183,71,380,0,0,0,0,0,0,0,0,0,0,0,0,0,0,0,0,2170,0,0,0,0,0,0,0,0
2020-12-30T23:59:59+01:00,0,0,23,11,56,82,96,154,115,311,174,240,95,85,87,183,71,380,0,0,0,0,0,0,0,0,0,0,0,0,0,0,0,0,2163,0,0,0,0,0,0,0,0
2020-12-29T23:59:59+01:00,0,0,18,8,41,59,73,91,85,216,127,188,73,73,65,151,56,304,0,0,0,0,0,0,0,0,0,0,0,0,0,0,0,0,1628,0,0,0,0,0,0,0,0
2020-12-28T23:59:59+01:00,0,0,8,5,17,28,31,45,39,111,53,101,30,40,37,91,29,175,0,0,0,0,0,0,0,0,0,0,0,0,0,0,0,0,840,0,0,0,0,0,0,0,0
2020-12-27T23:59:59+01:00,0,0,2,2,4,5,7,11,10,23,6,22,5,7,6,25,3,48,0,0,0,0,0,0,0,0,0,0,0,0,0,0,0,0,186,0,0,0,0,0,0,0,0
