Datum,<15_m,<15_w,15-24_1_m,15-24_1_w,25-34_1_m,25-34_1_w,35-44_1_m,35-44_1_w,45-54_1_m,45-54_1_w,55-64_1_m,55-64_1_w,65-74_1_m,65-74_1_w,75-84_1_m,75-84_1_w,>84_1_m,>84_1_w,<24_2_m,<24_2_w,25-34_2_m,25-34_2_w,35-44_2_m,35-44_2_w,45-54_2_m,45-54_2_w,55-64_2_m,55-64_2_w,65-74_2_m,65-74_2_w,75-84_2_m,75-84_2_w,>84_2_m,>84_2_w,bp_1,bp_2,mo_1,mo_2,az_1,az_2,ja,unb_1,unb_2
2021-09-29T23:59:59+02:00,10095,9408,59256,55800,65772,61443,74644,75796,96068,98153,107543,106488,73987,80248,52064,63821,15037,25888,53765,50707,61499,56660,70576,71032,91723,93296,103430,102533,71890,77989,50616,62004,14484,24775,830420,780921,70606,68044,182552,175754,47961,31,48
2021-09-28T23:59:59+02:00,10016,9330,59119,55654,65613,61303,74539,75710,95966,98069,107467,106423,73939,80208,52042,63794,15029,25869,53616,50557,61364,56547,70487,70918,91648,93218,103358,102455,71852,77950,50593,61972,14480,24765,829281,779878,70596,68025,182548,175745,47691,31,48
2021-09-27T23:59:59+02:00,9956,9277,58967,55496,65474,61175,74450,75607,95862,97962,107378,106369,73894,80166,52023,63767,15021,25849,53464,50429,61242,56412,70395,70813,91546,93121,103274,102403,71804,77903,50571,61936,14473,24746,828238,778896,70579,68010,182543,175699,47354,31,47
2021-09-26T23:59:59+02:00,9915,9237,58883,55408,65396,61094,74394,75530,95799,97906,107331,106332,73868,80141,52009,63738,15011,25832,53366,50316,61159,56334,70319,70725,91475,93045,103220,102371,71775,77875,50550,61911,14467,24734,827595,778151,70561,68002,182527,175664,47162,31,47
2021-09-25T23:59:59+02:00,9907,9225,58865,55389,65380,61084,74384,75521,95793,97898,107321,106328,73868,80140,52008,63737,15011,25832,53340,50308,61145,56316,70308,70717,91469,93039,103210,102369,71775,77873,50550,61908,14467,24734,827516,778075,70554,67998,182525,175663,47117,31,47
2021-09-24T23:59:59+02:00,9855,9170,58753,55265,65280,60984,74295,75429,95708,97825,107262,106287,73840,80118,52000,63727,15010,25822,53236,50202,61072,56242,70235,70646,91401,92979,103137,102319,71749,77855,50539,61892,14462,24724,826633,777297,70536,67991,182519,175657,46962,31,47
2021-09-23T23:59:59+02:00,9768,9077,58515,55074,65105,60826,74170,75286,95567,97692,107153,106178,73795,80083,51980,63687,14998,25804,53058,50068,60954,56106,70119,70534,91286,92872,103044,102247,71715,77811,50521,61867,14449,24708,825230,776292,70483,67963,182515,175639,46545,31,47
2021-09-22T23:59:59+02:00,9684,9017,58329,54926,64945,60681,74050,75162,95441,97592,107053,106120,73752,80036,51953,63642,14978,25779,52917,49919,60834,55986,70026,70437,91193,92766,102981,102195,71674,77764,50492,61830,14435,24694,823975,775310,70464,67940,182505,175625,46211,31,47
2021-09-21T23:59:59+02:00,9616,8929,58183,54772,64800,60536,73916,75030,95305,97474,106961,106029,73718,79977,51934,63616,14970,25758,52773,49759,60717,55857,69925,70332,91086,92662,102887,102101,71635,77719,50465,61790,14426,24669,822714,774145,70447,67928,182501,175618,45877,31,47
2021-09-20T23:59:59+02:00,9556,8868,58046,54634,64642,60401,73798,74878,95176,97383,106874,105936,73654,79933,51907,63580,14957,25737,52650,49624,60593,55737,69817,70225,90986,92572,102811,102026,71583,77676,50440,61741,14419,24651,821511,773167,70433,67911,182494,175589,45537,31,47
2021-09-19T23:59:59+02:00,9504,8828,57927,54545,64531,60285,73708,74773,95102,97282,106812,105864,73637,79908,51894,63560,14954,25726,52542,49511,60502,55628,69725,70131,90918,92502,102732,101957,71550,77644,50418,61710,14412,24645,820723,772406,70414,67897,182482,175566,45236,31,47
2021-09-18T23:59:59+02:00,9488,8811,57901,54516,64497,60254,73683,74749,95086,97260,106800,105843,73634,79907,51891,63557,14954,25725,52512,49476,60472,55605,69705,70111,90898,92486,102719,101937,71546,77641,50418,61709,14411,24643,820507,772214,70404,67888,182482,175565,45178,31,47
2021-09-17T23:59:59+02:00,9402,8732,57729,54369,64365,60126,73558,74630,94982,97158,106716,105771,73599,79875,51879,63539,14947,25718,52345,49366,60348,55495,69614,70021,90817,92407,102646,101879,71513,77604,50403,61679,14402,24636,819358,771270,70361,67870,182480,175558,44910,31,47
2021-09-16T23:59:59+02:00,9327,8659,57515,54217,64189,59942,73381,74464,94833,97025,106562,105660,73528,79817,51857,63497,14940,25703,52179,49240,60196,55374,69490,69908,90708,92306,102541,101798,71469,77556,50381,61641,14395,24623,817898,770303,70344,67851,182457,175526,44431,31,47
2021-09-15T23:59:59+02:00,9235,8578,57313,53998,64005,59741,73202,74287,94685,96874,106416,105525,73468,79750,51812,63446,14930,25682,52019,49074,60068,55239,69365,69804,90607,92227,102433,101710,71422,77499,50347,61603,14385,24612,816152,769225,70325,67834,182453,175514,44031,31,47
2021-09-14T23:59:59+02:00,9127,8471,57123,53766,63824,59556,73057,74109,94554,96718,106291,105425,73396,79685,51782,63396,14912,25660,51847,48875,59916,55099,69243,69684,90498,92100,102341,101618,71370,77439,50319,61558,14378,24599,814397,767900,70313,67821,182433,175479,43723,30,47
2021-09-13T23:59:59+02:00,9065,8404,56900,53561,63669,59364,72900,73939,94402,96565,106155,105295,73342,79634,51743,63349,14892,25631,51677,48711,59790,54969,69163,69593,90379,92011,102246,101546,71324,77398,50290,61516,14366,24588,812701,766843,70302,67808,182418,175452,43403,30,47
2021-09-12T23:59:59+02:00,9020,8376,56781,53474,63582,59270,72824,73853,94329,96499,106091,105227,73314,79609,51728,63326,14888,25625,51545,48601,59690,54869,69088,69516,90304,91946,102173,101477,71288,77368,50275,61491,14361,24576,811986,766035,70285,67794,182401,175427,43158,30,47
2021-09-11T23:59:59+02:00,9016,8369,56764,53452,63564,59256,72813,73841,94324,96485,106086,105222,73313,79608,51728,63326,14888,25625,51525,48581,59669,54857,69073,69506,90296,91931,102171,101472,71284,77366,50275,61491,14361,24574,811909,765985,70278,67750,182400,175425,43107,30,47
2021-09-10T23:59:59+02:00,8945,8308,56602,53306,63450,59136,72706,73736,94206,96370,106009,105161,73277,79572,51715,63300,14884,25620,51398,48517,59606,54794,69010,69459,90231,91874,102135,101434,71263,77350,50266,61481,14357,24568,810792,765523,70246,67695,182398,175422,42881,30,47
2021-09-09T23:59:59+02:00,8874,8244,56405,53115,63287,58953,72549,73591,94059,96232,105884,105068,73218,79510,51684,63266,14880,25607,51216,48352,59451,54663,68877,69333,90112,91768,102019,101341,71219,77304,50236,61451,14350,24549,809446,764459,70225,67645,182379,175400,42390,29,47
2021-09-08T23:59:59+02:00,8789,8169,56228,52943,63136,58773,72407,73439,93904,96102,105789,104959,73150,79448,51654,63213,14875,25592,51041,48187,59326,54525,68752,69181,89989,91662,101934,101239,71166,77246,50208,61407,14346,24532,808058,763297,70198,67595,182343,175377,41983,29,47
2021-09-07T23:59:59+02:00,8701,8109,56066,52788,63019,58635,72292,73310,93798,96002,105682,104858,73097,79400,51628,63173,14868,25570,50872,48024,59197,54380,68630,69067,89883,91548,101835,101139,71119,77201,50185,61381,14342,24513,806804,762086,70193,67581,182339,175355,41672,29,47
2021-09-06T23:59:59+02:00,8638,8043,55918,52620,62882,58481,72189,73181,93698,95892,105602,104771,73045,79351,51596,63145,14857,25554,50723,47885,59059,54231,68514,68947,89802,91452,101739,101054,71070,77153,50161,61352,14335,24502,805595,760962,70166,67538,182311,175334,41402,29,47
2021-09-05T23:59:59+02:00,8609,8005,55850,52527,62819,58422,72142,73124,93649,95842,105575,104727,73020,79327,51586,63125,14850,25548,50631,47802,58994,54167,68455,68888,89759,91395,101698,101004,71048,77125,50146,61335,14329,24492,805071,760340,70157,67528,182289,175315,41241,29,47
2021-09-04T23:59:59+02:00,8603,8000,55830,52518,62809,58413,72134,73116,93642,95838,105572,104721,73019,79326,51586,63125,14850,25548,50617,47787,58978,54153,68451,68879,89752,91390,101694,101000,71047,77123,50145,61335,14329,24492,805012,760275,70154,67523,182288,175314,41207,29,47
2021-09-03T23:59:59+02:00,8537,7931,55699,52431,62737,58316,72055,73036,93565,95776,105502,104660,72989,79292,51567,63094,14843,25538,50502,47692,58899,54086,68390,68807,89691,91329,101629,100947,71018,77090,50123,61309,14326,24483,804095,759490,70146,67505,182281,175305,41057,29,47
2021-09-02T23:59:59+02:00,8443,7837,55507,52275,62612,58213,71961,72909,93446,95661,105396,104576,72932,79238,51536,63047,14832,25518,50278,47523,58755,53968,68286,68690,89556,91221,101513,100848,70960,77043,50099,61281,14318,24467,802964,758327,70103,67464,182267,175256,40614,29,47
2021-09-01T23:59:59+02:00,8367,7744,55357,52130,62482,58081,71872,72786,93351,95571,105318,104505,72894,79194,51515,63012,14825,25500,50104,47316,58629,53828,68206,68578,89454,91118,101409,100754,70919,77000,50072,61240,14311,24451,801852,757097,70081,67426,182255,175203,40325,29,47
2021-08-31T23:59:59+02:00,8260,7650,55195,51975,62377,57967,71795,72686,93267,95489,105236,104426,72853,79153,51493,62983,14815,25486,49897,47115,58509,53689,68092,68455,89357,91014,101300,100675,70873,76947,50050,61204,14299,24434,800779,755735,70074,67410,182246,175177,40016,29,47
2021-08-30T23:59:59+02:00,8184,7570,55014,51810,62265,57839,71681,72569,93143,95360,105116,104331,72802,79112,51476,62949,14794,25463,49700,46904,58387,53550,67993,68344,89239,90902,101185,100566,70821,76912,50023,61175,14285,24417,799589,754533,70034,67344,182213,175122,39650,29,47
2021-08-29T23:59:59+02:00,8143,7524,54924,51732,62207,57761,71613,72521,93091,95296,105068,104296,72782,79090,51461,62933,14788,25454,49582,46801,58298,53450,67921,68270,89184,90841,101125,100514,70794,76896,50009,61162,14279,24414,799064,753878,70032,67334,182203,175078,39393,29,47
2021-08-28T23:59:59+02:00,8125,7510,54885,51694,62177,57740,71586,72504,93073,95280,105054,104285,72777,79088,51459,62929,14788,25454,49544,46782,58271,53434,67900,68256,89164,90818,101118,100501,70788,76892,50007,61160,14279,24414,798858,753730,70031,67327,182201,175078,39326,29,47
2021-08-27T23:59:59+02:00,8042,7432,54703,51556,62063,57603,71489,72381,92951,95159,104944,104199,72732,79038,51435,62893,14776,25448,49419,46697,58193,53352,67818,68184,89086,90751,101060,100453,70751,76857,49993,61148,14277,24414,797540,753025,70026,67321,182191,175070,39095,29,47
2021-08-26T23:59:59+02:00,7978,7359,54542,51409,61940,57493,71391,72275,92848,95031,104838,104118,72690,78986,51412,62873,14771,25434,49257,46541,58071,53248,67718,68090,88981,90671,100993,100384,70709,76821,49969,61126,14272,24404,796487,752194,70016,67282,182181,175037,38710,29,47
2021-08-25T23:59:59+02:00,7916,7305,54399,51259,61829,57341,71285,72159,92741,94932,104736,104032,72631,78935,51384,62837,14758,25420,49061,46350,57946,53108,67600,67966,88868,90557,100892,100295,70652,76773,49942,61086,14265,24389,795486,751060,69990,67249,182170,174999,38259,29,47
2021-08-24T23:59:59+02:00,7807,7217,54259,51055,61704,57204,71179,72030,92624,94812,104631,103934,72578,78888,51350,62792,14750,25404,48841,46127,57808,52937,67491,67831,88766,90464,100801,100213,70614,76720,49917,61060,14261,24372,794089,749662,69973,67227,182160,174977,38002,29,47
2021-08-23T23:59:59+02:00,7745,7143,54076,50882,61572,57081,71065,71919,92498,94705,104533,103835,72526,78828,51316,62750,14743,25393,48657,45953,57691,52811,67385,67734,88663,90373,100714,100134,70573,76669,49889,61021,14257,24360,792881,748644,69943,67201,182145,174922,37647,29,47
2021-08-22T23:59:59+02:00,7717,7117,53993,50804,61519,57018,71025,71866,92455,94663,104491,103806,72505,78812,51307,62737,14742,25387,48538,45844,57601,52718,67310,67674,88592,90315,100672,100092,70544,76645,49874,61003,14254,24353,792458,747965,69935,67193,182124,174872,37453,29,47
2021-08-21T23:59:59+02:00,7711,7114,53967,50789,61500,57007,71010,71852,92443,94646,104481,103796,72500,78810,51307,62736,14742,25386,48518,45827,57580,52711,67293,67655,88574,90300,100662,100082,70543,76642,49874,61002,14254,24353,792389,747875,69892,67174,182121,174866,37401,29,47
2021-08-20T23:59:59+02:00,7680,7077,53877,50713,61426,56946,70940,71789,92378,94584,104428,103760,72476,78782,51295,62710,14734,25375,48425,45752,57509,52648,67224,67599,88516,90241,100602,100044,70521,76620,49868,60986,14245,24349,791848,747361,69820,67161,182118,174842,37190,29,47
2021-08-19T23:59:59+02:00,7615,6997,53744,50594,61278,56833,70826,71684,92264,94496,104336,103670,72428,78727,51266,62670,14725,25355,48293,45650,57393,52555,67134,67521,88425,90163,100506,99978,70488,76592,49848,60962,14241,24340,790829,746718,69784,67127,182102,174797,36799,29,47
2021-08-18T23:59:59+02:00,7540,6941,53596,50458,61151,56722,70715,71592,92156,94408,104235,103587,72369,78674,51231,62634,14715,25334,48174,45523,57275,52457,67044,67447,88307,90074,100428,99902,70440,76550,49826,60934,14233,24323,789829,745991,69756,67088,182091,174745,36388,29,47
2021-08-17T23:59:59+02:00,7457,6860,53433,50294,61043,56597,70599,71471,92051,94303,104128,103487,72318,78631,51203,62608,14707,25323,47981,45345,57143,52318,66924,67340,88177,89978,100318,99805,70384,76501,49801,60913,14226,24311,788751,744960,69735,67054,182086,174690,35947,29,47
2021-08-16T23:59:59+02:00,7385,6797,53303,50165,60946,56483,70499,71376,91958,94198,104035,103387,72274,78580,51174,62563,14699,25315,47841,45227,57035,52248,66829,67256,88076,89891,100231,99711,70337,76460,49774,60882,14218,24306,787881,744333,69687,66990,182071,174623,35504,29,46
2021-08-15T23:59:59+02:00,7336,6757,53225,50084,60878,56413,70433,71316,91900,94147,103980,103339,72239,78551,51166,62547,14695,25306,47735,45132,56943,52160,66760,67194,87998,89826,100176,99665,70299,76423,49760,60861,14213,24294,787408,743846,69673,66961,182058,174542,35179,29,46
2021-08-14T23:59:59+02:00,7314,6741,53152,50014,60829,56369,70398,71269,91864,94108,103941,103303,72218,78543,51157,62536,14693,25303,47496,44858,56776,51972,66608,67040,87864,89704,100060,99558,70249,76380,49749,60838,14209,24289,786925,742014,69666,66955,182058,174531,35109,29,46
2021-08-13T23:59:59+02:00,7273,6705,53042,49918,60744,56289,70345,71200,91788,94052,103890,103258,72195,78522,51145,62525,14691,25296,46992,44359,56536,51704,66378,66785,87591,89451,99863,99354,70162,76279,49710,60778,14203,24268,786171,738535,69662,66945,182058,174457,34993,29,46
2021-08-12T23:59:59+02:00,7242,6678,52941,49847,60685,56210,70271,71151,91717,93993,103829,103212,72161,78490,51131,62509,14689,25282,46493,43914,56260,51402,66117,66563,87331,89227,99512,99078,70047,76140,49651,60714,14192,24239,785734,735481,69637,66889,182042,174003,34631,29,45
2021-08-11T23:59:59+02:00,7177,6610,52775,49678,60555,56091,70187,71057,91609,93889,103729,103105,72100,78425,51099,62467,14682,25266,45816,43295,55889,51020,65855,66266,87036,88962,99175,98710,69907,75994,49590,60611,14180,24210,784560,731366,69618,66852,182033,173568,34296,29,45
2021-08-10T23:59:59+02:00,7100,6526,52576,49491,60410,55971,70080,70935,91484,93759,103606,103000,72048,78368,51068,62436,14674,25257,44860,42388,55218,50368,65359,65812,86576,88478,98681,98253,69702,75795,49490,60510,14159,24171,783201,725099,69609,66801,182027,173065,33957,29,45
2021-08-09T23:59:59+02:00,7057,6479,52465,49400,60333,55896,70023,70875,91416,93687,103535,102941,72005,78332,51062,62420,14670,25249,43854,41325,54504,49678,64884,65380,86131,88044,98164,97784,69512,75571,49397,60384,14131,24131,782637,718637,69539,66722,182016,172502,33658,29,45
2021-08-08T23:59:59+02:00,7012,6439,52401,49332,60293,55864,69985,70851,91359,93640,103482,102900,71984,78310,51048,62399,14664,25244,43798,41262,54441,49632,64822,65342,86059,87987,98099,97734,69488,75541,49375,60357,14123,24124,782356,718350,69532,66707,182002,172423,33321,29,45
2021-08-07T23:59:59+02:00,6973,6398,52291,49205,60215,55788,69927,70786,91289,93578,103432,102852,71967,78293,51039,62393,14664,25243,42831,40239,53886,49060,64387,64937,85685,87589,97779,97387,69345,75398,49319,60275,14106,24106,781571,711981,69528,66690,182002,172415,33236,29,43
2021-08-06T23:59:59+02:00,6930,6337,52156,49078,60144,55722,69863,70704,91209,93502,103373,102796,71944,78270,51028,62374,14662,25239,42150,39626,53643,48793,64164,64696,85450,87367,97550,97186,69261,75307,49277,60234,14100,24093,780705,708366,69524,66608,182001,172278,33105,29,43
2021-08-05T23:59:59+02:00,6820,6231,51904,48855,59968,55533,69722,70559,91048,93356,103231,102660,71883,78207,51000,62334,14649,25220,41316,38930,53123,48333,63791,64348,84993,86967,96927,96668,69074,75123,49211,60136,14081,24062,779091,703822,69471,66557,181968,171149,32653,29,43
2021-08-04T23:59:59+02:00,6731,6146,51708,48623,59821,55355,69609,70408,90912,93242,103113,102543,71822,78145,50974,62288,14638,25191,40472,38143,52753,47930,63469,64028,84622,86640,96516,96261,68911,74951,49134,60038,14065,24028,777684,699232,69436,66538,181954,170361,32198,29,43
2021-08-03T23:59:59+02:00,6658,6089,51539,48486,59696,55226,69518,70317,90813,93143,103016,102462,71769,78110,50954,62262,14630,25175,39475,37197,51958,47246,62926,63495,84104,86156,95802,95631,68667,74736,49042,59921,14044,23983,776650,692983,69427,66515,181947,169180,31842,29,43
2021-08-02T23:59:59+02:00,6610,6046,51404,48346,59605,55147,69434,70248,90758,93070,102937,102400,71730,78069,50933,62239,14623,25162,38202,36034,50993,46435,62209,62907,83498,85590,95002,94930,68413,74479,48954,59787,14023,23944,775955,685348,69379,66464,181919,167868,31511,29,43
2021-08-01T23:59:59+02:00,6568,5991,51234,48184,59452,55032,69341,70134,90650,92979,102849,102307,71689,78032,50911,62199,14618,25146,38017,35900,50835,46335,62078,62814,83320,85448,94550,94527,68296,74369,48915,59738,14012,23924,774908,684705,69350,66405,181901,166558,31160,29,42
2021-07-31T23:59:59+02:00,6526,5957,51140,48063,59397,54960,69292,70090,90611,92949,102822,102283,71678,78020,50903,62195,14618,25143,36408,34389,49925,45467,61541,62247,82816,84935,94069,94093,68107,74164,48836,59643,13994,23891,774299,675547,69346,66396,181901,166443,31104,29,42
2021-07-30T23:59:59+02:00,6490,5904,50990,47923,59315,54879,69223,70031,90537,92869,102766,102245,71661,77996,50894,62172,14615,25139,34947,32985,48953,44515,60810,61556,82131,84314,93386,93517,67873,73926,48732,59493,13975,23860,773538,666014,69321,66385,181895,166138,30898,29,42
2021-07-29T23:59:59+02:00,6375,5784,50559,47554,59100,54609,69031,69841,90348,92681,102604,102107,71586,77914,50861,62117,14600,25121,34211,32371,48328,44066,60406,61201,81707,83963,92612,92841,67678,73768,48669,59405,13955,23830,771221,662146,69267,66239,181852,164492,30455,29,42
2021-07-28T23:59:59+02:00,6303,5720,50304,47360,58967,54454,68903,69745,90221,92557,102497,102013,71530,77857,50834,62077,14591,25104,33886,32076,48008,43827,60175,60977,81528,83790,92373,92641,67604,73701,48636,59372,13942,23820,769904,660437,69234,66150,181824,163970,30078,29,41
2021-07-27T23:59:59+02:00,6251,5673,50141,47220,58825,54358,68810,69656,90119,92447,102389,101936,71485,77804,50804,62043,14583,25090,32419,30669,46734,42733,59342,60182,80923,83258,91349,91793,67328,73416,48548,59245,13910,23779,768998,651764,69208,66079,181800,162176,29631,29,41
2021-07-26T23:59:59+02:00,6228,5644,50022,47131,58727,54270,68734,69603,90032,92386,102324,101885,71445,77767,50780,62023,14577,25081,31051,29410,45413,41608,58240,59194,80213,82623,90183,90763,67020,73143,48455,59128,13886,23737,768463,642680,69142,65984,181762,159880,29296,28,41
2021-07-25T23:59:59+02:00,6208,5627,49908,47026,58637,54204,68670,69544,89967,92329,102265,101838,71411,77731,50762,62000,14574,25071,30844,29253,45140,41413,57984,58963,79941,82416,89222,89908,66813,72970,48387,59055,13874,23713,768052,641496,69130,65866,181736,157425,28858,28,41
2021-07-24T23:59:59+02:00,6173,5598,49788,46938,58568,54142,68622,69488,89921,92286,102224,101797,71406,77725,50759,61997,14573,25067,29246,27661,43984,40326,57286,58248,79321,81842,88578,89341,66633,72779,48316,58953,13860,23689,767448,631421,69121,65849,181728,157285,28779,28,41
2021-07-23T23:59:59+02:00,6088,5511,49614,46760,58473,54038,68513,69385,89816,92182,102134,101701,71370,77668,50738,61966,14569,25061,27549,26140,42723,39237,56354,57359,78629,81226,87869,88677,66363,72507,48238,58852,13839,23659,766070,620857,69117,65683,181709,156813,28695,28,41
2021-07-22T23:59:59+02:00,5948,5398,49317,46475,58273,53833,68341,69218,89632,92029,101980,101567,71304,77586,50696,61915,14558,25042,26727,25311,41811,38423,55410,56530,77885,80599,86203,87169,65988,72108,48128,58721,13808,23607,764132,612360,69072,65181,181678,155341,28234,28,41
2021-07-21T23:59:59+02:00,5672,5115,48784,45946,57970,53520,68109,68940,89353,91781,101710,101301,71176,77456,50636,61850,14549,25016,26471,25088,41390,38141,54969,56139,77515,80317,85394,86563,65821,71980,48072,58655,13790,23582,760523,610387,69047,64902,181655,153565,27663,28,41
2021-07-20T23:59:59+02:00,5595,5041,48498,45667,57800,53312,67932,68795,89173,91626,101544,101157,71100,77389,50597,61803,14540,24988,25294,23932,40096,37107,53625,54935,76611,79543,84031,85218,65514,71638,47964,58518,13762,23536,758837,599975,69040,64747,181611,151983,27073,28,41
2021-07-19T23:59:59+02:00,5515,4955,48172,45340,57579,53103,67767,68592,88985,91448,101394,100996,71027,77307,50554,61752,14531,24959,24463,23095,38784,35986,51897,53437,75345,78489,82918,84238,65219,71382,47864,58400,13737,23496,757035,589937,69030,64601,181582,150191,26333,28,41
2021-07-18T23:59:59+02:00,5507,4954,48100,45283,57481,53025,67696,68518,88892,91381,101322,100932,70990,77265,50528,61719,14529,24947,24325,22996,38512,35765,51564,53147,75093,78294,82015,83469,65026,71203,47807,58327,13732,23474,756758,588873,69007,64438,181541,147962,25767,28,41
2021-07-17T23:59:59+02:00,5480,4917,48000,45205,57407,52965,67635,68461,88831,91320,101279,100913,70982,77250,50523,61713,14529,24946,22936,21534,37123,34460,50321,51955,74489,77737,81380,82873,64897,71055,47740,58265,13723,23454,756196,577990,69002,64412,181535,147823,25626,28,41
2021-07-16T23:59:59+02:00,5377,4838,47758,44973,57283,52860,67518,68347,88692,91224,101172,100809,70936,77198,50500,61694,14523,24939,21679,20294,35826,33213,48865,50634,73477,76802,80679,82214,64677,70832,47658,58164,13704,23421,754742,566345,69000,64350,181528,147620,25374,28,41
2021-07-15T23:59:59+02:00,5235,4709,47358,44647,57073,52664,67325,68161,88481,91023,100984,100641,70838,77097,50451,61620,14514,24910,21073,19793,34898,32514,47628,49686,72291,75883,78526,80079,64077,70234,47514,57985,13685,23358,752675,556987,68983,63320,181481,145778,24587,28,41
2021-07-14T23:59:59+02:00,4861,4385,46766,44071,56840,52398,67117,67958,88267,90782,100766,100444,70731,76987,50383,61537,14502,24886,20867,19647,34636,32354,47255,49383,71759,75492,77860,79544,63753,69958,47430,57901,13662,23324,749224,555178,68967,63133,181429,143876,24056,28,39
2021-07-13T23:59:59+02:00,4770,4304,46565,43917,56676,52240,66955,67810,88109,90654,100620,100316,70658,76924,50345,61490,14498,24870,20305,19114,33611,31533,45634,47928,70002,73830,76256,77986,63377,69566,47301,57729,13633,23272,747854,544252,68950,62361,181355,142257,23557,28,39
2021-07-12T23:59:59+02:00,4705,4226,46377,43726,56524,52098,66800,67683,87936,90515,100463,100175,70582,76836,50307,61434,14491,24852,19827,18678,32824,30910,43972,46471,67620,71757,74363,76482,62847,68979,47156,57567,13605,23221,746580,533145,68927,61792,181255,139684,22963,28,39
2021-07-11T23:59:59+02:00,4700,4223,46306,43672,56462,52049,66749,67644,87874,90462,100391,100114,70544,76793,50297,61419,14488,24838,19618,18534,32473,30662,43523,46095,67158,71398,73584,75782,62447,68599,47084,57477,13589,23188,746432,531346,68916,61466,181190,137209,22482,28,39
2021-07-10T23:59:59+02:00,4574,4087,46022,43365,56276,51852,66599,67467,87740,90322,100289,100007,70488,76736,50276,61393,14485,24829,19054,17983,31529,29799,41772,44514,65674,70116,72948,75161,62282,68450,47031,57425,13582,23174,744331,520726,68910,61450,181178,137163,22383,28,39
2021-07-09T23:59:59+02:00,4445,3969,45747,43113,56108,51657,66437,67302,87588,90157,100156,99902,70435,76663,50240,61352,14480,24817,18462,17409,30555,28836,39818,42584,63376,67989,71788,74022,62009,68125,46955,57300,13565,23149,742275,507027,68896,61069,181172,136758,22220,28,39
2021-07-08T23:59:59+02:00,4416,3943,45602,42999,55983,51539,66305,67202,87463,90036,100035,99804,70381,76609,50218,61313,14469,24804,17519,16602,29151,27801,38097,41130,61244,66167,68431,70865,61111,67150,46708,56958,13520,23054,741543,491753,68836,58989,181101,134178,21628,27,39
2021-07-07T23:59:59+02:00,4404,3937,45536,42957,55899,51485,66222,67158,87411,89995,99991,99753,70366,76587,50209,61295,14465,24794,16559,15748,27758,26788,36569,39899,59626,64711,65201,67386,60093,66108,46472,56637,13470,22982,741239,476450,68790,57077,181049,132030,21359,27,39
2021-07-06T23:59:59+02:00,4352,3889,45390,42829,55773,51343,66117,67048,87302,89902,99910,99669,70328,76529,50191,61267,14462,24780,15788,15007,26679,25879,34722,38187,56225,61688,62550,64926,59339,65319,46199,56302,13429,22879,740105,458547,68770,56259,180990,129900,21190,26,39
2021-07-05T23:59:59+02:00,4289,3844,45214,42653,55621,51240,65993,66939,87185,89807,99825,99571,70265,76464,50169,61240,14459,24765,15129,14380,25729,25063,33489,37053,53123,58715,59774,62460,58500,64507,45946,55990,13384,22802,738916,442461,68732,55903,180910,127413,20959,26,39
2021-07-04T23:59:59+02:00,4280,3838,45167,42622,55555,51207,65951,66914,87146,89776,99793,99543,70241,76443,50163,61225,14453,24754,14924,14176,25290,24707,32891,36525,52457,58186,58788,61595,57838,63874,45762,55785,13365,22753,738725,438382,68700,55697,180840,124711,20780,26,38
2021-07-03T23:59:59+02:00,4060,3660,44633,42058,55238,50830,65654,66637,86900,89515,99593,99347,70168,76371,50140,61179,14449,24742,14638,13854,24936,24352,31913,35604,50713,56638,57919,60859,57664,63676,45695,55700,13353,22728,734913,429804,68685,55679,180834,124663,20716,26,38
2021-07-02T23:59:59+02:00,3751,3373,43980,41464,54912,50493,65371,66333,86626,89262,99357,99121,70064,76258,50088,61109,14443,24725,14220,13406,24240,23745,30754,34535,48080,54468,55786,59070,57269,63245,45535,55542,13337,22690,730572,417291,68668,54628,180821,123932,20644,25,21
2021-07-01T23:59:59+02:00,3613,3263,43625,41114,54710,50318,65211,66169,86472,89122,99203,99001,69993,76190,50057,61075,14435,24710,13531,12721,22938,22664,29075,33021,46066,52723,53292,56789,55845,61673,45041,54926,13264,22563,728428,403755,68604,52315,180771,120099,20453,25,20
2021-06-30T23:59:59+02:00,3602,3246,43361,40917,54526,50184,65094,66072,86379,89055,99133,98948,69966,76166,50045,61053,14431,24699,12786,12119,21769,21765,27486,31651,44214,51006,49655,52827,54516,60338,44685,54488,13208,22435,727283,387991,68552,50412,180750,116666,20268,24,20
2021-06-29T23:59:59+02:00,3385,3026,42445,40082,53919,49584,64655,65644,85968,88603,98786,98621,69841,76017,49988,60982,14411,24668,12185,11512,20970,20997,26121,30445,41589,48593,47783,51279,53546,59227,44278,53950,13114,22282,721305,375949,68500,48887,180734,113282,20062,24,19
2021-06-28T23:59:59+02:00,3167,2846,41489,39083,53253,48932,64192,65253,85586,88214,98453,98277,69701,75857,49923,60882,14393,24645,11683,11062,20312,20406,25152,29547,39495,46653,46158,49913,52437,58180,43916,53442,13034,22161,715139,366461,68389,47851,180725,109604,19869,24,19
2021-06-27T23:59:59+02:00,3162,2843,41452,39051,53207,48897,64154,65219,85534,88178,98400,98250,69682,75844,49914,60868,14388,24642,11489,10868,19986,20089,24574,28985,38469,45803,44994,48819,51404,57167,43482,52935,12952,22019,714930,361854,68360,47408,180689,105290,19682,24,19
2021-06-26T23:59:59+02:00,2680,2370,40057,37681,52482,48152,63602,64655,85048,87659,97975,97817,69491,75669,49841,60764,14369,24619,11374,10766,19816,19934,24375,28767,37989,45364,44626,48466,51290,57022,43436,52887,12947,22004,706214,358895,68333,47403,180689,105272,19671,24,19
2021-06-25T23:59:59+02:00,2273,2037,39203,36869,52130,47793,63273,64330,84767,87349,97723,97550,69387,75553,49794,60702,14354,24597,11075,10456,19434,19508,23848,28144,35300,43059,42441,46552,50952,56643,43338,52756,12923,21973,701142,347320,68197,46957,180682,104622,19639,24,19
2021-06-24T23:59:59+02:00,2219,1985,38714,36408,51779,47465,63056,64121,84533,87156,97535,97394,69305,75486,49759,60656,14348,24581,10477,9873,18371,18630,22425,26888,33200,41221,40008,44257,49470,54994,42768,52055,12806,21770,698196,334437,68168,44353,180660,101071,19452,24,19
2021-06-23T23:59:59+02:00,2206,1960,38483,36176,51616,47296,62942,64011,84435,87061,97458,97310,69274,75455,49741,60635,14344,24570,10022,9442,17745,18074,21496,26032,31268,39588,36040,39796,48177,53631,42382,51548,12726,21604,696960,318913,68136,43731,180645,97764,19210,22,19
2021-06-22T23:59:59+02:00,2127,1899,37497,35248,50865,46624,62461,63563,84059,86650,97094,96998,69125,75312,49674,60554,14331,24537,9550,9009,16876,17386,20272,24952,28142,36821,33734,37920,47219,52659,41972,50991,12586,21370,690820,306732,68091,40990,180632,94695,19053,22,18
2021-06-21T23:59:59+02:00,1980,1760,36145,34025,49844,45756,61740,62901,83563,86179,96654,96593,68956,75141,49608,60459,14319,24502,9231,8711,16415,17022,19646,24473,26397,35255,32197,36625,46169,51579,41519,50442,12479,21178,682862,299374,68063,40347,180617,91056,18561,22,18
2021-06-20T23:59:59+02:00,1969,1751,36058,33972,49701,45635,61603,62766,83483,86121,96585,96534,68922,75113,49593,60441,14319,24491,9083,8608,16197,16854,19330,24215,25579,34601,31255,35675,45974,51376,41488,50390,12470,21158,682227,295586,68024,39755,180599,90725,18185,22,18
2021-06-19T23:59:59+02:00,1601,1451,34441,32423,48791,44815,61114,62261,83012,85644,96176,96180,68773,74947,49527,60359,14304,24467,9043,8533,16094,16731,19210,24062,25474,34442,31125,35534,45878,51280,41470,50365,12466,21148,673501,294245,68007,39752,180592,90690,18164,22,18
2021-06-18T23:59:59+02:00,1406,1278,32792,30835,47584,43625,60176,61342,82206,84897,95560,95602,68554,74725,49438,60220,14288,24437,8968,8448,15935,16576,19022,23869,25221,34203,30842,35214,45584,50933,41386,50288,12453,21134,662364,292051,67873,39637,180591,90269,18115,22,18
2021-06-17T23:59:59+02:00,1331,1220,31867,29992,46716,42916,59370,60492,81464,84251,95148,95219,68411,74581,49396,60144,14274,24408,8427,8082,15244,16020,18194,23043,24118,33076,29361,33853,44258,49430,40901,49677,12333,20946,655429,283105,67759,38810,180559,87613,17431,22,18
2021-06-16T23:59:59+02:00,1248,1156,31176,29290,45912,42170,58445,59613,80686,83479,94725,94840,68273,74421,49339,60052,14254,24382,7939,7757,14629,15505,17416,22315,22977,32121,28182,32745,42363,47313,40356,49098,12225,20761,648356,273365,67635,38210,180539,85214,16909,22,18
2021-06-15T23:59:59+02:00,1106,1037,29285,27500,44165,40648,56857,57975,79299,82159,93967,94169,67986,74128,49225,59895,14221,24316,7764,7630,14320,15265,17055,22013,22459,31736,27651,32316,41428,46297,39972,48672,12101,20540,633404,270295,67587,37703,180501,82791,16424,22,18
2021-06-14T23:59:59+02:00,1013,923,27735,26030,42565,39133,55204,56325,78197,81050,93273,93541,67736,73887,49130,59774,14201,24272,7581,7457,13946,14931,16530,21567,21767,31152,26972,31722,41043,45873,39588,48222,11970,20336,620172,267618,67533,37288,180472,79954,15790,22,17
2021-06-13T23:59:59+02:00,989,898,27536,25850,42181,38800,54660,55804,77851,80743,93080,93351,67646,73807,49093,59716,14186,24247,7439,7289,13673,14637,16141,21167,21339,30661,26434,31219,40645,45469,39126,47657,11791,20051,617473,265524,67392,37219,180444,76881,15107,22,17
2021-06-12T23:59:59+02:00,860,784,26022,24258,41018,37720,53987,55071,77318,80248,92529,92825,67491,73630,49024,59639,14173,24226,7394,7239,13552,14529,16009,21054,21155,30514,26316,31120,40628,45452,39116,47646,11791,20050,607932,264744,67386,37217,180438,76552,15045,22,17
2021-06-11T23:59:59+02:00,746,675,24407,22735,39667,36528,52757,53861,76348,79395,91954,92249,67256,73395,48962,59531,14154,24191,7338,7151,13380,14342,15792,20857,20883,30253,26045,30863,40322,45076,39031,47532,11774,20021,596168,262850,67307,37072,180429,75846,14885,22,17
2021-06-10T23:59:59+02:00,645,585,23410,21727,38447,35346,51152,52357,75030,78199,90347,90703,66901,73000,48835,59357,14129,24136,7057,6926,12854,13906,15153,20285,20123,29497,25253,30187,39617,44215,38679,47114,11660,19837,583271,259387,66825,37038,180375,72118,13813,22,17
2021-06-09T23:59:59+02:00,575,536,22956,21339,37787,34823,50042,51311,73785,77002,89756,90197,66774,72853,48785,59272,14114,24106,6784,6617,12263,13302,14368,19474,19206,28472,24268,29025,37050,41296,38115,46469,11512,19598,576095,249066,66364,36965,180336,68585,13196,22,17
2021-06-08T23:59:59+02:00,469,425,21438,19873,36178,33459,47927,49353,71644,75064,88282,88718,66458,72468,48650,59111,14081,24061,6653,6443,11879,12932,13884,18985,18602,27871,23713,28488,36766,41041,37824,46102,11403,19441,558718,247408,66088,36887,180301,65195,12530,22,17
2021-06-07T23:59:59+02:00,354,331,20431,18901,34633,32130,45652,47331,69509,73187,87306,87870,66234,72202,48576,58976,14061,24025,6498,6282,11454,12581,13341,18502,17874,27282,23079,27890,36445,40735,37406,45620,11291,19243,543540,245412,65917,36817,180248,61305,11982,22,17
2021-06-06T23:59:59+02:00,331,310,20251,18756,34238,31845,45044,46757,68890,72702,87095,87703,66178,72141,48564,58949,14054,24013,6366,6108,11127,12166,12912,17930,17237,26472,22383,27082,35978,40259,36924,45067,11135,18974,540418,242965,65590,36768,180205,56794,11586,22,17
2021-06-05T23:59:59+02:00,259,245,19004,17491,32906,30631,43817,45583,68315,72184,86563,87193,66087,72039,48516,58900,14047,24001,6315,6027,11023,12003,12787,17752,17067,26261,22212,26892,35914,40182,36902,45043,11133,18969,530420,242361,65590,36355,180184,56194,11565,22,17
2021-06-04T23:59:59+02:00,178,175,17810,16340,31597,29338,42264,44086,66970,70868,85753,86441,65900,71825,48439,58808,14031,23972,6212,5885,10849,11793,12573,17496,16710,25876,21692,26454,35029,39329,36586,44743,11116,18946,517580,240520,65523,36028,180177,53242,11493,22,16
2021-06-03T23:59:59+02:00,123,122,17170,15766,30611,28511,40805,42792,65194,69337,83504,84156,65474,71372,48311,58646,14013,23934,6042,5676,10539,11439,12255,17030,16260,25215,21144,25875,34365,38539,36410,44541,11083,18896,503786,238188,64827,35641,180138,50407,11068,22,15
2021-06-02T23:59:59+02:00,94,79,16827,15456,30301,28246,40141,42171,63604,67945,82563,83354,65333,71209,48251,58562,14010,23919,5926,5584,10364,11280,12025,16814,15968,24909,20798,25482,31118,34912,36182,44318,11054,18843,496279,229489,64824,35310,180137,49969,10803,22,15
2021-06-01T23:59:59+02:00,38,44,16035,14784,28802,27141,37778,40110,60040,64761,80131,81033,64983,70845,48123,58372,13976,23865,5652,5304,9846,10846,11488,16220,15303,24113,20059,24726,30774,34615,35986,44141,11025,18781,477920,228025,63267,34805,180068,46459,9585,21,14
2021-05-31T23:59:59+02:00,30,36,15470,14305,27862,26439,35818,38445,56595,61732,78099,79330,64651,70489,47979,58196,13943,23813,5488,5096,9434,10480,11060,15739,14768,23429,19434,24022,30488,34361,35803,43948,10989,18724,462149,227345,62546,34418,180001,42979,8515,21,14
2021-05-30T23:59:59+02:00,28,33,15324,14179,27576,26207,35365,38034,55881,61111,77778,79057,64589,70431,47954,58161,13939,23802,5385,4900,9106,10117,10648,15251,14317,22627,18906,23252,29810,33644,35576,43755,10967,18662,459166,226880,62108,34338,179952,37497,8202,21,14
2021-05-29T23:59:59+02:00,26,32,14926,13786,26728,25391,33606,36442,54398,59815,77189,78491,64439,70282,47901,58108,13932,23788,5353,4825,9043,10004,10554,15133,14208,22478,18775,23113,29781,33621,35570,43747,10966,18659,449039,226398,62075,34338,179948,36891,8197,21,14
2021-05-28T23:59:59+02:00,23,31,14520,13385,25913,24646,31758,34679,52227,57808,76136,77495,64233,70029,47849,58031,13922,23765,5269,4707,8866,9860,10398,14959,14047,22241,18563,22812,29712,33574,35553,43730,10965,18654,437078,225725,61605,34332,179859,35960,7887,21,14
2021-05-27T23:59:59+02:00,19,26,13890,12918,24845,23929,30508,33751,50620,56432,73032,74506,63791,69491,47714,57869,13899,23710,5157,4472,8534,9520,9995,14528,13606,21609,18058,22213,29489,33370,35443,43618,10944,18626,424915,225077,59646,34261,179226,32696,7142,21,14
2021-05-26T23:59:59+02:00,18,24,13402,12495,23931,23285,29587,33048,49534,55506,70072,71313,63177,68881,47579,57698,13868,23664,5069,4309,8279,9203,9695,14139,13247,21008,17624,21613,29293,33204,35345,43513,10917,18574,414091,224464,57471,34143,178729,29649,6770,21,14
2021-05-25T23:59:59+02:00,18,19,13059,12198,23349,22879,28530,32188,46931,53270,67811,69187,62825,68514,47466,57549,13850,23610,4990,4188,8070,8941,9441,13761,12935,20487,17240,21062,29135,33050,35261,43408,10890,18519,402230,223915,56402,34062,178108,26903,6492,21,14
2021-05-24T23:59:59+02:00,17,18,12761,11915,22851,22496,27909,31735,44308,50838,65350,66996,62517,68214,47355,57423,13814,23553,4918,4079,7820,8708,9119,13376,12605,19973,16856,20504,28993,32909,35186,43336,10866,18472,390561,223335,55918,33995,177442,24256,6128,21,14
2021-05-23T23:59:59+02:00,17,18,12699,11846,22756,22411,27829,31656,44051,50611,64762,66448,62437,68126,47330,57405,13812,23551,4897,4064,7785,8677,9060,13342,12526,19912,16777,20449,28984,32896,35182,43329,10866,18470,388357,223053,55837,33988,177428,24047,6122,21,14
2021-05-22T23:59:59+02:00,17,18,12475,11608,22435,22103,26828,30766,42216,49034,63906,65708,62274,67935,47264,57314,13802,23528,4880,4009,7757,8614,9019,13277,12495,19827,16747,20382,28973,32886,35178,43323,10865,18469,379867,222962,55826,33988,177423,23651,6094,21,14
2021-05-21T23:59:59+02:00,17,17,12172,11357,21866,21662,26013,30074,39822,47139,61930,64039,62012,67662,47180,57226,13787,23502,4861,3982,7702,8528,8953,13188,12418,19734,16672,20297,28957,32860,35171,43313,10863,18468,369433,222766,54770,33973,177231,23200,6022,21,14
2021-05-20T23:59:59+02:00,16,17,11559,10784,20737,20769,24861,29044,38315,45860,59585,61965,61193,66761,46979,56967,13753,23446,4584,3804,7301,8237,8512,12793,11962,19222,16252,19777,28836,32764,35120,43260,10859,18458,358925,222360,52416,33862,175950,20214,5299,21,14
2021-05-19T23:59:59+02:00,16,17,11119,10471,19950,20217,24012,28444,37414,45176,56352,58328,60503,66058,46870,56832,13730,23399,4431,3643,7046,7993,8235,12464,11633,18791,15882,19354,28737,32652,35077,43184,10848,18443,348457,221875,50794,33744,174821,17973,4815,21,14
2021-05-18T23:59:59+02:00,16,17,10788,10184,19368,19766,23359,27883,36008,43948,54939,57199,60131,65632,46740,56670,13705,23374,4324,3516,6799,7759,7975,12179,11398,18388,15535,18924,28653,32560,35047,43144,10844,18436,343066,221584,48940,33662,173342,15871,4358,21,14
2021-05-17T23:59:59+02:00,15,16,10568,10003,18930,19476,22923,27570,34805,42955,53629,56163,59882,65385,46676,56571,13689,23341,4253,3431,6591,7542,7724,11885,11141,17992,15224,18518,28561,32472,35022,43103,10838,18423,338982,221286,47945,33594,171821,14006,3828,21,14
2021-05-16T23:59:59+02:00,15,15,10376,9874,18634,19272,22589,27329,34166,42495,52390,54992,59689,65220,46639,56517,13678,23321,4184,3357,6374,7376,7434,11632,10873,17640,14930,18154,28495,32410,35006,43085,10831,18419,336541,221036,47067,33532,170201,12246,3381,21,13
2021-05-15T23:59:59+02:00,15,15,10280,9774,18483,19125,22418,27184,33781,42126,51993,54614,59573,65074,46591,56472,13675,23305,4143,3321,6290,7312,7341,11529,10771,17521,14825,18024,28400,32292,34914,42992,10827,18414,334139,219949,47066,33530,170067,12227,3205,21,13
2021-05-14T23:59:59+02:00,14,15,9997,9570,18052,18882,22016,26897,31429,40347,49841,52757,59353,64845,46543,56387,13659,23283,4014,3238,6004,7148,7036,11305,10426,17170,14479,17697,27828,31586,34791,42800,10809,18385,324975,216659,47013,33524,169455,12104,2424,20,13
2021-05-13T23:59:59+02:00,14,15,9536,9201,17259,18320,21147,26216,30313,39357,47598,50584,58502,63871,46333,56104,13620,23210,3513,3044,5665,6895,6724,10996,10015,16780,14102,17263,26933,30387,34366,42282,10778,18323,316482,212064,45150,32967,167433,10914,2116,19,13
2021-05-12T23:59:59+02:00,14,15,9245,9007,16827,18063,20676,25928,29784,38971,44595,46940,57929,63229,46249,55990,13602,23185,3373,2956,5433,6784,6444,10850,9732,16571,13862,16999,26285,29565,34200,42089,10752,18290,307298,209034,44333,32941,167140,10746,1459,19,13
2021-05-11T23:59:59+02:00,14,13,8808,8728,16054,17545,19814,25308,28046,37529,42660,45439,57552,62783,46165,55855,13581,23157,3254,2825,5200,6442,6146,10437,9364,16014,13423,16438,24862,27895,33689,41461,10701,18202,301814,203053,41274,32758,164654,9248,1290,19,12
2021-05-10T23:59:59+02:00,14,12,8547,8575,15543,17290,19180,24987,27055,36839,41200,44294,57285,62510,46085,55751,13561,23126,3144,2700,4968,6207,5892,10113,9040,15537,13059,16017,23811,26565,33200,40878,10666,18145,298510,198400,40365,32730,161984,7832,977,18,10
2021-05-09T23:59:59+02:00,14,12,8391,8493,15236,17110,18798,24732,26388,36410,39421,42627,56989,62231,46030,55693,13553,23106,3024,2646,4787,6067,5724,9939,8842,15330,12891,15844,23536,26233,33055,40705,10656,18130,295537,197205,39991,32687,158983,6809,705,18,10
2021-05-08T23:59:59+02:00,14,12,8316,8420,15055,16964,18589,24532,26160,36172,39188,42436,56862,62081,45992,55656,13550,23095,3016,2627,4756,6031,5680,9893,8765,15264,12805,15774,23166,25807,32769,40392,10648,18114,293973,196015,39538,31978,158860,6806,705,18,10
2021-05-07T23:59:59+02:00,13,11,8142,8324,14728,16780,18201,24295,25737,35883,38732,42056,56588,61726,45943,55609,13543,23085,2716,2493,4407,5844,5410,9631,8450,14953,12409,15378,22067,24434,32119,39557,10620,18064,291430,192551,39106,30476,158532,5212,310,18,10
2021-05-06T23:59:59+02:00,12,11,7491,7967,13829,16181,17142,23440,24396,34769,36586,40392,55459,60405,45701,55302,13508,23019,2591,2380,4233,5648,5202,9327,8107,14512,11976,14924,20760,22757,31264,38548,10566,17950,280785,186931,37823,29517,156711,4021,273,18,10
2021-05-05T23:59:59+02:00,10,11,6953,7658,13045,15633,16105,22673,23009,33743,34756,38903,53620,58365,45380,54956,13475,22953,2504,2321,4059,5491,5011,9115,7760,14174,11608,14563,19371,20976,30071,37131,10526,17847,269316,180799,36901,28346,154919,3286,94,18,10
2021-05-04T23:59:59+02:00,10,10,6764,7566,12679,15455,15617,22404,22360,33397,33794,38205,52766,57403,45257,54828,13457,22911,2449,2251,3905,5322,4835,8861,7418,13766,11181,14104,17719,19049,28974,35800,10429,17727,265536,173984,36033,27405,153257,2358,40,17,10
2021-05-03T23:59:59+02:00,10,10,6618,7417,12301,15236,15111,22092,21653,32990,32642,37315,52467,57085,45161,54720,13442,22879,2390,2181,3811,5142,4695,8625,7201,13417,10860,13697,16516,17552,28094,34698,10364,17619,262244,168411,35572,27055,151287,1364,29,17,10
2021-05-02T23:59:59+02:00,10,10,6537,7325,12087,15064,14816,21859,21176,32669,31492,36367,52183,56794,45099,54629,13424,22848,2375,2174,3790,5109,4665,8589,7135,13346,10776,13606,16204,17156,27798,34393,10352,17606,259808,166847,35498,26941,149038,1257,28,17,8
2021-05-01T23:59:59+02:00,10,10,6519,7302,12024,15015,14736,21795,21075,32596,31365,36273,52177,56779,45095,54628,13422,22846,2372,2167,3766,5092,4624,8564,7098,13309,10715,13551,16006,16933,27683,34256,10349,17596,259238,165881,35497,26916,148887,1255,28,17,8
2021-04-30T23:59:59+02:00,10,10,6481,7263,11933,14920,14630,21676,20880,32410,31125,36082,51906,56419,45050,54575,13416,22834,2344,2146,3704,5029,4528,8455,6948,13126,10437,13288,15190,15906,26812,33182,10308,17508,257454,162673,35454,25024,148668,1186,27,17,8
2021-04-29T23:59:59+02:00,10,10,6276,7136,11610,14733,14276,21439,20362,32120,30372,35591,51257,55593,44958,54456,13389,22755,2307,2100,3612,4942,4405,8319,6754,12908,10160,13002,14214,14673,25510,31636,10246,17415,254273,156974,35359,24276,146668,926,26,17,8
2021-04-28T23:59:59+02:00,10,10,6012,6972,11233,14397,13783,20971,19721,31512,29204,34459,48590,52588,44663,54131,13326,22677,2269,2059,3545,4881,4290,8202,6594,12724,9913,12786,13073,13191,24018,29758,10184,17312,244321,151006,35231,23072,144676,707,14,17,7
2021-04-27T23:59:59+02:00,10,10,5908,6880,11080,14275,13583,20807,19442,31302,28644,34072,48384,52368,44607,54077,13317,22655,2227,2025,3456,4787,4197,8093,6428,12540,9632,12510,11856,11626,22362,27602,10105,17166,242948,144182,35183,21887,143259,530,14,17,6
2021-04-26T23:59:59+02:00,10,10,5859,6836,10963,14207,13422,20685,19216,31091,27809,33505,48046,51999,44552,54011,13308,22626,2205,1998,3402,4744,4135,8025,6326,12407,9444,12336,10937,10468,21082,25845,10044,17076,242216,138904,35156,21139,140753,420,14,16,4
2021-04-25T23:59:59+02:00,10,10,5813,6789,10858,14112,13262,20529,18969,30807,27048,32766,47548,51487,44468,53912,13294,22606,2179,1988,3372,4725,4117,8006,6293,12365,9387,12275,10775,10275,20839,25522,10034,17062,240504,138050,35113,20791,138641,362,14,16,4
2021-04-24T23:59:59+02:00,10,10,5792,6740,10781,14023,13163,20385,18836,30628,26887,32585,47446,51364,44374,53816,13290,22601,2172,1978,3347,4697,4078,7959,6221,12293,9257,12157,10618,10094,20704,25390,10018,17044,239024,137523,35095,20150,138582,343,14,16,4
2021-04-23T23:59:59+02:00,10,10,5730,6651,10648,13824,12961,20131,18526,30248,26490,32224,46501,50228,44220,53571,13267,22569,2154,1956,3304,4660,4029,7905,6126,12202,9093,12029,10350,9794,20380,24968,9970,16962,234629,136398,35035,19141,138115,332,14,16,4
2021-04-22T23:59:59+02:00,10,10,5628,6537,10438,13625,12608,19795,18014,29775,25860,31631,44772,48073,43648,52842,13221,22468,2140,1945,3265,4607,3952,7832,5998,12102,8834,11864,9916,9387,19924,24377,9920,16885,228374,134274,34923,18362,135628,300,14,16,4
2021-04-21T23:59:59+02:00,10,9,5531,6399,10208,13423,12277,19481,17512,29280,25142,30899,40491,43202,43168,52308,13154,22364,2128,1936,3230,4570,3897,7774,5917,12009,8658,11705,9586,9004,19425,23785,9854,16788,216243,132626,34857,17351,133728,277,14,16,4
2021-04-20T23:59:59+02:00,10,9,5453,6309,10015,13207,12001,19215,17089,28872,24589,30331,38736,41186,42513,51528,13082,22223,2103,1923,3189,4546,3830,7730,5784,11911,8486,11577,9302,8686,18952,23116,9757,16647,209998,131258,34767,16046,131574,223,14,15,4
2021-04-19T23:59:59+02:00,10,8,5374,6231,9854,13077,11796,19005,16726,28490,24043,29860,37180,39392,41921,50806,13027,22134,2087,1906,3154,4511,3790,7686,5744,11842,8401,11485,9064,8402,18544,22548,9710,16555,204957,129562,34709,15652,129241,203,14,13,4
2021-04-18T23:59:59+02:00,10,7,5312,6180,9723,12992,11596,18866,16445,28292,23635,29547,35868,38028,41568,50401,12993,22070,2074,1891,3126,4489,3764,7670,5700,11795,8351,11436,8966,8313,18390,22360,9697,16530,203411,129081,34667,15261,125429,198,14,12,4
2021-04-17T23:59:59+02:00,10,7,5306,6164,9689,12961,11549,18826,16368,28224,23571,29488,35557,37687,41460,50303,12987,22059,2064,1883,3099,4476,3706,7625,5630,11744,8265,11384,8856,8203,18284,22244,9676,16517,202179,128277,34658,15171,125353,196,14,12,4
2021-04-16T23:59:59+02:00,10,7,5241,6125,9600,12900,11415,18714,16157,28064,23218,29140,34473,36425,41047,49776,12967,22024,1931,1797,2869,4297,3346,7308,4861,11211,6776,10298,6343,6142,16476,20552,9481,16219,198005,118947,34567,10755,124705,193,14,12,4
2021-04-15T23:59:59+02:00,9,7,5175,6035,9398,12727,11120,18468,15661,27669,22528,28535,32574,34109,40000,48567,12886,21856,1888,1765,2802,4232,3227,7187,4644,11029,6398,9990,5886,5743,15884,19865,9288,15884,192174,115813,34514,9703,120610,184,14,12,4
2021-04-14T23:59:59+02:00,9,7,5113,5989,9231,12600,10904,18291,15259,27354,21877,28054,30644,31856,38780,47144,12811,21669,1805,1711,2718,4164,3116,7094,4443,10863,6091,9740,5407,5330,15300,19177,9084,15528,185790,113187,34375,8243,117401,129,14,12,4
2021-04-13T23:59:59+02:00,9,7,5066,5935,9094,12472,10727,18123,14916,27078,21354,27591,28538,29404,37516,45545,12667,21462,1761,1694,2681,4121,3060,7033,4309,10723,5821,9529,5064,5027,14849,18729,8948,15324,178891,111765,34309,6863,114278,33,14,12,4
2021-04-12T23:59:59+02:00,9,7,5003,5886,8986,12335,10520,17975,14595,26797,20815,27136,26497,27130,36355,44075,12537,21261,1726,1651,2651,4101,3032,6980,4250,10656,5718,9429,4898,4881,14548,18360,8835,15123,173166,110918,34230,5877,110497,32,14,12,4
2021-04-11T23:59:59+02:00,9,7,4967,5843,8893,12256,10363,17874,14332,26620,20391,26812,25294,25839,35649,43289,12448,21111,1717,1645,2630,4081,3007,6952,4215,10609,5630,9361,4807,4826,14432,18237,8796,15070,171380,110708,34159,5269,106432,26,14,12,4
2021-04-10T23:59:59+02:00,9,7,4956,5830,8851,12228,10308,17839,14264,26571,20295,26732,24978,25464,35302,42870,12441,21090,1712,1639,2621,4073,2993,6935,4185,10578,5571,9322,4729,4748,14303,18071,8749,14985,170167,109908,33434,5268,106408,26,14,12,4
2021-04-09T23:59:59+02:00,9,7,4909,5798,8767,12149,10184,17715,14097,26397,20034,26488,24138,24309,34347,41660,12409,21016,1684,1610,2564,4039,2921,6875,4035,10468,5317,9098,4313,4373,13734,17355,8518,14616,166799,106224,31917,5260,105694,26,11,12,4
2021-04-08T23:59:59+02:00,9,7,4833,5733,8621,12040,9971,17543,13701,26083,19429,26022,22430,22322,32654,39686,12260,20780,1654,1594,2510,3994,2838,6788,3887,10332,5024,8834,3856,3946,12740,16108,8034,13853,161037,101232,31010,4729,102054,21,11,12,4
2021-04-07T23:59:59+02:00,9,6,4786,5680,8438,11962,9744,17393,13383,25856,18958,25661,20621,20206,30891,37422,12142,20566,1621,1579,2456,3942,2777,6707,3780,10187,4836,8646,3593,3654,12051,15304,7657,13292,154988,97906,29833,4155,98884,12,10,9,4
2021-04-06T23:59:59+02:00,9,6,4739,5634,8294,11850,9584,17227,13063,25588,18438,25274,18765,18138,28963,34928,11939,20220,1586,1560,2432,3916,2744,6669,3718,10144,4754,8555,3484,3530,11578,14657,7371,12880,148131,95598,28868,3960,95642,11,10,8,4
2021-04-05T23:59:59+02:00,9,6,4708,5593,8199,11760,9445,17129,12850,25376,18036,24928,17033,16206,27333,32776,11792,19992,1564,1548,2401,3898,2714,6620,3675,10085,4668,8439,3371,3421,11237,14289,7213,12599,142709,94201,28432,3521,92014,11,10,6,4
2021-04-04T23:59:59+02:00,9,6,4701,5587,8191,11749,9431,17114,12824,25355,18008,24903,16901,16030,27137,32530,11783,19978,1563,1547,2399,3895,2711,6616,3673,10081,4665,8436,3361,3410,11225,14277,7210,12591,141990,94121,28338,3521,91897,11,8,4,4
2021-04-03T23:59:59+02:00,9,6,4697,5580,8177,11742,9412,17094,12785,25324,17930,24839,16821,15940,27090,32473,11778,19971,1560,1545,2390,3887,2693,6602,3650,10053,4582,8381,3244,3295,11144,14203,7204,12581,141459,93475,28312,3521,91885,11,8,4,4
2021-04-02T23:59:59+02:00,9,6,4671,5560,8118,11688,9348,17026,12646,25217,17694,24638,16368,15462,26614,31894,11746,19917,1558,1536,2376,3881,2686,6586,3629,10021,4512,8288,3174,3227,10907,13902,7052,12378,140246,92178,26899,3517,91465,11,8,4,4
2021-04-01T23:59:59+02:00,8,6,4628,5499,8006,11546,9218,16866,12374,24931,17249,24237,15617,14735,25855,30931,11619,19734,1541,1516,2347,3848,2664,6557,3590,9982,4444,8222,3062,3096,9971,12784,6438,11527,138003,88162,26235,3412,88811,10,6,4,4
2021-03-31T23:59:59+02:00,8,6,4417,5420,7894,11424,9077,16700,12156,24655,16895,23871,14920,13971,25020,29919,11509,19535,1532,1511,2334,3828,2639,6528,3542,9934,4379,8153,2974,3007,9399,12081,6072,11028,136200,85726,24771,3200,86416,10,6,4,4
2021-03-30T23:59:59+02:00,8,6,4386,5367,7820,11297,8990,16543,11994,24465,16611,23559,14320,13327,24259,28933,11370,19290,1518,1501,2313,3803,2613,6499,3502,9869,4313,8082,2847,2859,8805,11427,5721,10533,134708,83401,23554,2793,84273,6,6,4,4
2021-03-29T23:59:59+02:00,8,6,4346,5312,7720,11185,8883,16380,11835,24192,16283,23212,13775,12725,23493,27956,11210,19041,1500,1488,2294,3787,2591,6470,3467,9810,4249,8007,2794,2791,8516,11040,5531,10221,132860,82012,22794,2533,81898,6,6,4,4
2021-03-28T23:59:59+02:00,8,6,4311,5228,7635,11075,8804,16226,11700,23962,16024,22938,13446,12414,22922,27261,11035,18757,1491,1481,2272,3771,2576,6441,3427,9760,4211,7948,2746,2740,8437,10937,5487,10153,132361,81663,22269,2205,79112,5,6,4,4
2021-03-27T23:59:59+01:00,8,6,4297,5217,7609,11043,8738,16154,11601,23867,15879,22822,13240,12201,22719,27047,11000,18728,1490,1479,2269,3769,2575,6440,3413,9732,4201,7926,2738,2734,8380,10872,5452,10113,131476,81368,21623,2205,79067,5,6,4,4
2021-03-26T23:59:59+01:00,8,6,4254,5150,7499,10909,8562,15969,11266,23563,15265,22319,12318,11372,21928,26205,10853,18500,1485,1465,2264,3748,2562,6417,3396,9706,4160,7889,2708,2695,8199,10653,5331,9943,127415,80518,20010,2091,78511,5,6,4,4
2021-03-25T23:59:59+01:00,8,5,4199,4989,7336,10630,8317,15562,10882,22939,14620,21621,11643,10707,21057,25137,10533,17954,1465,1451,2232,3722,2528,6378,3361,9659,4090,7809,2579,2558,7222,9393,4716,9027,124124,76315,19228,1864,74778,5,5,4,4
2021-03-24T23:59:59+01:00,8,5,4123,4848,7199,10341,8102,15148,10618,22391,14150,21012,11036,10148,20122,24044,10200,17386,1444,1422,2205,3684,2484,6341,3319,9594,4011,7709,2480,2461,6572,8630,4331,8443,121520,73675,18034,1449,71322,3,2,3,4
2021-03-23T23:59:59+01:00,8,5,4083,4756,7093,10103,7947,14807,10356,21885,13747,20521,10569,9706,19395,23193,9886,16919,1433,1404,2179,3663,2465,6313,3260,9540,3921,7633,2388,2362,5845,7697,3880,7753,120054,70600,16928,1131,67993,3,1,3,4
2021-03-22T23:59:59+01:00,8,5,4030,4677,6966,9863,7787,14485,10096,21417,13397,20020,10175,9351,18826,22483,9692,16570,1424,1397,2172,3649,2453,6297,3236,9517,3891,7599,2327,2311,5392,7090,3522,7264,119162,68494,16526,1041,64156,3,1,3,4
2021-03-21T23:59:59+01:00,8,5,3983,4574,6832,9599,7619,14128,9875,20878,13054,19494,9855,9071,18289,21879,9502,16256,1421,1393,2171,3638,2450,6290,3230,9508,3881,7585,2313,2292,5275,6957,3464,7163,118957,67985,16129,1041,59811,2,1,3,4
2021-03-20T23:59:59+01:00,8,5,3972,4554,6797,9545,7561,14055,9791,20769,12948,19405,9768,8977,18149,21701,9450,16169,1418,1388,2167,3635,2445,6285,3217,9498,3862,7575,2278,2260,4947,6584,3275,6921,118122,66709,16034,1041,59464,2,1,3,4
2021-03-19T23:59:59+01:00,7,5,3797,4414,6504,9296,7120,13630,8879,20040,11221,18079,6906,6628,15892,19497,9085,15603,1414,1384,2162,3628,2433,6272,3205,9473,3811,7529,2211,2219,4574,6112,3006,6596,108817,65016,11311,1008,56471,2,1,3,4
2021-03-18T23:59:59+01:00,7,4,3693,4282,6327,8986,6852,13190,8491,19381,10582,17343,6191,5976,14667,18022,8567,14777,1410,1378,2139,3601,2415,6236,3176,9432,3772,7496,2166,2185,4153,5581,2723,6182,103677,63140,10303,900,53354,2,1,3,4
2021-03-17T23:59:59+01:00,7,4,3614,4209,6196,8841,6681,13013,8193,19071,10179,16952,5783,5589,13848,17091,8165,14187,1400,1366,2123,3582,2385,6204,3145,9404,3735,7460,2111,2126,3746,5136,2469,5794,100426,61416,8609,765,52584,2,1,3,4
2021-03-16T23:59:59+01:00,7,4,3535,4075,6043,8572,6474,12644,7879,18489,9631,16297,5255,5134,13029,16127,7826,13687,1391,1358,2114,3565,2369,6189,3129,9385,3710,7434,2084,2090,3229,4494,2131,5281,98096,59187,7195,761,49413,2,1,3,4
2021-03-15T23:59:59+01:00,7,4,3487,3929,5854,8299,6255,12234,7602,17916,9195,15675,4938,4849,12371,15384,7559,13222,1391,1348,2098,3550,2349,6165,3110,9336,3686,7395,2047,2039,2861,4032,1847,4887,96594,57394,6215,743,45968,2,0,3,4
2021-03-14T23:59:59+01:00,7,4,3443,3794,5624,7968,5965,11787,7294,17198,8736,14923,4616,4574,12079,15129,7511,13123,1384,1342,2082,3521,2336,6116,3092,9278,3669,7357,2040,2028,2782,3924,1794,4801,96471,56994,5599,548,41702,2,0,3,4
2021-03-13T23:59:59+01:00,7,4,3427,3754,5583,7852,5906,11665,7209,17050,8587,14768,4465,4424,11989,15043,7505,13112,1384,1342,2082,3521,2335,6116,3091,9277,3668,7357,2037,2020,2730,3869,1760,4748,95777,56785,5599,548,40971,2,0,3,4
2021-03-12T23:59:59+01:00,7,4,3408,3683,5526,7717,5845,11513,7123,16824,8451,14535,4357,4328,11715,14718,7348,12895,1384,1342,2078,3515,2334,6108,3087,9271,3666,7352,2035,2018,2643,3758,1676,4661,94347,56376,5591,548,40056,2,0,3,4
2021-03-11T23:59:59+01:00,7,4,3331,3491,5318,7417,5613,11095,6784,16156,8013,13897,4014,3991,10634,13458,6687,11978,1379,1340,2067,3501,2315,6083,3065,9238,3642,7319,2005,1994,2404,3495,1522,4442,90135,55291,5156,516,36594,2,0,3,4
2021-03-10T23:59:59+01:00,7,4,3234,3373,5100,7146,5400,10733,6514,15610,7675,13350,3791,3763,9987,12665,6297,11439,1375,1329,2040,3463,2286,5993,3017,9116,3585,7200,1961,1917,2188,3258,1388,4248,87655,54078,4779,282,33651,2,0,3,4
2021-03-09T23:59:59+01:00,6,4,3161,3246,4935,6957,5197,10447,6282,15177,7378,12842,3607,3556,9350,11963,5919,10911,1368,1318,2005,3403,2255,5891,2955,8973,3517,7118,1931,1891,1908,2942,1215,4001,85365,52653,4517,34,31053,2,0,3,4
2021-03-08T23:59:59+01:00,6,4,3096,3089,4707,6692,4957,10095,6022,14664,7017,12256,3405,3364,8956,11519,5721,10594,1365,1300,1991,3325,2224,5794,2917,8827,3484,7025,1916,1869,1705,2710,1091,3807,83887,51316,4146,32,28128,0,0,3,4
2021-03-07T23:59:59+01:00,6,4,3064,3030,4634,6577,4873,9982,5917,14500,6900,12110,3354,3318,8869,11412,5681,10525,1359,1295,1985,3313,2216,5769,2911,8788,3472,7006,1908,1857,1650,2642,1039,3738,83529,50914,3970,32,27254,0,0,3,4
2021-03-06T23:59:59+01:00,6,4,3050,2973,4593,6486,4836,9915,5859,14380,6852,11999,3330,3295,8812,11346,5646,10482,1357,1282,1980,3299,2204,5742,2908,8761,3461,6987,1899,1833,1622,2618,1033,3729,83206,50681,3970,32,26685,0,0,3,4
2021-03-05T23:59:59+01:00,6,4,3026,2879,4534,6375,4772,9816,5796,14228,6749,11847,3285,3240,8624,11116,5523,10307,1348,1249,1948,3244,2179,5636,2867,8627,3417,6849,1855,1787,1558,2547,1011,3701,82294,49789,3962,32,25868,0,0,3,4
2021-03-04T23:59:59+01:00,4,4,2973,2688,4377,6139,4554,9503,5589,13812,6436,11459,3110,3064,7602,9816,4887,9387,1329,1200,1910,3121,2148,5453,2821,8350,3362,6617,1783,1698,1521,2495,1006,3683,78116,48464,3688,31,23597,0,0,3,4
2021-03-03T23:59:59+01:00,3,4,2934,2617,4238,5947,4388,9234,5385,13434,6180,11037,2984,2931,6950,9040,4489,8776,1317,1164,1883,3048,2126,5343,2790,8171,3309,6460,1715,1656,1480,2425,985,3629,75380,47469,3445,31,21743,0,0,3,3
2021-03-02T23:59:59+01:00,3,4,2874,2526,4052,5728,4182,8963,5188,13055,5911,10662,2836,2770,6180,8072,4017,8067,1284,1121,1856,2975,2102,5201,2741,7898,3260,6262,1642,1596,1414,2345,961,3578,72202,46204,2989,31,19896,0,0,3,3
2021-03-01T23:59:59+01:00,3,3,2835,2463,3888,5576,3995,8744,4998,12734,5672,10269,2735,2655,5685,7413,3651,7555,1278,1085,1832,2874,2076,5008,2701,7648,3201,6026,1599,1560,1364,2284,931,3535,70027,44970,2680,31,18164,0,0,3,3
2021-02-28T23:59:59+01:00,3,3,2793,2415,3730,5457,3774,8555,4814,12483,5486,9964,2678,2581,5562,7258,3589,7454,1274,1080,1827,2861,2067,4984,2694,7612,3191,6009,1590,1553,1359,2276,928,3525,69547,44799,2458,30,16591,0,0,3,3
2021-02-27T23:59:59+01:00,3,2,2778,2353,3703,5377,3740,8483,4780,12391,5451,9890,2637,2547,5228,6869,3389,7202,1267,1072,1820,2849,2054,4949,2675,7547,3175,5953,1572,1544,1353,2265,926,3524,68227,44515,2458,29,16135,0,0,3,3
2021-02-26T23:59:59+01:00,3,2,2758,2312,3661,5289,3674,8379,4718,12280,5365,9803,2560,2494,4846,6387,3110,6868,1210,1023,1770,2743,2005,4769,2619,7272,3103,5745,1512,1493,1330,2244,913,3515,66408,43237,2331,28,15767,0,0,3,3
2021-02-25T23:59:59+01:00,3,2,2586,2205,3478,5106,3490,8154,4514,11994,5146,9529,2472,2427,4396,5832,2821,6441,1194,965,1739,2634,1951,4494,2551,6879,3008,5459,1466,1450,1309,2229,910,3506,64542,41718,2004,25,14047,0,0,3,3
2021-02-24T23:59:59+01:00,3,2,2434,2072,3288,4912,3343,7950,4318,11739,4926,9279,2335,2307,3935,5320,2559,6042,1179,936,1716,2550,1917,4354,2491,6624,2956,5255,1435,1418,1291,2208,906,3483,62763,40700,1525,17,12473,0,0,3,3
2021-02-23T23:59:59+01:00,3,2,2301,1934,3110,4684,3191,7711,4143,11467,4741,9032,2246,2213,3378,4652,2215,5523,1165,888,1683,2454,1879,4163,2423,6325,2862,4995,1379,1364,1263,2164,890,3456,60542,39337,1172,14,10829,0,0,3,3
2021-02-22T23:59:59+01:00,3,2,2261,1883,3026,4591,3121,7604,4049,11281,4633,8907,2195,2172,3007,4183,1929,5135,1154,829,1651,2330,1837,3917,2347,5931,2737,4698,1317,1310,1240,2131,882,3433,58857,37738,1085,4,10037,0,0,3,3
2021-02-21T23:59:59+01:00,3,2,2225,1852,2974,4522,3041,7490,3968,11135,4567,8790,2180,2149,2922,4068,1872,5047,1151,811,1634,2278,1811,3810,2314,5775,2675,4575,1287,1287,1230,2117,875,3418,58422,37042,1052,4,9330,0,0,3,3
2021-02-20T23:59:59+01:00,3,2,2213,1849,2951,4509,3025,7454,3942,11102,4546,8768,2177,2141,2869,4011,1837,4993,1151,808,1634,2276,1810,3801,2313,5770,2674,4571,1286,1284,1229,2114,874,3417,58208,37006,1051,4,9130,0,0,3,3
2021-02-19T23:59:59+01:00,2,2,2201,1835,2915,4457,3000,7366,3897,11020,4492,8705,2169,2135,2778,3897,1752,4899,1100,799,1595,2268,1800,3792,2303,5749,2666,4558,1280,1273,1218,2109,869,3410,57786,36783,1019,4,8714,0,0,3,3
2021-02-18T23:59:59+01:00,2,2,2070,1740,2759,4274,2876,7168,3760,10735,4353,8500,2135,2101,2536,3626,1597,4676,1022,763,1523,2168,1750,3671,2230,5593,2609,4473,1266,1254,1212,2095,856,3392,56716,35871,951,4,7240,0,0,3,3
2021-02-17T23:59:59+01:00,2,2,2026,1692,2668,4142,2767,6956,3607,10394,4211,8257,2076,2017,2317,3396,1468,4482,870,698,1411,2042,1673,3481,2134,5367,2537,4300,1234,1209,1186,2050,840,3347,55640,34374,805,3,6032,0,0,3,3
2021-02-16T23:59:59+01:00,2,2,1856,1581,2492,3935,2627,6681,3446,10041,4033,7952,2031,1990,2035,3076,1294,4229,843,676,1341,1964,1604,3339,2042,5194,2445,4168,1174,1163,1127,1962,807,3245,54298,33090,769,2,4233,0,0,3,3
2021-02-15T23:59:59+01:00,2,2,1821,1526,2404,3765,2550,6408,3324,9673,3919,7683,2005,1961,1816,2836,1168,4036,825,664,1312,1916,1562,3270,1985,5023,2383,4067,1117,1123,1064,1870,787,3143,53190,32108,753,1,2953,0,0,3,3
2021-02-14T23:59:59+01:00,2,2,1732,1495,2356,3703,2508,6315,3253,9569,3872,7605,1994,1951,1758,2776,1117,3976,810,654,1296,1892,1535,3247,1951,4982,2357,4011,1107,1114,1057,1861,784,3131,52851,31786,724,1,2406,0,0,3,3
2021-02-13T23:59:59+01:00,2,2,1731,1483,2346,3696,2502,6301,3250,9553,3865,7595,1985,1931,1734,2756,1113,3966,810,654,1296,1892,1535,3247,1951,4982,2357,4011,1107,1114,1057,1861,784,3131,52694,31786,724,1,2390,0,0,3,3
2021-02-12T23:59:59+01:00,2,2,1652,1398,2245,3582,2423,6128,3146,9315,3741,7330,1938,1873,1670,2684,1090,3937,803,646,1284,1870,1522,3228,1943,4951,2341,3991,1102,1109,1056,1842,784,3100,51752,31570,724,0,1677,0,0,3,3
2021-02-11T23:59:59+01:00,2,2,1455,1262,2063,3370,2295,5836,2994,8882,3583,6983,1865,1771,1628,2620,1071,3915,774,597,1189,1691,1395,2950,1803,4590,2174,3700,1049,1045,1012,1765,743,2958,50354,29435,683,0,557,0,0,3,1
2021-02-10T23:59:59+01:00,2,2,1361,1215,1978,3241,2227,5663,2912,8603,3472,6752,1795,1724,1581,2553,1052,3853,563,515,967,1467,1256,2639,1618,4129,1970,3318,929,917,879,1507,652,2616,49178,25942,644,0,161,0,0,3,1
2021-02-09T23:59:59+01:00,2,2,1325,1165,1942,3148,2199,5478,2846,8262,3402,6493,1722,1662,1519,2492,1033,3810,302,382,750,1204,1069,2262,1409,3591,1721,2862,759,752,704,1199,521,2119,47906,21606,514,0,80,0,0,2,1
2021-02-08T23:59:59+01:00,2,2,1318,1130,1910,3029,2162,5256,2795,7983,3343,6257,1679,1628,1469,2436,1015,3787,266,342,647,1051,964,2045,1250,3197,1523,2545,653,632,601,1013,449,1835,46776,19013,344,0,79,0,0,2,1
2021-02-07T23:59:59+01:00,2,2,1292,1114,1880,2977,2137,5174,2765,7880,3301,6191,1663,1612,1454,2417,1003,3772,232,287,598,962,905,1889,1160,2971,1426,2373,612,613,580,979,439,1804,46491,17831,143,0,0,0,0,2,0
2021-02-06T23:59:59+01:00,2,2,1287,1108,1874,2965,2128,5146,2752,7836,3290,6146,1650,1604,1449,2407,1000,3771,213,254,576,924,877,1824,1117,2853,1369,2291,596,594,573,979,439,1804,46272,17284,143,0,0,0,0,2,0
2021-02-05T23:59:59+01:00,2,2,1228,1057,1825,2857,2076,4950,2691,7539,3213,5930,1587,1551,1432,2384,992,3765,197,222,540,875,841,1744,1079,2733,1316,2192,562,570,561,955,428,1779,44936,16595,143,0,0,0,0,2,0
2021-02-04T23:59:59+01:00,2,2,1216,993,1784,2709,2004,4637,2608,7093,3113,5602,1542,1518,1415,2367,987,3755,168,169,466,757,742,1604,966,2495,1203,1978,516,517,515,899,407,1660,43311,15063,35,0,0,0,0,1,0
2021-02-03T23:59:59+01:00,2,2,1198,964,1754,2630,1965,4489,2542,6831,3061,5387,1506,1486,1385,2332,968,3725,139,140,393,644,626,1366,820,2118,1010,1688,397,381,373,679,287,1256,42191,12318,35,0,0,0,0,1,0
2021-02-02T23:59:59+01:00,2,2,1180,908,1720,2529,1923,4269,2469,6499,2956,5115,1453,1439,1361,2301,958,3700,117,116,318,524,521,1129,675,1788,820,1378,296,279,292,497,225,945,40748,9921,35,0,0,0,0,1,0
2021-02-01T23:59:59+01:00,1,2,1167,848,1684,2406,1873,4024,2392,6109,2835,4819,1386,1358,1331,2255,945,3671,84,76,219,352,348,738,427,1153,480,857,185,170,171,296,126,562,39070,6244,35,0,0,0,0,1,0
2021-01-31T23:59:59+01:00,1,2,1163,830,1667,2349,1848,3902,2360,5925,2768,4700,1355,1335,1320,2239,938,3655,73,70,186,281,271,572,338,900,398,690,159,155,159,287,122,548,38324,5209,32,0,0,0,0,1,0
2021-01-30T23:59:59+01:00,1,2,1163,827,1666,2344,1846,3891,2358,5914,2765,4690,1354,1331,1319,2238,938,3654,70,63,153,233,243,504,303,782,355,615,158,148,154,283,122,547,38269,4733,31,0,0,0,0,1,0
2021-01-29T23:59:59+01:00,1,2,1111,818,1627,2337,1835,3884,2350,5900,2757,4679,1350,1328,1315,2238,938,3654,62,45,116,178,199,350,248,634,311,487,147,139,143,273,119,546,38094,3997,29,0,0,0,0,1,0
2021-01-28T23:59:59+01:00,1,2,1037,792,1571,2274,1802,3815,2303,5829,2724,4627,1338,1316,1306,2232,926,3640,40,20,74,105,130,204,153,378,203,290,115,106,117,220,107,496,37508,2758,26,0,0,0,0,1,0
2021-01-27T23:59:59+01:00,1,2,889,740,1475,2198,1734,3700,2230,5700,2666,4501,1309,1271,1277,2193,910,3605,31,13,62,87,104,160,120,321,176,245,107,88,105,201,103,459,36383,2382,17,0,0,0,0,1,0
2021-01-26T23:59:59+01:00,1,2,875,720,1412,2122,1673,3570,2143,5528,2578,4389,1250,1231,1227,2120,885,3545,30,12,59,84,100,154,116,306,175,236,104,82,98,180,92,409,35258,2237,12,0,0,0,0,1,0
2021-01-25T23:59:59+01:00,1,2,862,699,1381,2060,1640,3473,2097,5359,2521,4297,1197,1206,1172,2060,867,3479,28,12,56,84,97,152,115,304,174,236,103,81,97,179,90,406,34369,2214,3,0,0,0,0,1,0
2021-01-24T23:59:59+01:00,1,2,859,698,1375,2049,1635,3456,2089,5334,2509,4265,1193,1199,1167,2053,866,3473,28,12,56,84,96,151,115,304,174,235,103,81,97,179,90,405,34219,2210,3,0,0,0,0,1,0
2021-01-23T23:59:59+01:00,1,2,859,698,1375,2049,1635,3456,2089,5334,2509,4265,1193,1199,1167,2053,866,3473,28,12,56,84,96,151,115,304,173,235,103,81,97,179,90,405,34219,2209,3,0,0,0,0,1,0
2021-01-22T23:59:59+01:00,1,2,858,688,1361,2027,1620,3432,2076,5300,2493,4245,1191,1194,1166,2030,865,3439,28,12,56,84,96,151,115,304,172,235,103,81,97,179,90,405,33984,2208,3,0,0,0,0,1,0
2021-01-21T23:59:59+01:00,1,2,827,651,1284,1870,1519,3240,1980,5030,2382,4046,1151,1134,1137,1962,828,3318,26,11,52,79,88,142,105,275,158,212,89,72,86,155,74,345,32358,1969,3,0,0,0,0,1,0
2021-01-20T23:59:59+01:00,1,2,626,554,1090,1654,1383,2965,1804,4624,2178,3705,1023,1015,1007,1722,752,3014,24,11,51,75,85,141,97,262,147,193,78,65,80,130,62,307,29115,1808,3,0,0,0,0,1,0
2021-01-19T23:59:59+01:00,1,2,341,410,839,1397,1180,2618,1568,4095,1914,3254,848,843,834,1427,630,2567,20,8,36,53,56,76,71,175,103,130,58,50,52,96,47,238,24765,1269,2,0,0,0,0,1,0
2021-01-18T23:59:59+01:00,1,2,300,373,726,1210,1061,2365,1375,3595,1673,2872,708,689,674,1171,526,2122,8,4,12,18,19,26,23,51,25,46,13,11,13,33,11,72,21441,385,1,0,0,0,0,1,0
2021-01-17T23:59:59+01:00,1,2,258,319,660,1115,982,2194,1277,3323,1559,2660,662,659,645,1111,498,2054,0,0,1,0,3,2,2,1,2,2,1,4,1,0,0,1,19978,20,1,0,0,0,0,0,0
2021-01-16T23:59:59+01:00,1,2,241,288,644,1080,958,2132,1236,3212,1508,2586,646,641,637,1111,498,2053,0,0,0,0,1,2,1,1,1,2,0,1,1,0,0,1,19473,11,1,0,0,0,0,0,0
2021-01-15T23:59:59+01:00,1,2,226,254,614,1030,931,2054,1202,3095,1456,2490,615,615,630,1090,491,2041,0,0,0,0,0,0,0,0,0,0,0,0,0,0,0,0,18837,0,0,0,0,0,0,0,0
2021-01-14T23:59:59+01:00,1,2,196,204,553,909,842,1910,1107,2874,1341,2305,571,571,592,1044,484,1995,0,0,0,0,0,0,0,0,0,0,0,0,0,0,0,0,17501,0,0,0,0,0,0,0,0
2021-01-13T23:59:59+01:00,1,2,166,185,505,838,770,1785,1008,2637,1187,2082,455,452,450,824,368,1550,0,0,0,0,0,0,0,0,0,0,0,0,0,0,0,0,15265,0,0,0,0,0,0,0,0
2021-01-12T23:59:59+01:00,1,2,143,164,474,769,719,1630,919,2434,1079,1849,365,343,350,592,270,1114,0,0,0,0,0,0,0,0,0,0,0,0,0,0,0,0,13217,0,0,0,0,0,0,0,0
2021-01-11T23:59:59+01:00,0,1,114,127,398,638,629,1377,755,1976,847,1459,227,202,200,357,153,673,0,0,0,0,0,0,0,0,0,0,0,0,0,0,0,0,10133,0,0,0,0,0,0,0,0
2021-01-10T23:59:59+01:00,0,1,88,92,308,459,473,998,546,1448,623,1062,189,178,184,343,147,659,0,0,0,0,0,0,0,0,0,0,0,0,0,0,0,0,7798,0,0,0,0,0,0,0,0
2021-01-09T23:59:59+01:00,0,1,78,84,261,396,402,866,479,1231,547,904,183,168,179,338,147,657,0,0,0,0,0,0,0,0,0,0,0,0,0,0,0,0,6921,0,0,0,0,0,0,0,0
2021-01-08T23:59:59+01:00,0,1,65,64,188,288,304,585,365,933,441,685,175,163,163,326,145,657,0,0,0,0,0,0,0,0,0,0,0,0,0,0,0,0,5548,0,0,0,0,0,0,0,0
2021-01-07T23:59:59+01:00,0,0,46,24,81,121,139,231,163,419,223,340,130,127,144,276,131,602,0,0,0,0,0,0,0,0,0,0,0,0,0,0,0,0,3197,0,0,0,0,0,0,0,0
2021-01-06T23:59:59+01:00,0,0,34,18,70,92,118,180,135,342,194,276,111,98,116,227,112,517,0,0,0,0,0,0,0,0,0,0,0,0,0,0,0,0,2640,0,0,0,0,0,0,0,0
2021-01-05T23:59:59+01:00,0,0,31,13,60,88,107,166,120,328,180,253,109,94,115,220,109,499,0,0,0,0,0,0,0,0,0,0,0,0,0,0,0,0,2492,0,0,0,0,0,0,0,0
2021-01-04T23:59:59+01:00,0,0,28,12,57,85,99,158,115,313,178,241,108,90,108,206,99,461,0,0,0,0,0,0,0,0,0,0,0,0,0,0,0,0,2358,0,0,0,0,0,0,0,0
2021-01-03T23:59:59+01:00,0,0,28,12,57,85,99,158,115,313,178,241,108,90,107,205,99,461,0,0,0,0,0,0,0,0,0,0,0,0,0,0,0,0,2356,0,0,0,0,0,0,0,0
2021-01-02T23:59:59+01:00,0,0,28,12,57,85,99,158,115,313,177,241,108,90,107,205,99,461,0,0,0,0,0,0,0,0,0,0,0,0,0,0,0,0,2355,0,0,0,0,0,0,0,0
2021-01-01T23:59:59+01:00,0,0,28,12,57,85,99,158,115,313,175,240,108,90,107,205,99,461,0,0,0,0,0,0,0,0,0,0,0,0,0,0,0,0,2352,0,0,0,0,0,0,0,0
2020-12-31T23:59:59+01:00,0,0,28,12,57,85,99,158,115,313,175,240,108,90,107,205,99,461,0,0,0,0,0,0,0,0,0,0,0,0,0,0,0,0,2352,0,0,0,0,0,0,0,0
2020-12-30T23:59:59+01:00,0,0,27,12,57,84,98,155,115,312,175,240,108,90,107,205,99,461,0,0,0,0,0,0,0,0,0,0,0,0,0,0,0,0,2345,0,0,0,0,0,0,0,0
2020-12-29T23:59:59+01:00,0,0,20,9,42,60,75,91,85,217,128,188,83,77,78,171,80,373,0,0,0,0,0,0,0,0,0,0,0,0,0,0,0,0,1777,0,0,0,0,0,0,0,0
2020-12-28T23:59:59+01:00,0,0,9,6,18,30,31,45,40,112,53,101,36,42,40,98,43,211,0,0,0,0,0,0,0,0,0,0,0,0,0,0,0,0,915,0,0,0,0,0,0,0,0
2020-12-27T23:59:59+01:00,0,0,2,2,4,5,7,11,10,24,6,22,6,7,7,25,5,56,0,0,0,0,0,0,0,0,0,0,0,0,0,0,0,0,199,0,0,0,0,0,0,0,0
