Datum,<15_1_m,<15_1_w,15-24_1_m,15-24_1_w,25-34_1_m,25-34_1_w,35-44_1_m,35-44_1_w,45-54_1_m,45-54_1_w,55-64_1_m,55-64_1_w,65-74_1_m,65-74_1_w,75-84_1_m,75-84_1_w,>84_1_m,>84_1_w,<15_2_m,<15_2_w,15-24_2_m,15-24_2_w,25-34_2_m,25-34_2_w,35-44_2_m,35-44_2_w,45-54_2_m,45-54_2_w,55-64_2_m,55-64_2_w,65-74_2_m,65-74_2_w,75-84_2_m,75-84_2_w,>84_2_m,>84_2_w,bp_1,bp_2,mo_1,mo_2,az_1,az_2,ja,unb_1,unb_2
2021-10-27T23:59:59+02:00,11414,10664,61900,58073,68100,63655,76587,77590,97771,99567,108741,107504,74461,80782,52284,64181,15138,26096,9816,9105,56913,53781,63919,59349,72606,73259,93598,95181,104970,103976,72719,78808,51079,62674,14636,25070,850382,806330,71195,68595,182643,176133,50343,41,58
2021-10-26T23:59:59+02:00,11331,10566,61760,57922,67928,63493,76429,77481,97659,99473,108663,107448,74431,80751,52261,64155,15128,26082,9756,9031,56771,53668,63825,59241,72536,73191,93526,95120,104925,103932,72698,78785,51056,62646,14629,25060,848973,805378,71137,68571,182640,176123,50267,40,57
2021-10-25T23:59:59+02:00,11308,10547,61708,57877,67886,63461,76385,77443,97624,99455,108644,107430,74422,80740,52260,64150,15125,26081,9734,9011,56711,53630,63789,59213,72510,73156,93500,95102,104909,103916,72696,78780,51054,62642,14629,25058,848592,805052,71128,68566,182640,176123,50242,40,57
2021-10-24T23:59:59+02:00,11265,10509,61600,57801,67785,63373,76302,77370,97547,99410,108608,107401,74408,80726,52254,64148,15122,26080,9686,8971,56634,53553,63713,59131,72447,73107,93451,95050,104879,103879,72672,78765,51045,62633,14626,25056,847922,804446,71076,68554,182640,176114,50127,40,57
2021-10-23T23:59:59+02:00,11261,10506,61589,57788,67767,63357,76291,77355,97532,99402,108603,107396,74407,80725,52254,64148,15122,26080,9683,8969,56627,53542,63699,59123,72441,73092,93441,95043,104876,103875,72670,78763,51045,62631,14626,25055,847834,804381,71062,68546,182639,176113,50104,40,57
2021-10-22T23:59:59+02:00,11198,10458,61435,57676,67590,63223,76151,77235,97407,99301,108526,107348,74390,80705,52250,64140,15121,26075,9630,8921,56513,53445,63619,59044,72369,73020,93373,94988,104839,103848,72653,78745,51040,62621,14626,25055,846650,803655,70986,68515,182638,176111,50011,40,57
2021-10-21T23:59:59+02:00,11121,10381,61286,57557,67436,63098,76023,77114,97283,99212,108438,107282,74362,80676,52237,64113,15116,26066,9559,8820,56386,53315,63493,58919,72287,72919,93277,94906,104782,103799,72619,78710,51030,62598,14620,25050,845378,802545,70955,68491,182637,176109,49887,40,57
2021-10-20T23:59:59+02:00,11079,10331,61185,57455,67335,62995,75936,77029,97199,99151,108389,107244,74346,80656,52226,64103,15111,26059,9477,8761,56260,53178,63389,58818,72216,72809,93211,94848,104712,103744,72593,78678,51017,62573,14617,25040,844490,801488,70936,68466,182635,176107,49823,40,57
2021-10-19T23:59:59+02:00,11028,10282,61122,57384,67258,62915,75866,76965,97149,99112,108349,107210,74321,80638,52211,64078,15100,26042,9393,8674,56120,53066,63272,58706,72128,72718,93130,94750,104645,103674,72543,78632,50999,62536,14610,25020,843776,800253,70916,68442,182634,176105,49759,40,57
2021-10-18T23:59:59+02:00,10985,10238,61046,57314,67179,62851,75812,76908,97105,99061,108307,107165,74307,80618,52201,64052,15096,26026,9341,8624,56004,52922,63144,58572,72038,72620,93046,94652,104588,103617,72501,78595,50972,62508,14599,25003,843097,799060,70887,68428,182634,176094,49707,40,57
2021-10-17T23:59:59+02:00,10957,10212,61002,57276,67143,62815,75786,76885,97064,99025,108295,107142,74297,80606,52197,64039,15090,26019,9285,8577,55909,52843,63062,58480,71974,72536,92989,94596,104550,103575,72474,78564,50960,62481,14593,24985,842732,798242,70880,68404,182634,176073,49657,40,57
2021-10-16T23:59:59+02:00,10953,10208,60996,57272,67135,62807,75779,76881,97058,99023,108294,107139,74296,80606,52197,64038,15090,26019,9278,8572,55904,52829,63056,58474,71970,72532,92986,94591,104548,103571,72473,78562,50960,62481,14593,24985,842689,798195,70877,68396,182634,176073,49644,40,57
2021-10-15T23:59:59+02:00,10915,10162,60907,57209,67076,62744,75721,76821,97010,98972,108256,107116,74285,80591,52195,64037,15088,26017,9229,8523,55785,52710,62982,58401,71904,72459,92921,94533,104501,103528,72456,78544,50950,62465,14592,24981,842075,797374,70856,68351,182634,176072,49610,40,57
2021-10-14T23:59:59+02:00,10868,10102,60797,57114,67019,62649,75657,76748,96948,98915,108221,107068,74271,80572,52183,64023,15084,26011,9123,8441,55617,52578,62864,58272,71833,72363,92817,94443,104440,103459,72421,78511,50927,62431,14582,24968,841313,796133,70841,68325,182631,176058,49517,40,57
2021-10-13T23:59:59+02:00,10814,10061,60706,57033,66952,62557,75587,76682,96889,98877,108171,107027,74249,80550,52168,64004,15077,26001,9055,8380,55482,52449,62759,58146,71737,72267,92739,94359,104361,103384,72383,78478,50907,62397,14571,24948,840562,794953,70826,68314,182629,176038,49440,40,57
2021-10-12T23:59:59+02:00,10757,10011,60600,56950,66852,62475,75520,76627,96844,98824,108133,106993,74224,80526,52158,63992,15072,25992,8981,8318,55350,52299,62651,58030,71651,72161,92682,94276,104289,103317,72344,78430,50884,62366,14566,24930,839783,793770,70817,68293,182627,176030,49375,40,57
2021-10-11T23:59:59+02:00,10705,9962,60501,56887,66761,62376,75444,76558,96781,98770,108080,106949,74197,80495,52140,63964,15057,25970,8920,8262,55224,52171,62525,57897,71574,72053,92604,94202,104213,103250,72298,78386,50856,62331,14553,24908,838948,792592,70797,68274,182620,176021,49283,40,57
2021-10-10T23:59:59+02:00,10678,9937,60441,56846,66705,62335,75402,76515,96748,98739,108054,106929,74185,80484,52135,63956,15051,25958,8868,8220,55123,52053,62435,57774,71490,71968,92530,94117,104150,103198,72267,78356,50835,62309,14547,24896,838541,791606,70788,68264,182617,176007,49202,40,57
2021-10-09T23:59:59+02:00,10677,9934,60432,56838,66693,62328,75397,76509,96743,98730,108049,106927,74185,80480,52135,63956,15051,25957,8856,8212,55102,52037,62422,57758,71479,71959,92522,94111,104143,103194,72264,78355,50835,62309,14547,24896,838483,791493,70783,68258,182616,176004,49189,40,57
2021-10-08T23:59:59+02:00,10626,9885,60338,56744,66620,62251,75343,76442,96698,98688,108017,106900,74175,80472,52128,63944,15046,25956,8814,8161,55000,51947,62345,57694,71411,71893,92473,94057,104114,103161,72256,78344,50828,62303,14545,24894,837812,790825,70758,68225,182614,175994,49139,40,57
2021-10-07T23:59:59+02:00,10561,9819,60188,56635,66529,62154,75261,76346,96626,98634,107953,106845,74151,80450,52116,63930,15039,25950,8706,8067,54869,51804,62242,57565,71304,71784,92387,93966,104029,103096,72205,78307,50804,62278,14533,24883,836864,789590,70746,68192,182613,175977,49014,40,56
2021-10-06T23:59:59+02:00,10507,9778,60055,56543,66446,62075,75185,76288,96566,98592,107904,106800,74130,80426,52099,63907,15035,25934,8632,7997,54726,51641,62148,57431,71209,71680,92283,93879,103939,103013,72167,78264,50779,62244,14523,24869,836043,788318,70735,68185,182611,175961,48904,40,56
2021-10-05T23:59:59+02:00,10441,9708,59917,56420,66348,61977,75105,76216,96489,98528,107857,106746,74109,80399,52090,63878,15029,25923,8545,7917,54541,51470,62035,57285,71095,71563,92174,93777,103868,102942,72113,78220,50755,62205,14515,24856,835105,786944,70720,68156,182608,175950,48770,40,56
2021-10-04T23:59:59+02:00,10381,9655,59775,56304,66223,61868,75017,76129,96402,98454,107795,106697,74087,80368,52069,63842,15024,25903,8470,7856,54366,51285,61920,57131,70968,71433,92093,93671,103769,102855,72078,78165,50710,62166,14505,24836,834055,785491,70707,68149,182605,175932,48649,40,56
2021-10-03T23:59:59+02:00,10337,9616,59723,56220,66162,61818,74959,76091,96373,98423,107762,106659,74075,80350,52055,63822,15020,25894,8413,7814,54251,51171,61839,57041,70880,71332,92027,93597,103703,102769,72044,78136,50691,62133,14498,24832,833547,784526,70702,68144,182592,175904,48541,40,56
2021-10-02T23:59:59+02:00,10332,9614,59715,56205,66146,61806,74951,76078,96368,98418,107760,106656,74074,80350,52054,63820,15020,25894,8408,7810,54237,51160,61826,57034,70877,71322,92023,93594,103701,102760,72041,78136,50690,62131,14497,24832,833474,784455,70691,68138,182592,175903,48527,40,56
2021-10-01T23:59:59+02:00,10277,9557,59559,56107,66070,61721,74871,76011,96315,98365,107701,106621,74058,80327,52043,63807,15019,25890,8346,7749,54123,51052,61771,56970,70830,71274,91969,93538,103666,102727,72028,78129,50686,62119,14495,24827,832641,783793,70672,68111,182590,175901,48438,40,56
2021-09-30T23:59:59+02:00,10206,9475,59422,55958,65941,61597,74770,75920,96210,98275,107614,106560,74032,80290,52027,63783,15015,25875,8267,7674,53977,50919,61679,56865,70738,71192,91890,93456,103593,102663,71992,78086,50667,62085,14495,24816,831552,782808,70643,68089,182586,175891,48210,40,56
2021-09-29T23:59:59+02:00,10129,9418,59274,55827,65822,61482,74687,75827,96115,98187,107549,106503,73993,80245,52020,63755,15010,25864,8188,7588,53822,50766,61565,56730,70643,71085,91796,93364,103497,102596,71942,78042,50642,62034,14488,24806,830542,781619,70614,68059,182583,175872,47988,40,56
2021-09-28T23:59:59+02:00,10045,9336,59133,55677,65660,61341,74582,75742,96009,98101,107468,106437,73944,80203,52000,63727,15003,25848,8113,7519,53668,50615,61427,56615,70552,70969,91719,93284,103422,102518,71902,78004,50619,62001,14484,24795,829388,780561,70602,68040,182579,175863,47706,40,56
2021-09-27T23:59:59+02:00,9986,9284,58981,55517,65520,61212,74493,75638,95905,97996,107378,106384,73898,80159,51981,63700,14995,25828,8047,7452,53517,50487,61304,56481,70459,70862,91617,93188,103337,102466,71853,77957,50597,61965,14477,24776,828337,779572,70583,68024,182574,175817,47373,40,56
2021-09-26T23:59:59+02:00,9943,9243,58896,55431,65439,61129,74437,75562,95842,97940,107331,106348,73872,80134,51967,63673,14986,25813,7999,7410,53418,50375,61218,56401,70383,70773,91547,93112,103283,102434,71824,77929,50575,61941,14471,24764,827699,778828,70565,68016,182558,175781,47176,40,56
2021-09-25T23:59:59+02:00,9935,9231,58878,55412,65423,61119,74427,75553,95836,97932,107321,106344,73872,80133,51966,63672,14986,25813,7998,7399,53392,50367,61204,56383,70371,70765,91541,93106,103273,102432,71824,77927,50575,61938,14471,24764,827621,778752,70558,68012,182556,175780,47130,40,56
2021-09-24T23:59:59+02:00,9883,9175,58766,55288,65324,61019,74338,75461,95750,97859,107262,106303,73844,80111,51958,63662,14985,25803,7944,7344,53287,50260,61128,56309,70298,70694,91470,93045,103200,102382,71798,77909,50564,61922,14466,24754,826737,777965,70540,68004,182550,175774,46975,40,56
2021-09-23T23:59:59+02:00,9793,9083,58526,55097,65146,60861,74213,75315,95605,97723,107153,106192,73798,80075,51938,63622,14973,25785,7879,7269,53107,50125,61008,56173,70182,70583,91352,92935,103107,102308,71764,77863,50546,61897,14453,24740,825322,776952,70487,67976,182546,175755,46552,40,56
2021-09-22T23:59:59+02:00,9709,9023,58338,54948,64984,60716,74093,75191,95477,97623,107053,106134,73754,80027,51912,63579,14953,25758,7804,7205,52964,49975,60889,56053,70091,70486,91260,92828,103044,102255,71723,77814,50517,61860,14439,24726,824061,775968,70468,67952,182536,175741,46216,40,56
2021-09-21T23:59:59+02:00,9639,8935,58190,54793,64837,60571,73956,75057,95339,97505,106960,106041,73720,79968,51894,63554,14945,25736,7711,7120,52818,49814,60771,55922,69989,70380,91153,92725,102948,102161,71684,77769,50491,61820,14430,24701,822783,774795,70451,67939,182532,175734,45883,40,56
2021-09-20T23:59:59+02:00,9578,8874,58051,54654,64677,60437,73838,74906,95211,97414,106872,105948,73658,79924,51867,63518,14932,25716,7655,7064,52695,49679,60646,55803,69881,70272,91053,92635,102871,102086,71631,77725,50466,61771,14423,24683,821579,773813,70437,67922,182525,175705,45543,40,56
2021-09-19T23:59:59+02:00,9526,8834,57930,54566,64565,60321,73746,74801,95138,97314,106810,105876,73641,79899,51854,63499,14930,25705,7619,7023,52585,49562,60552,55691,69786,70178,90984,92563,102792,102017,71597,77692,50445,61740,14416,24677,820793,773037,70418,67907,182513,175679,45240,40,56
2021-09-18T23:59:59+02:00,9509,8817,57904,54537,64530,60290,73719,74777,95122,97292,106798,105855,73638,79898,51851,63496,14930,25704,7610,7010,52555,49527,60521,55668,69765,70158,90964,92547,102779,101997,71593,77689,50445,61739,14415,24675,820575,772845,70408,67898,182513,175678,45180,40,56
2021-09-17T23:59:59+02:00,9422,8739,57733,54389,64396,60162,73594,74658,95017,97189,106714,105783,73603,79866,51839,63478,14923,25697,7548,6949,52388,49416,60395,55558,69673,70068,90882,92467,102706,101939,71560,77652,50430,61709,14406,24668,819427,771899,70363,67879,182511,175671,44909,40,56
2021-09-16T23:59:59+02:00,9344,8664,57518,54237,64218,59975,73414,74490,94867,97054,106559,105671,73532,79808,51817,63436,14916,25682,7485,6885,52221,49290,60243,55434,69547,69954,90772,92364,102601,101858,71515,77603,50408,61671,14399,24655,817950,770924,70346,67860,182488,175639,44426,40,56
2021-09-15T23:59:59+02:00,9251,8583,57313,54016,64035,59773,73235,74311,94720,96901,106412,105538,73472,79741,51772,63384,14906,25661,7426,6826,52061,49123,60115,55298,69422,69851,90670,92285,102493,101769,71468,77545,50374,61633,14389,24644,816194,769840,70327,67843,182484,175627,44026,40,56
2021-09-14T23:59:59+02:00,9143,8477,57124,53784,63856,59587,73090,74133,94588,96743,106288,105438,73398,79676,51742,63334,14889,25640,7351,6747,51889,48925,59960,55157,69301,69731,90560,92155,102400,101676,71417,77484,50346,61589,14381,24631,814440,768505,70315,67830,182464,175592,43717,39,56
2021-09-13T23:59:59+02:00,9081,8410,56901,53579,63699,59393,72932,73963,94439,96590,106152,105307,73345,79626,51704,63287,14869,25610,7305,6693,51719,48762,59834,55023,69220,69639,90441,92067,102304,101603,71373,77443,50318,61549,14371,24620,812743,767449,70304,67818,182450,175565,43396,39,56
2021-09-12T23:59:59+02:00,9036,8382,56780,53492,63611,59298,72855,73877,94366,96523,106090,105239,73317,79601,51690,63265,14864,25603,7258,6647,51586,48651,59734,54923,69144,69560,90366,92002,102232,101534,71337,77413,50303,61524,14366,24607,812025,766638,70287,67804,182433,175540,43150,39,55
2021-09-11T23:59:59+02:00,9030,8373,56762,53469,63593,59285,72843,73864,94360,96509,106085,105234,73316,79600,51690,63265,14864,25603,7251,6641,51566,48630,59713,54911,69129,69549,90357,91987,102230,101529,71332,77411,50303,61524,14366,24605,811947,766589,70280,67758,182430,175538,43094,39,55
2021-09-10T23:59:59+02:00,8958,8312,56600,53324,63478,59167,72735,73758,94242,96392,106009,105173,73279,79564,51676,63239,14860,25598,7219,6616,51438,48564,59649,54848,69066,69501,90292,91930,102193,101491,71311,77395,50294,61514,14362,24600,810830,766122,70248,67703,182424,175535,42868,39,55
2021-09-09T23:59:59+02:00,8887,8247,56403,53131,63312,58984,72577,73614,94095,96252,105884,105079,73220,79501,51645,63205,14856,25585,7153,6557,51252,48397,59494,54715,68933,69375,90172,91824,102078,101399,71268,77350,50266,61484,14356,24584,809476,765061,70227,67653,182405,175513,42375,38,55
2021-09-08T23:59:59+02:00,8803,8170,56224,52960,63160,58803,72434,73463,93936,96123,105790,104971,73154,79441,51616,63150,14851,25570,7078,6488,51075,48231,59369,54577,68808,69225,90046,91716,101993,101299,71213,77292,50242,61443,14352,24568,808085,763904,70201,67601,182369,175488,41967,38,55
2021-09-07T23:59:59+02:00,8715,8110,56060,52804,63042,58663,72318,73332,93830,96023,105685,104872,73103,79395,51590,63110,14844,25550,6999,6434,50906,48068,59239,54432,68684,69108,89940,91601,101893,101199,71165,77243,50220,61417,14348,24548,806834,762682,70196,67588,182366,175466,41653,38,55
2021-09-06T23:59:59+02:00,8653,8044,55912,52635,62905,58506,72215,73201,93728,95912,105605,104784,73051,79346,51558,63080,14833,25534,6933,6378,50756,47926,59100,54283,68570,68987,89859,91506,101797,101112,71116,77195,50198,61387,14341,24538,805620,761558,70169,67546,182334,175442,41381,38,55
2021-09-05T23:59:59+02:00,8623,8006,55844,52542,62841,58445,72165,73144,93682,95862,105579,104742,73031,79324,51548,63060,14826,25528,6884,6326,50665,47841,59034,54217,68507,68928,89813,91450,101757,101063,71097,77167,50185,61370,14335,24529,805101,760938,70160,67536,182314,175421,41218,38,55
2021-09-04T23:59:59+02:00,8616,8001,55824,52533,62832,58436,72157,73136,93675,95858,105576,104736,73030,79323,51548,63060,14826,25528,6880,6321,50651,47826,59018,54203,68503,68920,89806,91445,101753,101059,71096,77165,50184,61370,14335,24529,805042,760874,70157,67531,182313,175420,41184,38,55
2021-09-03T23:59:59+02:00,8550,7932,55693,52446,62759,58339,72078,73056,93597,95795,105506,104675,73000,79290,51529,63029,14819,25518,6821,6269,50535,47731,58940,54137,68444,68849,89745,91384,101689,101006,71068,77131,50163,61347,14332,24520,804123,760098,70149,67513,182306,175411,41034,38,55
2021-09-02T23:59:59+02:00,8455,7837,55501,52291,62634,58234,71984,72928,93477,95681,105401,104590,72943,79234,51497,62982,14808,25498,6726,6180,50310,47559,58795,54019,68341,68735,89611,91280,101573,100911,71011,77083,50139,61320,14324,24504,802989,758948,70106,67470,182292,175361,40587,38,55
2021-09-01T23:59:59+02:00,8379,7744,55350,52143,62504,58102,71896,72803,93385,95591,105323,104519,72905,79190,51475,62947,14801,25480,6640,6071,50135,47350,58669,53879,68261,68623,89509,91178,101468,100817,70970,77041,50113,61279,14317,24488,801879,757716,70082,67431,182278,175309,40297,38,55
2021-08-31T23:59:59+02:00,8271,7651,55190,51988,62398,57988,71818,72702,93300,95508,105239,104441,72864,79149,51453,62918,14791,25466,6525,5953,49929,47148,58550,53740,68147,68500,89411,91073,101359,100737,70924,76989,50093,61244,14305,24472,800801,756356,70074,67415,182269,175284,39989,38,55
2021-08-30T23:59:59+02:00,8195,7571,55008,51825,62287,57859,71703,72585,93176,95379,105120,104346,72814,79106,51436,62884,14769,25443,6428,5868,49732,46934,58427,53601,68048,68389,89294,90960,101244,100628,70874,76953,50066,61215,14291,24455,799607,755151,70034,67350,182237,175227,39624,38,55
2021-08-29T23:59:59+02:00,8154,7525,54918,51746,62229,57782,71635,72538,93124,95315,105072,104311,72794,79084,51421,62869,14763,25434,6373,5820,49614,46831,58339,53502,67977,68312,89239,90900,101183,100575,70849,76937,50052,61202,14285,24452,799084,754497,70032,67340,182227,175183,39367,38,55
2021-08-28T23:59:59+02:00,8136,7511,54879,51708,62198,57762,71608,72521,93106,95299,105058,104300,72789,79082,51419,62865,14763,25434,6367,5816,49576,46812,58313,53486,67956,68298,89219,90877,101176,100562,70843,76933,50050,61200,14285,24452,798878,754350,70031,67333,182225,175183,39300,38,55
2021-08-27T23:59:59+02:00,8052,7433,54697,51570,62084,57623,71512,72398,92984,95178,104947,104214,72744,79031,51396,62829,14751,25428,6332,5776,49451,46727,58234,53404,67874,68227,89141,90810,101118,100514,70807,76898,50036,61189,14283,24452,797559,753647,70026,67327,182213,175175,39069,38,55
2021-08-26T23:59:59+02:00,7988,7360,54538,51423,61961,57512,71414,72290,92879,95049,104841,104133,72702,78980,51373,62809,14746,25414,6283,5735,49288,46571,58113,53298,67775,68133,89035,90731,101049,100445,70766,76863,50012,61167,14278,24443,796505,752819,70016,67288,182204,175142,38681,38,55
2021-08-25T23:59:59+02:00,7924,7307,54394,51273,61850,57360,71308,72174,92772,94949,104739,104048,72645,78929,51345,62774,14733,25400,6214,5653,49092,46380,57988,53158,67656,68009,88922,90618,100949,100356,70709,76815,49985,61128,14272,24428,795503,751683,69990,67255,182193,175107,38232,38,55
2021-08-24T23:59:59+02:00,7813,7218,54255,51069,61724,57223,71202,72045,92655,94829,104634,103951,72592,78882,51310,62729,14725,25384,6132,5563,48873,46157,57850,52986,67547,67873,88820,90525,100857,100275,70671,76762,49960,61102,14268,24411,794102,750283,69973,67233,182183,175085,37976,38,55
2021-08-23T23:59:59+02:00,7751,7144,54072,50897,61592,57099,71089,71934,92528,94722,104535,103851,72540,78821,51276,62687,14718,25373,6072,5508,48689,45983,57733,52860,67440,67776,88716,90434,100769,100196,70630,76711,49932,61063,14264,24399,792891,749264,69943,67207,182168,175029,37620,38,55
2021-08-22T23:59:59+02:00,7723,7118,53989,50819,61539,57036,71050,71881,92485,94680,104491,103822,72520,78806,51267,62674,14717,25367,6034,5470,48570,45874,57643,52767,67366,67716,88645,90376,100726,100154,70600,76687,49917,61045,14261,24392,792466,748584,69935,67199,182148,174979,37426,38,55
2021-08-21T23:59:59+02:00,7717,7115,53962,50804,61520,57025,71034,71867,92472,94662,104481,103812,72515,78804,51267,62673,14717,25366,6030,5466,48550,45857,57622,52759,67348,67697,88627,90361,100716,100144,70598,76684,49917,61044,14261,24392,792395,748492,69892,67180,182144,174973,37373,38,55
2021-08-20T23:59:59+02:00,7686,7078,53871,50728,61446,56964,70963,71804,92407,94599,104428,103776,72490,78776,51255,62647,14708,25355,6007,5447,48457,45782,57551,52696,67279,67642,88569,90301,100656,100106,70575,76662,49911,61028,14252,24388,791850,747977,69820,67167,182141,174949,37161,38,55
2021-08-19T23:59:59+02:00,7620,6998,53739,50605,61296,56848,70846,71696,92292,94510,104332,103686,72441,78719,51226,62607,14699,25335,5980,5421,48324,45678,57435,52603,67189,67564,88478,90222,100558,100041,70542,76634,49891,61004,14248,24379,790810,747331,69784,67133,182124,174904,36768,38,55
2021-08-18T23:59:59+02:00,7545,6941,53591,50467,61169,56737,70735,71604,92183,94421,104230,103602,72382,78666,51191,62571,14689,25314,5946,5378,48205,45551,57316,52505,67099,67490,88361,90133,100482,99966,70496,76594,49870,60978,14240,24362,789806,746610,69754,67098,182113,174853,36356,38,55
2021-08-17T23:59:59+02:00,7462,6860,53427,50303,61061,56612,70619,71482,92078,94316,104122,103502,72331,78623,51163,62545,14681,25303,5896,5339,48012,45373,57183,52366,66977,67383,88230,90037,100372,99870,70440,76545,49845,60957,14233,24350,788726,745576,69732,67064,182108,174798,35915,38,55
2021-08-16T23:59:59+02:00,7389,6797,53297,50172,60964,56498,70519,71387,91984,94211,104029,103402,72288,78572,51133,62501,14673,25295,5872,5304,47872,45255,57076,52296,66882,67299,88131,89950,100285,99776,70392,76503,49820,60927,14225,24345,787852,744945,69684,67007,182093,174731,35473,38,54
2021-08-15T23:59:59+02:00,7340,6757,53219,50091,60895,56428,70453,71327,91926,94160,103974,103355,72253,78542,51125,62485,14669,25286,5851,5286,47766,45160,56984,52207,66812,67237,88053,89886,100230,99728,70354,76468,49805,60906,14220,24333,787378,744460,69671,66976,182079,174649,35148,38,53
2021-08-14T23:59:59+02:00,7318,6741,53146,50021,60845,56384,70417,71280,91889,94121,103935,103319,72232,78534,51116,62474,14667,25283,5775,5232,47527,44887,56817,52019,66659,67083,87918,89764,100115,99621,70304,76425,49794,60883,14216,24328,786893,742629,69664,66970,182079,174638,35077,38,53
2021-08-13T23:59:59+02:00,7277,6705,53035,49925,60761,56304,70364,71211,91813,94064,103885,103274,72209,78511,51104,62463,14665,25276,5548,5017,47023,44388,56576,51751,66429,66828,87645,89511,99919,99416,70217,76323,49755,60823,14210,24307,786137,739148,69660,66960,182079,174564,34961,38,53
2021-08-12T23:59:59+02:00,7246,6678,52934,49855,60702,56225,70289,71161,91742,94005,103824,103228,72175,78478,51090,62447,14663,25262,5328,4843,46524,43942,56300,51447,66168,66606,87388,89288,99575,99141,70105,76187,49699,60759,14199,24278,785699,736093,69634,66923,182063,174110,34599,38,52
2021-08-11T23:59:59+02:00,7180,6609,52768,49684,60571,56106,70205,71067,91634,93901,103723,103121,72115,78413,51058,62405,14656,25246,5052,4560,45844,43322,55929,51065,65906,66308,87093,89023,99238,98773,69965,76041,49638,60656,14187,24249,784522,731972,69613,66886,182054,173675,34264,38,52
2021-08-10T23:59:59+02:00,7103,6525,52569,49497,60425,55986,70097,70944,91509,93771,103599,103016,72062,78355,51027,62374,14648,25237,4829,4319,44887,42414,55258,50410,65410,65854,86632,88538,98746,98316,69760,75842,49538,60555,14166,24210,783159,725700,69604,66834,182046,173173,33925,38,52
2021-08-09T23:59:59+02:00,7059,6478,52458,49404,60347,55912,70039,70884,91441,93698,103527,102957,72019,78319,51021,62358,14644,25229,4588,4103,43880,41352,54543,49719,64935,65422,86187,88103,98230,97847,69571,75618,49448,60429,14138,24171,782591,719236,69534,66759,182034,172612,33625,38,52
2021-08-08T23:59:59+02:00,7013,6437,52393,49336,60307,55880,70001,70858,91384,93651,103474,102917,71998,78297,51007,62337,14638,25224,4573,4090,43824,41289,54480,49673,64871,65384,86115,88045,98163,97797,69545,75587,49427,60403,14130,24164,782305,718948,69527,66743,182020,172529,33288,38,52
2021-08-07T23:59:59+02:00,6974,6396,52282,49208,60229,55804,69943,70793,91314,93588,103424,102869,71981,78280,50998,62331,14638,25223,4260,3779,42858,40266,53925,49101,64434,64979,85740,87647,97843,97450,69402,75444,49371,60321,14113,24146,781517,712579,69523,66726,182020,172521,33203,38,50
2021-08-06T23:59:59+02:00,6931,6334,52148,49079,60156,55738,69877,70712,91234,93512,103364,102812,71957,78257,50987,62312,14636,25219,3949,3557,42176,39653,53682,48834,64211,64736,85505,87425,97614,97247,69318,75353,49329,60280,14107,24133,780643,708959,69519,66644,182019,172384,33072,38,50
2021-08-05T23:59:59+02:00,6821,6227,51894,48855,59980,55549,69736,70567,91071,93365,103222,102675,71896,78194,50959,62272,14623,25200,3756,3387,41339,38957,53162,48374,63839,64387,85047,87025,96991,96728,69131,75169,49263,60182,14088,24102,779021,704408,69466,66593,181985,171255,32621,38,50
2021-08-04T23:59:59+02:00,6732,6141,51699,48622,59833,55370,69623,70416,90936,93250,103103,102558,71835,78130,50933,62226,14612,25171,3382,3032,40495,38169,52792,47971,63517,64067,84675,86697,96579,96321,68968,74998,49186,60085,14072,24068,777611,699816,69430,66574,181971,170469,32165,38,50
2021-08-03T23:59:59+02:00,6659,6084,51529,48485,59708,55240,69532,70325,90837,93151,103006,102477,71781,78094,50913,62200,14604,25155,3253,2930,39495,37223,51997,47288,62973,63534,84157,86212,95865,95691,68724,74782,49094,59968,14051,24023,776573,693564,69421,66551,181964,169286,31809,38,50
2021-08-02T23:59:59+02:00,6611,6041,51393,48345,59616,55161,69448,70256,90783,93078,102926,102415,71741,78052,50892,62177,14597,25142,3085,2752,38221,36060,51032,46476,62256,62946,83550,85646,95065,94989,68471,74525,49006,59834,14031,23984,775875,685928,69373,66500,181936,167974,31477,38,50
2021-08-01T23:59:59+02:00,6569,5986,51222,48183,59461,55046,69355,70142,90675,92987,102838,102322,71699,78015,50870,62137,14592,25126,3061,2734,38037,35926,50872,46376,62125,62853,83372,85503,94612,94586,68354,74415,48967,59785,14020,23964,774825,685282,69344,66441,181918,166664,31125,38,50
2021-07-31T23:59:59+02:00,6526,5952,51128,48062,59406,54974,69306,70098,90635,92957,102811,102297,71688,78003,50862,62133,14592,25123,2657,2353,36427,34413,49960,45507,61588,62288,82868,84990,94131,94152,68165,74210,48888,59690,14002,23931,774213,676120,69340,66432,181918,166549,31069,38,50
2021-07-30T23:59:59+02:00,6490,5899,50977,47921,59323,54893,69237,70038,90561,92877,102755,102258,71671,77979,50853,62109,14589,25119,2381,2125,34965,33008,48987,44556,60856,61596,82182,84369,93448,93576,67931,73973,48784,59540,13983,23900,773446,666582,69315,66421,181912,166244,30863,38,50
2021-07-29T23:59:59+02:00,6375,5779,50547,47553,59107,54622,69045,69848,90372,92689,102593,102121,71596,77896,50820,62054,14574,25101,2304,2061,34230,32390,48362,44106,60451,61241,81757,84018,92676,92900,67735,73815,48721,59453,13963,23869,771128,662710,69261,66274,181869,164597,30421,38,50
2021-07-28T23:59:59+02:00,6303,5716,50291,47359,58975,54467,68917,69751,90243,92565,102486,102027,71540,77839,50793,62014,14565,25084,2280,2042,33904,32096,48042,43868,60218,61017,81578,83846,92437,92700,67661,73748,48688,59420,13950,23859,769808,661001,69228,66185,181842,164075,30044,38,49
2021-07-27T23:59:59+02:00,6250,5669,50129,47217,58832,54371,68823,69662,90141,92455,102380,101950,71495,77786,50763,61980,14557,25070,2138,1927,32434,30691,46768,42773,59385,60222,80973,83314,91414,91851,67384,73463,48600,59293,13918,23818,768898,652325,69202,66114,181818,162279,29599,38,49
2021-07-26T23:59:59+02:00,6227,5640,50010,47129,58734,54283,68746,69609,90054,92394,102315,101898,71455,77749,50740,61960,14551,25061,2004,1812,31064,29430,45445,41647,58283,59235,80263,82679,90248,90820,67076,73190,48509,59176,13894,23776,768363,643237,69136,66019,181780,159982,29264,37,49
2021-07-25T23:59:59+02:00,6207,5623,49896,47024,58644,54217,68682,69550,89989,92337,102254,101850,71422,77713,50721,61937,14548,25051,1988,1804,30857,29273,45171,41449,58027,59004,79991,82469,89284,89965,66869,73016,48440,59103,13882,23752,767951,642047,69124,65900,181754,157523,28825,36,49
2021-07-24T23:59:59+02:00,6172,5594,49776,46936,58575,54155,68634,69494,89943,92293,102213,101809,71416,77706,50718,61934,14547,25047,1729,1585,29258,27681,44015,40362,57329,58289,79371,81895,88639,89398,66689,72825,48369,59001,13868,23728,767345,631970,69114,65883,181746,157383,28746,36,49
2021-07-23T23:59:59+02:00,6087,5507,49602,46758,58481,54051,68525,69390,89838,92189,102123,101713,71380,77649,50697,61903,14543,25041,1502,1366,27560,26160,42754,39271,56396,57400,78678,81277,87930,88734,66419,72551,48290,58900,13847,23698,765967,621396,69110,65717,181727,156909,28662,36,49
2021-07-22T23:59:59+02:00,5947,5394,49305,46471,58282,53845,68353,69222,89653,92036,101968,101579,71313,77566,50655,61852,14532,25022,1418,1311,26738,25330,41843,38457,55452,56571,77934,80650,86264,87226,66043,72151,48179,58769,13816,23646,764026,612899,69065,65215,181695,155437,28198,36,49
2021-07-21T23:59:59+02:00,5671,5111,48771,45942,57979,53532,68121,68943,89374,91788,101698,101312,71186,77435,50595,61787,14523,24996,1386,1285,26482,25106,41421,38175,55009,56180,77564,80368,85455,86620,65875,72023,48123,58703,13798,23621,760413,610922,69040,64936,181673,153660,27627,36,49
2021-07-20T23:59:59+02:00,5594,5037,48485,45663,57809,53323,67945,68798,89194,91633,101533,101168,71110,77367,50556,61740,14514,24968,1295,1200,25305,23951,40126,37141,53666,54974,76658,79593,84091,85274,65568,71681,48015,58566,13770,23575,758728,600508,69033,64778,181628,152077,27037,36,49
2021-07-19T23:59:59+02:00,5514,4951,48159,45337,57588,53115,67779,68596,89006,91454,101385,101007,71037,77285,50513,61689,14505,24939,1215,1138,24474,23112,38814,36018,51935,53476,75390,78537,82976,84292,65273,71425,47915,58448,13745,23535,756927,590457,69024,64632,181600,150283,26297,36,49
2021-07-18T23:59:59+02:00,5506,4950,48087,45279,57491,53036,67708,68522,88913,91387,101312,100942,71000,77244,50488,61657,14503,24927,1200,1132,24336,23011,38543,35796,51602,53185,75138,78341,82071,83522,65080,71247,47859,58376,13740,23513,756649,589391,69001,64469,181560,148052,25731,36,49
2021-07-17T23:59:59+02:00,5479,4913,47988,45201,57417,52975,67646,68465,88853,91325,101267,100923,70992,77229,50483,61650,14503,24926,1006,944,22948,21547,37154,34491,50358,51990,74532,77784,81436,82925,64951,71099,47792,58314,13731,23493,756085,578499,68996,64443,181551,147912,25592,36,49
2021-07-16T23:59:59+02:00,5376,4834,47746,44969,57293,52870,67528,68351,88715,91228,101160,100819,70946,77178,50460,61631,14497,24920,809,782,21690,20307,35856,33244,48902,50669,73521,76849,80735,82265,64731,70877,47710,58213,13712,23461,754629,566852,68994,64380,181544,147709,25343,36,49
2021-07-15T23:59:59+02:00,5234,4705,47347,44645,57084,52676,67335,68167,88502,91029,100972,100650,70848,77076,50411,61557,14488,24891,750,739,21084,19805,34928,32545,47662,49721,72336,75930,78583,80131,64131,70279,47567,58033,13693,23398,752569,557493,68977,63351,181498,145865,24557,36,49
2021-07-14T23:59:59+02:00,4860,4381,46755,44070,56850,52410,67127,67964,88288,90788,100755,100453,70741,76966,50343,61474,14476,24867,734,723,20877,19659,34665,32385,47289,49418,71804,75538,77916,79595,63807,70003,47484,57949,13670,23364,749119,555681,68961,63163,181446,143963,24026,36,47
2021-07-13T23:59:59+02:00,4769,4301,46554,43917,56685,52252,66965,67817,88130,90661,100609,100326,70668,76904,50306,61427,14472,24851,705,684,20315,19125,33639,31564,45668,47963,70042,73874,76311,78034,63431,69611,47356,57777,13641,23312,747754,544742,68944,62392,181372,142343,23528,36,47
2021-07-12T23:59:59+02:00,4704,4223,46366,43726,56533,52109,66810,67690,87957,90522,100453,100186,70592,76816,50268,61371,14465,24833,681,663,19838,18689,32852,30941,44004,46506,67659,71801,74419,76531,62900,69024,47211,57615,13613,23261,746480,533632,68921,61823,181271,139770,22936,36,47
2021-07-11T23:59:59+02:00,4699,4220,46295,43673,56470,52059,66758,67651,87894,90469,100381,100126,70554,76773,50258,61356,14462,24819,673,658,19629,18546,32501,30693,43556,46129,67197,71441,73639,75832,62500,68644,47140,57525,13597,23228,746329,531834,68910,61497,181205,137294,22456,36,47
2021-07-10T23:59:59+02:00,4573,4084,46011,43365,56284,51862,66608,67475,87760,90329,100279,100020,70498,76716,50237,61330,14459,24810,641,626,19065,17995,31556,29829,41804,44548,65713,70159,73003,75210,62335,68495,47087,57473,13590,23214,744229,521210,68904,61481,181193,137248,22357,36,47
2021-07-09T23:59:59+02:00,4444,3966,45736,43113,56116,51667,66446,67309,87608,90164,100145,99916,70445,76643,50201,61289,14454,24798,594,577,18473,17421,30582,28865,39850,42617,63415,68032,71841,74068,62061,68170,47011,57348,13572,23189,742174,507505,68890,61100,181187,136842,22192,36,47
2021-07-08T23:59:59+02:00,4415,3940,45593,42999,55990,51549,66314,67209,87483,90042,100026,99819,70390,76591,50180,61251,14443,24784,547,533,17530,16614,29179,27830,38129,41161,61284,66208,68480,70911,61162,67197,46766,57005,13527,23094,741443,492225,68830,59020,181116,134259,21606,36,47
2021-07-07T23:59:59+02:00,4403,3934,45527,42956,55905,51494,66231,67164,87430,90002,99983,99768,70374,76568,50171,61233,14439,24774,469,480,16569,15760,27785,26817,36601,39927,59663,64750,65248,67436,60145,66155,46529,56684,13477,23022,741136,476914,68781,57107,181064,132110,21339,36,47
2021-07-06T23:59:59+02:00,4351,3886,45381,42828,55779,51352,66125,67055,87321,89910,99902,99684,70336,76509,50153,61206,14436,24760,402,416,15798,15019,26706,25908,34753,38213,56262,61725,62595,64975,59390,65366,46256,56350,13437,22919,740002,459002,68761,56289,181005,129981,21171,35,47
2021-07-05T23:59:59+02:00,4288,3841,45203,42653,55626,51249,66001,66945,87204,89817,99817,99586,70273,76445,50131,61179,14433,24745,368,364,15138,14391,25756,25091,33520,37079,53159,58747,59818,62509,58551,64554,46003,56038,13392,22841,738814,442907,68722,55932,180925,127493,20940,35,47
2021-07-04T23:59:59+02:00,4279,3835,45156,42621,55560,51216,65958,66919,87166,89785,99785,99559,70249,76424,50125,61164,14427,24734,349,344,14933,14187,25317,24735,32921,36551,52494,58218,58833,61647,57889,63922,45819,55834,13373,22792,738619,438827,68690,55730,180856,124793,20762,35,46
2021-07-03T23:59:59+02:00,4059,3657,44622,42057,55243,50839,65661,66642,86919,89524,99584,99363,70176,76352,50102,61118,14423,24722,331,328,14647,13865,24963,24380,31943,35629,50748,56669,57964,60911,57715,63724,45751,55749,13361,22767,734805,430244,68675,55712,180850,124745,20698,35,46
2021-07-02T23:59:59+02:00,3750,3371,43969,41464,54917,50503,65379,66338,86646,89271,99348,99137,70073,76239,50050,61048,14417,24705,304,291,14229,13417,24267,23773,30783,34560,48114,54499,55827,59121,57320,63293,45591,55590,13345,22729,730470,417721,68658,54661,180837,124014,20626,34,31
2021-07-01T23:59:59+02:00,3612,3261,43613,41113,54715,50328,65219,66174,86492,89130,99194,99017,70003,76171,50019,61014,14409,24690,261,250,13539,12733,22965,22691,29105,33045,46102,52755,53332,56839,55895,61718,45097,54974,13272,22601,728325,404182,68594,52348,180787,120180,20434,34,30
2021-06-30T23:59:59+02:00,3601,3244,43349,40916,54531,50194,65100,66077,86400,89063,99124,98965,69976,76147,50007,60992,14405,24679,199,211,12794,12131,21795,21792,27516,31675,44248,51037,49695,52877,54566,60384,44741,54536,13216,22473,727180,388417,68542,50444,180766,116746,20249,33,30
2021-06-29T23:59:59+02:00,3384,3024,42431,40081,53924,49592,64660,65649,85987,88610,98776,98638,69851,75998,49950,60921,14386,24648,170,159,12193,11524,20996,21024,26149,30466,41624,48624,47822,51329,53596,59273,44334,53998,13122,22320,721196,376371,68489,48919,180750,113362,20042,33,29
2021-06-28T23:59:59+02:00,3166,2845,41474,39083,53258,48939,64195,65258,85604,88220,98443,98294,69711,75838,49885,60821,14368,24625,127,127,11691,11072,20337,20433,25179,29568,39529,46684,46196,49963,52487,58226,43972,53491,13042,22199,715027,366878,68378,47884,180741,109684,19848,33,29
2021-06-27T23:59:59+02:00,3161,2842,41437,39049,53212,48904,64157,65224,85552,88184,98391,98268,69691,75825,49876,60807,14363,24622,109,110,11497,10878,20011,20116,24601,29006,38503,45831,45030,48869,51454,57214,43538,52984,12960,22056,714817,362269,68349,47440,180705,105368,19661,33,29
2021-06-26T23:59:59+02:00,2679,2369,40043,37679,52488,48159,63605,64660,85065,87665,97966,97835,69500,75650,49803,60703,14344,24599,99,99,11382,10775,19841,19961,24402,28788,38023,45392,44662,48516,51340,57069,43492,52936,12955,22041,706102,359309,68322,47435,180705,105350,19650,33,29
2021-06-25T23:59:59+02:00,2272,2036,39193,36868,52137,47801,63282,64336,84784,87355,97714,97568,69396,75534,49756,60641,14330,24577,75,81,11082,10465,19458,19535,23875,28165,35334,43087,42477,46601,51002,56690,43393,52805,12931,22010,701045,347732,68186,46989,180698,104698,19618,33,29
2021-06-24T23:59:59+02:00,2218,1984,38704,36407,51786,47473,63065,64127,84550,87162,97526,97411,69314,75468,49721,60595,14324,24561,62,58,10484,9881,18393,18656,22451,26909,33234,41248,40044,44305,49520,55040,42823,52104,12814,21807,698098,334841,68157,44386,180677,101146,19431,33,29
2021-06-23T23:59:59+02:00,2205,1960,38473,36176,51624,47304,62951,64016,84452,87067,97449,97327,69283,75437,49703,60574,14320,24550,35,32,10029,9449,17766,18100,21521,26051,31302,39614,36075,39841,48226,53676,42437,51597,12734,21641,696865,319309,68125,43764,180661,97835,19189,31,29
2021-06-22T23:59:59+02:00,2126,1899,37488,35249,50873,46632,62469,63568,84077,86657,97085,97015,69134,75294,49636,60493,14307,24517,13,17,9557,9016,16896,17411,20296,24971,28174,36849,33769,37964,47268,52704,42028,51039,12594,21407,690728,307124,68080,41024,180648,94765,19032,31,28
2021-06-21T23:59:59+02:00,1979,1760,36136,34026,49852,45764,61748,62906,83580,86185,96645,96610,68965,75123,49570,60398,14296,24482,9,10,9238,8718,16434,17047,19671,24492,26428,35283,32230,36670,46217,51624,41574,50490,12489,21215,682768,299764,68052,40381,180633,91124,18542,30,28
2021-06-20T23:59:59+02:00,1968,1751,36049,33973,49708,45643,61611,62771,83500,86126,96575,96551,68931,75095,49555,60380,14296,24471,8,9,9089,8615,16216,16879,19355,24234,25611,34629,31287,35719,46022,51421,41543,50438,12480,21195,682130,295975,68013,39789,180615,90792,18166,30,28
2021-06-19T23:59:59+02:00,1600,1451,34433,32429,48802,44823,61123,62266,83029,85652,96169,96199,68782,74929,49490,60299,14281,24447,7,8,9049,8541,16112,16756,19235,24081,25505,34470,31158,35577,45926,51325,41525,50413,12476,21185,673424,294634,67996,39786,180608,90755,18146,30,28
2021-06-18T23:59:59+02:00,1404,1278,32786,30843,47595,43634,60184,61346,82223,84905,95555,95622,68563,74707,49401,60161,14265,24417,7,8,8974,8456,15953,16601,19046,23888,25252,34230,30875,35257,45632,50978,41441,50336,12463,21171,662294,292439,67862,39671,180607,90334,18096,30,28
2021-06-17T23:59:59+02:00,1329,1220,31864,30000,46730,42925,59378,60496,81481,84259,95144,95238,68421,74563,49359,60085,14251,24388,7,8,8432,8090,15263,16045,18216,23061,24149,33104,29394,33896,44306,49475,40956,49724,12343,20982,655364,283493,67748,38844,180576,87673,17413,30,28
2021-06-16T23:59:59+02:00,1246,1156,31173,29298,45927,42178,58452,59618,80704,83488,94721,94858,68285,74403,49302,59993,14231,24362,7,8,7944,7764,14648,15530,17438,22333,23008,32148,28214,32786,42409,47356,40409,49145,12235,20797,648294,273743,67623,38244,180557,85273,16891,30,28
2021-06-15T23:59:59+02:00,1104,1037,29281,27508,44179,40656,56863,57981,79317,82168,93963,94187,67998,74110,49189,59836,14198,24297,7,6,7769,7637,14338,15290,17076,22031,22487,31763,27680,32357,41471,46340,40023,48719,12111,20576,633340,270666,67575,37737,180520,82843,16407,30,28
2021-06-14T23:59:59+02:00,1011,923,27731,26038,42577,39141,55210,56331,78217,81058,93269,93559,67747,73869,49094,59715,14178,24252,6,5,7586,7464,13963,14955,16548,21585,21795,31179,27001,31763,41085,45916,39638,48268,11980,20370,620105,267984,67521,37322,180492,80002,15772,30,27
2021-06-13T23:59:59+02:00,987,898,27532,25858,42193,38809,54665,55810,77871,80751,93077,93369,67657,73789,49057,59657,14163,24227,6,5,7444,7296,13690,14660,16160,21185,21367,30688,26464,31259,40687,45511,39175,47703,11801,20084,617406,265888,67380,37253,180464,76927,15090,30,27
2021-06-12T23:59:59+02:00,858,784,26018,24266,41029,37729,53992,55076,77338,80257,92528,92845,67502,73612,48988,59580,14150,24206,6,5,7399,7246,13568,14552,16028,21072,21183,30542,26346,31158,40670,45494,39165,47692,11801,20083,607867,265107,67374,37251,180459,76597,15028,30,27
2021-06-11T23:59:59+02:00,745,675,24400,22743,39678,36537,52762,53867,76369,79405,91954,92269,67268,73377,48926,59472,14131,24171,6,5,7343,7158,13395,14365,15811,20876,20911,30282,26074,30901,40364,45118,39080,47577,11783,20054,596106,263209,67294,37106,180450,75892,14869,30,27
2021-06-10T23:59:59+02:00,644,585,23403,21734,38458,35355,51157,52363,75052,78209,90347,90721,66913,72982,48800,59298,14106,24116,6,5,7062,6933,12869,13929,15172,20304,20149,29526,25282,30224,39659,44256,38729,47159,11669,19870,583206,259743,66812,37072,180398,72164,13797,30,27
2021-06-09T23:59:59+02:00,574,536,22949,21346,37797,34832,50048,51317,73808,77013,89756,90216,66786,72837,48750,59213,14091,24086,6,5,6789,6624,12277,13324,14387,19492,19232,28501,24297,29061,37091,41335,38165,46515,11521,19631,576034,249416,66351,36999,180359,68630,13181,30,27
2021-06-08T23:59:59+02:00,468,425,21432,19882,36190,33473,47935,49357,71666,75075,88281,88737,66471,72452,48615,59052,14058,24042,6,5,6658,6450,11893,12952,13903,19003,18628,27899,23740,28524,36805,41080,37874,46148,11412,19474,558663,247756,66075,36921,180327,65234,12516,30,27
2021-06-07T23:59:59+02:00,353,331,20426,18907,34644,32142,45660,47335,69531,73197,87303,87889,66247,72186,48541,58917,14038,24006,6,5,6504,6288,11468,12601,13360,18519,17900,27310,23106,27926,36485,40776,37456,45667,11299,19275,543479,245763,65903,36851,180274,61343,11967,30,27
2021-06-06T23:59:59+02:00,330,310,20246,18761,34249,31857,45052,46761,68912,72712,87092,87724,66191,72125,48529,58891,14032,23994,6,5,6372,6113,11140,12186,12930,17947,17263,26500,22409,27119,36017,40300,36974,45115,11144,19006,540357,243314,65576,36802,180231,56830,11574,30,26
2021-06-05T23:59:59+02:00,258,245,18999,17495,32917,30643,43825,45588,68337,72194,86560,87214,66100,72023,48481,58843,14025,23982,6,5,6321,6032,11036,12023,12805,17768,17093,26289,22238,26930,35953,40224,36952,45091,11142,19001,530359,242711,65576,36390,180211,56229,11553,30,26
2021-06-04T23:59:59+02:00,177,175,17805,16344,31607,29352,42272,44091,66994,70879,85753,86462,65913,71810,48405,58751,14009,23953,6,5,6218,5890,10862,11813,12591,17512,16738,25903,21717,26492,35065,39369,36637,44791,11125,18979,517529,240868,65509,36063,180204,53277,11480,30,25
2021-06-03T23:59:59+02:00,122,122,17165,15770,30621,28525,40811,42796,65219,69348,83504,84177,65487,71357,48277,58589,13991,23915,6,5,6048,5681,10552,11457,12273,17045,16287,25242,21168,25913,34401,38578,36461,44588,11092,18929,503734,238530,64812,35676,180165,50441,11055,30,24
2021-06-02T23:59:59+02:00,93,79,16822,15459,30310,28259,40146,42174,63629,67955,82563,83375,65346,71194,48217,58506,13988,23900,6,4,5931,5589,10377,11297,12043,16829,15994,24936,20822,25520,31153,34950,36233,44365,11063,18876,496222,229827,64809,35344,180164,50003,10790,30,24
2021-06-01T23:59:59+02:00,37,44,16030,14788,28811,27153,37783,40113,60060,64770,80130,81053,64997,70830,48089,58316,13954,23846,6,4,5657,5309,9860,10863,11505,16234,15327,24140,20085,24762,30812,34654,36038,44187,11034,18814,477855,228365,63252,34839,180096,46492,9572,29,23
2021-05-31T23:59:59+02:00,29,36,15466,14309,27872,26451,35822,38448,56616,61741,78099,79350,64666,70474,47945,58141,13922,23794,6,3,5494,5101,9448,10497,11077,15753,14790,23455,19461,24057,30526,34400,35854,43994,10999,18757,462085,227683,62530,34452,180030,43007,8507,29,23
2021-05-30T23:59:59+02:00,27,33,15319,14182,27586,26220,35369,38038,55903,61121,77780,79077,64604,70417,47920,58106,13918,23783,6,3,5391,4905,9120,10135,10665,15265,14338,22652,18935,23287,29848,33685,35627,43801,10977,18695,459103,227218,62092,34372,179982,37525,8197,29,23
2021-05-29T23:59:59+02:00,25,32,14922,13790,26737,25404,33610,36446,54420,59825,77191,78510,64454,70268,47867,58053,13911,23769,6,3,5358,4830,9057,10022,10571,15147,14229,22503,18804,23148,29819,33662,35621,43793,10976,18692,448976,226735,62059,34372,179978,36919,8192,29,23
2021-05-28T23:59:59+02:00,22,31,14516,13389,25922,24659,31761,34685,52248,57819,76139,77513,64249,70016,47815,57976,13901,23746,6,3,5274,4712,8880,9878,10415,14973,14068,22266,18592,22847,29750,33615,35604,43776,10975,18687,437016,226061,61590,34366,179889,35988,7883,29,23
2021-05-27T23:59:59+02:00,18,26,13887,12922,24855,23942,30511,33756,50641,56443,73038,74527,63807,69479,47681,57814,13878,23691,6,3,5161,4477,8547,9538,10011,14540,13626,21633,18086,22248,29527,33411,35493,43664,10954,18659,424861,225410,59631,34295,179257,32718,7138,29,23
2021-05-26T23:59:59+02:00,17,24,13400,12499,23941,23297,29589,33053,49556,55517,70079,71335,63192,68868,47546,57643,13847,23645,6,3,5074,4314,8291,9221,9709,14151,13268,21032,17652,21647,29331,33244,35395,43559,10927,18607,414035,224796,57456,34177,178760,29667,6768,29,23
2021-05-25T23:59:59+02:00,17,19,13059,12202,23359,22892,28532,32192,46954,53280,67817,69209,62839,68501,47433,57494,13829,23590,6,3,4996,4193,8082,8958,9455,13774,12956,20511,17268,21097,29172,33088,35311,43453,10900,18551,402172,224243,56389,34095,178137,26922,6491,29,23
2021-05-24T23:59:59+02:00,16,18,12761,11919,22860,22509,27912,31740,44331,50846,65356,67018,62530,68202,47322,57368,13793,23533,6,3,4924,4084,7832,8724,9135,13388,12626,19998,16884,20540,29028,32948,35237,43381,10876,18504,390501,223662,55905,34028,177470,24276,6129,29,23
2021-05-23T23:59:59+02:00,16,18,12699,11850,22765,22424,27832,31661,44074,50619,64768,66469,62450,68114,47297,57350,13791,23531,6,3,4903,4069,7797,8692,9076,13354,12547,19937,16805,20485,29019,32935,35233,43374,10876,18502,388296,223379,55824,34021,177456,24067,6123,29,23
2021-05-22T23:59:59+02:00,16,18,12475,11612,22443,22116,26831,30771,42238,49043,63912,65728,62287,67923,47231,57259,13781,23508,6,3,4886,4014,7769,8628,9035,13289,12516,19851,16775,20417,29008,32925,35229,43368,10875,18501,379804,223287,55813,34021,177451,23669,6095,29,23
2021-05-21T23:59:59+02:00,16,17,12172,11361,21874,21675,26017,30079,39844,47148,61936,64059,62025,67650,47147,57171,13766,23482,6,3,4867,3987,7714,8542,8969,13200,12439,19758,16700,20331,28992,32899,35222,43358,10873,18500,369371,223090,54757,34006,177259,23218,6023,29,23
2021-05-20T23:59:59+02:00,15,17,11559,10788,20745,20781,24865,29049,38336,45869,59589,61986,61204,66749,46946,56911,13732,23426,6,3,4590,3809,7313,8251,8528,12804,11982,19246,16280,19809,28870,32803,35171,43305,10869,18490,358860,222684,52402,33894,175977,20229,5299,29,23
2021-05-19T23:59:59+02:00,15,17,11119,10475,19957,20229,24017,28449,37433,45184,56356,58349,60514,66046,46837,56776,13709,23379,6,3,4437,3649,7058,8008,8252,12476,11650,18815,15910,19386,28771,32691,35128,43229,10858,18475,348391,222201,50780,33776,174848,17989,4813,29,23
2021-05-18T23:59:59+02:00,15,17,10788,10188,19375,19778,23363,27888,36023,43956,54942,57220,60142,65619,46707,56615,13684,23354,6,3,4330,3522,6810,7773,7991,12191,11415,18412,15562,18956,28687,32599,35098,43188,10854,18468,342995,221909,48926,33694,173368,15883,4356,29,23
2021-05-17T23:59:59+02:00,14,16,10567,10007,18937,19489,22927,27577,34820,42963,53631,56183,59893,65372,46643,56516,13668,23321,6,3,4259,3436,6602,7554,7739,11896,11158,18015,15250,18548,28595,32511,35073,43147,10848,18455,338912,221608,47931,33626,171848,14014,3824,29,23
2021-05-16T23:59:59+02:00,14,15,10376,9878,18641,19285,22593,27336,34181,42503,52393,55012,59700,65207,46606,56462,13657,23301,6,3,4190,3362,6385,7388,7449,11643,10890,17662,14955,18184,28529,32449,35057,43129,10841,18451,336472,221357,47054,33564,170229,12252,3377,28,23
2021-05-15T23:59:59+02:00,14,15,10281,9778,18490,19137,22422,27191,33796,42134,51997,54634,59585,65061,46558,56417,13654,23285,6,3,4150,3326,6301,7322,7356,11540,10788,17543,14851,18054,28435,32331,34965,43036,10837,18446,334069,220268,47053,33562,170095,12233,3204,28,23
2021-05-14T23:59:59+02:00,13,15,9998,9574,18060,18894,22021,26904,31444,40355,49845,52777,59364,64832,46510,56332,13637,23263,6,3,4021,3243,6015,7157,7051,11316,10442,17192,14504,17727,27862,31625,34842,42844,10818,18417,324905,216973,47000,33556,169483,12110,2423,27,23
2021-05-13T23:59:59+02:00,13,15,9537,9205,17267,18332,21153,26223,30327,39365,47601,50603,58513,63858,46300,56049,13598,23190,6,3,3520,3049,5676,6904,6739,11007,10031,16802,14127,17293,26965,30425,34418,42325,10787,18355,316411,212375,45137,33000,167460,10919,2115,26,23
2021-05-12T23:59:59+02:00,13,15,9246,9011,16834,18075,20682,25933,29797,38979,44598,46957,57940,63216,46216,55935,13580,23165,6,3,3380,2961,5444,6793,6458,10860,9748,16593,13888,17028,26317,29602,34252,42132,10761,18322,307221,209342,44320,32974,167167,10751,1458,26,23
2021-05-11T23:59:59+02:00,13,13,8810,8732,16061,17558,19818,25313,28058,37536,42662,45454,57563,62770,46132,55800,13559,23137,6,3,3261,2830,5210,6452,6160,10447,9380,16037,13448,16467,24893,27932,33740,41504,10710,18234,301731,203357,41262,32791,164680,9253,1290,26,23
2021-05-10T23:59:59+02:00,13,12,8549,8579,15549,17303,19185,24992,27068,36846,41201,44309,57296,62497,46052,55696,13539,23106,6,2,3151,2705,4978,6217,5906,10123,9057,15559,13085,16045,23842,26601,33251,40920,10674,18176,298427,198699,40353,32763,162009,7837,978,25,21
2021-05-09T23:59:59+02:00,13,12,8393,8497,15242,17122,18802,24737,26401,36417,39422,42643,57000,62218,45997,55638,13531,23086,6,2,3031,2651,4797,6077,5737,9949,8859,15352,12917,15872,23566,26269,33106,40747,10664,18161,295453,197502,39979,32720,159008,6814,706,25,21
2021-05-08T23:59:59+02:00,13,12,8318,8424,15061,16976,18593,24537,26173,36179,39189,42452,56873,62068,45959,55601,13528,23075,6,2,3023,2632,4766,6041,5693,9903,8782,15287,12831,15802,23196,25842,32820,40433,10656,18145,293889,196313,39526,32009,158885,6811,706,25,21
2021-05-07T23:59:59+02:00,12,11,8145,8328,14733,16792,18205,24300,25750,35889,38733,42072,56598,61713,45910,55554,13521,23065,6,2,2724,2498,4416,5854,5423,9641,8466,14976,12435,15406,22097,24468,32170,39598,10628,18095,291344,192849,39094,30507,158557,5217,311,25,19
2021-05-06T23:59:59+02:00,11,11,7494,7971,13834,16192,17146,23445,24408,34774,36588,40407,55469,60392,45667,55247,13486,22998,6,2,2598,2385,4241,5658,5215,9337,8122,14535,12002,14952,20790,22791,31315,38589,10574,17981,280694,187228,37811,29548,156736,4025,274,25,18
2021-05-05T23:59:59+02:00,9,11,6956,7662,13050,15643,16110,22678,23021,33749,34756,38919,53628,58351,45346,54901,13453,22932,6,2,2511,2326,4066,5501,5025,9125,7775,14197,11633,14591,19400,21008,30120,37173,10534,17878,269223,181091,36888,28376,154943,3290,96,25,18
2021-05-04T23:59:59+02:00,9,10,6767,7570,12684,15466,15622,22407,22372,33403,33796,38220,52774,57388,45223,54774,13435,22891,6,2,2456,2256,3912,5332,4849,8871,7433,13789,11207,14132,17747,19079,29022,35841,10438,17758,265443,174273,36020,27435,153281,2362,43,24,17
2021-05-03T23:59:59+02:00,9,10,6621,7421,12306,15247,15116,22095,21664,32996,32643,37329,52476,57070,45127,54666,13420,22859,6,2,2397,2186,3818,5152,4709,8635,7215,13440,10886,13724,16544,17580,28142,34737,10373,17650,262151,168694,35559,27085,151309,1368,32,24,17
2021-05-02T23:59:59+02:00,9,10,6540,7329,12091,15075,14821,21862,21187,32675,31492,36381,52192,56779,45065,54575,13402,22828,6,2,2382,2179,3797,5119,4678,8599,7149,13369,10802,13632,16232,17184,27845,34432,10361,17636,259715,167126,35485,26971,149058,1261,31,24,15
2021-05-01T23:59:59+02:00,9,10,6522,7306,12028,15026,14741,21798,21086,32602,31365,36287,52186,56764,45061,54574,13400,22826,6,2,2379,2172,3773,5102,4637,8574,7112,13332,10741,13577,16034,16961,27730,34295,10358,17626,259145,166160,35484,26946,148907,1259,31,24,15
2021-04-30T23:59:59+02:00,9,10,6484,7267,11937,14931,14635,21679,20891,32415,31125,36096,51915,56404,45016,54521,13394,22814,6,2,2351,2151,3711,5039,4541,8465,6962,13149,10463,13314,15218,15934,26859,33221,10317,17538,257360,162952,35441,25054,148688,1190,30,24,15
2021-04-29T23:59:59+02:00,9,10,6279,7140,11616,14743,14280,21441,20372,32125,30372,35605,51266,55578,44924,54402,13367,22735,6,2,2313,2105,3618,4952,4417,8329,6768,12930,10186,13027,14242,14700,25554,31675,10255,17445,254177,157247,35346,24305,146688,928,29,24,15
2021-04-28T23:59:59+02:00,9,10,6015,6976,11239,14406,13786,20973,19732,31517,29206,34472,48597,52571,44630,54077,13304,22657,6,2,2275,2064,3551,4891,4301,8212,6608,12746,9937,12808,13101,13217,24061,29794,10193,17342,244222,151270,35219,23101,144696,709,16,24,13
2021-04-27T23:59:59+02:00,9,10,5911,6884,11086,14283,13586,20809,19453,31307,28645,34084,48391,52351,44574,54023,13295,22635,6,2,2233,2030,3462,4797,4208,8103,6442,12559,9654,12532,11884,11651,22405,27637,10114,17196,242845,144440,35171,21916,143280,531,16,24,12
2021-04-26T23:59:59+02:00,9,10,5862,6840,10969,14215,13425,20687,19226,31096,27811,33517,48053,51982,44519,53957,13286,22606,6,2,2211,2003,3407,4753,4146,8035,6339,12426,9465,12357,10965,10492,21125,25879,10053,17106,242113,139155,35144,21168,140774,421,16,23,10
2021-04-25T23:59:59+02:00,9,10,5816,6793,10864,14120,13265,20531,18979,30812,27050,32778,47555,51470,44435,53858,13272,22586,6,2,2185,1993,3377,4734,4128,8016,6306,12385,9408,12296,10803,10299,20882,25555,10043,17092,240401,138302,35101,20819,138662,363,16,23,10
2021-04-24T23:59:59+02:00,9,10,5794,6744,10787,14030,13166,20387,18845,30633,26889,32597,47454,51347,44341,53762,13268,22581,6,2,2178,1983,3352,4706,4089,7969,6234,12313,9276,12178,10646,10118,20747,25423,10027,17074,238920,137774,35083,20177,138602,344,16,23,10
2021-04-23T23:59:59+02:00,9,10,5732,6655,10654,13830,12963,20133,18534,30253,26492,32235,46507,50210,44187,53517,13245,22549,6,2,2160,1961,3309,4669,4040,7915,6139,12222,9112,12050,10379,9818,20423,25002,9979,16992,234520,136650,35023,19169,138133,333,16,23,10
2021-04-22T23:59:59+02:00,9,10,5630,6541,10444,13631,12610,19796,18022,29781,25862,31642,44778,48055,43615,52788,13199,22448,5,2,2146,1950,3270,4616,3963,7842,6010,12122,8852,11885,9945,9411,19966,24411,9929,16915,228265,134523,34910,18390,135647,301,16,23,10
2021-04-21T23:59:59+02:00,9,9,5532,6404,10214,13429,12279,19482,17519,29287,25144,30909,40496,43184,43135,52254,13132,22344,5,2,2133,1941,3234,4579,3908,7784,5929,12029,8676,11725,9613,9027,19467,23818,9863,16818,216133,132874,34843,17377,133747,278,16,23,6
2021-04-20T23:59:59+02:00,9,9,5454,6314,10020,13212,12003,19216,17096,28880,24590,30341,38741,41168,42479,51474,13060,22203,5,2,2108,1928,3193,4555,3841,7740,5797,11930,8505,11597,9329,8707,18994,23147,9766,16677,209884,131503,34753,16072,131593,224,16,23,6
2021-04-19T23:59:59+02:00,9,8,5375,6236,9859,13082,11798,19006,16733,28498,24044,29869,37181,39375,41887,50752,13006,22116,5,2,2092,1911,3158,4520,3801,7696,5757,11860,8420,11505,9091,8422,18585,22579,9719,16584,204844,129805,34695,15677,129258,203,16,21,6
2021-04-18T23:59:59+02:00,9,7,5313,6185,9728,12997,11598,18867,16452,28300,23636,29556,35868,38010,41534,50347,12972,22052,5,2,2079,1896,3130,4498,3775,7680,5713,11813,8370,11456,8993,8333,18431,22391,9706,16559,203297,129324,34653,15286,125445,198,16,20,6
2021-04-17T23:59:59+02:00,9,7,5307,6169,9694,12966,11551,18827,16375,28233,23572,29497,35557,37669,41426,50249,12966,22041,5,2,2069,1888,3103,4485,3717,7635,5643,11762,8284,11404,8882,8223,18325,22274,9685,16546,202066,128518,34644,15196,125369,196,16,20,6
2021-04-16T23:59:59+02:00,9,7,5242,6130,9605,12905,11416,18715,16163,28073,23219,29149,34474,36410,41014,49724,12946,22007,5,2,1936,1802,2874,4305,3357,7317,4873,11230,6794,10311,6354,6149,16507,20578,9490,16248,197898,119149,34554,10768,124721,193,16,19,6
2021-04-15T23:59:59+02:00,9,7,5176,6040,9403,12732,11121,18468,15667,27679,22529,28544,32576,34094,39967,48516,12865,21839,5,2,1893,1770,2807,4240,3238,7196,4656,11048,6416,10001,5896,5750,15914,19891,9298,15913,192070,116011,34501,9717,120626,184,16,19,6
2021-04-14T23:59:59+02:00,9,7,5114,5994,9237,12605,10905,18291,15265,27364,21877,28064,30648,31841,38747,47094,12790,21652,5,2,1810,1716,2723,4171,3127,7103,4455,10882,6108,9751,5417,5336,15331,19203,9094,15557,185687,113383,34362,8257,117420,129,16,19,6
2021-04-13T23:59:59+02:00,9,7,5067,5940,9100,12477,10728,18123,14922,27088,21355,27601,28543,29388,37484,45494,12646,21445,5,2,1766,1699,2686,4128,3071,7042,4321,10743,5838,9540,5074,5032,14879,18754,8958,15353,178789,111959,34296,6877,114298,33,16,18,6
2021-04-12T23:59:59+02:00,9,7,5004,5891,8992,12339,10521,17975,14601,26807,20816,27146,26502,27116,36324,44024,12516,21244,5,2,1731,1655,2656,4108,3043,6989,4262,10675,5735,9439,4907,4887,14579,18386,8845,15153,173064,111114,34217,5889,110519,32,16,18,6
2021-04-11T23:59:59+02:00,9,7,4968,5848,8898,12260,10363,17874,14337,26630,20391,26822,25299,25825,35619,43239,12427,21094,5,2,1722,1649,2634,4088,3018,6961,4227,10628,5648,9371,4815,4832,14463,18263,8806,15100,171278,110904,34146,5281,106453,26,15,18,6
2021-04-10T23:59:59+02:00,9,7,4957,5835,8856,12232,10308,17839,14269,26581,20295,26742,24983,25450,35272,42819,12420,21073,5,2,1717,1643,2625,4080,3004,6944,4197,10597,5589,9332,4737,4755,14334,18097,8759,15015,170064,110105,33421,5280,106429,26,15,18,6
2021-04-09T23:59:59+02:00,9,7,4910,5803,8772,12153,10184,17715,14101,26407,20035,26498,24143,24294,34317,41608,12388,20999,4,2,1689,1614,2568,4046,2932,6885,4046,10487,5334,9109,4321,4380,13764,17380,8529,14646,166696,106421,31904,5272,105715,26,11,17,6
2021-04-08T23:59:59+02:00,9,7,4834,5738,8625,12044,9971,17543,13705,26093,19430,26031,22433,22304,32623,39634,12239,20763,4,2,1659,1598,2514,4001,2849,6800,3899,10350,5041,8845,3862,3953,12769,16133,8045,13883,160932,101427,30998,4741,102068,22,11,17,6
2021-04-07T23:59:59+02:00,9,6,4787,5685,8441,11966,9744,17393,13387,25866,18959,25669,20626,20189,30861,37369,12121,20549,4,2,1626,1582,2460,3949,2788,6719,3792,10205,4854,8657,3598,3661,12079,15330,7668,13322,154886,98100,29820,4167,98898,13,10,13,6
2021-04-06T23:59:59+02:00,9,6,4740,5639,8297,11854,9584,17227,13067,25598,18439,25282,18770,18120,28935,34880,11918,20204,4,2,1591,1563,2436,3923,2755,6681,3730,10161,4772,8566,3489,3537,11605,14682,7382,12908,148036,95788,28855,3971,95656,12,10,12,6
2021-04-05T23:59:59+02:00,9,6,4709,5598,8201,11763,9446,17130,12854,25386,18037,24937,17041,16190,27308,32731,11771,19976,4,2,1569,1551,2405,3905,2725,6632,3687,10102,4686,8450,3376,3428,11264,14313,7224,12626,142624,94390,28419,3532,92030,11,10,10,6
2021-04-04T23:59:59+02:00,9,6,4702,5592,8193,11753,9432,17115,12828,25365,18009,24912,16909,16014,27112,32485,11762,19962,4,2,1568,1550,2403,3902,2722,6628,3685,10098,4682,8447,3367,3417,11253,14301,7221,12618,141905,94311,28326,3532,91913,11,8,8,6
2021-04-03T23:59:59+02:00,9,6,4698,5585,8179,11746,9413,17095,12789,25334,17931,24848,16829,15924,27065,32428,11757,19955,4,2,1565,1548,2394,3894,2704,6614,3662,10070,4599,8392,3250,3302,11172,14226,7215,12608,141374,93664,28300,3532,91901,11,8,8,6
2021-04-02T23:59:59+02:00,9,6,4672,5565,8120,11692,9349,17027,12650,25227,17695,24647,16376,15448,26589,31851,11725,19901,4,2,1563,1539,2380,3888,2697,6598,3641,10038,4529,8299,3180,3234,10934,13924,7063,12405,140164,92365,26887,3528,91482,11,8,8,6
2021-04-01T23:59:59+02:00,8,6,4629,5504,8008,11550,9219,16867,12377,24941,17250,24246,15624,14722,25830,30888,11598,19719,4,2,1546,1519,2351,3855,2674,6569,3602,9999,4461,8233,3067,3103,9998,12807,6449,11554,137922,88348,26223,3423,88827,10,6,8,6
2021-03-31T23:59:59+02:00,8,6,4417,5425,7897,11428,9078,16700,12158,24665,16896,23880,14927,13958,24996,29877,11488,19519,4,2,1537,1514,2337,3835,2649,6540,3552,9951,4392,8162,2979,3014,9425,12103,6084,11056,136119,85911,24759,3203,86431,10,6,8,6
2021-03-30T23:59:59+02:00,8,6,4386,5372,7823,11301,8991,16543,11996,24475,16612,23568,14326,13317,24235,28891,11349,19274,4,2,1523,1504,2316,3810,2623,6511,3512,9886,4325,8091,2852,2866,8830,11445,5733,10560,134629,83580,23543,2796,84287,5,6,8,6
2021-03-29T23:59:59+02:00,8,6,4346,5317,7723,11189,8884,16380,11837,24201,16283,23221,13781,12715,23470,27915,11189,19025,4,2,1505,1491,2297,3794,2601,6482,3478,9827,4261,8016,2799,2798,8541,11057,5544,10248,132781,82191,22783,2537,81912,5,6,8,6
2021-03-28T23:59:59+02:00,8,6,4311,5233,7639,11079,8805,16226,11702,23971,16024,22947,13452,12404,22898,27220,11014,18740,4,2,1496,1484,2275,3778,2586,6453,3438,9777,4223,7958,2751,2747,8462,10953,5499,10179,132282,81839,22258,2210,79125,4,6,8,6
2021-03-27T23:59:59+01:00,8,6,4297,5222,7613,11047,8739,16154,11602,23876,15880,22831,13247,12191,22695,27006,10979,18711,4,2,1495,1482,2272,3776,2585,6452,3424,9749,4213,7936,2743,2741,8404,10888,5464,10139,131399,81543,21612,2210,79079,4,6,8,6
2021-03-26T23:59:59+01:00,8,6,4254,5155,7503,10913,8564,15969,11267,23572,15267,22328,12326,11362,21903,26163,10832,18484,2,2,1490,1468,2267,3755,2572,6429,3407,9723,4172,7899,2713,2702,8223,10669,5343,9969,127340,80693,19999,2096,78523,4,6,8,6
2021-03-25T23:59:59+01:00,8,5,4199,4994,7340,10634,8319,15562,10883,22948,14622,21629,11652,10699,21032,25094,10513,17938,2,2,1470,1454,2235,3729,2538,6390,3371,9676,4102,7818,2583,2564,7245,9409,4726,9051,124050,76484,19217,1866,74791,4,5,8,6
2021-03-24T23:59:59+01:00,8,5,4123,4854,7203,10346,8104,15150,10619,22398,14151,21018,11046,10141,20097,24005,10180,17371,2,2,1449,1425,2208,3691,2494,6353,3329,9611,4023,7718,2484,2468,6594,8646,4341,8468,121449,73846,18024,1450,71338,2,2,6,6
2021-03-23T23:59:59+01:00,8,5,4083,4762,7096,10106,7949,14809,10356,21892,13748,20527,10578,9698,19369,23153,9866,16903,2,2,1438,1407,2182,3670,2475,6325,3270,9557,3932,7642,2391,2369,5866,7713,3888,7776,119980,70764,16916,1132,68005,2,1,6,6
2021-03-22T23:59:59+01:00,8,5,4030,4683,6968,9866,7789,14487,10096,21424,13398,20026,10184,9343,18800,22443,9672,16554,2,1,1429,1400,2175,3656,2463,6309,3246,9534,3902,7608,2330,2318,5410,7104,3530,7284,119088,68650,16513,1042,64168,2,1,6,6
2021-03-21T23:59:59+01:00,8,5,3983,4580,6834,9602,7621,14129,9875,20885,13055,19500,9864,9063,18263,21840,9483,16241,2,1,1426,1396,2174,3645,2460,6301,3240,9525,3892,7594,2316,2299,5293,6972,3472,7183,118883,68140,16116,1042,59825,2,1,6,6
2021-03-20T23:59:59+01:00,8,5,3972,4560,6799,9548,7563,14056,9791,20776,12949,19410,9777,8970,18123,21663,9432,16154,2,1,1423,1391,2170,3641,2455,6296,3226,9515,3872,7584,2281,2267,4965,6598,3283,6941,118051,66860,16021,1042,59477,2,1,6,6
2021-03-19T23:59:59+01:00,7,5,3797,4420,6506,9299,7122,13631,8878,20046,11222,18084,6914,6623,15869,19458,9070,15591,2,1,1419,1387,2165,3634,2443,6283,3214,9490,3821,7538,2214,2226,4590,6126,3014,6616,108749,65165,11300,1009,56486,2,1,6,6
2021-03-18T23:59:59+01:00,7,4,3693,4288,6329,8990,6854,13192,8490,19386,10584,17347,6199,5971,14645,17984,8552,14766,2,1,1415,1381,2142,3607,2425,6247,3185,9449,3781,7505,2169,2192,4169,5594,2731,6201,103613,63286,10293,901,53368,2,1,6,6
2021-03-17T23:59:59+01:00,7,4,3614,4215,6198,8845,6683,13015,8192,19076,10181,16957,5790,5585,13831,17062,8152,14177,2,1,1405,1368,2126,3588,2395,6215,3154,9421,3744,7469,2114,2132,3760,5148,2477,5813,100377,61557,8603,766,52597,2,1,6,6
2021-03-16T23:59:59+01:00,7,4,3535,4081,6045,8575,6476,12646,7880,18495,9634,16301,5262,5131,13015,16102,7814,13677,2,1,1396,1359,2117,3571,2379,6200,3138,9402,3719,7443,2087,2095,3240,4506,2137,5300,98053,59321,7193,762,49427,2,1,6,6
2021-03-15T23:59:59+01:00,7,4,3487,3934,5856,8302,6257,12235,7603,17923,9198,15678,4944,4846,12356,15359,7547,13214,2,1,1396,1349,2101,3556,2359,6176,3119,9353,3695,7404,2050,2044,2872,4044,1852,4904,96553,57525,6211,744,45980,2,0,6,6
2021-03-14T23:59:59+01:00,7,4,3443,3799,5626,7971,5967,11789,7294,17204,8739,14927,4621,4571,12065,15103,7499,13115,2,1,1389,1343,2085,3527,2346,6127,3101,9295,3678,7366,2043,2033,2793,3936,1799,4818,96430,57125,5595,549,41713,2,0,6,6
2021-03-13T23:59:59+01:00,7,4,3428,3758,5585,7855,5908,11666,7209,17056,8590,14772,4470,4421,11975,15018,7493,13104,2,1,1389,1343,2085,3527,2345,6127,3100,9294,3677,7366,2040,2025,2740,3881,1765,4764,95738,56914,5595,549,40980,2,0,6,6
2021-03-12T23:59:59+01:00,7,4,3409,3687,5528,7720,5848,11514,7123,16830,8454,14538,4362,4325,11701,14693,7336,12886,2,1,1389,1343,2081,3521,2344,6119,3096,9288,3675,7361,2038,2023,2652,3770,1681,4675,94306,56502,5587,549,40066,2,0,6,6
2021-03-11T23:59:59+01:00,7,4,3332,3493,5320,7420,5615,11097,6783,16162,8016,13900,4018,3989,10620,13436,6678,11972,2,1,1384,1341,2070,3507,2325,6094,3073,9255,3651,7328,2008,1998,2412,3504,1525,4456,90102,55409,5151,517,36603,2,0,6,6
2021-03-10T23:59:59+01:00,7,4,3236,3375,5102,7149,5403,10735,6513,15616,7679,13354,3795,3761,9974,12644,6289,11434,2,1,1379,1330,2043,3469,2296,6004,3025,9133,3594,7209,1964,1921,2196,3267,1391,4262,87626,54195,4775,283,33663,2,0,6,6
2021-03-09T23:59:59+01:00,6,4,3163,3248,4937,6960,5200,10449,6282,15181,7382,12845,3611,3554,9336,11943,5914,10907,2,1,1372,1319,2008,3409,2265,5902,2963,8990,3526,7127,1934,1895,1916,2949,1219,4015,85340,52769,4512,35,31064,2,0,6,6
2021-03-08T23:59:59+01:00,6,4,3098,3091,4708,6695,4961,10096,6022,14668,7021,12259,3409,3361,8947,11499,5717,10590,2,1,1369,1301,1994,3330,2234,5805,2925,8844,3493,7033,1919,1873,1713,2717,1095,3821,83867,51430,4141,33,28138,0,0,6,6
2021-03-07T23:59:59+01:00,6,4,3066,3032,4635,6580,4877,9983,5917,14504,6904,12113,3358,3314,8860,11391,5676,10521,2,1,1363,1296,1988,3318,2226,5780,2919,8805,3481,7014,1911,1861,1658,2649,1044,3752,83506,51029,3965,33,27264,0,0,6,6
2021-03-06T23:59:59+01:00,6,4,3052,2975,4594,6488,4840,9916,5859,14384,6856,12002,3334,3291,8803,11325,5641,10478,2,1,1361,1283,1983,3304,2214,5753,2916,8778,3470,6995,1901,1837,1630,2625,1038,3743,83183,50795,3965,33,26694,0,0,6,6
2021-03-05T23:59:59+01:00,6,4,3028,2881,4535,6377,4776,9818,5796,14232,6753,11849,3289,3236,8616,11097,5518,10303,2,1,1352,1250,1951,3249,2189,5647,2875,8644,3426,6857,1857,1791,1566,2555,1016,3715,82275,49904,3957,33,25876,0,0,6,6
2021-03-04T23:59:59+01:00,4,4,2975,2690,4378,6141,4558,9505,5589,13816,6440,11460,3114,3060,7595,9801,4883,9384,2,1,1333,1201,1913,3126,2158,5464,2829,8368,3369,6625,1785,1701,1529,2503,1011,3697,78102,48577,3684,32,23605,0,0,6,6
2021-03-03T23:59:59+01:00,3,4,2936,2619,4239,5949,4392,9236,5386,13438,6184,11039,2989,2928,6944,9025,4487,8774,2,1,1321,1165,1886,3053,2136,5354,2798,8189,3316,6468,1717,1659,1488,2433,991,3643,75373,47583,3441,32,21752,0,0,6,5
2021-03-02T23:59:59+01:00,3,4,2876,2528,4053,5730,4186,8965,5189,13059,5915,10663,2842,2767,6182,8060,4015,8063,2,1,1288,1122,1859,2980,2112,5212,2748,7916,3267,6270,1644,1599,1422,2353,967,3592,72205,46317,2985,32,19904,0,0,6,5
2021-03-01T23:59:59+01:00,3,3,2837,2465,3889,5578,3999,8746,4999,12738,5676,10270,2741,2652,5688,7402,3649,7551,2,1,1282,1086,1835,2879,2086,5018,2708,7666,3207,6034,1601,1563,1372,2292,937,3549,70032,45081,2676,32,18172,0,0,6,5
2021-02-28T23:59:59+01:00,3,3,2795,2417,3731,5459,3778,8556,4815,12487,5489,9964,2684,2579,5566,7248,3587,7450,2,1,1278,1081,1830,2866,2077,4994,2701,7630,3197,6017,1592,1556,1367,2284,934,3539,69554,44910,2455,31,16596,0,0,6,5
2021-02-27T23:59:59+01:00,3,2,2780,2355,3704,5379,3744,8483,4781,12394,5454,9890,2643,2545,5233,6862,3388,7198,2,1,1271,1073,1823,2854,2064,4959,2682,7565,3181,5961,1574,1547,1361,2273,932,3538,68238,44626,2455,30,16139,0,0,6,5
2021-02-26T23:59:59+01:00,3,2,2760,2314,3662,5291,3678,8379,4719,12283,5369,9802,2566,2492,4850,6379,3110,6867,2,1,1214,1023,1773,2748,2015,4778,2626,7290,3109,5751,1513,1496,1338,2252,918,3529,66422,43342,2328,29,15770,0,0,6,5
2021-02-25T23:59:59+01:00,3,2,2588,2207,3476,5108,3493,8154,4515,11997,5150,9527,2477,2426,4400,5824,2821,6439,2,1,1198,965,1742,2639,1961,4503,2556,6894,3014,5465,1467,1453,1317,2237,915,3520,64554,41819,2001,26,14046,0,0,6,4
2021-02-24T23:59:59+01:00,3,2,2435,2074,3286,4914,3347,7950,4318,11743,4930,9277,2340,2306,3940,5312,2559,6040,1,1,1183,936,1719,2554,1925,4363,2496,6638,2961,5260,1436,1421,1299,2216,911,3497,62776,40795,1522,18,12472,0,0,6,4
2021-02-23T23:59:59+01:00,3,2,2302,1936,3108,4686,3195,7711,4143,11472,4745,9030,2251,2213,3383,4647,2216,5524,1,1,1169,888,1686,2458,1886,4172,2428,6339,2866,5000,1378,1366,1270,2172,895,3470,60563,39426,1169,15,10829,0,0,6,4
2021-02-22T23:59:59+01:00,3,2,2262,1885,3024,4593,3125,7604,4049,11286,4637,8905,2200,2172,3012,4181,1930,5137,1,1,1157,829,1654,2334,1844,3926,2352,5945,2741,4703,1315,1312,1247,2139,887,3446,58882,37824,1082,5,10037,0,0,6,4
2021-02-21T23:59:59+01:00,3,2,2226,1854,2972,4524,3045,7490,3968,11141,4571,8788,2185,2149,2928,4066,1874,5049,1,1,1154,811,1637,2282,1817,3819,2319,5789,2679,4580,1284,1289,1237,2125,880,3431,58449,37126,1049,5,9331,0,0,6,4
2021-02-20T23:59:59+01:00,3,2,2214,1851,2949,4511,3029,7454,3942,11108,4550,8766,2182,2141,2874,4009,1839,4994,1,1,1153,808,1637,2280,1816,3810,2318,5784,2678,4576,1283,1286,1236,2122,879,3430,58233,37090,1048,5,9131,0,0,6,3
2021-02-19T23:59:59+01:00,2,2,2202,1837,2913,4459,3004,7366,3897,11026,4496,8703,2174,2135,2783,3895,1754,4900,1,1,1102,799,1598,2272,1805,3801,2308,5763,2670,4563,1277,1275,1225,2117,874,3423,57811,36867,1016,4,8715,0,0,6,3
2021-02-18T23:59:59+01:00,2,2,2071,1742,2757,4276,2880,7168,3760,10740,4357,8498,2140,2102,2541,3624,1598,4677,1,1,1024,763,1526,2172,1755,3680,2235,5606,2613,4478,1263,1256,1219,2103,861,3405,56738,35954,951,4,7240,0,0,6,3
2021-02-17T23:59:59+01:00,2,2,2027,1694,2666,4144,2771,6956,3607,10399,4215,8256,2081,2018,2322,3394,1469,4484,1,1,872,698,1414,2046,1678,3490,2139,5379,2541,4305,1230,1210,1193,2058,845,3360,55663,34454,805,3,6033,0,0,6,3
2021-02-16T23:59:59+01:00,2,2,1857,1583,2490,3937,2631,6681,3446,10044,4037,7951,2036,1991,2040,3074,1295,4231,1,1,845,676,1344,1968,1609,3348,2045,5206,2446,4171,1168,1164,1133,1969,812,3258,54321,33159,769,2,4232,0,0,6,3
2021-02-15T23:59:59+01:00,2,2,1822,1528,2402,3767,2554,6408,3324,9676,3922,7681,2010,1962,1821,2834,1169,4038,1,1,827,664,1315,1920,1567,3279,1988,5034,2383,4070,1110,1123,1066,1877,792,3155,53212,32168,753,1,2951,0,0,6,3
2021-02-14T23:59:59+01:00,2,2,1732,1497,2354,3705,2512,6315,3253,9572,3875,7603,1999,1952,1763,2774,1119,3978,1,1,812,654,1299,1896,1540,3256,1954,4993,2357,4014,1100,1114,1059,1868,789,3143,52873,31846,724,1,2404,0,0,6,3
2021-02-13T23:59:59+01:00,2,2,1731,1485,2344,3698,2506,6301,3250,9556,3868,7593,1990,1932,1739,2754,1115,3968,1,1,812,654,1299,1896,1540,3256,1954,4993,2357,4014,1100,1114,1059,1868,789,3143,52716,31846,724,1,2388,0,0,6,3
2021-02-12T23:59:59+01:00,2,2,1652,1400,2243,3584,2427,6128,3146,9318,3743,7329,1943,1874,1675,2683,1092,3939,1,1,805,646,1287,1873,1527,3237,1946,4962,2341,3994,1095,1109,1058,1849,789,3112,51775,31629,724,0,1675,0,0,6,3
2021-02-11T23:59:59+01:00,2,2,1455,1264,2062,3372,2299,5836,2995,8884,3585,6982,1870,1772,1633,2619,1072,3916,1,1,776,597,1192,1694,1400,2958,1806,4601,2174,3704,1042,1045,1014,1771,748,2970,50374,29493,684,0,556,0,0,6,1
2021-02-10T23:59:59+01:00,2,2,1361,1217,1978,3243,2231,5664,2913,8605,3474,6751,1800,1725,1586,2552,1053,3854,1,1,565,515,969,1470,1260,2647,1621,4140,1970,3322,922,917,881,1513,656,2628,49199,25997,645,0,161,0,0,6,1
2021-02-09T23:59:59+01:00,2,2,1326,1167,1943,3150,2203,5479,2846,8266,3404,6493,1726,1663,1524,2491,1034,3811,1,1,303,382,752,1206,1074,2270,1414,3601,1721,2867,756,755,708,1205,522,2124,47930,21661,515,0,80,0,0,5,1
2021-02-08T23:59:59+01:00,2,2,1319,1132,1911,3032,2166,5257,2795,7988,3345,6257,1683,1629,1474,2436,1017,3788,1,1,267,342,649,1053,969,2053,1255,3207,1525,2551,655,634,607,1018,450,1839,46804,19075,345,0,79,0,0,5,1
2021-02-07T23:59:59+01:00,2,2,1293,1116,1881,2980,2140,5175,2765,7885,3303,6191,1667,1613,1459,2417,1005,3773,1,1,233,287,600,964,909,1897,1164,2981,1428,2378,614,614,585,983,440,1808,46518,17887,144,0,0,0,0,5,0
2021-02-06T23:59:59+01:00,2,2,1288,1110,1875,2968,2131,5147,2752,7841,3292,6146,1654,1605,1454,2407,1002,3772,1,1,214,254,579,926,881,1832,1121,2862,1371,2295,598,595,578,983,440,1808,46299,17339,144,0,0,0,0,5,0
2021-02-05T23:59:59+01:00,2,2,1229,1058,1826,2860,2079,4951,2691,7544,3215,5930,1591,1552,1437,2384,994,3766,1,1,198,222,543,876,845,1752,1083,2742,1318,2196,564,571,566,959,428,1783,44962,16648,144,0,0,0,0,5,0
2021-02-04T23:59:59+01:00,2,2,1217,994,1785,2712,2007,4638,2608,7098,3115,5602,1546,1519,1420,2367,989,3755,1,1,169,169,469,758,746,1611,970,2503,1205,1982,518,518,518,903,407,1663,43336,15111,36,0,0,0,0,4,0
2021-02-03T23:59:59+01:00,2,2,1199,965,1755,2631,1968,4490,2542,6836,3063,5387,1509,1487,1390,2332,970,3725,1,1,140,140,396,645,630,1373,824,2126,1011,1691,399,382,374,681,287,1258,42213,12359,36,0,0,0,0,4,0
2021-02-02T23:59:59+01:00,2,2,1182,909,1721,2530,1926,4270,2469,6504,2958,5115,1455,1440,1366,2301,960,3700,1,1,117,116,320,523,525,1135,679,1796,822,1382,298,279,293,499,225,947,40770,9958,36,0,0,0,0,4,0
2021-02-01T23:59:59+01:00,1,2,1169,849,1685,2407,1875,4025,2392,6114,2835,4819,1388,1358,1336,2255,947,3671,0,0,84,76,221,352,351,742,430,1159,480,860,186,170,172,298,126,562,39088,6269,36,0,0,0,0,4,0
2021-01-31T23:59:59+01:00,1,2,1165,831,1668,2350,1850,3903,2360,5930,2768,4700,1357,1335,1325,2239,940,3655,0,0,73,70,187,281,273,575,341,905,398,693,160,155,160,289,122,548,38342,5230,33,0,0,0,0,4,0
2021-01-30T23:59:59+01:00,1,2,1165,828,1667,2345,1848,3892,2358,5919,2765,4690,1356,1331,1324,2238,940,3654,0,0,70,63,154,233,245,507,306,787,355,618,159,148,155,285,122,547,38287,4754,32,0,0,0,0,4,0
2021-01-29T23:59:59+01:00,1,2,1113,819,1628,2338,1837,3885,2350,5904,2757,4679,1352,1328,1320,2238,940,3654,0,0,62,45,117,178,201,353,250,639,311,490,148,139,144,275,119,546,38111,4017,30,0,0,0,0,4,0
2021-01-28T23:59:59+01:00,1,2,1039,793,1572,2275,1804,3816,2303,5833,2724,4627,1340,1316,1311,2232,928,3640,0,0,40,20,75,105,132,206,155,383,203,293,115,106,118,221,107,496,37525,2775,27,0,0,0,0,4,0
2021-01-27T23:59:59+01:00,1,2,891,741,1476,2199,1736,3702,2230,5704,2666,4501,1311,1271,1282,2194,912,3605,0,0,31,13,63,87,106,162,122,326,176,248,107,88,105,201,103,459,36402,2397,18,0,0,0,0,4,0
2021-01-26T23:59:59+01:00,1,2,877,721,1413,2123,1675,3572,2143,5532,2578,4389,1252,1231,1232,2121,887,3545,0,0,30,12,60,84,102,156,118,311,175,239,104,82,98,180,92,409,35277,2252,13,0,0,0,0,4,0
2021-01-25T23:59:59+01:00,1,2,863,700,1382,2061,1642,3475,2097,5363,2521,4297,1199,1206,1177,2061,869,3479,0,0,28,12,57,84,99,154,117,309,174,239,103,81,97,179,90,406,34388,2229,4,0,0,0,0,3,0
2021-01-24T23:59:59+01:00,1,2,860,699,1376,2050,1637,3458,2089,5338,2509,4265,1195,1199,1172,2054,868,3473,0,0,28,12,57,84,98,153,117,309,174,238,103,81,97,179,90,405,34238,2225,4,0,0,0,0,3,0
2021-01-23T23:59:59+01:00,1,2,860,699,1376,2050,1636,3458,2089,5338,2509,4265,1195,1199,1172,2054,868,3473,0,0,28,12,57,84,98,153,117,309,173,238,103,81,97,179,90,405,34238,2224,3,0,0,0,0,3,0
2021-01-22T23:59:59+01:00,1,2,859,689,1362,2027,1621,3434,2076,5304,2493,4246,1193,1194,1171,2031,867,3439,0,0,28,12,57,84,98,153,117,309,172,238,103,81,97,179,90,405,34003,2223,3,0,0,0,0,3,0
2021-01-21T23:59:59+01:00,1,2,827,652,1285,1870,1520,3242,1980,5033,2382,4046,1152,1134,1142,1963,830,3318,0,0,26,11,53,79,90,144,107,280,158,215,89,72,86,155,74,345,32375,1984,3,0,0,0,0,1,0
2021-01-20T23:59:59+01:00,1,2,626,555,1091,1654,1384,2967,1804,4627,2178,3705,1023,1015,1012,1722,754,3014,0,0,24,11,52,75,87,143,99,267,147,196,78,65,80,130,62,307,29130,1823,3,0,0,0,0,1,0
2021-01-19T23:59:59+01:00,1,2,342,411,840,1396,1180,2620,1568,4098,1914,3254,848,842,838,1426,629,2564,0,0,20,8,37,53,58,78,73,180,103,133,58,50,52,96,47,238,24770,1284,2,0,0,0,0,1,0
2021-01-18T23:59:59+01:00,1,2,301,374,727,1209,1062,2366,1376,3597,1673,2872,708,689,678,1170,525,2119,0,0,8,4,12,18,20,26,24,52,25,47,13,11,13,33,11,72,21447,389,1,0,0,0,0,1,0
2021-01-17T23:59:59+01:00,1,2,259,320,661,1114,983,2195,1278,3325,1559,2660,662,659,649,1110,497,2051,0,0,0,0,1,0,3,2,2,1,2,2,1,4,1,0,0,1,19984,20,1,0,0,0,0,0,0
2021-01-16T23:59:59+01:00,1,2,242,289,645,1079,959,2133,1237,3214,1508,2586,646,641,641,1110,497,2050,0,0,0,0,0,0,1,2,1,1,1,2,0,1,1,0,0,1,19479,11,1,0,0,0,0,0,0
2021-01-15T23:59:59+01:00,1,2,227,255,615,1028,932,2055,1203,3096,1456,2490,615,615,634,1089,490,2038,0,0,0,0,0,0,0,0,0,0,0,0,0,0,0,0,0,0,18841,0,0,0,0,0,0,0,0
2021-01-14T23:59:59+01:00,1,2,197,205,554,907,843,1911,1108,2875,1341,2305,571,571,594,1043,483,1992,0,0,0,0,0,0,0,0,0,0,0,0,0,0,0,0,0,0,17503,0,0,0,0,0,0,0,0
2021-01-13T23:59:59+01:00,1,2,167,185,506,836,771,1786,1009,2638,1187,2081,455,452,452,825,367,1551,0,0,0,0,0,0,0,0,0,0,0,0,0,0,0,0,0,0,15271,0,0,0,0,0,0,0,0
2021-01-12T23:59:59+01:00,1,2,143,164,475,767,720,1631,920,2435,1079,1849,365,343,352,592,270,1114,0,0,0,0,0,0,0,0,0,0,0,0,0,0,0,0,0,0,13222,0,0,0,0,0,0,0,0
2021-01-11T23:59:59+01:00,0,1,114,127,399,637,630,1377,756,1977,847,1461,227,202,202,358,153,673,0,0,0,0,0,0,0,0,0,0,0,0,0,0,0,0,0,0,10141,0,0,0,0,0,0,0,0
2021-01-10T23:59:59+01:00,0,1,88,92,308,458,474,998,547,1449,623,1064,189,178,185,344,147,659,0,0,0,0,0,0,0,0,0,0,0,0,0,0,0,0,0,0,7804,0,0,0,0,0,0,0,0
2021-01-09T23:59:59+01:00,0,1,78,84,261,395,403,866,480,1232,547,906,183,168,180,339,147,657,0,0,0,0,0,0,0,0,0,0,0,0,0,0,0,0,0,0,6927,0,0,0,0,0,0,0,0
2021-01-08T23:59:59+01:00,0,1,65,64,188,287,305,585,366,934,441,687,175,163,164,327,145,657,0,0,0,0,0,0,0,0,0,0,0,0,0,0,0,0,0,0,5554,0,0,0,0,0,0,0,0
2021-01-07T23:59:59+01:00,0,0,46,24,80,120,140,231,164,421,223,342,130,127,145,277,131,602,0,0,0,0,0,0,0,0,0,0,0,0,0,0,0,0,0,0,3203,0,0,0,0,0,0,0,0
2021-01-06T23:59:59+01:00,0,0,34,18,70,92,119,180,136,344,194,278,111,98,116,227,112,517,0,0,0,0,0,0,0,0,0,0,0,0,0,0,0,0,0,0,2646,0,0,0,0,0,0,0,0
2021-01-05T23:59:59+01:00,0,0,31,13,60,88,108,166,120,329,180,255,109,94,115,220,109,499,0,0,0,0,0,0,0,0,0,0,0,0,0,0,0,0,0,0,2496,0,0,0,0,0,0,0,0
2021-01-04T23:59:59+01:00,0,0,28,12,57,85,100,158,115,314,178,243,108,90,108,206,99,461,0,0,0,0,0,0,0,0,0,0,0,0,0,0,0,0,0,0,2362,0,0,0,0,0,0,0,0
2021-01-03T23:59:59+01:00,0,0,28,12,57,85,100,158,115,314,178,243,108,90,107,205,99,461,0,0,0,0,0,0,0,0,0,0,0,0,0,0,0,0,0,0,2360,0,0,0,0,0,0,0,0
2021-01-02T23:59:59+01:00,0,0,28,12,57,85,100,158,115,314,177,243,108,90,107,205,99,461,0,0,0,0,0,0,0,0,0,0,0,0,0,0,0,0,0,0,2359,0,0,0,0,0,0,0,0
2021-01-01T23:59:59+01:00,0,0,28,12,57,85,100,158,115,314,175,242,108,90,107,205,99,461,0,0,0,0,0,0,0,0,0,0,0,0,0,0,0,0,0,0,2356,0,0,0,0,0,0,0,0
2020-12-31T23:59:59+01:00,0,0,28,12,57,85,100,158,115,314,175,242,108,90,107,205,99,461,0,0,0,0,0,0,0,0,0,0,0,0,0,0,0,0,0,0,2356,0,0,0,0,0,0,0,0
2020-12-30T23:59:59+01:00,0,0,27,12,57,84,99,155,115,313,175,242,108,90,107,205,99,461,0,0,0,0,0,0,0,0,0,0,0,0,0,0,0,0,0,0,2349,0,0,0,0,0,0,0,0
2020-12-29T23:59:59+01:00,0,0,20,9,42,60,76,91,86,218,128,190,83,77,78,171,80,373,0,0,0,0,0,0,0,0,0,0,0,0,0,0,0,0,0,0,1782,0,0,0,0,0,0,0,0
2020-12-28T23:59:59+01:00,0,0,9,6,18,30,31,45,40,113,53,103,36,42,40,98,43,211,0,0,0,0,0,0,0,0,0,0,0,0,0,0,0,0,0,0,918,0,0,0,0,0,0,0,0
2020-12-27T23:59:59+01:00,0,0,2,2,4,5,7,11,10,24,6,23,6,7,7,25,5,56,0,0,0,0,0,0,0,0,0,0,0,0,0,0,0,0,0,0,200,0,0,0,0,0,0,0,0
