Datum,<15_m,<15_w,15-24_1_m,15-24_1_w,25-34_1_m,25-34_1_w,35-44_1_m,35-44_1_w,45-54_1_m,45-54_1_w,55-64_1_m,55-64_1_w,65-74_1_m,65-74_1_w,75-84_1_m,75-84_1_w,>84_1_m,>84_1_w,<24_2_m,<24_2_w,25-34_2_m,25-34_2_w,35-44_2_m,35-44_2_w,45-54_2_m,45-54_2_w,55-64_2_m,55-64_2_w,65-74_2_m,65-74_2_w,75-84_2_m,75-84_2_w,>84_2_m,>84_2_w,bp_1,bp_2,mo_1,mo_2,az_1,az_2,ja,unb_1,unb_2
2021-08-09T23:59:59+02:00,7003,6431,52516,49580,60059,55591,69599,70395,91049,93333,103131,102609,71617,78019,50513,61998,14178,24467,43789,41418,54196,49330,64413,64878,85686,87583,97691,97324,69142,75219,49016,60031,13786,23577,778555,714373,68890,66110,181484,172039,33140,19,41
2021-08-08T23:59:59+02:00,6958,6393,52453,49515,60019,55563,69567,70372,90998,93289,103081,102569,71596,77999,50501,61979,14173,24463,43737,41359,54134,49288,64359,64846,85623,87528,97631,97278,69118,75192,48999,60008,13778,23571,778284,714117,68885,66096,181470,171961,32830,19,41
2021-08-07T23:59:59+02:00,6921,6353,52345,49393,59953,55490,69512,70309,90931,93229,103031,102523,71580,77982,50491,61973,14173,24462,42780,40345,53582,48720,63930,64444,85259,87141,97314,96935,68976,75051,48943,59928,13761,23554,777514,707795,68880,66082,181470,171953,32768,19,39
2021-08-06T23:59:59+02:00,6881,6292,52207,49267,59879,55424,69447,70225,90855,93155,102975,102470,71557,77959,50480,61956,14171,24457,42113,39745,53345,48465,63715,64215,85035,86937,97096,96744,68897,74962,48902,59891,13755,23544,776650,704238,68879,66071,181469,171817,32640,19,39
2021-08-05T23:59:59+02:00,6776,6186,51957,49044,59713,55242,69308,70084,90702,93011,102841,102338,71498,77897,50454,61916,14158,24439,41299,39062,52841,48011,63355,63872,84594,86543,96490,96233,68714,74785,48837,59793,13737,23513,775063,699795,68828,66027,181440,170696,32214,19,39
2021-08-04T23:59:59+02:00,6689,6103,51763,48820,59569,55070,69202,69935,90571,92897,102723,102225,71438,77835,50428,61870,14147,24410,40464,38274,52478,47618,63044,63563,84231,86218,96083,95837,68552,74617,48762,59699,13722,23479,773680,695278,68788,66012,181428,169906,31780,19,39
2021-08-03T23:59:59+02:00,6616,6049,51596,48684,59450,54949,69113,69849,90475,92801,102630,102144,71387,77800,50408,61846,14139,24396,39481,37324,51692,46948,62508,63051,83719,85742,95381,95211,68313,74406,48671,59587,13701,23436,772663,689103,68779,65993,181421,168735,31450,19,39
2021-08-02T23:59:59+02:00,6567,6006,51463,48547,59360,54871,69032,69782,90423,92732,102556,102084,71351,77759,50388,61825,14132,24383,38208,36151,50728,46147,61804,62483,83119,85181,94587,94516,68063,74153,48586,59456,13682,23398,771979,681515,68731,65952,181394,167424,31138,19,39
2021-08-01T23:59:59+02:00,6525,5954,51293,48389,59219,54762,68940,69670,90319,92643,102471,101995,71312,77722,50367,61784,14128,24367,38029,36018,50581,46058,61678,62392,82943,85046,94141,94117,67948,74045,48549,59407,13672,23378,770943,680894,68703,65897,181376,166117,30819,19,39
2021-07-31T23:59:59+02:00,6482,5921,51198,48270,59164,54692,68892,69628,90279,92614,102445,101971,71301,77710,50359,61781,14128,24364,36429,34517,49683,45199,61143,61831,82440,84534,93661,93689,67759,73842,48472,59312,13654,23345,770341,671798,68699,65891,181376,166002,30764,19,39
2021-07-30T23:59:59+02:00,6447,5868,51047,48134,59084,54610,68822,69571,90207,92535,102390,101933,71283,77687,50350,61758,14125,24360,34966,33108,48711,44251,60421,61147,81760,83921,92983,93118,67531,73610,48368,59162,13635,23314,769587,662317,68675,65880,181370,165702,30560,19,39
2021-07-29T23:59:59+02:00,6332,5748,50616,47768,58872,54342,68631,69381,90018,92351,102231,101797,71207,77606,50318,61704,14110,24342,34243,32496,48093,43810,60024,60807,81338,83574,92226,92448,67338,73456,48306,59078,13615,23285,767283,658517,68623,65745,181328,164072,30121,19,39
2021-07-28T23:59:59+02:00,6261,5685,50361,47572,58740,54194,68510,69288,89895,92230,102126,101704,71150,77549,50294,61666,14101,24325,33918,32204,47783,43580,59802,60597,81166,83414,91991,92253,67264,73391,48277,59044,13602,23275,765986,656870,68593,65658,181301,163557,29752,19,39
2021-07-27T23:59:59+02:00,6210,5639,50204,47435,58610,54104,68418,69205,89799,92121,102020,101631,71109,77496,50265,61633,14094,24312,32461,30796,46515,42489,58974,59814,80570,82894,90978,91412,66989,73108,48190,58917,13572,23234,765125,648238,68569,65592,181277,161780,29315,19,39
2021-07-26T23:59:59+02:00,6187,5610,50084,47346,58511,54021,68343,69152,89712,92062,101956,101582,71072,77461,50241,61613,14089,24303,31094,29534,45196,41369,57876,58831,79872,82263,89813,90390,66684,72837,48101,58803,13550,23192,764597,639191,68503,65504,181239,159489,28987,19,39
2021-07-25T23:59:59+02:00,6169,5592,49970,47239,58425,53955,68283,69096,89648,92009,101899,101536,71040,77425,50224,61590,14086,24293,30886,29376,44937,41174,57624,58608,79603,82063,88856,89541,66478,72664,48034,58730,13539,23168,764195,638036,68492,65392,181217,157038,28556,19,39
2021-07-24T23:59:59+02:00,6138,5565,49857,47151,58364,53895,68238,69044,89603,91969,101862,101497,71036,77419,50221,61587,14085,24290,29276,27775,43777,40085,56930,57897,78989,81491,88218,88978,66300,72472,47963,58629,13525,23145,763624,627954,68484,65382,181214,156899,28480,19,39
2021-07-23T23:59:59+02:00,6054,5478,49680,46978,58271,53792,68131,68943,89499,91868,101772,101405,71000,77363,50201,61556,14081,24284,27580,26244,42519,39005,56007,57015,78304,80880,87513,88316,66029,72200,47885,58528,13504,23115,762266,617423,68480,65222,181195,156431,28396,19,39
2021-07-22T23:59:59+02:00,5916,5364,49386,46697,58073,53595,67960,68777,89316,91717,101620,101274,70935,77282,50161,61504,14070,24265,26761,25412,41600,38194,55067,56190,77562,80255,85845,86818,65658,71801,47778,58396,13473,23063,760357,608941,68438,64728,181164,154960,27934,19,39
2021-07-21T23:59:59+02:00,5641,5082,48851,46172,57766,53283,67730,68504,89042,91470,101352,101008,70809,77151,50103,61440,14061,24240,26507,25191,41180,37915,54633,55808,77196,79975,85039,86213,65492,71672,47723,58330,13455,23038,756768,606991,68414,64460,181143,153187,27361,19,39
2021-07-20T23:59:59+02:00,5564,5009,48570,45896,57597,53079,67558,68360,88864,91318,101189,100864,70735,77086,50064,61394,14052,24215,25342,24043,39888,36883,53304,54610,76296,79205,83685,84874,65193,71330,47618,58193,13427,22993,755108,596642,68409,64316,181102,151609,26776,19,39
2021-07-19T23:59:59+02:00,5486,4925,48244,45570,57382,52870,67393,68160,88679,91144,101042,100704,70659,77005,50024,61344,14043,24186,24513,23204,38587,35763,51576,53115,75038,78163,82579,83895,64906,71075,47527,58075,13403,22954,753324,586647,68401,64173,181075,149830,26041,19,39
2021-07-18T23:59:59+02:00,5479,4924,48179,45519,57295,52799,67330,68095,88599,91081,100972,100639,70627,76964,49998,61311,14041,24174,24378,23101,38329,35553,51253,52834,74796,77973,81683,83135,64721,70898,47471,58002,13398,22932,753070,585605,68378,64014,181036,147613,25523,19,39
2021-07-17T23:59:59+02:00,5454,4888,48085,45445,57226,52737,67270,68041,88544,91023,100929,100620,70620,76949,49993,61307,14041,24173,22986,21632,36934,34256,50007,51646,74197,77421,81052,82541,64593,70750,47405,57941,13389,22912,752537,574732,68376,63990,181033,147476,25380,19,39
2021-07-16T23:59:59+02:00,5351,4811,47844,45215,57104,52631,67155,67930,88407,90929,100826,100519,70577,76901,49971,61288,14035,24166,21726,20383,35634,33009,48556,50327,73194,76493,80351,81884,64375,70530,47325,57843,13370,22879,751112,563103,68376,63931,181027,147274,25126,19,39
2021-07-15T23:59:59+02:00,5211,4684,47451,44897,56898,52433,66965,67748,88196,90732,100640,100352,70480,76800,49924,61214,14025,24137,21118,19881,34709,32315,47328,49393,72026,75585,78204,79760,63780,69938,47183,57668,13351,22817,749076,553811,68360,62911,180982,145435,24350,19,39
2021-07-14T23:59:59+02:00,4839,4357,46859,44324,56667,52168,66763,67546,87985,90491,100424,100156,70373,76691,49859,61131,14014,24113,20916,19735,34455,32163,46964,49096,71500,75200,77540,79229,63460,69663,47102,57584,13330,22782,745636,552044,68346,62730,180931,143537,23828,19,39
2021-07-13T23:59:59+02:00,4752,4280,46664,44171,56507,52024,66603,67403,87834,90370,100288,100039,70302,76630,49822,61087,14010,24098,20354,19203,33433,31356,45361,47646,69751,73548,75945,77683,63086,69273,46974,57416,13301,22731,744337,541183,68332,61965,180863,141928,23333,19,39
2021-07-12T23:59:59+02:00,4688,4204,46482,43981,56357,51885,66450,67279,87662,90233,100136,99904,70227,76548,49785,61036,14003,24080,19878,18768,32645,30733,43702,46197,67384,71475,74058,76186,62557,68689,46832,57254,13273,22682,743093,530108,68311,61407,180772,139356,22746,18,39
2021-07-11T23:59:59+02:00,4683,4200,46410,43929,56300,51835,66401,67245,87603,90184,100065,99845,70190,76506,49775,61021,14001,24066,19673,18621,32307,30488,43261,45825,66928,71119,73283,75492,62160,68313,46762,57165,13258,22649,742956,528348,68304,61086,180709,136890,22272,18,39
2021-07-10T23:59:59+02:00,4556,4064,46126,43620,56115,51642,66255,67072,87472,90047,99967,99740,70134,76448,49755,60995,13998,24057,19113,18065,31360,29623,41518,44244,65456,69847,72652,74877,61996,68164,46709,57113,13251,22635,740872,517762,68300,61070,180698,136846,22175,18,39
2021-07-09T23:59:59+02:00,4429,3950,45853,43367,55947,51453,66100,66915,87322,89887,99837,99637,70084,76376,49719,60954,13993,24045,18517,17492,30389,28666,39558,42316,63161,67727,71492,73738,61725,67841,46634,56987,13234,22610,738850,504074,68289,60688,180692,136440,22019,18,39
2021-07-08T23:59:59+02:00,4399,3925,45720,43258,55829,51336,65973,66814,87203,89766,99718,99539,70033,76323,49699,60917,13982,24032,17579,16687,28994,27631,37843,40871,61032,65912,68147,70597,60841,66872,46393,56647,13189,22515,738143,488855,68235,58628,180623,133862,21447,18,39
2021-07-07T23:59:59+02:00,4388,3920,45653,43215,55755,51293,65892,66775,87149,89728,99675,99488,70017,76301,49690,60899,13978,24022,16614,15830,27616,26623,36324,39643,59417,64459,64937,67136,59829,65835,46157,56328,13139,22442,737862,473589,68192,56729,180570,131725,21196,18,39
2021-07-06T23:59:59+02:00,4334,3873,45510,43092,55628,51153,65789,66666,87046,89641,99598,99405,69979,76243,49672,60871,13975,24008,15842,15086,26540,25714,34493,37940,56026,61445,62299,64692,59078,65048,45885,55994,13098,22339,736754,455757,68173,55916,180514,129602,21024,18,39
2021-07-05T23:59:59+02:00,4274,3829,45335,42920,55483,51059,65675,66559,86932,89549,99514,99312,69916,76179,49651,60844,13972,23993,15183,14456,25585,24900,33274,36812,52933,58477,59533,62234,58242,64241,45636,55683,13053,22262,735598,439711,68144,55559,180438,127130,20798,18,39
2021-07-04T23:59:59+02:00,4266,3823,45289,42894,55423,51033,65636,66538,86894,89518,99482,99284,69893,76159,49645,60829,13967,23983,14974,14251,25148,24552,32678,36286,52269,57953,58552,61370,57584,63612,45454,55481,13034,22215,735427,435638,68114,55355,180370,124451,20627,18,37
2021-07-03T23:59:59+02:00,4048,3647,44754,42329,55104,50663,65347,66264,86649,89261,99287,99085,69820,76087,49622,60783,13963,23972,14688,13931,24797,24201,31701,35368,50532,56404,57688,60633,57412,63417,45387,55396,13022,22190,731638,427075,68099,55341,180364,124409,20566,18,37
2021-07-02T23:59:59+02:00,3740,3361,44103,41738,54779,50333,65067,65966,86381,89014,99052,98862,69716,75975,49570,60714,13957,23955,14274,13493,24102,23609,30552,34317,47917,54256,55563,58850,57020,62993,45228,55241,13006,22152,727324,414671,68083,54296,180351,123679,20508,17,15
2021-07-01T23:59:59+02:00,3602,3252,43751,41386,54578,50164,64913,65807,86233,88879,98902,98746,69649,75907,49540,60680,13949,23940,13583,12798,22811,22526,28883,32802,45912,52512,53072,56578,55600,61425,44733,54625,12933,22024,725218,401153,68023,51986,180302,119861,20318,17,15
2021-06-30T23:59:59+02:00,3591,3236,43482,41191,54397,50039,64801,65720,86147,88817,98834,98697,69622,75884,49528,60658,13945,23931,12827,12179,21643,21620,27293,31430,44071,50788,49443,52628,54272,60097,44377,54185,12877,21896,724107,385373,67979,50095,180283,116424,20134,17,15
2021-06-29T23:59:59+02:00,3374,3016,42568,40350,53794,49448,64371,65296,85741,88365,98488,98370,69495,75735,49471,60588,13926,23900,12227,11575,20846,20857,25950,30229,41453,48390,47578,51088,53304,58990,43970,53649,12783,21743,718143,373380,67927,48587,180269,113044,19940,17,15
2021-06-28T23:59:59+02:00,3157,2837,41606,39344,53138,48806,63915,64916,85359,87978,98157,98028,69359,75575,49406,60488,13908,23877,11726,11127,20195,20268,24992,29334,39363,46451,45956,49730,52200,57946,43608,53145,12704,21623,712001,363920,67822,47568,180260,109370,19754,17,15
2021-06-27T23:59:59+02:00,3152,2834,41573,39313,53096,48775,63880,64884,85306,87943,98107,98001,69342,75564,49397,60474,13903,23874,11532,10935,19872,19951,24417,28779,38343,45608,44801,48639,51175,56940,43175,52640,12622,21487,711809,359355,67798,47129,180224,105071,19570,17,15
2021-06-26T23:59:59+02:00,2670,2360,40173,37941,52361,48025,63326,64321,84820,87428,97685,97568,69151,75388,49324,60369,13884,23851,11418,10836,19703,19801,24221,28564,37869,45172,44436,48292,51062,56797,43129,52593,12617,21472,703070,356435,67774,47123,180224,105053,19560,17,15
2021-06-25T23:59:59+02:00,2265,2027,39318,37120,52011,47663,62997,63997,84539,87116,97434,97302,69048,75275,49278,60308,13869,23829,11114,10526,19321,19378,23702,27949,35176,42876,42257,46380,50725,56419,43030,52464,12593,21442,697994,344886,67640,46678,180218,104409,19527,17,15
2021-06-24T23:59:59+02:00,2211,1977,38829,36662,51663,47333,62784,63795,84307,86925,97250,97150,68967,75210,49243,60263,13863,23813,10514,9942,18261,18510,22283,26703,33077,41044,39828,44090,49248,54781,42461,51765,12476,21239,695072,332048,67618,44076,180196,100869,19342,17,15
2021-06-23T23:59:59+02:00,2199,1954,38603,36427,51501,47172,62680,63693,84213,86833,97178,97067,68936,75179,49226,60241,13860,23803,10060,9513,17634,17964,21351,25857,31150,39424,35874,39646,47958,53422,42076,51261,12395,21073,693872,316589,67591,43457,180182,97569,19103,17,15
2021-06-22T23:59:59+02:00,2122,1892,37616,35487,50757,46500,62203,63254,83841,86428,96815,96756,68789,75040,49160,60161,13847,23770,9586,9069,16771,17281,20133,24786,28032,36656,33573,37778,47006,52454,41667,50704,12255,20839,687752,304446,67551,40720,180173,94502,18945,17,15
2021-06-21T23:59:59+02:00,1976,1753,36256,34250,49738,45624,61485,62596,83346,85957,96377,96354,68619,74869,49095,60066,13835,23736,9274,8774,16312,16920,19507,24303,26295,35102,32047,36489,45960,51378,41214,50157,12150,20648,679776,297144,67527,40081,180157,90862,18455,17,15
2021-06-20T23:59:59+02:00,1965,1745,36172,34197,49601,45512,61354,62469,83269,85901,96310,96296,68585,74841,49080,60048,13835,23725,9127,8672,16098,16751,19188,24045,25478,34448,31110,35544,45765,51176,41183,50105,12141,20628,679172,293360,67492,39492,180140,90533,18084,17,15
2021-06-19T23:59:59+02:00,1599,1446,34554,32644,48693,44693,60865,61962,82800,85423,95902,95943,68435,74677,49015,59967,13820,23701,9085,8593,15998,16630,19071,23895,25373,34290,30983,35406,45670,51079,41165,50080,12137,20618,670445,292025,67479,39489,180134,90500,18064,17,14
2021-06-18T23:59:59+02:00,1404,1273,32900,31050,47480,43500,59929,61050,81999,84678,95285,95366,68217,74457,48926,59828,13804,23671,9010,8505,15841,16479,18887,23706,25124,34053,30698,35088,45379,50735,41079,50004,12124,20604,659298,289859,67354,39373,180133,90074,18015,17,14
2021-06-17T23:59:59+02:00,1328,1214,31967,30205,46609,42796,59126,60206,81261,84031,94877,94987,68079,74313,48884,59752,13789,23642,8473,8137,15156,15921,18064,22885,24022,32931,29220,33736,44055,49233,40594,49393,12005,20416,652369,280938,67243,38551,180100,87420,17337,17,14
2021-06-16T23:59:59+02:00,1245,1150,31272,29503,45813,42049,58208,59336,80486,83265,94459,94611,67942,74153,48827,59661,13770,23616,7982,7815,14543,15411,17299,22164,22891,31983,28049,32633,42170,47127,40052,48817,11897,20231,645316,271268,67128,37952,180084,85028,16821,17,14
2021-06-15T23:59:59+02:00,1103,1032,29384,27701,44060,40511,56627,57698,79100,81951,93706,93943,67655,73862,48717,59503,13737,23551,7805,7684,14243,15173,16938,21866,22376,31607,27526,32211,41235,46114,39672,48398,11774,20011,630352,268229,67085,37449,180049,82620,16338,17,14
2021-06-14T23:59:59+02:00,1011,919,27837,26222,42452,38994,54971,56050,78004,80846,93011,93317,67403,73622,48621,59380,13717,23507,7620,7510,13866,14843,16417,21430,21691,31028,26853,31618,40854,45694,39290,47950,11643,19806,617110,265581,67031,37040,180021,79788,15705,17,14
2021-06-13T23:59:59+02:00,987,894,27635,26039,42071,38665,54433,55531,77658,80543,92818,93127,67313,73542,48584,59324,13702,23482,7478,7340,13599,14551,16035,21039,21265,30540,26324,31120,40457,45292,38832,47386,11464,19521,614414,263510,66898,36974,179991,76732,15028,17,14
2021-06-12T23:59:59+02:00,858,779,26099,24434,40900,37580,53760,54796,77126,80047,92267,92603,67158,73364,48515,59247,13689,23461,7432,7289,13478,14442,15902,20930,21081,30393,26208,31024,40440,45276,38824,47376,11464,19520,604820,262736,66895,36972,179984,76405,14967,17,14
2021-06-11T23:59:59+02:00,744,670,24472,22898,39541,36387,52534,53590,76157,79195,91689,92028,66923,73130,48454,59139,13670,23426,7375,7200,13308,14261,15692,20739,20812,30138,25941,30770,40132,44900,38740,47262,11447,19492,593026,260861,66818,36827,179976,75712,14810,17,14
2021-06-10T23:59:59+02:00,644,583,23476,21884,38320,35204,50937,52091,74838,78005,90081,90486,66569,72736,48328,58967,13644,23372,7094,6976,12789,13826,15063,20173,20053,29388,25151,30098,39434,44040,38390,46848,11335,19309,580129,257433,66344,36795,179926,71991,13749,17,14
2021-06-09T23:59:59+02:00,574,534,23027,21493,37663,34683,49826,51054,73599,76811,89490,89982,66444,72593,48278,58882,13629,23342,6821,6665,12190,13224,14284,19367,19140,28369,24172,28944,36875,41143,37825,46205,11187,19069,572979,247168,65888,36721,179884,68457,13136,17,13
2021-06-08T23:59:59+02:00,468,423,21510,20017,36051,33316,47720,49098,71463,74878,88022,88506,66131,72207,48145,58723,13597,23298,6691,6487,11816,12860,13807,18883,18539,27770,23618,28413,36593,40890,37536,45839,11079,18913,555613,245531,65613,36646,179854,65083,12476,17,13
2021-06-07T23:59:59+02:00,353,330,20503,19031,34504,31976,45444,47074,69327,73001,87046,87655,65909,71943,48071,58587,13577,23263,6538,6324,11397,12513,13270,18407,17812,27184,22988,27818,36273,40585,37118,45359,10966,18717,540405,243554,65443,36582,179799,61205,11930,17,13
2021-06-06T23:59:59+02:00,330,309,20321,18886,34111,31693,44839,46510,68713,72521,86836,87487,65853,71884,48060,58560,13570,23251,6405,6155,11076,12101,12842,17837,17175,26375,22291,27015,35807,40114,36638,44807,10810,18449,537305,241120,65121,36534,179756,56710,11535,17,13
2021-06-05T23:59:59+02:00,258,244,19070,17603,32770,30475,43610,45334,68138,72001,86306,86977,65762,71782,48012,58512,13563,23239,6354,6076,10973,11949,12719,17667,17009,26171,22123,26833,35746,40035,36616,44782,10808,18444,527282,240534,65121,36120,179721,56138,11515,17,13
2021-06-04T23:59:59+02:00,177,175,17871,16448,31452,29179,42054,43838,66795,70684,85495,86226,65575,71569,47936,58422,13547,23211,6252,5934,10799,11743,12504,17416,16656,25788,21604,26396,34863,39187,36302,44483,10791,18421,514423,238714,65054,35795,179716,53187,11444,17,13
2021-06-03T23:59:59+02:00,122,122,17232,15873,30467,28354,40598,42551,65026,69154,83242,83944,65151,71117,47808,58260,13529,23173,6081,5727,10493,11392,12188,16957,16211,25132,21060,25817,34198,38399,36128,44281,10758,18371,500648,236401,64361,35411,179674,50359,11023,17,13
2021-06-02T23:59:59+02:00,93,79,16892,15565,30159,28095,39931,41930,63438,67764,82303,83145,65010,70954,47748,58177,13526,23158,5963,5632,10323,11238,11966,16746,15917,24829,20721,25425,30965,34784,35903,44058,10729,18317,493155,227738,64360,35085,179673,49930,10762,17,13
2021-06-01T23:59:59+02:00,38,44,16101,14894,28669,27008,37584,39876,59885,64588,79877,80832,64660,70589,47620,57991,13492,23103,5687,5347,9807,10806,11434,16154,15255,24042,19985,24673,30620,34487,35705,43879,10701,18255,474870,226263,62807,34586,179605,46436,9552,17,12
2021-05-31T23:59:59+02:00,30,36,15531,14416,27735,26313,35620,38210,56448,61563,77847,79128,64326,70233,47476,57816,13459,23050,5525,5132,9399,10444,11007,15678,14722,23362,19360,23967,30334,34237,35523,43685,10665,18198,459097,225597,62096,34201,179538,42950,8489,17,12
2021-05-30T23:59:59+02:00,29,33,15385,14290,27456,26087,35168,37804,55737,60945,77527,78854,64266,70175,47451,57781,13455,23040,5422,4940,9072,10077,10597,15194,14275,22564,18834,23198,29658,33524,35297,43491,10643,18137,456129,225148,61663,34121,179492,37471,8182,17,12
2021-05-29T23:59:59+02:00,27,32,14988,13892,26603,25267,33408,36210,54258,59651,76938,78287,64115,70027,47398,57728,13448,23026,5388,4864,9010,9966,10508,15081,14169,22419,18704,23062,29628,33501,35291,43483,10642,18134,445990,224679,61632,34121,179487,36872,8177,17,12
2021-05-28T23:59:59+02:00,24,31,14577,13486,25784,24519,31557,34445,52087,57647,75883,77292,63910,69778,47346,57651,13438,23003,5303,4747,8837,9820,10357,14913,14011,22187,18497,22760,29559,33455,35274,43467,10641,18130,434013,224027,61162,34115,179399,35948,7867,17,12
2021-05-27T23:59:59+02:00,20,27,13952,13016,24720,23797,30312,33519,50482,56275,72788,74313,63472,69241,47211,57489,13414,22949,5189,4508,8509,9485,9959,14488,13573,21556,17997,22165,29340,33251,35165,43355,10619,18102,421874,223401,59209,34044,178775,32693,7122,17,12
2021-05-26T23:59:59+02:00,19,25,13463,12586,23808,23147,29397,32825,49394,55350,69831,71125,62860,68632,47076,57319,13384,22903,5103,4343,8254,9171,9663,14101,13217,20957,17562,21568,29149,33084,35067,43251,10593,18052,411059,222799,57034,33926,178279,29654,6755,17,12
2021-05-25T23:59:59+02:00,19,21,13119,12286,23231,22743,28349,31971,46799,53119,67567,69000,62509,68265,46963,57170,13367,22852,5019,4218,8045,8914,9409,13730,12904,20437,17184,21021,28992,32933,34983,43149,10567,17997,399224,222255,55969,33845,177660,26920,6480,17,12
2021-05-24T23:59:59+02:00,18,20,12820,12005,22731,22361,27733,31522,44179,50688,65115,66813,62202,67967,46853,57045,13334,22797,4946,4113,7795,8684,9093,13353,12577,19926,16799,20465,28850,32795,34909,43078,10545,17951,387578,221691,55487,33782,176997,24280,6124,17,12
2021-05-23T23:59:59+02:00,18,20,12759,11935,22636,22278,27653,31446,43923,50460,64530,66264,62123,67879,46828,57027,13332,22795,4926,4098,7758,8654,9035,13322,12499,19866,16725,20411,28841,32783,34906,43072,10545,17950,385379,221421,55407,33776,176985,24074,6118,17,12
2021-05-22T23:59:59+02:00,18,20,12535,11696,22315,21975,26650,30558,42090,48878,63676,65526,61962,67688,46762,56936,13322,22772,4910,4043,7731,8592,8995,13259,12469,19784,16697,20347,28831,32773,34902,43066,10544,17949,376894,221337,55396,33776,176980,23685,6092,17,12
2021-05-21T23:59:59+02:00,18,19,12230,11443,21745,21537,25842,29873,39704,46988,61706,63862,61701,67417,46678,56848,13307,22747,4891,4015,7677,8504,8928,13171,12391,19690,16624,20263,28815,32748,34895,43056,10542,17948,366501,221140,54338,33762,176790,23235,6019,17,12
2021-05-20T23:59:59+02:00,17,19,11609,10865,20627,20651,24703,28854,38200,45711,59367,61796,60883,66518,46479,56592,13273,22692,4610,3835,7277,8211,8489,12775,11938,19180,16208,19743,28694,32653,34844,43005,10538,17938,356041,220744,51987,33654,175514,20241,5297,17,12
2021-05-19T23:59:59+02:00,17,19,11170,10552,19840,20106,23858,28260,37301,45028,56142,58165,60192,65815,46370,56458,13251,22645,4457,3669,7022,7967,8212,12445,11611,18753,15839,19320,28597,32540,34802,42931,10528,17923,345613,220267,50375,33541,174377,17999,4807,17,12
2021-05-18T23:59:59+02:00,17,19,10837,10266,19267,19655,23217,27704,35903,43805,54736,57042,59823,65393,46241,56296,13226,22620,4349,3544,6776,7735,7955,12163,11379,18357,15494,18891,28514,32451,34772,42892,10524,17916,340263,219984,48537,33464,172897,15909,4353,17,12
2021-05-17T23:59:59+02:00,16,18,10617,10084,18835,19370,22789,27397,34704,42810,53431,56011,59576,65147,46178,56197,13210,22587,4277,3457,6568,7517,7704,11872,11123,17963,15186,18488,28424,32365,34748,42851,10518,17903,336206,219703,47552,33397,171381,14041,3821,17,12
2021-05-16T23:59:59+02:00,16,17,10427,9952,18541,19169,22454,27158,34068,42352,52194,54842,59382,64983,46142,56143,13199,22567,4209,3381,6350,7352,7412,11619,10857,17611,14893,18125,28360,32303,34732,42833,10511,17899,333779,219462,46676,33336,169759,12273,3375,17,11
2021-05-15T23:59:59+02:00,16,17,10329,9851,18390,19023,22286,27018,33683,41983,51800,54467,59266,64835,46094,56098,13196,22551,4168,3346,6266,7287,7318,11516,10755,17492,14785,17995,28266,32185,34641,42740,10507,17894,331388,218373,46675,33334,169624,12254,3199,17,11
2021-05-14T23:59:59+02:00,15,17,10045,9642,17957,18783,21887,26735,31328,40212,49654,52615,59049,64609,46046,56015,13180,22529,4038,3263,5980,7125,7010,11291,10407,17144,14441,17668,27693,31480,34521,42547,10489,17865,322249,215079,46622,33330,169011,12133,2419,17,11
2021-05-13T23:59:59+02:00,15,17,9583,9265,17164,18220,21015,26057,30209,39229,47414,50444,58203,63638,45837,55732,13141,22457,3534,3065,5643,6871,6698,10984,10000,16756,14066,17235,26798,30284,34099,42034,10458,17803,313762,210499,44759,32778,166993,10939,2111,15,11
2021-05-12T23:59:59+02:00,15,17,9290,9074,16732,17964,20547,25773,29681,38843,44416,46805,57629,62998,45753,55620,13123,22432,3393,2977,5414,6760,6420,10839,9718,16548,13828,16972,26154,29467,33935,41839,10432,17769,304608,207482,43935,32755,166701,10771,1455,13,11
2021-05-11T23:59:59+02:00,15,15,8848,8790,15960,17449,19687,25157,27940,37398,42485,45304,57251,62551,45668,55485,13103,22404,3274,2846,5184,6418,6119,10425,9356,15988,13390,16416,24730,27801,33427,41217,10381,17684,299120,201525,40877,32572,164214,9272,1286,13,10
2021-05-10T23:59:59+02:00,15,14,8586,8637,15447,17199,19058,24842,26949,36716,41028,44159,56992,62279,45589,55382,13082,22375,3165,2718,4953,6187,5863,10101,9028,15512,13027,15998,23684,26473,32942,40631,10346,17626,295855,196883,39970,32546,161539,7852,973,12,8
2021-05-09T23:59:59+02:00,15,14,8428,8553,15139,17016,18681,24592,26281,36291,39247,42502,56696,62001,45536,55324,13074,22357,3045,2664,4773,6050,5694,9928,8832,15307,12859,15824,23410,26141,32798,40456,10336,17611,292905,195691,39598,32505,158533,6833,699,12,8
2021-05-08T23:59:59+02:00,15,14,8354,8478,14962,16871,18472,24395,26055,36053,39016,42313,56569,61852,45500,55287,13071,22347,3038,2646,4740,6014,5651,9882,8755,15243,12773,15754,23042,25715,32515,40145,10328,17595,291356,194505,39145,31801,158412,6831,699,12,8
2021-05-07T23:59:59+02:00,14,13,8180,8380,14639,16691,18091,24163,25634,35768,38567,41935,56296,61500,45451,55241,13066,22337,2734,2512,4390,5829,5382,9621,8443,14933,12381,15358,21950,24344,31871,39316,10300,17545,288845,191064,38718,30308,158086,5232,305,12,8
2021-05-06T23:59:59+02:00,13,13,7527,8018,13745,16093,17040,23317,24297,34659,36420,40274,55169,60181,45209,54936,13031,22271,2607,2399,4217,5633,5173,9311,8100,14491,11949,14904,20646,22665,31020,38313,10249,17434,278223,185459,37441,29351,156269,4033,268,12,8
2021-05-05T23:59:59+02:00,11,13,6988,7712,12961,15542,16016,22553,22918,33636,34600,38789,53333,58147,44893,54591,12998,22205,2517,2339,4043,5475,4985,9099,7755,14152,11584,14548,19260,20885,29832,36901,10209,17332,266794,179349,36526,28183,154485,3295,89,12,8
2021-05-04T23:59:59+02:00,11,12,6799,7617,12604,15372,15533,22282,22278,33292,33639,38095,52478,57187,44772,54465,12980,22164,2461,2268,3890,5305,4811,8843,7417,13745,11157,14088,17612,18964,28741,35574,10115,17212,263044,172552,35662,27254,152828,2362,35,11,8
2021-05-03T23:59:59+02:00,11,12,6652,7470,12229,15156,15028,21973,21570,32888,32490,37206,52180,56871,44676,54358,12965,22132,2402,2197,3797,5125,4672,8608,7201,13397,10836,13680,16411,17472,27864,34476,10051,17105,259762,166999,35203,26903,150866,1367,25,11,8
2021-05-02T23:59:59+02:00,11,12,6572,7380,12020,14984,14734,21740,21095,32568,31340,36260,51897,56581,44614,54268,12949,22101,2389,2190,3776,5093,4643,8572,7135,13326,10754,13591,16100,17079,27568,34171,10039,17093,257339,165442,35133,26793,148619,1262,24,11,6
2021-05-01T23:59:59+02:00,11,12,6554,7355,11958,14939,14657,21681,20996,32495,31213,36168,51891,56565,44610,54267,12947,22099,2386,2181,3753,5076,4601,8547,7098,13289,10694,13536,15902,16856,27452,34034,10036,17083,256782,164476,35133,26766,148468,1260,24,11,6
2021-04-30T23:59:59+02:00,11,12,6517,7317,11868,14850,14552,21565,20801,32309,30975,35978,51619,56206,44565,54213,12942,22087,2357,2160,3691,5014,4507,8439,6947,13105,10419,13272,15094,15831,26585,32963,9995,16995,255012,161281,35091,24883,148250,1189,23,11,6
2021-04-29T23:59:59+02:00,11,12,6313,7194,11548,14663,14200,21329,20283,32023,30221,35488,50972,55381,44474,54098,12918,22012,2320,2114,3599,4925,4382,8303,6753,12888,10145,12987,14123,14599,25282,31421,9934,16903,251853,155592,34998,24137,146256,929,22,11,6
2021-04-28T23:59:59+02:00,11,12,6046,7029,11172,14331,13712,20865,19648,31420,29055,34361,48311,52391,44183,53774,12855,21934,2281,2074,3530,4865,4267,8188,6593,12704,9899,12768,12984,13122,23796,29546,9873,16800,241951,149639,34873,22934,144265,709,10,11,6
2021-04-27T23:59:59+02:00,11,12,5945,6937,11023,14211,13512,20704,19370,31210,28495,33976,48105,52171,44127,53724,12847,21912,2239,2040,3439,4771,4174,8079,6428,12520,9621,12492,11776,11561,22145,27393,9797,16655,240590,142840,34826,21750,142855,532,10,11,6
2021-04-26T23:59:59+02:00,11,12,5897,6893,10906,14146,13353,20584,19143,31000,27666,33407,47768,51806,44075,53660,12838,21883,2216,2012,3387,4728,4111,8009,6326,12388,9433,12317,10861,10404,20867,25646,9739,16569,239878,137573,34802,21012,140347,422,10,11,4
2021-04-25T23:59:59+02:00,11,12,5851,6846,10803,14051,13193,20432,18899,30717,26907,32670,47271,51294,43992,53561,12824,21864,2189,2001,3357,4709,4093,7990,6293,12348,9376,12257,10700,10212,20626,25323,9729,16555,238185,136719,34761,20670,138231,363,10,11,4
2021-04-24T23:59:59+02:00,11,12,5830,6798,10728,13967,13097,20291,18768,30543,26745,32492,47171,51171,43899,53467,12820,21859,2182,1991,3333,4682,4054,7944,6221,12275,9246,12140,10543,10031,20494,25192,9713,16537,236727,136197,34745,20030,138176,345,10,11,4
2021-04-23T23:59:59+02:00,11,12,5766,6706,10598,13768,12899,20039,18462,30169,26354,32132,46227,50038,43745,53222,12798,21827,2164,1970,3291,4647,4006,7889,6127,12186,9081,12012,10276,9733,20170,24773,9664,16457,232347,135075,34689,19031,137716,334,10,11,4
2021-04-22T23:59:59+02:00,11,12,5663,6591,10390,13573,12549,19708,17954,29697,25726,31540,44497,47886,43173,52492,12752,21726,2150,1959,3251,4595,3930,7815,5999,12086,8823,11847,9846,9326,19718,24184,9614,16379,226111,132959,34579,18254,135229,302,10,11,4
2021-04-21T23:59:59+02:00,11,11,5567,6453,10161,13371,12221,19395,17452,29203,25011,30812,40231,43026,42698,51957,12686,21622,2138,1950,3216,4559,3875,7757,5921,11993,8648,11687,9517,8943,19218,23594,9555,16284,214026,131319,34513,17250,133328,279,10,11,4
2021-04-20T23:59:59+02:00,11,11,5488,6363,9968,13156,11947,19132,17032,28795,24459,30251,38476,41016,42046,51182,12616,21484,2113,1937,3177,4533,3809,7712,5790,11897,8477,11559,9234,8623,18749,22930,9458,16143,207819,129960,34423,15949,131171,225,10,10,4
2021-04-19T23:59:59+02:00,11,10,5408,6285,9809,13029,11746,18927,16670,28414,23917,29783,36922,39226,41458,50456,12560,21395,2097,1919,3142,4499,3769,7668,5751,11827,8394,11468,8998,8340,18346,22364,9412,16053,202801,128275,34367,15560,128840,205,10,8,4
2021-04-18T23:59:59+02:00,11,9,5346,6234,9679,12946,11548,18790,16392,28216,23514,29472,35617,37864,41110,50050,12528,21333,2085,1903,3113,4478,3743,7652,5706,11781,8343,11419,8898,8249,18193,22176,9399,16030,201269,127789,34328,15172,125044,200,10,8,4
2021-04-17T23:59:59+02:00,11,9,5340,6218,9644,12915,11503,18750,16315,28150,23450,29414,35308,37526,41003,49953,12522,21322,2075,1895,3086,4466,3685,7607,5635,11730,8257,11368,8788,8140,18090,22060,9378,16017,200044,126990,34319,15082,124972,198,10,8,4
2021-04-16T23:59:59+02:00,11,9,5277,6179,9555,12855,11370,18640,16106,27991,23106,29069,34230,36269,40596,49433,12502,21289,1942,1807,2861,4288,3328,7292,4873,11203,6778,10284,6307,6115,16298,20389,9188,15720,195911,117767,34235,10703,124323,196,10,8,4
2021-04-15T23:59:59+02:00,11,9,5210,6088,9355,12685,11074,18392,15610,27598,22416,28471,32332,33951,39555,48224,12426,21125,1897,1775,2796,4224,3211,7173,4656,11023,6404,9973,5848,5719,15707,19705,9002,15391,190097,114655,34184,9653,120233,189,10,8,4
2021-04-14T23:59:59+02:00,11,8,5149,6042,9187,12556,10855,18215,15209,27285,21770,27991,30409,31701,38339,46808,12352,20940,1816,1720,2713,4158,3102,7081,4452,10857,6099,9722,5368,5306,15123,19017,8800,15043,183733,112041,34047,8196,117029,133,10,8,4
2021-04-13T23:59:59+02:00,11,8,5101,5988,9050,12426,10676,18046,14869,27011,21248,27526,28312,29254,37082,45216,12212,20736,1771,1704,2675,4115,3047,7020,4321,10716,5829,9512,5028,5001,14676,18568,8668,14844,176860,110625,33983,6827,113911,36,10,8,4
2021-04-12T23:59:59+02:00,10,8,5040,5940,8941,12289,10473,17898,14549,26731,20707,27070,26274,26986,35926,43752,12085,20539,1737,1661,2645,4096,3021,6967,4261,10649,5725,9412,4868,4857,14378,18199,8557,14645,171152,109788,33908,5849,110140,34,10,8,4
2021-04-11T23:59:59+02:00,10,8,5001,5897,8850,12210,10315,17797,14287,26554,20284,26746,25077,25700,35221,42968,11997,20392,1728,1655,2624,4076,2999,6942,4228,10603,5639,9345,4777,4803,14263,18077,8519,14593,169373,109591,33838,5244,106085,29,10,8,4
2021-04-10T23:59:59+02:00,10,8,4990,5883,8809,12184,10260,17762,14219,26505,20188,26666,24763,25326,34878,42549,11990,20371,1723,1650,2615,4067,2985,6926,4199,10574,5582,9306,4699,4724,14137,17915,8473,14509,168162,108804,33118,5244,106063,29,10,8,4
2021-04-09T23:59:59+02:00,10,8,4943,5852,8724,12106,10138,17639,14051,26329,19928,26425,23933,24175,33927,41345,11957,20298,1695,1620,2561,4032,2913,6864,4048,10461,5331,9081,4281,4351,13577,17203,8247,14145,164813,105139,31609,5237,105351,29,7,8,4
2021-04-08T23:59:59+02:00,10,8,4866,5787,8577,11995,9924,17463,13655,26016,19325,25957,22232,22197,32246,39383,11811,20064,1665,1604,2507,3985,2832,6778,3900,10323,5038,8817,3829,3927,12593,15960,7777,13387,159073,100176,30704,4717,101724,24,7,8,4
2021-04-07T23:59:59+02:00,10,7,4819,5735,8396,11919,9696,17314,13335,25789,18857,25598,20421,20085,30491,37126,11696,19853,1632,1588,2453,3933,2771,6698,3791,10177,4850,8628,3568,3638,11910,15154,7408,12842,153039,96875,29530,4148,98563,13,7,8,4
2021-04-06T23:59:59+02:00,10,7,4772,5690,8252,11807,9535,17149,13018,25523,18340,25213,18570,18024,28576,34639,11501,19511,1598,1569,2430,3907,2738,6661,3726,10133,4769,8539,3461,3515,11434,14509,7128,12436,146217,94577,28574,3959,95331,12,7,8,4
2021-04-05T23:59:59+02:00,10,7,4741,5648,8156,11718,9397,17049,12807,25312,17940,24866,16845,16090,26951,32495,11357,19289,1578,1558,2400,3888,2709,6613,3683,10074,4684,8424,3351,3408,11096,14141,6972,12157,140811,93189,28139,3530,91715,12,7,6,4
2021-04-04T23:59:59+02:00,10,7,4733,5642,8148,11707,9384,17036,12782,25292,17912,24841,16713,15916,26755,32248,11348,19276,1577,1557,2398,3885,2707,6610,3681,10071,4680,8421,3341,3395,11085,14129,6970,12149,140091,93110,28047,3530,91602,12,6,4,4
2021-04-03T23:59:59+02:00,10,7,4729,5634,8134,11699,9364,17016,12743,25261,17834,24779,16633,15827,26710,32191,11343,19269,1574,1555,2389,3877,2689,6596,3657,10043,4598,8366,3223,3280,11003,14055,6964,12139,139564,92462,28019,3530,91590,12,6,4,4
2021-04-02T23:59:59+02:00,10,7,4703,5614,8077,11645,9301,16948,12604,25155,17600,24579,16182,15350,26235,31619,11311,19216,1572,1546,2376,3871,2682,6580,3636,10011,4529,8273,3154,3212,10766,13756,6812,11938,138363,91172,26611,3526,91172,12,6,4,4
2021-04-01T23:59:59+02:00,9,7,4660,5553,7965,11504,9170,16788,12331,24870,17155,24180,15434,14625,25480,30661,11186,19035,1555,1524,2345,3839,2660,6550,3596,9972,4461,8208,3043,3084,9838,12643,6203,11092,136133,87179,25947,3422,88525,10,4,4,4
2021-03-31T23:59:59+02:00,9,7,4451,5473,7855,11382,9030,16623,12113,24594,16804,23815,14738,13863,24648,29654,11081,18843,1546,1519,2331,3819,2634,6522,3548,9923,4390,8137,2953,2994,9268,11948,5840,10597,134340,84761,24493,3196,86142,10,4,4,4
2021-03-30T23:59:59+02:00,9,7,4420,5420,7783,11255,8944,16465,11951,24404,16527,23506,14146,13221,23892,28677,10944,18602,1532,1509,2311,3794,2608,6493,3508,9858,4321,8066,2829,2849,8686,11295,5490,10111,132867,82453,23283,2799,84015,6,4,4,4
2021-03-29T23:59:59+02:00,9,7,4379,5362,7683,11143,8837,16303,11793,24132,16201,23160,13605,12624,23133,27706,10791,18357,1514,1496,2292,3778,2587,6464,3473,9802,4257,7991,2776,2781,8399,10910,5300,9802,131033,81074,22533,2540,81651,6,4,4,4
2021-03-28T23:59:59+02:00,9,7,4345,5277,7598,11036,8760,16151,11658,23902,15943,22887,13281,12315,22568,27016,10617,18078,1505,1491,2270,3764,2573,6435,3433,9752,4219,7935,2728,2730,8321,10806,5257,9737,130535,80735,22015,2213,78890,6,4,4,4
2021-03-27T23:59:59+01:00,9,7,4331,5266,7572,11006,8694,16080,11558,23806,15801,22771,13075,12102,22368,26806,10582,18049,1504,1489,2267,3762,2572,6434,3420,9729,4208,7913,2718,2723,8265,10741,5223,9697,129655,80444,21372,2213,78848,6,4,4,4
2021-03-26T23:59:59+01:00,9,7,4288,5197,7463,10875,8519,15897,11226,23507,15192,22266,12160,11284,21586,25972,10441,17826,1499,1475,2262,3741,2559,6411,3403,9703,4167,7876,2688,2684,8088,10524,5106,9530,125635,79607,19775,2099,78297,6,4,4,4
2021-03-25T23:59:59+01:00,9,6,4229,5038,7302,10597,8276,15494,10843,22886,14554,21568,11491,10625,20721,24906,10129,17291,1479,1461,2230,3715,2524,6372,3366,9655,4097,7795,2554,2546,7114,9276,4501,8625,122375,75437,19002,1864,74581,6,3,4,4
2021-03-24T23:59:59+01:00,9,6,4153,4897,7164,10312,8062,15081,10581,22342,14086,20962,10889,10066,19791,23821,9806,16730,1458,1431,2204,3678,2479,6336,3324,9592,4019,7696,2455,2447,6471,8516,4120,8046,119790,72818,17817,1448,71146,5,1,4,4
2021-03-23T23:59:59+01:00,9,6,4113,4803,7057,10078,7909,14743,10324,21839,13686,20471,10425,9624,19072,22971,9496,16269,1446,1413,2178,3657,2458,6310,3263,9538,3928,7622,2362,2345,5745,7590,3675,7359,118334,69761,16715,1123,67842,5,0,4,4
2021-03-22T23:59:59+01:00,9,6,4061,4723,6930,9837,7750,14423,10068,21375,13337,19974,10034,9268,18509,22262,9309,15929,1437,1406,2169,3643,2446,6294,3240,9515,3899,7589,2301,2294,5293,6986,3328,6870,117453,67668,16318,1036,64029,5,0,4,4
2021-03-21T23:59:59+01:00,9,6,4014,4618,6798,9572,7582,14068,9845,20837,12996,19450,9714,8990,17980,21659,9119,15622,1434,1403,2168,3632,2443,6287,3234,9506,3889,7575,2287,2275,5176,6854,3270,6769,117258,67160,15924,1036,59693,5,0,4,4
2021-03-20T23:59:59+01:00,9,6,4003,4596,6763,9518,7524,13997,9761,20732,12892,19361,9627,8896,17845,21486,9069,15535,1431,1399,2164,3629,2438,6282,3221,9496,3870,7565,2252,2243,4853,6481,3086,6528,116438,65896,15829,1036,59349,5,0,4,4
2021-03-19T23:59:59+01:00,8,6,3829,4455,6473,9266,7083,13574,8849,20002,11166,18034,6782,6557,15618,19291,8717,14974,1427,1395,2159,3623,2426,6269,3209,9472,3820,7519,2185,2202,4484,6009,2824,6213,107180,64226,11130,1004,56370,5,0,4,4
2021-03-18T23:59:59+01:00,8,5,3724,4322,6296,8957,6818,13135,8458,19346,10527,17297,6074,5904,14405,17824,8210,14160,1423,1389,2135,3596,2408,6233,3179,9429,3779,7484,2139,2168,4066,5481,2543,5804,102085,62355,10127,896,53254,4,0,4,4
2021-03-17T23:59:59+01:00,8,5,3647,4248,6164,8813,6651,12957,8164,19036,10127,16905,5669,5521,13589,16894,7817,13585,1413,1377,2119,3577,2378,6200,3148,9400,3742,7448,2083,2109,3660,5035,2294,5421,98860,60637,8446,762,52490,4,0,4,4
2021-03-16T23:59:59+01:00,7,5,3569,4113,6012,8542,6445,12589,7850,18452,9582,16249,5149,5068,12777,15933,7487,13095,1404,1368,2110,3560,2363,6186,3133,9380,3716,7422,2055,2073,3142,4396,1960,4915,96552,58421,7045,758,49323,3,0,4,4
2021-03-15T23:59:59+01:00,7,5,3522,3965,5827,8265,6227,12180,7576,17880,9146,15625,4835,4787,12124,15190,7224,12638,1404,1358,2094,3545,2343,6161,3115,9332,3692,7383,2019,2023,2780,3937,1676,4523,95062,56637,6075,744,45882,3,0,4,4
2021-03-14T23:59:59+01:00,7,5,3476,3833,5600,7936,5942,11736,7271,17161,8685,14874,4522,4515,11834,14934,7179,12539,1397,1352,2078,3516,2328,6111,3097,9274,3675,7344,2012,2012,2702,3830,1624,4439,94944,56238,5470,550,41631,2,0,4,4
2021-03-13T23:59:59+01:00,7,5,3460,3793,5561,7825,5883,11620,7190,17021,8542,14724,4370,4366,11742,14848,7173,12528,1397,1352,2078,3516,2327,6111,3096,9273,3674,7344,2009,2004,2650,3775,1590,4385,94256,56028,5470,550,40928,2,0,4,4
2021-03-12T23:59:59+01:00,7,5,3442,3721,5505,7689,5821,11473,7106,16797,8407,14491,4263,4270,11472,14525,7019,12313,1397,1352,2074,3510,2326,6103,3092,9267,3673,7338,2007,2002,2564,3665,1510,4299,92839,55626,5462,550,40021,2,0,4,4
2021-03-11T23:59:59+01:00,7,5,3364,3526,5297,7391,5590,11055,6768,16132,7976,13854,3928,3936,10401,13271,6372,11412,1392,1349,2064,3497,2307,6078,3069,9233,3649,7306,1978,1977,2326,3403,1360,4081,88674,54549,5045,517,36562,2,0,4,4
2021-03-10T23:59:59+01:00,7,5,3268,3408,5084,7121,5377,10699,6498,15586,7641,13310,3708,3709,9760,12479,5988,10879,1388,1338,2037,3459,2277,5988,3021,9112,3591,7188,1935,1901,2110,3166,1231,3893,86214,53350,4677,282,33632,2,0,4,4
2021-03-09T23:59:59+01:00,6,5,3194,3278,4929,6932,5183,10420,6269,15154,7343,12807,3525,3504,9132,11777,5616,10362,1381,1328,2001,3399,2246,5886,2960,8968,3524,7107,1906,1875,1836,2850,1063,3648,83951,51940,4423,35,31058,2,0,4,4
2021-03-08T23:59:59+01:00,6,5,3128,3119,4703,6667,4946,10067,6010,14643,6981,12219,3326,3312,8745,11334,5419,10050,1378,1309,1987,3321,2215,5793,2921,8822,3491,7014,1891,1853,1636,2619,945,3458,82484,50619,4062,33,28130,0,0,4,4
2021-03-07T23:59:59+01:00,6,5,3096,3060,4629,6555,4863,9954,5905,14480,6865,12074,3276,3270,8661,11229,5381,9983,1372,1304,1980,3309,2207,5766,2914,8783,3479,6995,1883,1841,1580,2552,893,3391,82134,50215,3897,33,27257,0,0,4,4
2021-03-06T23:59:59+01:00,6,5,3082,3002,4585,6465,4829,9891,5847,14366,6817,11965,3252,3247,8605,11163,5347,9940,1370,1291,1975,3295,2195,5739,2911,8755,3468,6976,1875,1817,1553,2528,888,3382,81818,49984,3897,33,26695,0,0,4,4
2021-03-05T23:59:59+01:00,6,5,3058,2909,4527,6356,4767,9792,5784,14215,6717,11812,3208,3192,8421,10933,5228,9768,1361,1258,1945,3240,2171,5632,2869,8621,3424,6838,1832,1772,1489,2457,866,3356,80920,49097,3889,33,25885,0,0,4,4
2021-03-04T23:59:59+01:00,4,5,3005,2716,4368,6117,4549,9482,5578,13795,6406,11423,3030,3016,7407,9644,4610,8856,1341,1208,1907,3117,2141,5449,2823,8344,3368,6606,1762,1682,1453,2408,862,3338,76780,47776,3619,32,23608,0,0,4,4
2021-03-03T23:59:59+01:00,3,5,2966,2644,4227,5926,4384,9214,5376,13418,6153,11003,2909,2886,6763,8875,4217,8254,1329,1170,1880,3045,2119,5339,2791,8167,3315,6448,1693,1638,1412,2338,842,3285,74072,46779,3390,32,21757,0,0,4,3
2021-03-02T23:59:59+01:00,3,5,2905,2555,4043,5710,4176,8942,5178,13043,5885,10629,2763,2729,5997,7911,3755,7549,1296,1127,1853,2973,2095,5200,2742,7895,3266,6250,1622,1578,1348,2259,822,3242,70916,45536,2944,32,19914,0,0,4,3
2021-03-01T23:59:59+01:00,3,4,2865,2493,3877,5559,3989,8722,4990,12721,5647,10242,2663,2615,5508,7257,3403,7044,1290,1091,1830,2872,2068,5007,2701,7645,3206,6014,1579,1542,1300,2200,796,3203,68768,44312,2645,32,18185,0,0,4,3
2021-02-28T23:59:59+01:00,3,4,2824,2444,3719,5441,3768,8532,4807,12471,5460,9937,2606,2543,5385,7101,3341,6943,1286,1086,1826,2858,2059,4983,2694,7609,3196,5997,1571,1535,1294,2191,794,3193,68291,44141,2427,31,16607,0,0,4,3
2021-02-27T23:59:59+01:00,3,3,2809,2379,3693,5361,3734,8463,4773,12381,5425,9863,2565,2509,5056,6714,3145,6693,1279,1078,1819,2846,2046,4948,2675,7544,3180,5941,1553,1526,1288,2180,791,3192,66985,43856,2427,30,16153,0,0,4,3
2021-02-26T23:59:59+01:00,3,3,2789,2338,3653,5277,3669,8361,4712,12273,5340,9775,2488,2456,4679,6233,2876,6370,1220,1028,1769,2737,1997,4767,2621,7270,3107,5730,1492,1475,1265,2158,777,3183,65195,42568,2302,29,15794,0,0,4,2
2021-02-25T23:59:59+01:00,3,3,2615,2229,3469,5096,3487,8138,4508,11987,5122,9501,2401,2391,4230,5681,2588,5949,1204,971,1738,2629,1944,4493,2550,6876,3012,5444,1448,1432,1245,2143,775,3174,63340,41054,1980,26,14074,0,0,4,1
2021-02-24T23:59:59+01:00,3,3,2460,2091,3279,4904,3339,7932,4311,11733,4903,9253,2264,2272,3777,5171,2331,5556,1189,942,1715,2543,1910,4354,2490,6619,2960,5238,1417,1401,1227,2123,771,3155,61577,40037,1511,18,12490,0,0,4,1
2021-02-23T23:59:59+01:00,3,3,2323,1953,3100,4676,3184,7701,4140,11460,4721,9007,2178,2178,3224,4506,1993,5044,1175,894,1684,2448,1871,4161,2422,6320,2862,4978,1360,1346,1198,2080,758,3130,59378,38674,1164,14,10848,0,0,4,1
2021-02-22T23:59:59+01:00,3,3,2283,1902,3015,4583,3114,7593,4046,11274,4614,8882,2128,2137,2860,4044,1707,4658,1163,835,1652,2322,1828,3915,2346,5926,2736,4680,1298,1291,1175,2047,752,3109,57707,37072,1080,4,10055,0,0,4,1
2021-02-21T23:59:59+01:00,3,3,2247,1870,2964,4514,3032,7479,3965,11128,4548,8765,2114,2114,2776,3930,1652,4570,1159,817,1635,2269,1803,3806,2313,5771,2673,4556,1266,1268,1165,2033,745,3096,57276,36372,1047,4,9347,0,0,4,1
2021-02-20T23:59:59+01:00,3,3,2236,1867,2942,4501,3016,7443,3939,11095,4527,8744,2111,2106,2722,3873,1617,4515,1159,814,1635,2267,1802,3797,2312,5766,2672,4552,1265,1265,1164,2030,744,3095,57061,36336,1046,4,9149,0,0,4,1
2021-02-19T23:59:59+01:00,2,3,2224,1854,2906,4449,2991,7355,3894,11013,4473,8681,2103,2100,2634,3760,1537,4422,1107,805,1596,2259,1792,3788,2302,5745,2663,4540,1259,1254,1153,2025,739,3088,56649,36112,1015,4,8733,0,0,4,1
2021-02-18T23:59:59+01:00,2,3,2092,1758,2749,4264,2867,7156,3757,10726,4333,8478,2071,2066,2394,3494,1385,4200,1028,770,1521,2161,1743,3665,2230,5587,2607,4453,1245,1234,1148,2011,729,3070,55592,35199,948,4,7251,0,0,4,1
2021-02-17T23:59:59+01:00,2,3,2048,1709,2657,4131,2758,6942,3604,10385,4192,8236,2014,1983,2175,3265,1261,4013,874,707,1412,2035,1668,3475,2136,5363,2534,4282,1211,1189,1123,1966,714,3030,54531,33717,803,3,6040,0,0,4,1
2021-02-16T23:59:59+01:00,2,3,1875,1596,2483,3924,2619,6667,3443,10031,4016,7929,1970,1956,1900,2946,1091,3761,847,685,1340,1960,1600,3333,2042,5191,2437,4151,1150,1142,1065,1876,682,2937,53205,32437,767,2,4236,0,0,4,1
2021-02-15T23:59:59+01:00,2,3,1841,1540,2395,3755,2541,6394,3320,9664,3901,7660,1944,1928,1685,2708,970,3575,829,672,1311,1914,1559,3265,1987,5019,2374,4051,1085,1102,1001,1786,663,2844,52111,31462,754,1,2957,0,0,4,1
2021-02-14T23:59:59+01:00,2,3,1752,1509,2350,3693,2499,6304,3250,9561,3855,7582,1933,1918,1628,2649,920,3516,814,662,1294,1889,1532,3242,1953,4978,2349,3996,1075,1093,994,1776,660,2832,51779,31139,725,1,2416,0,0,4,1
2021-02-13T23:59:59+01:00,2,3,1751,1497,2340,3686,2493,6290,3246,9545,3848,7572,1925,1898,1605,2629,917,3506,814,662,1294,1889,1532,3242,1953,4978,2349,3996,1075,1093,994,1776,660,2832,51625,31139,725,1,2399,0,0,4,1
2021-02-12T23:59:59+01:00,2,3,1671,1411,2241,3574,2413,6116,3141,9307,3726,7307,1878,1841,1542,2557,894,3479,808,655,1282,1867,1517,3223,1945,4947,2333,3976,1070,1088,993,1757,660,2802,50685,30924,725,0,1689,0,0,4,1
2021-02-11T23:59:59+01:00,2,3,1468,1273,2059,3359,2285,5824,2989,8874,3567,6961,1806,1739,1500,2496,880,3456,780,604,1187,1687,1392,2949,1806,4588,2170,3690,1020,1027,951,1686,627,2671,49291,28836,684,0,562,0,0,4,1
2021-02-10T23:59:59+01:00,2,3,1372,1224,1971,3232,2217,5651,2907,8596,3456,6730,1735,1691,1455,2429,864,3399,566,520,965,1462,1253,2641,1621,4126,1967,3312,903,900,830,1435,548,2355,48125,25405,644,0,161,0,0,4,1
2021-02-09T23:59:59+01:00,2,3,1337,1174,1934,3140,2190,5470,2840,8254,3386,6471,1662,1629,1394,2369,847,3362,303,383,747,1199,1066,2266,1411,3589,1719,2860,735,736,662,1148,438,1909,46866,21172,515,0,80,0,0,3,1
2021-02-08T23:59:59+01:00,2,3,1330,1139,1903,3021,2152,5248,2788,7974,3327,6235,1621,1595,1349,2314,831,3342,267,342,645,1044,960,2048,1251,3198,1522,2544,632,617,558,969,381,1659,45747,18638,345,0,79,0,0,3,1
2021-02-07T23:59:59+01:00,2,3,1303,1123,1874,2969,2127,5166,2759,7871,3285,6170,1605,1579,1334,2295,820,3327,233,286,597,954,900,1893,1159,2973,1424,2372,592,597,537,936,371,1630,45465,17456,144,0,0,0,0,3,0
2021-02-06T23:59:59+01:00,2,3,1298,1117,1868,2957,2118,5138,2746,7827,3274,6125,1592,1571,1329,2285,817,3326,214,252,575,917,872,1827,1117,2856,1367,2290,576,579,530,936,371,1630,45246,16911,144,0,0,0,0,3,0
2021-02-05T23:59:59+01:00,2,3,1237,1065,1819,2846,2066,4942,2687,7531,3197,5909,1529,1517,1310,2259,809,3319,198,223,540,870,838,1747,1078,2739,1314,2191,542,555,519,912,361,1605,43900,16234,144,0,0,0,0,3,0
2021-02-04T23:59:59+01:00,2,3,1225,1001,1778,2697,1995,4630,2604,7087,3097,5583,1484,1484,1292,2243,806,3311,170,169,467,753,739,1608,968,2500,1201,1976,495,503,476,858,343,1492,42284,14720,36,0,0,0,0,2,0
2021-02-03T23:59:59+01:00,2,3,1207,972,1748,2616,1956,4484,2537,6825,3045,5365,1447,1451,1263,2208,788,3282,139,140,393,641,623,1371,823,2122,1004,1687,378,369,341,644,240,1131,41161,12048,36,0,0,0,0,2,0
2021-02-02T23:59:59+01:00,2,3,1190,916,1716,2516,1913,4261,2464,6493,2938,5092,1394,1405,1240,2178,779,3258,118,116,316,520,520,1136,678,1792,814,1377,280,269,263,472,188,847,39720,9708,36,0,0,0,0,2,0
2021-02-01T23:59:59+01:00,1,3,1177,856,1681,2391,1863,4015,2387,6100,2816,4796,1327,1323,1209,2132,768,3233,85,76,216,349,347,741,430,1155,478,858,174,164,152,279,100,494,38040,6098,36,0,0,0,0,2,0
2021-01-31T23:59:59+01:00,1,3,1172,838,1664,2333,1839,3892,2355,5917,2749,4677,1296,1300,1198,2117,761,3221,74,70,183,279,270,575,341,902,396,691,148,148,144,271,96,480,37298,5068,33,0,0,0,0,2,0
2021-01-30T23:59:59+01:00,1,3,1172,835,1663,2328,1837,3881,2353,5906,2746,4667,1295,1296,1197,2116,761,3220,70,63,151,232,242,507,306,784,353,616,147,141,139,267,96,479,37243,4593,32,0,0,0,0,2,0
2021-01-29T23:59:59+01:00,1,3,1119,826,1624,2321,1826,3874,2345,5892,2738,4655,1291,1293,1193,2116,761,3220,62,45,114,177,198,353,249,635,309,488,136,132,127,256,93,479,37067,3853,30,0,0,0,0,1,0
2021-01-28T23:59:59+01:00,1,3,1044,801,1566,2261,1793,3805,2298,5821,2705,4601,1279,1281,1186,2110,752,3206,40,20,72,105,129,206,154,380,201,291,103,101,102,205,83,432,36485,2624,27,0,0,0,0,1,0
2021-01-27T23:59:59+01:00,1,3,894,750,1475,2185,1726,3690,2226,5691,2647,4476,1251,1237,1162,2071,740,3174,29,12,62,86,104,162,122,323,174,247,95,84,91,186,79,401,35380,2257,18,0,0,0,0,1,0
2021-01-26T23:59:59+01:00,1,3,880,731,1410,2111,1663,3560,2139,5519,2559,4365,1196,1197,1116,2000,716,3125,28,11,59,83,100,156,118,309,173,237,93,79,84,165,68,355,34278,2118,12,0,0,0,0,1,0
2021-01-25T23:59:59+01:00,1,3,867,710,1378,2051,1632,3463,2094,5353,2502,4275,1145,1172,1069,1943,698,3066,26,11,56,83,97,154,117,307,172,237,92,78,83,164,66,352,33418,2095,3,0,0,0,0,1,0
2021-01-24T23:59:59+01:00,1,3,864,709,1372,2040,1627,3446,2086,5327,2491,4243,1141,1166,1064,1936,697,3061,26,11,56,83,96,153,117,307,172,236,92,78,83,164,66,352,33270,2092,3,0,0,0,0,1,0
2021-01-23T23:59:59+01:00,1,3,864,709,1372,2040,1627,3446,2086,5327,2491,4243,1141,1166,1064,1936,697,3061,26,11,56,83,96,153,117,307,171,236,92,78,83,164,66,352,33270,2091,3,0,0,0,0,1,0
2021-01-22T23:59:59+01:00,1,3,864,699,1358,2018,1611,3422,2073,5293,2475,4223,1139,1161,1063,1913,696,3028,26,11,56,83,96,153,117,307,170,236,92,78,83,164,66,352,33036,2090,3,0,0,0,0,1,0
2021-01-21T23:59:59+01:00,1,3,833,662,1280,1863,1512,3232,1976,5021,2367,4025,1099,1102,1032,1833,658,2901,24,10,52,78,88,145,107,278,156,213,79,70,74,144,54,300,31396,1872,3,0,0,0,0,1,0
2021-01-20T23:59:59+01:00,1,3,630,563,1086,1644,1378,2958,1799,4617,2164,3688,974,984,914,1604,593,2631,22,10,51,74,85,144,99,265,145,194,69,64,69,122,45,268,28227,1726,3,0,0,0,0,1,0
2021-01-19T23:59:59+01:00,1,3,343,417,835,1387,1177,2618,1564,4088,1904,3239,807,816,750,1331,495,2226,18,7,36,52,56,78,73,178,101,131,52,49,48,91,34,207,23998,1211,2,0,0,0,0,1,0
2021-01-18T23:59:59+01:00,1,3,301,376,723,1199,1056,2364,1372,3591,1665,2859,679,667,605,1087,421,1841,7,3,11,17,19,27,24,50,25,46,12,11,13,33,7,61,20808,366,1,0,0,0,0,1,0
2021-01-17T23:59:59+01:00,1,3,260,321,657,1105,978,2193,1275,3316,1550,2648,634,638,578,1031,400,1783,0,0,1,0,2,2,2,1,2,2,1,4,1,0,0,1,19370,19,1,0,0,0,0,0,0
2021-01-16T23:59:59+01:00,1,3,243,289,641,1072,954,2130,1234,3206,1499,2575,618,621,571,1031,400,1782,0,0,0,0,1,2,1,1,1,2,0,1,1,0,0,1,18869,11,1,0,0,0,0,0,0
2021-01-15T23:59:59+01:00,1,3,228,256,612,1024,927,2052,1199,3090,1447,2479,587,595,564,1010,393,1770,0,0,0,0,0,0,0,0,0,0,0,0,0,0,0,0,18237,0,0,0,0,0,0,0,0
2021-01-14T23:59:59+01:00,1,2,198,204,552,902,838,1909,1106,2867,1332,2296,543,552,526,966,387,1728,0,0,0,0,0,0,0,0,0,0,0,0,0,0,0,0,16909,0,0,0,0,0,0,0,0
2021-01-13T23:59:59+01:00,1,2,166,185,503,833,766,1783,1008,2634,1178,2074,430,435,399,761,289,1331,0,0,0,0,0,0,0,0,0,0,0,0,0,0,0,0,14778,0,0,0,0,0,0,0,0
2021-01-12T23:59:59+01:00,1,2,144,164,471,764,716,1628,918,2432,1071,1840,341,327,308,541,207,943,0,0,0,0,0,0,0,0,0,0,0,0,0,0,0,0,12818,0,0,0,0,0,0,0,0
2021-01-11T23:59:59+01:00,0,1,115,127,395,634,626,1375,754,1974,845,1454,211,190,169,313,109,546,0,0,0,0,0,0,0,0,0,0,0,0,0,0,0,0,9838,0,0,0,0,0,0,0,0
2021-01-10T23:59:59+01:00,0,1,89,92,305,458,471,995,547,1447,621,1058,174,167,157,300,104,533,0,0,0,0,0,0,0,0,0,0,0,0,0,0,0,0,7519,0,0,0,0,0,0,0,0
2021-01-09T23:59:59+01:00,0,1,78,84,259,395,401,863,480,1230,545,900,167,157,152,295,104,531,0,0,0,0,0,0,0,0,0,0,0,0,0,0,0,0,6642,0,0,0,0,0,0,0,0
2021-01-08T23:59:59+01:00,0,1,65,64,186,287,304,584,365,932,439,681,159,152,136,283,102,531,0,0,0,0,0,0,0,0,0,0,0,0,0,0,0,0,5271,0,0,0,0,0,0,0,0
2021-01-07T23:59:59+01:00,0,0,46,24,78,121,137,230,164,419,222,339,116,121,123,251,98,504,0,0,0,0,0,0,0,0,0,0,0,0,0,0,0,0,2993,0,0,0,0,0,0,0,0
2021-01-06T23:59:59+01:00,0,0,32,17,69,92,116,180,136,342,193,275,97,93,97,205,83,429,0,0,0,0,0,0,0,0,0,0,0,0,0,0,0,0,2456,0,0,0,0,0,0,0,0
2021-01-05T23:59:59+01:00,0,0,29,12,59,87,106,166,121,327,179,253,96,88,95,198,81,411,0,0,0,0,0,0,0,0,0,0,0,0,0,0,0,0,2308,0,0,0,0,0,0,0,0
2021-01-04T23:59:59+01:00,0,0,26,11,56,84,98,157,116,312,177,241,95,85,88,184,71,380,0,0,0,0,0,0,0,0,0,0,0,0,0,0,0,0,2181,0,0,0,0,0,0,0,0
2021-01-03T23:59:59+01:00,0,0,26,11,56,84,98,157,116,312,177,241,95,85,87,183,71,380,0,0,0,0,0,0,0,0,0,0,0,0,0,0,0,0,2179,0,0,0,0,0,0,0,0
2021-01-02T23:59:59+01:00,0,0,26,11,56,84,98,157,116,312,176,241,95,85,87,183,71,380,0,0,0,0,0,0,0,0,0,0,0,0,0,0,0,0,2178,0,0,0,0,0,0,0,0
2021-01-01T23:59:59+01:00,0,0,26,11,56,84,98,157,116,312,174,240,95,85,87,183,71,380,0,0,0,0,0,0,0,0,0,0,0,0,0,0,0,0,2175,0,0,0,0,0,0,0,0
2020-12-31T23:59:59+01:00,0,0,26,11,56,84,98,157,116,312,174,240,95,85,87,183,71,380,0,0,0,0,0,0,0,0,0,0,0,0,0,0,0,0,2175,0,0,0,0,0,0,0,0
2020-12-30T23:59:59+01:00,0,0,25,11,56,83,97,154,116,311,174,240,95,85,87,183,71,380,0,0,0,0,0,0,0,0,0,0,0,0,0,0,0,0,2168,0,0,0,0,0,0,0,0
2020-12-29T23:59:59+01:00,0,0,18,8,41,59,74,91,86,216,127,188,73,73,65,151,56,304,0,0,0,0,0,0,0,0,0,0,0,0,0,0,0,0,1630,0,0,0,0,0,0,0,0
2020-12-28T23:59:59+01:00,0,0,8,5,17,28,31,45,40,111,53,101,30,40,37,91,29,175,0,0,0,0,0,0,0,0,0,0,0,0,0,0,0,0,841,0,0,0,0,0,0,0,0
2020-12-27T23:59:59+01:00,0,0,2,2,4,5,7,11,10,23,6,22,5,7,6,25,3,48,0,0,0,0,0,0,0,0,0,0,0,0,0,0,0,0,186,0,0,0,0,0,0,0,0
