Datum,<24_1_m,<24_1_w,25-34_1_m,25-34_1_w,35-44_1_m,35-44_1_w,45-54_1_m,45-54_1_w,55-64_1_m,55-64_1_w,65-74_1_m,65-74_1_w,75-84_1_m,75-84_1_w,>84_1_m,>84_1_w,<24_2_m,<24_2_w,25-34_2_m,25-34_2_w,35-44_2_m,35-44_2_w,45-54_2_m,45-54_2_w,55-64_2_m,55-64_2_w,65-74_2_m,65-74_2_w,75-84_2_m,75-84_2_w,>84_2_m,>84_2_w,bp_1,bp_2,mo_1,mo_2,az_1,az_2,ja
2021-06-25T23:59:59+02:00,45987,43337,52665,48303,63469,65050,87689,90055,94895,95151,65573,72201,47124,58209,11280,20395,12668,12314,19476,19239,23668,28648,36634,44293,41267,45151,50058,55881,41222,50740,10185,18303,695088,341312,67445,46370,179506,102721,19344
2021-06-24T23:59:59+02:00,45401,42810,52350,47988,63257,64869,87464,89861,94731,95017,65497,72135,47089,58170,11277,20382,11998,11642,18474,18457,22359,27472,34575,42476,38956,42899,48740,54460,40717,50093,10090,18139,692221,329156,67428,43904,179485,99323,19164
2021-06-23T23:59:59+02:00,45147,42534,52194,47842,63158,64769,87372,89764,94665,94936,65469,72108,47074,58150,11276,20372,11508,11156,17853,17933,21408,26604,32574,40802,34977,38357,47843,53555,40362,49625,10026,18005,691032,314302,67401,43293,179471,96067,18926
2021-06-22T23:59:59+02:00,43989,41451,51504,47211,62711,64347,86987,89360,94326,94641,65331,71982,47015,58080,11269,20342,10956,10656,16964,17220,20164,25478,29109,37808,33126,36803,46977,52678,39965,49087,9915,17804,684949,302280,67362,40557,179462,93100,18773
2021-06-21T23:59:59+02:00,42363,39987,50522,46343,62047,63732,86478,88892,93917,94255,65184,71831,46957,57994,11261,20312,10602,10320,16514,16865,19509,24962,27174,36098,31806,35664,46013,51677,39541,48554,9832,17647,677000,295028,67341,39920,179449,89545,18285
2021-06-20T23:59:59+02:00,42260,39923,50377,46224,61925,63612,86402,88841,93848,94195,65161,71808,46943,57977,11261,20305,10434,10204,16302,16696,19172,24693,26322,35424,30929,34756,45908,51565,39510,48503,9826,17632,676400,291394,67306,39337,179435,89224,17921
2021-06-19T23:59:59+02:00,40180,37980,49530,45459,61435,63118,85931,88355,93484,93876,65022,71655,46886,57904,11249,20284,10382,10117,16207,16579,19057,24535,26214,35278,30811,34620,45822,51480,39491,48475,9823,17626,667723,290089,67293,39334,179430,89192,17902
2021-06-18T23:59:59+02:00,38193,36074,48372,44299,60529,62269,85127,87602,92922,93336,64825,71461,46804,57777,11236,20256,10302,10022,16048,16425,18871,24344,25963,35041,30535,34305,45540,51157,39415,48403,9815,17615,656631,287958,67170,39218,179429,88773,17852
2021-06-17T23:59:59+02:00,37094,35098,47508,43585,59765,61452,84410,86979,92557,92995,64703,71333,46760,57702,11225,20232,9713,9610,15357,15850,18046,23516,24807,33888,29067,32930,44307,49766,38957,47815,9720,17467,649752,279092,67063,38403,179399,86137,17184
2021-06-16T23:59:59+02:00,36275,34304,46701,42834,58891,60592,83681,86260,92183,92649,64582,71188,46707,57618,11207,20210,9162,9250,14756,15361,17257,22755,23629,32931,27905,31761,42531,47806,38457,47274,9632,17313,642876,269533,66947,37806,179384,83766,16675
2021-06-15T23:59:59+02:00,34076,32256,44993,41284,57325,59013,82369,85011,91475,92024,64342,70922,46609,57467,11179,20159,8959,9101,14459,15116,16887,22475,23090,32543,27385,31307,41646,46860,38086,46860,9541,17132,628053,266526,66905,37310,179350,81415,16196
2021-06-14T23:59:59+02:00,32310,30534,43335,39738,55759,57447,81324,83941,90838,91451,64112,70707,46523,57354,11162,20122,8740,8906,14072,14786,16354,22033,22389,31940,26769,30743,41285,46464,37716,46423,9442,16959,614910,263914,66851,36905,179321,78627,15575
2021-06-13T23:59:59+02:00,32070,30310,42900,39371,55269,56973,80983,83639,90664,91278,64036,70634,46488,57302,11151,20100,8581,8714,13794,14498,15985,21626,21937,31443,26259,30259,40911,46073,37274,45870,9300,16722,612242,261862,66720,36839,179288,75627,14918
2021-06-12T23:59:59+02:00,30279,28459,41792,38338,54632,56291,80453,83145,90142,90776,63901,70478,46426,57231,11143,20083,8528,8651,13669,14393,15847,21515,21758,31303,26159,30173,40897,46061,37266,45863,9300,16722,602713,261098,66717,36839,179280,75309,14859
2021-06-11T23:59:59+02:00,28404,26715,40443,37125,53470,55140,79473,82298,89608,90240,63702,70266,46371,57135,11124,20053,8457,8538,13501,14230,15630,21316,21495,31059,25895,29902,40611,45718,37182,45754,9289,16699,590953,259250,66642,36694,179268,74628,14704
2021-06-10T23:59:59+02:00,27223,25525,39141,35870,51912,53714,78197,81114,88054,88753,63410,69926,46256,56973,11104,20009,8138,8271,12972,13796,14996,20750,20724,30289,25146,29262,39950,44907,36840,45341,9204,16548,578112,255864,66185,36662,179219,70943,13665
2021-06-09T23:59:59+02:00,26679,25084,38492,35319,50774,52665,76997,79970,87552,88297,63311,69805,46208,56893,11091,19983,7813,7904,12345,13190,14226,19922,19819,29251,24090,28026,37488,42167,36327,44738,9081,16339,571114,245639,65777,36599,179178,67437,13051
2021-06-08T23:59:59+02:00,24921,23390,36837,33911,48675,50695,74893,78083,86222,86939,63030,69455,46088,56760,11067,19944,7648,7689,11961,12845,13753,19435,19195,28627,23586,27541,37216,41926,36043,44375,8998,16203,553863,244026,65503,36524,179149,64096,12395
2021-06-07T23:59:59+02:00,23718,22242,35180,32468,46393,48705,72845,76252,85392,86201,62839,69220,46023,56634,11050,19915,7463,7500,11532,12497,13204,18963,18462,28002,23000,26992,36912,41625,35633,43900,8918,16040,538791,242075,65334,36460,179098,60254,11854
2021-06-06T23:59:59+02:00,23494,22060,34772,32156,45770,48136,72255,75796,85215,86062,62793,69164,46008,56606,11046,19905,7310,7289,11199,12082,12776,18388,17816,27190,22329,26225,36463,41174,35194,43372,8795,15815,535714,239667,65013,36414,179049,55874,11462
2021-06-05T23:59:59+02:00,22037,20608,33423,30868,44643,47073,71697,75282,84707,85578,62712,69069,45966,56563,11040,19895,7250,7207,11099,11924,12654,18236,17640,26982,22179,26065,36414,41114,35175,43352,8793,15810,525730,239111,65013,35999,178976,55342,11442
2021-06-04T23:59:59+02:00,20634,19276,32073,29528,43131,45595,70348,74007,83988,84889,62564,68893,45900,56479,11027,19872,7131,7047,10920,11719,12436,17983,17264,26598,21678,25606,35535,40292,34902,43092,8781,15788,512916,237321,64948,35679,178968,52400,11372
2021-06-03T23:59:59+02:00,19876,18584,31046,28660,41637,44310,68578,72462,81817,82662,62241,68530,45780,56334,11013,19840,6943,6806,10608,11387,12126,17494,16800,25956,21155,25040,34898,39561,34745,42912,8755,15743,499217,235038,64271,35298,178926,49637,10956
2021-06-02T23:59:59+02:00,19504,18224,30735,28399,40903,43618,66910,71027,81039,81996,62120,68385,45729,56263,11010,19828,6815,6702,10437,11237,11901,17281,16522,25633,20635,24481,31849,36151,34547,42713,8735,15692,491799,226443,64270,34975,178924,49216,10697
2021-06-01T23:59:59+02:00,18550,17450,29210,27270,38492,41455,63287,67814,78941,79993,61836,68065,45608,56095,10983,19778,6504,6380,9918,10803,11372,16695,15846,24845,19962,23784,31538,35888,34372,42541,8712,15637,473748,225078,62724,34484,178865,45745,9490
2021-05-31T23:59:59+02:00,17886,16899,28255,26560,36321,39641,59811,64712,77229,78549,61544,67745,45482,55941,10955,19737,6316,6128,9506,10453,10951,16187,15306,24169,19382,23132,31273,35663,34207,42372,8683,15586,458011,224429,62016,34099,178802,42348,8438
2021-05-30T23:59:59+02:00,17709,16750,27984,26341,35827,39184,59095,64104,76976,78333,61493,67693,45458,55910,10951,19727,6197,5898,9155,10111,10560,15679,14846,23374,18890,22405,30631,35004,34012,42197,8665,15539,455064,223997,61583,34019,178757,37016,8131
2021-05-29T23:59:59+02:00,17266,16313,27047,25436,34029,37576,57735,62912,76417,77772,61373,67577,45408,55864,10948,19714,6158,5807,9093,10005,10469,15566,14732,23227,18768,22276,30612,34990,34007,42190,8664,15536,444957,223538,61551,34019,178753,36417,8126
2021-05-28T23:59:59+02:00,16806,15861,26164,24616,32047,35679,55695,61081,75436,76797,61221,67391,45363,55795,10939,19695,6059,5675,8933,9861,10316,15398,14573,22991,18565,21984,30565,34965,33992,42177,8663,15533,433019,222917,61085,34014,178664,35501,7818
2021-05-27T23:59:59+02:00,16067,15327,25114,23900,30795,34722,54045,59664,72387,73822,60909,66999,45245,55640,10918,19651,5915,5399,8601,9546,9927,14979,14136,22323,18102,21458,30375,34787,33889,42078,8646,15507,420940,222307,59143,33947,178045,32337,7077
2021-05-26T23:59:59+02:00,15480,14842,24227,23241,29888,34038,52878,58690,69344,70513,60531,66613,45124,55482,10891,19618,5809,5196,8336,9243,9639,14571,13766,21712,17690,20908,30205,34631,33797,41983,8624,15464,410162,221721,56975,33829,177550,29311,6713
2021-05-25T23:59:59+02:00,15085,14490,23664,22846,28716,33088,50052,56228,67370,68658,60281,66350,45024,55341,10879,19575,5718,5053,8114,8983,9397,14198,13444,21165,17321,20412,30067,34502,33724,41884,8605,15418,398361,221209,55912,33751,176929,26600,6445
2021-05-24T23:59:59+02:00,14727,14166,23176,22472,28101,32622,46954,53342,65401,66935,60024,66088,44924,55220,10851,19529,5633,4923,7855,8756,9077,13808,13117,20649,16946,19878,29949,34391,33659,41819,8586,15377,386745,220653,55432,33689,176264,23990,6091
2021-05-23T23:59:59+02:00,14656,14090,23081,22387,28029,32547,46660,53066,64846,66416,59953,66025,44904,55203,10849,19528,5610,4903,7816,8731,9017,13769,13041,20593,16881,19826,29943,34382,33656,41814,8586,15376,384549,220391,55354,33683,176252,23785,6085
2021-05-22T23:59:59+02:00,14402,13835,22770,22059,26884,31554,44831,51516,64137,65786,59806,65844,44848,55120,10840,19509,5589,4842,7792,8671,8979,13708,13008,20505,16857,19773,29937,34371,33651,41810,8586,15375,376096,220313,55339,33683,176246,23398,6060
2021-05-21T23:59:59+02:00,14055,13536,22185,21623,25985,30819,42245,49449,62466,64346,59614,65640,44773,55036,10828,19491,5565,4803,7736,8586,8916,13628,12930,20407,16785,19695,29927,34355,33645,41800,8584,15374,365767,220130,54280,33670,176056,22948,5988
2021-05-20T23:59:59+02:00,13338,12883,21039,20744,24871,29808,40669,48097,60134,62256,58953,64920,44597,54803,10802,19443,5240,4596,7332,8298,8510,13230,12457,19875,16409,19243,29825,34282,33601,41753,8582,15366,355357,219747,51960,33561,174772,20023,5268
2021-05-19T23:59:59+02:00,12837,12514,20240,20201,24021,29212,39778,47402,56619,58309,58634,64614,44504,54675,10784,19403,5064,4408,7092,8048,8223,12903,12111,19430,16072,18854,29745,34181,33561,41683,8574,15356,344973,219285,50347,33451,173648,17790,4779
2021-05-18T23:59:59+02:00,12460,12180,19659,19754,23387,28643,38212,46052,55399,57321,58311,64237,44386,54532,10763,19382,4946,4257,6838,7819,7975,12612,11868,19036,15748,18442,29681,34119,33532,41650,8571,15349,339649,219011,48519,33377,172183,15728,4327
2021-05-17T23:59:59+02:00,12201,11962,19229,19481,22956,28334,36849,44915,54265,56433,58112,64029,44328,54437,10751,19354,4865,4150,6619,7594,7724,12317,11613,18648,15451,18053,29614,34060,33512,41613,8565,15337,335616,218741,47546,33311,170676,13885,3798
2021-05-16T23:59:59+02:00,11984,11802,18932,19281,22625,28087,36154,44414,53043,55276,58001,63929,44293,54388,10742,19335,4783,4066,6383,7425,7457,12063,11338,18285,15187,17743,29563,34015,33497,41594,8558,15334,333200,218501,46672,33252,169064,12188,3350
2021-05-15T23:59:59+02:00,11878,11687,18773,19138,22462,27945,35714,43994,52695,54944,57899,63804,44253,54343,10739,19322,4737,4024,6292,7358,7366,11955,11240,18169,15080,17618,29462,33892,33423,41515,8554,15330,330817,217421,46672,33251,168928,12170,3173
2021-05-14T23:59:59+02:00,11561,11457,18347,18900,22068,27665,32954,41891,50943,53385,57747,63649,44206,54271,10726,19302,4587,3932,5998,7185,7062,11725,10891,17815,14730,17291,28926,33192,33309,41359,8540,15303,321742,214149,46618,33247,168314,12051,2398
2021-05-13T23:59:59+02:00,11040,11020,17531,18337,21192,26980,31818,40883,48642,51105,57044,62875,44023,54013,10695,19238,4028,3707,5682,6931,6763,11419,10478,17430,14333,16818,28031,32004,32949,40914,8514,15253,313280,209591,44759,32696,166304,10874,2093
2021-05-12T23:59:59+02:00,10705,10793,17104,18088,20717,26696,31284,40484,45348,47084,56816,62657,43944,53911,10681,19218,3865,3608,5451,6824,6490,11270,10194,17219,14080,16521,27421,31223,32808,40755,8491,15222,304141,206622,43936,32674,166015,10708,1438
2021-05-11T23:59:59+02:00,10211,10474,16303,17551,19869,26077,29310,38903,43635,45690,56520,62297,43864,53788,10664,19193,3719,3451,5223,6474,6184,10855,9824,16632,13608,15944,26013,29562,32363,40215,8453,15148,298658,200687,40878,32495,163542,9215,1271
2021-05-10T23:59:59+02:00,9904,10298,15780,17296,19256,25755,28252,38160,42227,44568,56343,62101,43793,53688,10646,19169,3596,3301,4990,6236,5934,10542,9490,16136,13209,15500,24986,28218,31936,39722,8422,15098,295404,196065,39974,32470,160888,7811,970
2021-05-09T23:59:59+02:00,9713,10203,15489,17107,18870,25510,27530,37688,40369,42821,56213,61975,43749,53634,10639,19153,3456,3238,4812,6098,5773,10365,9298,15922,13032,15336,24710,27887,31817,39565,8414,15089,292467,194880,39604,32431,157897,6806,695
2021-05-08T23:59:59+02:00,9620,10110,15313,16967,18661,25299,27299,37451,40145,42633,56100,61853,43716,53595,10636,19145,3446,3216,4778,6064,5729,10316,9216,15856,12934,15253,24319,27434,31580,39301,8407,15074,290918,193696,39153,31728,157777,6804,695
2021-05-07T23:59:59+02:00,9420,9998,14972,16782,18289,25065,26882,37164,39713,42251,55839,61532,43676,53548,10631,19138,3108,3055,4430,5889,5474,10040,8883,15547,12511,14807,23211,26033,31026,38585,8385,15037,288419,190275,38726,30238,157453,5206,302
2021-05-06T23:59:59+02:00,8697,9593,14070,16148,17216,24203,25482,36024,37568,40517,54852,60373,43461,53266,10600,19086,2959,2928,4259,5681,5264,9724,8512,15097,12068,14311,21859,24314,30297,37721,8342,14938,277793,184715,37452,29282,155646,4012,265
2021-05-05T23:59:59+02:00,8096,9238,13269,15592,16180,23410,24029,34983,35736,38932,53181,58516,43185,52959,10573,19028,2851,2856,4087,5527,5068,9499,8152,14738,11700,13917,20355,22419,29300,36519,8310,14854,266402,178668,36543,28120,153876,3278,86
2021-05-04T23:59:59+02:00,7873,9126,12908,15411,15665,23136,23384,34624,34736,38173,52439,57662,43073,52836,10562,18994,2780,2773,3932,5355,4887,9237,7806,14303,11237,13411,18642,20421,28333,35367,8237,14756,262661,171904,35680,27192,152229,2349,32
2021-05-03T23:59:59+02:00,7690,8955,12515,15201,15153,22817,22670,34201,33583,37262,52220,57415,42981,52741,10553,18965,2711,2691,3837,5173,4742,8987,7582,13939,10899,12989,17389,18849,27558,34400,8183,14666,259403,166366,35221,26843,150276,1364,22
2021-05-02T23:59:59+02:00,7602,8844,12288,15036,14842,22584,22184,33868,32390,36261,52038,57203,42925,52661,10538,18937,2698,2682,3815,5139,4712,8948,7512,13865,10811,12887,17049,18444,27311,34132,8171,14656,256990,164816,35149,26732,148041,1263,21
2021-05-01T23:59:59+02:00,7576,8816,12230,14983,14762,22531,22087,33794,32272,36174,52033,57193,42922,52660,10536,18935,2691,2672,3794,5122,4671,8921,7469,13830,10751,12822,16842,18211,27213,34017,8168,14646,256442,163853,35149,26705,147892,1261,21
2021-04-30T23:59:59+02:00,7533,8769,12133,14899,14650,22407,21885,33620,32039,35961,51782,56865,42879,52609,10532,18926,2656,2648,3733,5055,4574,8813,7314,13629,10447,12544,15944,17066,26471,33096,8137,14573,254686,160663,35106,24826,147677,1191,20
2021-04-29T23:59:59+02:00,7291,8631,11828,14710,14288,22167,21349,33319,31280,35430,51200,56118,42794,52498,10514,18862,2616,2593,3634,4962,4445,8674,7117,13415,10164,12244,14813,15631,25357,31783,8084,14490,251535,154985,35014,24082,145710,935,20
2021-04-28T23:59:59+02:00,6987,8441,11438,14371,13806,21690,20714,32698,29958,34124,48699,53343,42540,52203,10465,18796,2575,2547,3561,4900,4332,8554,6944,13221,9909,12013,13482,13898,24093,30199,8040,14404,241644,149068,34892,22880,143729,716,8
2021-04-27T23:59:59+02:00,6873,8339,11280,14245,13619,21537,20419,32482,29399,33718,48533,53165,42489,52154,10459,18778,2530,2505,3463,4811,4245,8441,6760,13021,9624,11714,12055,12069,22679,28349,7979,14287,240303,142290,34846,21695,142332,539,8
2021-04-26T23:59:59+02:00,6817,8291,11167,14176,13454,21419,20180,32252,28546,33112,48254,52864,42440,52098,10454,18751,2507,2472,3409,4770,4179,8368,6652,12884,9425,11522,10969,10672,21607,26859,7929,14216,239603,137050,34821,20953,139843,429,8
2021-04-25T23:59:59+02:00,6765,8238,11057,14077,13297,21265,19920,31957,27718,32322,47855,52423,42367,52012,10441,18734,2478,2459,3379,4751,4161,8346,6618,12843,9363,11464,10781,10443,21395,26575,7924,14204,237919,136196,34778,20610,137743,370,8
2021-04-24T23:59:59+02:00,6738,8180,10977,13994,13205,21118,19782,31784,27561,32149,47750,52299,42292,51933,10437,18730,2471,2449,3353,4720,4120,8301,6538,12765,9232,11343,10623,10264,21276,26452,7912,14188,236469,135676,34762,19971,137690,352,8
2021-04-23T23:59:59+02:00,6665,8074,10840,13790,13009,20860,19458,31407,27152,31763,46853,51193,42146,51728,10422,18700,2453,2427,3308,4686,4068,8243,6439,12669,9066,11207,10331,9933,20988,26071,7871,14124,232109,134563,34706,18972,137237,341,8
2021-04-22T23:59:59+02:00,6550,7950,10615,13575,12663,20522,18920,30918,26475,31092,45156,49065,41650,51098,10385,18617,2435,2407,3262,4638,3993,8164,6313,12568,8790,11039,9867,9474,20588,25535,7833,14063,225887,132457,34596,18195,134760,309,8
2021-04-21T23:59:59+02:00,6445,7790,10377,13374,12316,20195,18408,30409,25542,30098,41111,44462,41224,50625,10330,18523,2424,2395,3218,4603,3944,8105,6224,12470,8616,10881,9498,9050,20137,24995,7784,13980,213826,130833,34530,17193,132865,290,8
2021-04-20T23:59:59+02:00,6348,7688,10172,13158,12037,19925,17981,29979,24924,29467,39376,42455,40656,49952,10270,18402,2399,2379,3175,4577,3878,8058,6083,12377,8456,10750,9187,8666,19683,24386,7711,13863,207631,129490,34441,15893,130710,237,8
2021-04-19T23:59:59+02:00,6261,7601,10013,13026,11825,19723,17587,29557,24330,28942,37868,40681,40137,49318,10222,18327,2382,2357,3139,4544,3835,8011,6045,12310,8371,10657,8909,8322,19317,23878,7677,13785,202626,127810,34387,15502,128397,219,8
2021-04-18T23:59:59+02:00,6183,7538,9883,12949,11630,19572,17296,29356,23873,28555,36606,39378,39828,48946,10197,18279,2369,2337,3108,4525,3807,7994,5999,12263,8321,10610,8801,8207,19176,23714,7664,13766,201103,127324,34348,15114,124610,215,8
2021-04-17T23:59:59+02:00,6176,7521,9846,12916,11587,19528,17213,29292,23796,28483,36308,39042,39733,48867,10192,18269,2357,2327,3082,4509,3741,7952,5925,12210,8242,10559,8690,8094,19079,23610,7646,13754,199881,126531,34339,15025,124541,213,8
2021-04-16T23:59:59+02:00,6108,7470,9761,12865,11457,19403,16994,29139,23387,28058,35280,37817,39374,48423,10176,18242,2208,2221,2857,4337,3375,7625,5115,11642,6704,9440,6225,6072,17489,22092,7493,13510,195778,117481,34256,10705,123912,211,8
2021-04-15T23:59:59+02:00,6027,7368,9555,12682,11146,19149,16473,28740,22647,27363,33366,35487,38485,47366,10108,18103,2160,2183,2792,4272,3255,7507,4872,11444,6342,9130,5749,5667,16912,21392,7343,13236,189977,114386,34202,9658,119878,204,8
2021-04-14T23:59:59+02:00,5950,7310,9387,12557,10909,18956,16055,28403,21947,26809,31379,33173,37448,46128,10046,17946,2069,2119,2714,4209,3142,7415,4657,11268,6018,8879,5269,5243,16339,20682,7173,12944,183620,111783,34063,8201,116712,148,8
2021-04-13T23:59:59+02:00,5891,7245,9246,12428,10730,18782,15691,28107,21357,26245,29229,30657,36324,44713,9932,17781,2020,2100,2677,4169,3085,7349,4519,11115,5749,8673,4925,4922,15883,20227,7076,12784,176751,110379,34000,6835,113599,51,8
2021-04-12T23:59:59+02:00,5820,7189,9127,12288,10523,18625,15350,27811,20744,25711,27175,28330,35299,43408,9827,17617,1985,2057,2648,4150,3061,7291,4448,11046,5646,8579,4768,4776,15575,19836,6987,12619,171049,109553,33926,5861,109861,50,8
2021-04-11T23:59:59+02:00,5773,7141,9036,12208,10360,18521,15063,27616,20277,25332,25977,27047,34676,42696,9760,17496,1975,2050,2625,4129,3041,7265,4411,11001,5562,8511,4671,4723,15463,19712,6956,12574,169273,109360,33857,5256,105841,45,8
2021-04-10T23:59:59+02:00,5754,7124,9002,12184,10301,18485,14993,27567,20178,25243,25620,26628,34389,42334,9753,17475,1970,2045,2616,4118,3025,7249,4378,10973,5503,8467,4595,4645,15334,19545,6919,12500,168066,108573,33136,5256,105820,45,8
2021-04-09T23:59:59+02:00,5696,7090,8919,12100,10176,18363,14819,27374,19902,24989,24679,25331,33585,41305,9728,17417,1937,2013,2564,4080,2945,7187,4216,10846,5246,8236,4172,4263,14765,18809,6733,12192,164721,104904,31630,5249,105116,45,6
2021-04-08T23:59:59+02:00,5612,7015,8767,11983,9950,18183,14400,27052,19271,24462,22818,23165,32115,39583,9609,17217,1902,1993,2507,4031,2867,7101,4054,10694,4945,7966,3703,3816,13736,17490,6347,11566,158986,99954,30724,4719,101486,39,6
2021-04-07T23:59:59+02:00,5549,6952,8589,11912,9718,18023,14063,26804,18764,24064,20831,20783,30597,37645,9516,17040,1865,1976,2453,3976,2803,7022,3938,10532,4758,7757,3432,3533,13015,16639,6038,11094,152965,96650,29552,4148,98327,27,6
2021-04-06T23:59:59+02:00,5488,6900,8447,11806,9556,17851,13706,26522,18227,23625,18783,18456,28922,35458,9358,16753,1827,1955,2427,3950,2770,6981,3873,10488,4677,7669,3328,3407,12496,15948,5807,10747,146152,94358,28599,3960,95101,26,6
2021-04-05T23:59:59+02:00,5448,6852,8353,11712,9419,17751,13468,26293,17776,23232,16916,16305,27514,33570,9236,16568,1801,1943,2400,3931,2742,6931,3829,10426,4586,7555,3219,3295,12142,15551,5673,10505,140755,92967,28165,3530,91487,26,6
2021-04-04T23:59:59+02:00,5441,6846,8345,11698,9401,17741,13446,26270,17744,23208,16759,16103,27344,33354,9231,16557,1800,1941,2399,3929,2740,6928,3827,10422,4580,7553,3211,3282,12130,15540,5671,10497,140037,92888,28072,3530,91373,26,6
2021-04-03T23:59:59+02:00,5437,6838,8330,11687,9379,17722,13400,26237,17672,23142,16678,16017,27304,33298,9227,16553,1797,1937,2388,3923,2721,6912,3798,10396,4501,7488,3085,3169,12060,15475,5666,10487,139510,92241,28044,3530,91361,26,6
2021-04-02T23:59:59+02:00,5408,6816,8276,11630,9308,17652,13249,26124,17433,22928,16201,15485,26877,32801,9202,16508,1793,1927,2377,3917,2711,6897,3771,10355,4435,7402,3016,3099,11786,15155,5556,10313,138314,90952,26635,3526,90943,26,6
2021-04-01T23:59:59+02:00,5354,6738,8160,11492,9173,17485,12964,25824,16971,22526,15404,14697,26194,31913,9103,16359,1768,1895,2354,3895,2683,6866,3735,10316,4366,7337,2892,2961,10768,13913,5052,9609,136088,86961,25970,3421,88295,24,4
2021-03-31T23:59:59+02:00,5132,6640,8046,11380,9037,17317,12728,25524,16619,22164,14653,13864,25431,30975,9021,16202,1755,1889,2341,3872,2661,6840,3681,10260,4294,7272,2803,2871,10132,13141,4765,9202,134298,84554,24516,3197,85915,24,4
2021-03-30T23:59:59+02:00,5098,6572,7968,11252,8953,17163,12561,25325,16326,21837,14024,13153,24715,30074,8913,15997,1739,1874,2323,3850,2635,6811,3638,10192,4224,7193,2679,2733,9499,12425,4482,8785,132833,82258,23304,2799,83790,21,4
2021-03-29T23:59:59+02:00,5052,6500,7859,11145,8844,16994,12392,25032,15985,21494,13444,12476,24006,29182,8791,15790,1720,1861,2301,3834,2618,6781,3596,10131,4163,7120,2626,2666,9174,12002,4337,8524,131004,80888,22550,2541,81428,21,4
2021-03-28T23:59:59+02:00,5010,6404,7771,11039,8773,16834,12244,24797,15716,21219,13106,12133,23446,28507,8652,15555,1709,1856,2281,3816,2605,6752,3555,10081,4123,7061,2583,2618,9092,11888,4299,8471,130507,80554,22030,2213,78665,19,4
2021-03-27T23:59:59+01:00,4996,6390,7744,11007,8701,16760,12141,24695,15568,21101,12898,11916,23262,28314,8624,15528,1708,1854,2278,3814,2603,6751,3542,10054,4112,7043,2574,2610,9027,11816,4274,8439,129629,80263,21387,2213,78625,19,4
2021-03-26T23:59:59+01:00,4946,6305,7624,10888,8526,16559,11784,24371,14934,20580,11964,11086,22541,27526,8517,15344,1700,1836,2274,3796,2590,6725,3520,10028,4070,7006,2551,2574,8821,11572,4187,8301,125626,79429,19789,2099,78076,19,4
2021-03-25T23:59:59+01:00,4880,6120,7450,10600,8277,16144,11371,23728,14315,19905,11266,10410,21678,26441,8273,14898,1678,1818,2243,3769,2554,6691,3482,9975,3995,6923,2412,2440,7764,10172,3685,7567,122373,75281,19016,1865,74364,19,3
2021-03-24T23:59:59+01:00,4796,5951,7298,10307,8068,15724,11091,23169,13849,19329,10637,9830,20763,25335,8000,14414,1654,1786,2216,3733,2512,6651,3426,9903,3929,6830,2308,2341,7062,9321,3371,7086,119787,72661,17831,1448,70941,18,2
2021-03-23T23:59:59+01:00,4750,5834,7184,10075,7913,15375,10819,22645,13445,18859,10168,9377,20013,24454,7762,14031,1640,1768,2192,3711,2489,6623,3366,9843,3837,6757,2212,2240,6268,8285,3002,6522,118342,69616,16730,1120,67631,18,1
2021-03-22T23:59:59+01:00,4689,5738,7053,9827,7749,15051,10546,22167,13098,18380,9781,9016,19445,23725,7612,13743,1628,1759,2185,3696,2475,6610,3344,9817,3799,6724,2160,2190,5758,7604,2717,6115,117467,67529,16332,1033,63820,18,1
2021-03-21T23:59:59+01:00,4635,5604,6919,9558,7584,14678,10306,21618,12763,17899,9450,8732,18924,23112,7455,13478,1625,1754,2184,3687,2472,6604,3337,9805,3789,6713,2144,2170,5625,7455,2675,6032,117273,67024,15938,1033,59503,13,1
2021-03-20T23:59:59+01:00,4624,5578,6883,9497,7521,14615,10213,21508,12662,17811,9367,8638,18786,22936,7414,13401,1622,1751,2180,3684,2467,6598,3324,9795,3764,6704,2111,2134,5264,7047,2532,5830,116450,65760,15843,1033,59160,13,1
2021-03-19T23:59:59+01:00,4424,5410,6594,9247,7043,14175,9231,20730,10852,16406,6488,6271,16743,20854,7123,12931,1616,1747,2175,3676,2456,6586,3312,9767,3705,6659,2047,2095,4844,6526,2326,5565,107188,64087,11142,1001,56191,13,1
2021-03-18T23:59:59+01:00,4304,5240,6400,8944,6787,13707,8817,20052,10208,15694,5774,5609,15501,19322,6705,12252,1609,1738,2154,3648,2438,6547,3280,9728,3664,6625,2008,2063,4361,5930,2111,5227,102090,62227,10139,893,53086,10,1
2021-03-17T23:59:59+01:00,4213,5150,6275,8805,6611,13529,8514,19709,9799,15316,5368,5223,14662,18346,6375,11756,1597,1723,2139,3629,2407,6515,3245,9699,3627,6587,1954,2006,3915,5430,1908,4902,98862,60513,8459,759,52329,10,1
2021-03-16T23:59:59+01:00,4120,4992,6119,8536,6400,13138,8175,19121,9260,14682,4853,4766,13827,17351,6110,11341,1588,1714,2130,3613,2390,6503,3233,9677,3599,6559,1925,1968,3325,4720,1653,4481,96557,58314,7059,755,49174,8,1
2021-03-15T23:59:59+01:00,4051,4816,5925,8262,6190,12704,7887,18543,8825,14084,4555,4490,13145,16587,5894,10938,1587,1704,2115,3597,2369,6477,3211,9624,3576,6521,1891,1918,2919,4218,1426,4142,95068,56548,6091,741,45737,6,0
2021-03-14T23:59:59+01:00,3993,4647,5671,7941,5925,12232,7551,17796,8389,13386,4240,4231,12878,16344,5857,10853,1579,1694,2098,3567,2354,6425,3194,9563,3559,6491,1883,1907,2835,4101,1382,4068,94953,56148,5485,547,41496,5,0
2021-03-13T23:59:59+01:00,3976,4606,5630,7832,5864,12130,7464,17660,8255,13239,4085,4090,12798,16268,5852,10842,1579,1694,2098,3567,2353,6425,3193,9562,3558,6491,1878,1898,2776,4040,1357,4021,94267,55938,5485,547,40839,5,0
2021-03-12T23:59:59+01:00,3950,4517,5581,7697,5796,11985,7376,17421,8125,13032,3978,3993,12493,15924,5742,10655,1579,1694,2094,3560,2351,6417,3190,9555,3557,6487,1876,1896,2668,3911,1297,3957,92851,55537,5477,547,39937,5,0
2021-03-11T23:59:59+01:00,3845,4270,5367,7436,5567,11536,7019,16726,7707,12452,3645,3646,11334,14556,5203,9901,1573,1689,2084,3547,2331,6394,3168,9517,3532,6456,1849,1872,2404,3621,1175,3770,88678,54463,5050,514,36482,5,0
2021-03-10T23:59:59+01:00,3736,4128,5148,7168,5350,11159,6742,16152,7380,11962,3442,3430,10626,13686,4897,9461,1566,1670,2059,3508,2302,6307,3116,9387,3476,6346,1808,1801,2162,3356,1074,3611,86221,53266,4684,279,33562,4,0
2021-03-09T23:59:59+01:00,3654,3976,4977,6980,5165,10872,6506,15692,7079,11488,3273,3250,9942,12919,4594,9015,1556,1654,2025,3448,2269,6202,3047,9241,3417,6275,1781,1775,1860,3001,936,3410,83954,51861,4430,32,30998,4,0
2021-03-08T23:59:59+01:00,3577,3794,4744,6718,4924,10500,6237,15170,6721,10918,3087,3083,9530,12441,4442,8749,1553,1630,2008,3367,2239,6109,3005,9096,3389,6192,1766,1752,1637,2747,840,3245,82486,50545,4069,30,28080,0,0
2021-03-07T23:59:59+01:00,3542,3723,4666,6605,4835,10384,6138,15007,6608,10788,3038,3038,9445,12330,4410,8693,1545,1624,2003,3355,2230,6079,2998,9058,3377,6178,1760,1739,1569,2670,801,3189,82142,50145,3901,30,27207,0,0
2021-03-06T23:59:59+01:00,3524,3652,4622,6522,4797,10313,6080,14891,6562,10692,3020,3017,9379,12256,4386,8659,1543,1608,1996,3342,2220,6051,2995,9030,3366,6158,1752,1718,1538,2646,799,3181,81826,49913,3901,30,26645,0,0
2021-03-05T23:59:59+01:00,3495,3547,4558,6421,4738,10208,6013,14731,6462,10549,2986,2974,9169,11995,4296,8517,1533,1567,1967,3285,2193,5943,2953,8894,3324,6024,1710,1680,1473,2575,780,3158,80930,49029,3893,30,25836,0,0
2021-03-04T23:59:59+01:00,3426,3328,4386,6182,4537,9896,5788,14290,6161,10196,2812,2807,8066,10551,3782,7773,1510,1509,1932,3162,2164,5748,2905,8623,3268,5808,1643,1596,1441,2529,776,3143,76792,47728,3622,29,23567,0,0
2021-03-03T23:59:59+01:00,3375,3246,4241,5982,4372,9617,5569,13898,5924,9794,2691,2695,7369,9690,3455,7270,1496,1466,1904,3086,2142,5638,2874,8442,3212,5663,1576,1552,1401,2457,758,3096,74076,46734,3393,29,21719,0,0
2021-03-02T23:59:59+01:00,3306,3135,4044,5774,4173,9337,5361,13504,5664,9439,2556,2552,6529,8612,3071,6692,1461,1417,1876,3013,2115,5484,2828,8167,3162,5485,1506,1493,1340,2378,741,3060,70924,45497,2946,29,19879,0,0
2021-03-01T23:59:59+01:00,3261,3057,3859,5619,3993,9108,5170,13177,5429,9059,2468,2457,5981,7881,2781,6271,1453,1374,1855,2902,2084,5296,2783,7892,3106,5281,1465,1463,1293,2317,717,3025,68773,44277,2646,29,18152,0,0
2021-02-28T23:59:59+01:00,3211,3000,3681,5502,3791,8904,4977,12916,5248,8775,2424,2395,5843,7712,2735,6188,1448,1368,1852,2889,2073,5270,2778,7857,3096,5266,1457,1456,1287,2307,715,3018,68300,44108,2427,29,16575,0,0
2021-02-27T23:59:59+01:00,3192,2923,3655,5426,3760,8837,4940,12820,5210,8713,2385,2354,5473,7293,2583,5978,1441,1358,1842,2877,2062,5225,2758,7798,3081,5215,1441,1448,1279,2297,714,3017,66993,43825,2427,28,16122,0,0
2021-02-26T23:59:59+01:00,3167,2867,3610,5344,3702,8735,4879,12709,5117,8634,2312,2304,5044,6761,2371,5705,1372,1292,1797,2776,2014,5033,2699,7513,3009,5032,1384,1407,1257,2274,701,3009,65197,42542,2302,27,15762,0,0
2021-02-25T23:59:59+01:00,2978,2736,3422,5166,3523,8509,4662,12404,4912,8387,2233,2254,4533,6139,2150,5355,1355,1229,1760,2664,1968,4729,2621,7121,2918,4788,1344,1367,1240,2259,699,3000,63340,41038,1980,24,14043,0,0
2021-02-24T23:59:59+01:00,2795,2576,3251,4971,3365,8311,4458,12121,4702,8175,2104,2138,4045,5572,1939,5025,1334,1192,1740,2584,1930,4572,2564,6859,2866,4607,1318,1340,1221,2239,697,2982,61577,40028,1510,17,12461,0,0
2021-02-23T23:59:59+01:00,2639,2414,3073,4739,3219,8084,4273,11843,4530,7947,2022,2052,3421,4834,1682,4598,1319,1136,1709,2483,1889,4366,2492,6559,2768,4370,1267,1289,1197,2198,684,2958,59386,38670,1160,14,10824,0,0
2021-02-22T23:59:59+01:00,2589,2353,2990,4645,3145,7976,4178,11650,4425,7833,1983,2013,3006,4329,1453,4266,1305,1069,1675,2346,1843,4107,2410,6166,2644,4100,1214,1241,1176,2170,679,2936,57725,37077,1076,4,10033,0,0
2021-02-21T23:59:59+01:00,2550,2316,2934,4569,3068,7860,4091,11495,4365,7736,1968,1991,2916,4206,1407,4189,1299,1046,1659,2288,1815,3991,2375,6010,2586,3989,1182,1225,1168,2154,672,2923,57293,36378,1043,4,9325,0,0
2021-02-20T23:59:59+01:00,2538,2312,2912,4554,3052,7826,4061,11461,4349,7717,1963,1982,2855,4143,1381,4141,1299,1043,1659,2286,1813,3981,2375,6005,2585,3986,1181,1222,1167,2150,671,2923,57078,36342,1042,4,9127,0,0
2021-02-19T23:59:59+01:00,2522,2295,2879,4499,3022,7738,4017,11375,4296,7663,1957,1977,2745,4010,1321,4071,1239,1033,1628,2279,1802,3968,2366,5983,2574,3976,1177,1214,1155,2145,667,2916,56665,36118,1011,4,8711,0,0
2021-02-18T23:59:59+01:00,2367,2180,2736,4318,2899,7532,3871,11078,4168,7489,1931,1945,2477,3713,1198,3881,1147,984,1562,2187,1752,3845,2290,5817,2524,3904,1164,1196,1152,2130,657,2900,55608,35207,944,4,7231,0,0
2021-02-17T23:59:59+01:00,2314,2120,2645,4184,2788,7311,3712,10718,4038,7274,1880,1874,2237,3454,1097,3722,981,902,1455,2069,1684,3643,2195,5585,2452,3759,1135,1153,1125,2084,642,2863,54545,33724,799,3,6024,0,0
2021-02-16T23:59:59+01:00,2113,1989,2487,3973,2649,7020,3548,10350,3874,7015,1839,1848,1933,3095,958,3515,948,875,1386,1989,1609,3496,2098,5405,2362,3649,1075,1102,1070,1992,610,2778,53219,32442,763,2,4224,0,0
2021-02-15T23:59:59+01:00,2074,1921,2400,3808,2571,6736,3420,9970,3769,6784,1815,1821,1692,2830,862,3357,929,858,1355,1940,1570,3422,2039,5236,2297,3551,1013,1061,1005,1905,595,2690,52127,31465,750,1,2953,0,0
2021-02-14T23:59:59+01:00,1981,1883,2356,3747,2525,6641,3355,9864,3723,6718,1806,1813,1623,2763,825,3306,913,848,1336,1912,1543,3401,2008,5191,2273,3500,1003,1051,998,1894,592,2681,51795,31143,721,1,2413,0,0
2021-02-13T23:59:59+01:00,1980,1868,2345,3742,2520,6626,3351,9849,3716,6706,1798,1795,1597,2743,824,3297,913,848,1336,1912,1543,3401,2008,5191,2273,3500,1003,1051,998,1894,592,2681,51640,31143,721,1,2396,0,0
2021-02-12T23:59:59+01:00,1887,1768,2253,3629,2438,6449,3243,9608,3600,6448,1754,1753,1535,2671,803,3273,905,840,1324,1891,1530,3380,1998,5161,2258,3482,999,1046,997,1871,592,2655,50704,30928,721,1,1687,0,0
2021-02-11T23:59:59+01:00,1659,1610,2083,3415,2311,6137,3089,9176,3447,6131,1688,1659,1492,2616,792,3253,874,771,1221,1713,1408,3099,1857,4779,2102,3242,952,986,955,1793,564,2534,49316,28849,680,1,562,0,0
2021-02-10T23:59:59+01:00,1552,1548,1998,3285,2248,5967,2993,8893,3348,5915,1619,1614,1448,2547,777,3201,626,660,1018,1493,1265,2778,1666,4289,1912,2918,835,864,830,1532,497,2234,48152,25417,640,0,161,0,0
2021-02-09T23:59:59+01:00,1512,1486,1964,3195,2217,5772,2928,8543,3277,5686,1545,1555,1390,2487,764,3171,343,496,808,1227,1073,2398,1449,3734,1667,2508,682,695,654,1221,400,1817,46901,21172,511,0,80,0,0
2021-02-08T23:59:59+01:00,1502,1440,1935,3064,2174,5549,2875,8244,3218,5486,1507,1527,1346,2431,748,3155,299,437,702,1069,971,2173,1277,3326,1479,2226,581,584,550,1024,348,1590,45782,18636,340,0,79,0,0
2021-02-07T23:59:59+01:00,1471,1418,1907,3016,2148,5463,2842,8145,3180,5425,1494,1513,1332,2411,736,3142,262,375,653,975,910,2008,1188,3101,1381,2073,544,565,530,992,340,1562,45504,17459,139,0,0,0,0
2021-02-06T23:59:59+01:00,1466,1410,1899,3004,2140,5431,2829,8103,3169,5384,1482,1505,1325,2402,735,3141,241,338,629,936,882,1941,1146,2981,1327,1994,528,553,524,992,340,1562,45286,16914,139,0,0,0,0
2021-02-05T23:59:59+01:00,1395,1342,1855,2899,2088,5219,2762,7800,3096,5191,1424,1460,1307,2377,728,3135,224,302,592,895,847,1854,1107,2862,1274,1901,495,533,516,967,330,1540,43939,16239,139,0,0,0,0
2021-02-04T23:59:59+01:00,1382,1264,1808,2749,2022,4880,2671,7351,3000,4916,1384,1429,1290,2361,725,3126,191,233,513,778,755,1712,993,2611,1164,1711,453,488,476,908,313,1432,42327,14731,31,0,0,0,0
2021-02-03T23:59:59+01:00,1358,1227,1780,2670,1981,4714,2605,7081,2950,4727,1349,1399,1259,2324,712,3101,156,194,433,659,635,1463,840,2229,978,1445,333,359,345,687,217,1075,41206,12048,31,0,0,0,0
2021-02-02T23:59:59+01:00,1340,1163,1748,2563,1934,4480,2530,6745,2839,4481,1308,1356,1237,2295,703,3078,133,159,349,537,526,1211,687,1887,796,1170,246,259,269,502,168,807,39769,9706,31,0,0,0,0
2021-02-01T23:59:59+01:00,1323,1093,1710,2425,1881,4217,2452,6355,2722,4206,1244,1285,1211,2255,693,3053,97,99,237,367,349,781,427,1220,467,727,151,156,163,307,87,461,38094,6096,31,0,0,0,0
2021-01-31T23:59:59+01:00,1317,1070,1693,2361,1854,4094,2418,6166,2665,4101,1214,1268,1202,2239,687,3041,83,88,198,295,277,610,336,941,388,598,127,142,156,299,83,448,37359,5069,31,0,0,0,0
2021-01-30T23:59:59+01:00,1317,1067,1692,2356,1851,4081,2417,6155,2662,4093,1213,1264,1201,2237,687,3041,78,76,164,245,248,540,301,818,349,536,126,136,151,296,83,447,37304,4594,30,0,0,0,0
2021-01-29T23:59:59+01:00,1256,1058,1661,2349,1839,4072,2410,6143,2653,4081,1210,1262,1197,2237,687,3041,69,56,122,186,205,377,246,665,307,426,118,127,139,287,80,447,37128,3857,28,0,0,0,0
2021-01-28T23:59:59+01:00,1168,1027,1616,2293,1805,4002,2360,6065,2622,4037,1199,1251,1192,2231,678,3027,44,27,77,111,130,219,154,390,205,259,87,101,113,231,73,408,36548,2629,25,0,0,0,0
2021-01-27T23:59:59+01:00,1005,964,1526,2226,1743,3879,2292,5926,2563,3927,1175,1209,1167,2192,666,2999,32,19,66,87,105,175,123,334,179,218,79,85,103,209,70,379,35442,2263,17,0,0,0,0
2021-01-26T23:59:59+01:00,986,938,1464,2148,1675,3739,2201,5748,2482,3839,1119,1166,1124,2122,643,2953,31,18,63,84,101,168,119,318,178,210,77,81,94,185,61,335,34336,2123,11,0,0,0,0
2021-01-25T23:59:59+01:00,971,911,1431,2085,1643,3635,2148,5590,2431,3752,1070,1140,1076,2070,628,2897,29,18,60,84,98,165,118,317,176,209,77,81,93,184,59,332,33476,2100,2,0,0,0,0
2021-01-24T23:59:59+01:00,968,909,1424,2072,1638,3618,2140,5564,2419,3722,1067,1132,1071,2065,627,2892,29,18,60,84,97,164,118,317,176,208,77,81,93,184,59,332,33326,2097,2,0,0,0,0
2021-01-23T23:59:59+01:00,968,909,1424,2072,1638,3618,2140,5564,2419,3722,1067,1132,1070,2065,627,2892,29,18,60,84,97,164,118,317,175,208,77,81,93,184,59,332,33325,2096,2,0,0,0,0
2021-01-22T23:59:59+01:00,967,899,1407,2047,1626,3592,2124,5532,2407,3704,1065,1128,1069,2036,626,2865,29,18,60,84,97,164,118,317,174,208,77,81,93,184,59,332,33092,2095,2,0,0,0,0
2021-01-21T23:59:59+01:00,931,848,1327,1893,1532,3402,2022,5236,2303,3534,1027,1071,1034,1947,594,2749,27,17,54,79,90,155,109,286,160,188,64,73,83,161,47,284,31448,1877,2,0,0,0,0
2021-01-20T23:59:59+01:00,698,725,1146,1679,1395,3112,1843,4816,2105,3240,906,953,915,1708,538,2492,26,17,53,74,87,155,101,269,149,172,55,66,75,136,41,252,28269,1728,2,0,0,0,0
2021-01-19T23:59:59+01:00,388,553,903,1422,1187,2767,1603,4269,1851,2827,751,783,749,1413,452,2117,21,12,35,51,60,85,74,182,104,117,41,50,54,103,30,192,24034,1211,1,0,0,0,0
2021-01-18T23:59:59+01:00,336,489,790,1232,1065,2498,1399,3748,1616,2493,628,643,603,1144,383,1761,8,6,11,17,22,30,23,50,24,39,10,10,14,34,6,60,20828,364,0,0,0,0,0
2021-01-17T23:59:59+01:00,292,425,720,1136,990,2323,1302,3463,1501,2303,588,613,573,1088,367,1705,1,0,0,0,3,3,1,0,2,2,1,4,0,0,0,1,19389,18,0,0,0,0,0
2021-01-16T23:59:59+01:00,273,391,703,1100,965,2260,1261,3350,1453,2233,572,601,567,1088,367,1704,0,0,0,0,2,3,0,0,1,2,0,1,0,0,0,1,18888,10,0,0,0,0,0
2021-01-15T23:59:59+01:00,258,349,672,1061,937,2172,1226,3234,1401,2142,544,579,561,1066,360,1695,0,0,0,0,0,0,0,0,0,0,0,0,0,0,0,0,18257,0,0,0,0,0,0
2021-01-14T23:59:59+01:00,224,281,606,942,854,2023,1130,3006,1286,1979,506,541,527,1018,355,1658,0,0,0,0,0,0,0,0,0,0,0,0,0,0,0,0,16936,0,0,0,0,0,0
2021-01-13T23:59:59+01:00,189,256,555,869,782,1890,1023,2764,1138,1770,384,427,407,807,263,1267,0,0,0,0,0,0,0,0,0,0,0,0,0,0,0,0,14791,0,0,0,0,0,0
2021-01-12T23:59:59+01:00,165,230,522,797,727,1721,931,2546,1032,1571,299,315,316,573,187,899,0,0,0,0,0,0,0,0,0,0,0,0,0,0,0,0,12831,0,0,0,0,0,0
2021-01-11T23:59:59+01:00,134,179,443,657,633,1460,756,2056,804,1232,178,185,178,339,97,513,0,0,0,0,0,0,0,0,0,0,0,0,0,0,0,0,9844,0,0,0,0,0,0
2021-01-10T23:59:59+01:00,102,125,345,481,472,1060,542,1496,596,903,152,166,166,324,92,503,0,0,0,0,0,0,0,0,0,0,0,0,0,0,0,0,7525,0,0,0,0,0,0
2021-01-09T23:59:59+01:00,90,116,296,410,402,914,473,1272,525,772,147,158,161,320,92,501,0,0,0,0,0,0,0,0,0,0,0,0,0,0,0,0,6649,0,0,0,0,0,0
2021-01-08T23:59:59+01:00,74,91,215,292,304,632,360,961,428,587,140,150,145,311,90,501,0,0,0,0,0,0,0,0,0,0,0,0,0,0,0,0,5281,0,0,0,0,0,0
2021-01-07T23:59:59+01:00,50,32,86,126,136,246,163,436,226,301,104,123,133,279,87,477,0,0,0,0,0,0,0,0,0,0,0,0,0,0,0,0,3005,0,0,0,0,0,0
2021-01-06T23:59:59+01:00,35,24,75,95,117,192,137,357,196,243,82,96,109,228,74,407,0,0,0,0,0,0,0,0,0,0,0,0,0,0,0,0,2467,0,0,0,0,0,0
2021-01-05T23:59:59+01:00,32,19,64,89,106,179,122,339,184,224,81,91,107,221,72,389,0,0,0,0,0,0,0,0,0,0,0,0,0,0,0,0,2319,0,0,0,0,0,0
2021-01-04T23:59:59+01:00,29,18,61,85,98,170,117,321,182,215,80,89,98,204,64,360,0,0,0,0,0,0,0,0,0,0,0,0,0,0,0,0,2191,0,0,0,0,0,0
2021-01-03T23:59:59+01:00,29,18,61,85,98,170,117,321,182,215,80,89,97,203,64,360,0,0,0,0,0,0,0,0,0,0,0,0,0,0,0,0,2189,0,0,0,0,0,0
2021-01-02T23:59:59+01:00,29,18,61,85,98,170,117,321,181,215,80,89,97,203,64,360,0,0,0,0,0,0,0,0,0,0,0,0,0,0,0,0,2188,0,0,0,0,0,0
2021-01-01T23:59:59+01:00,29,18,61,85,98,170,117,321,179,214,80,89,97,203,64,360,0,0,0,0,0,0,0,0,0,0,0,0,0,0,0,0,2185,0,0,0,0,0,0
2020-12-31T23:59:59+01:00,29,18,61,85,98,170,117,321,179,214,80,89,97,203,64,360,0,0,0,0,0,0,0,0,0,0,0,0,0,0,0,0,2185,0,0,0,0,0,0
2020-12-30T23:59:59+01:00,28,18,61,83,97,168,117,320,179,214,80,89,97,203,64,360,0,0,0,0,0,0,0,0,0,0,0,0,0,0,0,0,2178,0,0,0,0,0,0
2020-12-29T23:59:59+01:00,23,12,42,59,76,102,86,226,131,166,61,75,73,169,51,287,0,0,0,0,0,0,0,0,0,0,0,0,0,0,0,0,1639,0,0,0,0,0,0
2020-12-28T23:59:59+01:00,9,7,19,28,34,51,40,119,49,85,28,43,43,99,25,167,0,0,0,0,0,0,0,0,0,0,0,0,0,0,0,0,846,0,0,0,0,0,0
2020-12-27T23:59:59+01:00,3,4,3,4,10,14,8,24,5,18,5,6,6,25,3,49,0,0,0,0,0,0,0,0,0,0,0,0,0,0,0,0,187,0,0,0,0,0,0
