Datum,<15_m,<15_w,15-24_1_m,15-24_1_w,25-34_1_m,25-34_1_w,35-44_1_m,35-44_1_w,45-54_1_m,45-54_1_w,55-64_1_m,55-64_1_w,65-74_1_m,65-74_1_w,75-84_1_m,75-84_1_w,>84_1_m,>84_1_w,<24_2_m,<24_2_w,25-34_2_m,25-34_2_w,35-44_2_m,35-44_2_w,45-54_2_m,45-54_2_w,55-64_2_m,55-64_2_w,65-74_2_m,65-74_2_w,75-84_2_m,75-84_2_w,>84_2_m,>84_2_w,bp_1,bp_2,mo_1,mo_2,az_1,az_2,ja,unb_1,unb_2
2021-09-10T23:59:59+02:00,8919,8278,56804,53671,63336,59021,72485,73453,94116,96266,105973,105099,73170,79467,51346,63050,14434,24894,51597,48846,59517,54653,68781,69167,90109,91758,102115,101366,71215,77263,50068,61321,14052,24064,808829,764065,69908,67448,182344,175435,42679,33,52
2021-09-09T23:59:59+02:00,8847,8215,56608,53485,63185,58844,72337,73314,93976,96134,105850,105008,73112,79407,51316,63014,14430,24882,51416,48688,59369,54525,68653,69042,89995,91657,101999,101273,71171,77216,50039,61290,14044,24044,807505,763002,69888,67399,182328,175413,42220,33,52
2021-09-08T23:59:59+02:00,8761,8141,56429,53313,63034,58665,72194,73164,93819,96003,105756,104900,73044,79345,51285,62961,14425,24870,51246,48524,59246,54389,68528,68890,89873,91552,101913,101171,71118,77158,50012,61247,14040,24027,806122,761858,69862,67349,182292,175391,41808,33,52
2021-09-07T23:59:59+02:00,8673,8081,56267,53159,62922,58527,72081,73035,93714,95903,105653,104800,72992,79296,51260,62922,14418,24851,51077,48365,59125,54247,68409,68779,89769,91438,101817,101072,71071,77113,49987,61218,14035,24007,804872,760656,69857,67332,182288,175370,41512,33,52
2021-09-06T23:59:59+02:00,8610,8015,56123,52991,62788,58370,71976,72910,93614,95795,105574,104712,72940,79247,51229,62894,14408,24835,50929,48229,58993,54098,68295,68659,89686,91342,101719,100988,71023,77065,49963,61189,14028,23996,803670,759540,69830,67288,182260,175349,41245,33,52
2021-09-05T23:59:59+02:00,8582,7977,56057,52897,62727,58310,71930,72855,93564,95748,105546,104669,72915,79223,51217,62875,14401,24829,50839,48145,58928,54034,68238,68603,89641,91285,101677,100938,70998,77036,49948,61172,14022,23986,803152,758917,69820,67278,182239,175330,41085,33,52
2021-09-04T23:59:59+02:00,8576,7972,56037,52888,62718,58301,71923,72847,93557,95744,105542,104662,72914,79222,51217,62875,14401,24829,50825,48129,58913,54020,68234,68595,89634,91280,101672,100934,70997,77034,49947,61172,14022,23986,803095,758854,69817,67273,182238,175329,41049,33,52
2021-09-03T23:59:59+02:00,8508,7903,55908,52802,62648,58200,71842,72770,93482,95685,105473,104601,72884,79188,51198,62844,14394,24819,50710,48036,58835,53952,68171,68526,89574,91222,101607,100881,70968,77001,49925,61145,14019,23977,802181,758075,69809,67256,182231,175320,40902,33,52
2021-09-02T23:59:59+02:00,8415,7808,55714,52649,62521,58099,71748,72642,93364,95574,105367,104517,72825,79134,51167,62798,14383,24799,50484,47868,58692,53840,68064,68410,89443,91115,101491,100782,70910,76954,49900,61115,14011,23961,801053,756912,69763,67216,182217,175272,40463,33,52
2021-09-01T23:59:59+02:00,8338,7716,55565,52504,62394,57971,71665,72522,93272,95484,105289,104447,72786,79090,51146,62762,14376,24781,50309,47660,58565,53699,67986,68299,89343,91012,101386,100687,70870,76912,49873,61073,14004,23944,799958,755680,69740,67178,182205,175219,40177,33,52
2021-08-31T23:59:59+02:00,8230,7623,55410,52349,62286,57861,71588,72425,93191,95403,105209,104367,72744,79050,51124,62732,14366,24771,50101,47457,58444,53562,67874,68177,89248,90909,101276,100605,70823,76859,49849,61038,13992,23926,798902,754315,69733,67162,182196,175195,39870,33,52
2021-08-30T23:59:59+02:00,8154,7543,55242,52186,62173,57734,71472,72308,93066,95274,105089,104271,72692,79010,51107,62698,14345,24748,49900,47246,58327,53422,67773,68067,89128,90797,101162,100498,70771,76825,49822,61009,13978,23908,797727,753117,69693,67094,182162,175142,39501,33,52
2021-08-29T23:59:59+02:00,8115,7497,55151,52110,62118,57657,71407,72262,93015,95212,105040,104236,72672,78988,51092,62682,14339,24739,49783,47143,58241,53321,67704,67991,89073,90739,101103,100446,70744,76809,49807,60996,13971,23904,797208,752459,69691,67084,182152,175098,39252,33,52
2021-08-28T23:59:59+02:00,8098,7483,55112,52073,62089,57635,71380,72246,92997,95196,105027,104225,72667,78986,51090,62678,14339,24739,49745,47124,58216,53305,67685,67978,89053,90716,101096,100433,70738,76805,49805,60994,13971,23904,797003,752312,69690,67078,182150,175098,39188,33,52
2021-08-27T23:59:59+02:00,8015,7406,54931,51935,61980,57497,71281,72121,92875,95076,104917,104140,72622,78936,51066,62641,14327,24733,49619,47038,58141,53224,67602,67906,88975,90649,101039,100385,70701,76770,49791,60982,13969,23904,795691,751614,69685,67072,182140,175090,38954,33,52
2021-08-26T23:59:59+02:00,7953,7333,54776,51791,61861,57386,71187,72014,92773,94947,104811,104058,72580,78883,51043,62620,14322,24719,49458,46884,58022,53119,67506,67815,88869,90569,100972,100317,70659,76733,49768,60959,13964,23894,794648,750786,69674,67035,182129,175057,38575,33,52
2021-08-25T23:59:59+02:00,7890,7280,54632,51639,61753,57238,71082,71900,92669,94849,104710,103974,72521,78832,51015,62584,14309,24705,49259,46691,57898,52983,67389,67694,88759,90457,100871,100228,70603,76686,49741,60919,13957,23879,793653,749656,69649,67003,182118,175019,38131,33,52
2021-08-24T23:59:59+02:00,7794,7199,54507,51454,61633,57106,70983,71781,92558,94742,104619,103888,72474,78794,50986,62545,14301,24689,49045,46476,57759,52818,67284,67565,88662,90371,100782,100146,70569,76637,49717,60893,13953,23863,792406,748311,69632,66983,182108,174997,37876,33,52
2021-08-23T23:59:59+02:00,7733,7125,54336,51280,61502,56981,70869,71670,92433,94635,104522,103791,72422,78733,50953,62503,14294,24678,48859,46303,57646,52692,67179,67468,88560,90279,100694,100067,70528,76586,49690,60854,13949,23851,791213,747297,69604,66957,182090,174941,37522,33,52
2021-08-22T23:59:59+02:00,7706,7101,54252,51204,61448,56917,70830,71614,92391,94593,104479,103762,72401,78717,50944,62490,14293,24672,48742,46194,57556,52601,67105,67406,88492,90221,100650,100025,70499,76562,49674,60835,13946,23844,790793,746624,69595,66948,182069,174890,37326,33,52
2021-08-21T23:59:59+02:00,7700,7098,54226,51189,61430,56905,70814,71600,92378,94576,104469,103752,72396,78715,50944,62489,14293,24671,48722,46177,57535,52593,67089,67387,88474,90206,100641,100015,70499,76559,49674,60834,13946,23844,790724,746535,69552,66932,182066,174884,37272,33,52
2021-08-20T23:59:59+02:00,7669,7064,54139,51114,61359,56844,70746,71537,92315,94514,104415,103717,72371,78686,50932,62463,14284,24661,48629,46101,57466,52529,67023,67334,88418,90147,100580,99978,70477,76537,49667,60818,13937,23840,790192,746027,69482,66921,182063,174861,37062,33,52
2021-08-19T23:59:59+02:00,7604,6985,54003,50995,61219,56734,70632,71426,92202,94426,104322,103625,72323,78631,50903,62423,14275,24641,48497,45998,57351,52441,66935,67257,88325,90067,100484,99911,70444,76509,49647,60794,13933,23831,789179,745385,69445,66888,182043,174816,36671,33,52
2021-08-18T23:59:59+02:00,7530,6928,53857,50861,61096,56623,70520,71331,92093,94340,104222,103545,72265,78579,50869,62387,14265,24620,48379,45872,57236,52344,66843,67182,88209,89980,100406,99833,70396,76467,49625,60766,13925,23814,788192,744666,69417,66850,182036,174765,36255,33,52
2021-08-17T23:59:59+02:00,7447,6849,53695,50698,60995,56498,70404,71210,91989,94236,104115,103446,72214,78536,50841,62361,14257,24609,48184,45695,57104,52207,66724,67077,88081,89885,100296,99736,70340,76418,49600,60745,13918,23802,787124,743639,69395,66818,182031,174707,35819,33,52
2021-08-16T23:59:59+02:00,7374,6787,53566,50566,60898,56386,70304,71115,91895,94130,104022,103347,72170,78485,50813,62316,14249,24601,48045,45580,56999,52137,66629,66992,87980,89802,100208,99640,70293,76377,49572,60714,13910,23797,786255,743016,69348,66759,182017,174641,35373,33,51
2021-08-15T23:59:59+02:00,7325,6747,53486,50483,60829,56317,70240,71051,91839,94080,103970,103300,72135,78457,50805,62300,14245,24592,47939,45483,56904,52050,66561,66928,87906,89736,100153,99593,70256,76340,49558,60693,13905,23785,785779,742525,69336,66730,182007,174561,35048,33,51
2021-08-14T23:59:59+02:00,7303,6731,53413,50414,60782,56275,70205,71004,91801,94041,103931,103264,72114,78449,50796,62289,14243,24589,47696,45210,56740,51864,66411,66775,87772,89614,100037,99484,70206,76297,49547,60670,13901,23780,785297,740692,69329,66724,182007,174552,34980,33,51
2021-08-13T23:59:59+02:00,7262,6695,53304,50319,60697,56194,70152,70935,91725,93986,103880,103219,72091,78428,50784,62277,14241,24582,47187,44707,56497,51596,66181,66523,87500,89364,99841,99280,70119,76197,49508,60610,13895,23759,784544,737210,69325,66716,182007,174477,34864,33,51
2021-08-12T23:59:59+02:00,7233,6669,53199,50248,60636,56118,70081,70889,91655,93928,103819,103173,72057,78395,50770,62261,14239,24568,46687,44263,56218,51292,65921,66302,87239,89142,99491,99004,70004,76056,49449,60546,13884,23730,784114,734154,69300,66659,181991,174025,34502,33,50
2021-08-11T23:59:59+02:00,7169,6599,53034,50076,60506,56000,69995,70796,91547,93824,103717,103066,71996,78330,50738,62219,14232,24552,46010,43641,55841,50911,65664,66008,86943,88879,99155,98637,69864,75912,49388,60443,13872,23701,782942,730047,69279,66622,181982,173591,34162,33,50
2021-08-10T23:59:59+02:00,7093,6515,52836,49890,60368,55882,69892,70676,91423,93695,103593,102961,71944,78273,50707,62188,14224,24543,45054,42730,55173,50261,65173,65558,86484,88397,98661,98177,69659,75713,49288,60343,13851,23662,781596,723790,69270,66573,181976,173084,33829,33,50
2021-08-09T23:59:59+02:00,7051,6468,52724,49801,60294,55809,69837,70615,91356,93626,103523,102902,71901,78236,50701,62172,14220,24535,44040,41665,54463,49573,64700,65129,86040,87960,98144,97707,69468,75488,49196,60217,13823,23624,781042,717323,69202,66497,181965,172522,33530,33,50
2021-08-08T23:59:59+02:00,7006,6429,52659,49734,60250,55776,69801,70591,91302,93579,103469,102860,71879,78214,50687,62152,14214,24530,43985,41600,54395,49528,64644,65095,85970,87903,98079,97656,69443,75459,49175,60192,13815,23617,780760,717045,69197,66482,181950,172443,33192,33,50
2021-08-07T23:59:59+02:00,6968,6389,52546,49604,60181,55700,69746,70526,91232,93518,103418,102813,71862,78197,50677,62146,14214,24529,43017,40571,53836,48951,64210,64690,85598,87510,97760,97310,69300,75316,49119,60110,13798,23599,779976,710661,69192,66467,181950,172435,33115,33,48
2021-08-06T23:59:59+02:00,6927,6328,52407,49475,60105,55633,69680,70441,91154,93442,103358,102759,71838,78174,50666,62127,14212,24524,42335,39958,53588,48686,63987,64451,85365,87290,97532,97109,69216,75225,49077,60069,13792,23586,779101,707052,69189,66387,181949,172298,32978,33,48
2021-08-05T23:59:59+02:00,6818,6221,52152,49250,59934,55446,69538,70298,90994,93297,103217,102624,71777,78112,50639,62087,14199,24505,41499,39261,53073,48224,63620,64105,84912,86888,96910,96592,69029,75040,49011,59969,13773,23554,777492,702508,69137,66340,181918,171172,32528,33,48
2021-08-04T23:59:59+02:00,6731,6137,51958,49021,59786,55269,69428,70149,90859,93182,103098,102508,71717,78049,50613,62041,14188,24476,40654,38469,52698,47824,63304,63792,84542,86558,96496,96188,68865,74870,48935,59872,13758,23520,776097,697927,69100,66324,181904,170376,32076,33,48
2021-08-03T23:59:59+02:00,6657,6080,51790,48884,59659,55147,69336,70060,90759,93084,103002,102427,71664,78013,50593,62016,14180,24460,39660,37513,51902,47151,62765,63272,84024,86074,95787,95556,68621,74656,48844,59757,13737,23475,775065,691695,69091,66304,181897,169198,31725,33,48
2021-08-02T23:59:59+02:00,6608,6037,51654,48743,59569,55068,69254,69991,90704,93013,102924,102365,71625,77971,50572,61993,14173,24447,38380,36335,50936,46341,62056,62691,83420,85508,94987,94857,68368,74400,48756,59623,13716,23436,774367,684051,69043,66257,181869,167885,31399,33,48
2021-08-01T23:59:59+02:00,6566,5984,51482,48582,59422,54958,69161,69876,90596,92922,102837,102273,71585,77934,50550,61952,14168,24431,38196,36198,50783,46249,61927,62599,83241,85368,94537,94453,68252,74292,48717,59574,13705,23416,773325,683415,69015,66201,181851,166574,31055,33,48
2021-07-31T23:59:59+02:00,6523,5951,51387,48461,59368,54888,69113,69833,90556,92893,102810,102249,71574,77922,50542,61949,14168,24428,36583,34682,49873,45380,61391,62031,82734,84853,94057,94020,68062,74087,48638,59478,13687,23383,772720,674240,69011,66194,181851,166459,31000,33,48
2021-07-30T23:59:59+02:00,6488,5898,51236,48325,59287,54804,69042,69775,90481,92813,102754,102211,71557,77898,50533,61926,14165,24424,35116,33268,48896,44425,60663,61343,82048,84232,93373,93442,67828,73852,48533,59328,13668,23352,771961,664697,68987,66183,181845,166154,30791,33,48
2021-07-29T23:59:59+02:00,6373,5778,50804,47955,59075,54536,68851,69583,90292,92624,102592,102071,71482,77815,50500,61871,14150,24406,34381,32646,48271,43981,60261,60995,81624,83880,92602,92769,67632,73694,48469,59239,13648,23322,769643,660837,68934,66042,181802,164509,30346,33,48
2021-07-28T23:59:59+02:00,6301,5714,50548,47759,58944,54386,68725,69488,90168,92501,102485,101977,71425,77758,50474,61832,14141,24389,34053,32349,47955,43749,60035,60782,81446,83712,92366,92570,67557,73628,48437,59205,13635,23312,768332,659155,68904,65954,181775,163990,29971,33,47
2021-07-27T23:59:59+02:00,6249,5668,50386,47620,58808,54292,68631,69401,90067,92392,102378,101902,71383,77705,50445,61799,14134,24376,32586,30936,46683,42645,59203,59994,80840,83186,91348,91719,67282,73343,48349,59078,13604,23271,767442,650464,68880,65888,181752,162203,29529,33,47
2021-07-26T23:59:59+02:00,6226,5639,50264,47531,58708,54207,68555,69348,89978,92332,102314,101852,71343,77668,50420,61779,14128,24367,31213,29669,45359,41520,58101,59007,80136,82553,90182,90691,66973,73070,48256,58961,13580,23229,766905,641375,68812,65794,181714,159903,29196,32,47
2021-07-25T23:59:59+02:00,6206,5621,50150,47424,58620,54140,68493,69290,89914,92276,102254,101805,71309,77632,50403,61756,14125,24357,31005,29510,45094,41325,57846,58782,79865,82349,89220,89837,66765,72897,48189,58888,13569,23205,766492,640206,68800,65678,181690,157444,28761,32,47
2021-07-24T23:59:59+02:00,6171,5592,50030,47331,58555,54076,68444,69235,89868,92233,102214,101764,71304,77626,50400,61753,14124,24353,29391,27906,43928,40231,57150,58069,79248,81775,88576,89272,66585,72705,48118,58786,13555,23182,765885,630091,68792,65665,181682,157303,28682,32,47
2021-07-23T23:59:59+02:00,6087,5505,49852,47154,58459,53970,68336,69133,89763,92131,102124,101669,71268,77569,50379,61722,14120,24347,27684,26369,42666,39145,56222,57180,78559,81162,87867,88608,66313,72433,48040,58685,13534,23152,764508,619507,68788,65503,181663,156834,28597,32,47
2021-07-22T23:59:59+02:00,5948,5391,49555,46870,58257,53769,68163,68964,89580,91979,101969,101536,71202,77487,50337,61670,14109,24328,26861,25535,41746,38331,55278,56351,77816,80534,86195,87101,65939,72034,47930,58553,13503,23100,762578,610997,68745,65007,181632,155359,28127,32,47
2021-07-21T23:59:59+02:00,5671,5107,49019,46341,57950,53456,67932,68687,89302,91731,101698,101269,71075,77354,50278,61605,14100,24302,26605,25312,41325,38049,54842,55966,77449,80255,85385,86495,65772,71903,47875,58487,13485,23075,758966,609036,68720,64736,181608,153582,27551,32,47
2021-07-20T23:59:59+02:00,5594,5033,48733,46064,57778,53250,67756,68543,89122,91579,101535,101125,70999,77288,50239,61558,14091,24274,25432,24152,40024,37015,53503,54761,76549,79485,84022,85151,65466,71561,47767,58349,13457,23029,757287,598622,68713,64588,181564,151998,26965,32,47
2021-07-19T23:59:59+02:00,5514,4948,48405,45737,57563,53040,67589,68341,88935,91401,101386,100963,70924,77206,50197,61507,14082,24245,24599,23309,38714,35891,51772,53261,75284,78434,82909,84170,65168,71304,47668,58231,13432,22989,755486,588563,68703,64443,181535,150211,26227,32,47
2021-07-18T23:59:59+02:00,5506,4947,48331,45681,57464,52961,67522,68268,88844,91334,101314,100898,70888,77165,50171,61474,14080,24233,24457,23203,38442,35672,51444,52972,75032,78241,82006,83404,64975,71124,47611,58158,13427,22967,755214,587503,68680,64283,181495,147978,25660,32,47
2021-07-17T23:59:59+02:00,5480,4911,48232,45603,57391,52899,67462,68212,88785,91273,101271,100878,70881,77150,50166,61468,14080,24232,23062,21727,37047,34368,50195,51779,74432,77688,81371,82808,64846,70976,47545,58097,13418,22947,754657,576596,68678,64259,181490,147841,25517,32,47
2021-07-16T23:59:59+02:00,5376,4833,47987,45370,57267,52793,67347,68102,88649,91179,101165,100774,70836,77099,50141,61449,14074,24225,21800,20477,35741,33118,48743,50457,73426,76752,80669,82148,64626,70755,47462,57996,13399,22914,753214,564933,68678,64200,181484,147639,25258,32,47
2021-07-15T23:59:59+02:00,5234,4706,47588,45043,57058,52593,67156,67919,88437,90976,100977,100607,70738,76997,50092,61375,14064,24196,21192,19973,34811,32421,47507,49518,72246,75838,78512,80018,64025,70157,47319,57818,13379,22851,751150,555593,68662,63170,181437,145792,24475,32,47
2021-07-14T23:59:59+02:00,4861,4379,46996,44467,56825,52326,66953,67716,88223,90733,100758,100409,70632,76887,50025,61292,14053,24172,20982,19824,34552,32264,47141,49220,71714,75448,77845,79483,63702,69881,47236,57734,13356,22816,747699,553795,68647,62987,181386,143888,23943,32,45
2021-07-13T23:59:59+02:00,4772,4300,46793,44312,56659,52173,66789,67569,88066,90606,100612,100281,70559,76825,49986,61246,14049,24156,20416,19284,33526,31449,45523,47763,69958,73786,76242,77927,63326,69489,47106,57563,13327,22764,746335,542865,68630,62212,181312,142274,23444,32,45
2021-07-12T23:59:59+02:00,4707,4224,46607,44122,56509,52031,66634,67442,87893,90467,100455,100141,70484,76740,49949,61191,14042,24138,19935,18846,32736,30825,43861,46308,67580,71710,74350,76424,62793,68903,46961,57401,13299,22713,745073,531751,68609,61648,181210,139695,22852,32,45
2021-07-11T23:59:59+02:00,4702,4220,46535,44069,56451,51981,66585,67405,87833,90418,100383,100081,70446,76697,49939,61176,14039,24124,19728,18699,32397,30577,43416,45935,67123,71353,73568,75723,62393,68524,46889,57310,13283,22680,744935,529973,68600,61322,181144,137218,22373,32,45
2021-07-10T23:59:59+02:00,4576,4086,46252,43758,56265,51786,66438,67231,87701,90278,100284,99974,70390,76640,49918,61150,14036,24115,19164,18137,31445,29710,41664,44351,65640,70070,72933,75105,62228,68373,46836,57258,13276,22666,742842,519323,68595,61306,181133,137174,22276,32,45
2021-07-09T23:59:59+02:00,4449,3969,45980,43504,56097,51595,66281,67072,87550,90116,100152,99867,70337,76567,49882,61109,14031,24103,18564,17561,30473,28751,39701,42419,63339,67945,71771,73964,61955,68048,46760,57131,13259,22641,740799,505599,68584,60924,181127,136767,22119,32,45
2021-07-08T23:59:59+02:00,4417,3943,45841,43390,55977,51477,66153,66970,87429,89994,100029,99770,70284,76513,49860,61070,14020,24090,17622,16753,29074,27714,37979,40971,61205,66123,68412,70811,61062,67079,46516,56788,13214,22546,740068,490324,68528,58853,181057,134184,21542,32,45
2021-07-07T23:59:59+02:00,4406,3938,45773,43347,55900,51433,66070,66928,87376,89954,99986,99719,70268,76491,49851,61052,14016,24080,16655,15892,27694,26705,36455,39742,59589,64668,65187,67336,60048,66040,46280,56466,13164,22473,739778,475017,68485,56952,181003,132038,21290,32,45
2021-07-06T23:59:59+02:00,4352,3890,45629,43220,55769,51293,65965,66819,87269,89864,99908,99635,70230,76432,49833,61024,14013,24066,15880,15146,26615,25794,34619,38036,56191,61644,62537,64881,59294,65251,46008,56132,13123,22369,738657,457127,68465,56138,180940,129909,21118,31,45
2021-07-05T23:59:59+02:00,4291,3846,45453,43045,55621,51197,65849,66711,87153,89770,99824,99539,70167,76368,49812,60997,14010,24051,15220,14515,25656,24978,33393,36905,53092,58673,59765,62415,58457,64441,45756,55820,13078,22292,737488,441044,68432,55781,180863,127427,20890,31,45
2021-07-04T23:59:59+02:00,4283,3840,45406,43019,55561,51171,65809,66690,87115,89738,99792,99511,70144,76348,49806,60982,14005,24040,15011,14309,25219,24627,32797,36377,52425,58146,58782,61550,57798,63810,45574,55618,13059,22244,737315,436960,68402,55575,180795,124743,20717,31,43
2021-07-03T23:59:59+02:00,4063,3663,44870,42453,55239,50798,65519,66415,86870,89478,99593,99313,70071,76276,49783,60936,14001,24029,14723,13987,24867,24274,31816,35457,50681,56593,57913,60812,57625,63615,45507,55533,13047,22219,733508,428369,68389,55559,180788,124701,20654,31,43
2021-07-02T23:59:59+02:00,3754,3376,44215,41860,54913,50467,65236,66113,86598,89225,99357,99087,69967,76163,49731,60867,13995,24012,14302,13537,24165,23666,30657,34394,48051,54428,55781,59022,57230,63189,45348,55376,13031,22181,729170,415859,68372,54508,180775,123969,20589,30,25
2021-07-01T23:59:59+02:00,3616,3266,43863,41507,54711,50292,65079,65953,86445,89087,99204,98965,69896,76094,49700,60833,13987,23997,13610,12842,22866,22577,28980,32878,46041,52683,53284,56743,55809,61620,44853,54759,12958,22053,727035,402307,68309,52193,180724,120145,20397,30,24
2021-06-30T23:59:59+02:00,3605,3250,43594,41310,54529,50166,64967,65866,86359,89022,99134,98914,69869,76069,49688,60811,13983,23986,12856,12236,21697,21682,27389,31513,44198,50966,49641,52778,54478,60284,44497,54320,12902,21925,725918,386542,68263,50293,180702,116703,20210,29,24
2021-06-29T23:59:59+02:00,3387,3030,42678,40467,53921,49572,64536,65440,85951,88570,98787,98584,69741,75920,49631,60740,13964,23955,12255,11629,20900,20918,26040,30309,41578,48564,47773,51234,53507,59174,44089,53783,12808,21772,719933,374520,68212,48782,180686,113322,20014,29,24
2021-06-28T23:59:59+02:00,3170,2850,41714,39461,53264,48928,64076,65058,85567,88180,98454,98240,69603,75759,49566,60639,13946,23932,11751,11177,20248,20329,25078,29413,39485,46622,46146,49869,52401,58127,43727,53275,12729,21651,713769,365039,68106,47752,180677,109641,19826,29,24
2021-06-27T23:59:59+02:00,3165,2847,41679,39429,53222,48897,64040,65026,85515,88144,98402,98213,69585,75747,49557,60625,13941,23929,11557,10983,19922,20012,24500,28854,38461,45772,44985,48777,51368,57115,43293,52768,12647,21515,713573,360450,68081,47310,180640,105324,19640,29,24
2021-06-26T23:59:59+02:00,2683,2374,40279,38054,52486,48144,63486,64463,85028,87628,97977,97781,69394,75571,49484,60521,13922,23906,11441,10881,19754,19858,24303,28637,37984,45334,44618,48427,51254,56970,43247,52720,12642,21500,704826,357503,68056,47305,180640,105306,19630,29,24
2021-06-25T23:59:59+02:00,2276,2041,39423,37233,52135,47781,63157,64138,84746,87315,97725,97514,69290,75458,49437,60459,13907,23884,11137,10569,19372,19433,23779,28018,35287,43032,42436,46513,50916,56590,43148,52591,12618,21470,699739,345929,67921,46857,180633,104658,19597,29,24
2021-06-24T23:59:59+02:00,2222,1990,38933,36772,51786,47448,62943,63934,84514,87122,97540,97363,69209,75391,49402,60413,13901,23868,10536,9983,18310,18563,22359,26770,33186,41197,40004,44220,49434,54941,42577,51889,12501,21267,696802,333064,67897,44251,180611,101106,19412,29,24
2021-06-23T23:59:59+02:00,2209,1966,38702,36535,51623,47286,62837,63832,84419,87028,97464,97278,69178,75360,49385,60392,13898,23857,10079,9551,17682,18015,21423,25919,31253,39567,36033,39757,48141,53580,42192,51382,12420,21101,695585,317539,67869,43629,180596,97798,19172,27,24
2021-06-22T23:59:59+02:00,2131,1904,37712,35592,50876,46613,62360,63392,84042,86618,97101,96965,69028,75217,49319,60311,13885,23824,9604,9106,16818,17328,20200,24845,28127,36797,33729,37883,47183,52609,41783,50823,12280,20865,689435,305362,67828,40888,180586,94722,19014,27,24
2021-06-21T23:59:59+02:00,1985,1765,36352,34357,49855,45733,61641,62733,83545,86148,96660,96560,68859,75046,49253,60216,13873,23789,9285,8807,16357,16964,19571,24364,26382,35231,32194,36584,46133,51529,41328,50274,12173,20673,681454,298002,67802,40246,180570,91079,18517,27,24
2021-06-20T23:59:59+02:00,1974,1756,36267,34304,49718,45621,61509,62606,83466,86090,96591,96502,68825,75018,49238,60198,13873,23778,9138,8705,16142,16796,19257,24106,25566,34578,31256,35635,45937,51327,41297,50222,12164,20653,680846,294224,67765,39656,180552,90748,18144,27,24
2021-06-19T23:59:59+02:00,1605,1455,34644,32743,48807,44798,61019,62097,82995,85611,96183,96148,68675,74852,49172,60115,13858,23754,9098,8626,16041,16675,19139,23956,25460,34420,31128,35497,45841,51231,41279,50197,12160,20643,672082,292891,67752,39653,180546,90715,18124,27,23
2021-06-18T23:59:59+02:00,1410,1281,32988,31143,47592,43605,60081,61179,82187,84866,95566,95570,68456,74631,49082,59976,13842,23724,9023,8537,15883,16524,18954,23766,25208,34181,30842,35179,45549,50886,41194,50121,12147,20629,660911,290716,67623,39537,180545,90289,18073,27,23
2021-06-17T23:59:59+02:00,1334,1222,32054,30294,46717,42899,59276,60333,81448,84217,95155,95188,68313,74487,49039,59900,13828,23695,8482,8168,15195,15962,18128,22943,24103,33055,29362,33825,44220,49382,40709,49508,12027,20441,653956,281769,67512,38713,180513,87629,17391,27,23
2021-06-16T23:59:59+02:00,1251,1158,31357,29589,45918,42150,58357,59462,80669,83449,94736,94810,68174,74326,48982,59808,13809,23669,7990,7841,14581,15448,17361,22219,22969,32101,28184,32718,42328,47264,40166,48926,11919,20256,646889,272045,67396,38114,180490,85232,16872,27,23
2021-06-15T23:59:59+02:00,1109,1039,29465,27784,44165,40610,56773,57821,79282,82132,93979,94141,67887,74033,48869,59650,13776,23603,7813,7710,14275,15209,16998,21919,22453,31720,27658,32295,41392,46248,39781,48504,11796,20035,631904,268984,67351,37611,180451,82816,16385,27,23
2021-06-14T23:59:59+02:00,1016,925,27911,26302,42554,39094,55114,56172,78182,81027,93283,93515,67636,73792,48773,59528,13756,23559,7628,7535,13897,14878,16474,21480,21766,31139,26980,31700,41010,45825,39398,48055,11665,19830,618646,266320,67296,37202,180422,79978,15748,27,23
2021-06-13T23:59:59+02:00,992,900,27709,26119,42172,38764,54576,55652,77835,80723,93089,93325,67545,73712,48736,59470,13741,23534,7484,7364,13629,14585,16091,21087,21337,30649,26444,31200,40612,45421,38940,47490,11486,19545,615944,264239,67162,37133,180393,76912,15068,27,23
2021-06-12T23:59:59+02:00,862,785,26173,24514,41000,37678,53901,54918,77303,80228,92538,92800,67390,73533,48667,59393,13728,23513,7438,7313,13508,14476,15958,20976,21152,30502,26328,31103,40595,45405,38932,47480,11486,19544,606345,263462,67158,37131,180387,76584,15007,27,23
2021-06-11T23:59:59+02:00,748,676,24543,22974,39639,36482,52674,53710,76333,79377,91961,92225,67154,73299,48605,59285,13709,23478,7381,7224,13337,14293,15747,20785,20883,30246,26059,30846,40286,45029,38847,47365,11469,19515,594537,261576,67079,36986,180379,75888,14850,27,23
2021-06-10T23:59:59+02:00,647,588,23543,21959,38414,35296,51071,52208,75013,78185,90349,90679,66799,72904,48478,59111,13684,23423,7100,6996,12816,13856,15114,20218,20119,29492,25266,30173,39584,44168,38496,46949,11356,19331,581615,258135,66603,36953,180326,72154,13780,27,23
2021-06-09T23:59:59+02:00,577,539,23088,21567,37754,34771,49961,51171,73774,76989,89759,90174,66673,72758,48428,59026,13669,23393,6824,6684,12217,13254,14334,19409,19203,28471,24282,29016,37014,41252,37931,46304,11208,19091,574446,247824,66146,36877,180286,68616,13166,27,22
2021-06-08T23:59:59+02:00,471,428,21568,20087,36137,33403,47852,49212,71635,75055,88288,88693,66357,72372,48293,58866,13637,23349,6694,6506,11842,12887,13853,18923,18602,27868,23727,28480,36730,40999,37641,45937,11099,18935,557049,246181,65871,36799,180252,65228,12504,27,22
2021-06-07T23:59:59+02:00,356,334,20558,19100,34590,32065,45573,47188,69499,73177,87310,87842,66133,72107,48219,58731,13617,23314,6540,6343,11422,12538,13315,18446,17875,27282,23093,27884,36410,40694,37222,45455,10986,18739,541830,244195,65701,36735,180198,61346,11957,27,22
2021-06-06T23:59:59+02:00,333,313,20375,18955,34197,31782,44968,46621,68882,72696,87099,87675,66078,72047,48208,58704,13610,23302,6407,6174,11101,12126,12887,17876,17238,26471,22396,27079,35942,40219,36742,44900,10828,18471,538724,241756,65378,36686,180155,56843,11561,27,22
2021-06-05T23:59:59+02:00,261,248,19123,17669,32856,30565,43737,45444,68308,72179,86569,87164,65987,71945,48160,58655,13603,23290,6356,6093,10998,11972,12764,17705,17070,26262,22226,26896,35880,40140,36720,44876,10826,18466,528687,241168,65378,36272,180130,56258,11541,27,22
2021-06-04T23:59:59+02:00,180,178,17923,16512,31537,29268,42179,43947,66965,70861,85758,86412,65800,71732,48083,58563,13587,23262,6253,5951,10822,11765,12548,17452,16712,25876,21706,26458,34996,39286,36404,44576,10809,18443,515817,239337,65311,35944,180122,53296,11470,27,21
2021-06-03T23:59:59+02:00,125,125,17283,15933,30550,28442,40722,42661,65191,69332,83504,84128,65375,71280,47955,58401,13569,23224,6082,5743,10515,11414,12231,16990,16266,25214,21159,25878,34330,38498,36228,44373,10776,18393,502025,237014,64617,35557,180082,50461,11049,27,20
2021-06-02T23:59:59+02:00,96,82,16938,15620,30242,28182,40055,42040,63601,67941,82564,83327,65233,71116,47895,58317,13566,23209,5966,5651,10345,11261,12007,16780,15973,24912,20817,25488,31088,34877,36001,44150,10747,18339,494512,228347,64616,35226,180081,50031,10788,27,20
2021-06-01T23:59:59+02:00,40,47,16142,14944,28744,27091,37695,39981,60040,64757,80132,81007,64883,70751,47767,58128,13532,23154,5691,5365,9831,10829,11476,16192,15314,24120,20078,24735,30741,34580,35803,43971,10719,18277,476162,226889,63058,34721,180012,46527,9576,27,19
2021-05-31T23:59:59+02:00,32,39,15571,14465,27809,26393,35730,38314,56598,61729,78099,79301,64549,70395,47623,57953,13499,23102,5529,5150,9423,10466,11046,15714,14780,23438,19452,24029,30453,34326,35620,43777,10683,18220,460375,226214,62341,34333,179945,43036,8513,27,19
2021-05-30T23:59:59+02:00,31,36,15425,14339,27530,26166,35279,37908,55885,61109,77779,79027,64487,70337,47598,57918,13495,23092,5426,4957,9096,10099,10635,15229,14330,22637,18924,23258,29777,33612,35393,43583,10661,18159,457409,225761,61906,34253,179895,37548,8204,27,19
2021-05-29T23:59:59+02:00,29,35,15027,13938,26674,25346,33517,36313,54401,59810,77190,78461,64336,70188,47545,57865,13488,23078,5392,4881,9034,9988,10545,15116,14223,22491,18794,23121,29747,33589,35387,43575,10660,18156,447250,225288,61874,34253,179891,36949,8199,27,19
2021-05-28T23:59:59+02:00,26,34,14615,13531,25856,24597,31664,34547,52227,57804,76135,77466,64131,69936,47493,57787,13478,23055,5307,4764,8861,9843,10392,14947,14065,22256,18586,22818,29678,33542,35370,43559,10659,18152,435261,224628,61404,34247,179801,36025,7889,27,19
2021-05-27T23:59:59+02:00,22,29,13989,13062,24791,23875,30417,33620,50619,56429,73032,74481,63689,69398,47358,57625,13454,23001,5193,4523,8532,9507,9993,14519,13626,21624,18086,22220,29456,33338,35260,43447,10637,18124,423105,223995,59444,34178,179171,32758,7144,27,19
2021-05-26T23:59:59+02:00,21,27,13500,12632,23880,23222,29499,32922,49531,55501,70070,71286,63077,68789,47223,57454,13423,22955,5107,4358,8277,9191,9695,14132,13268,21024,17652,21622,29263,33171,35162,43343,10610,18073,412274,223393,57265,34059,178673,29713,6773,27,19
2021-05-25T23:59:59+02:00,21,22,13153,12331,23300,22816,28448,32066,46932,53266,67807,69159,62725,68422,47110,57305,13405,22904,5026,4234,8070,8932,9441,13758,12956,20504,17270,21074,29104,33017,35078,43240,10583,18018,400417,222851,56199,33978,178053,26971,6496,27,18
2021-05-24T23:59:59+02:00,20,21,12854,12049,22799,22432,27830,31616,44310,50835,65353,66972,62417,68123,47000,57179,13372,22848,4954,4127,7820,8700,9123,13380,12628,19993,16884,20517,28962,32879,35003,43168,10561,17972,388760,222285,55717,33914,177387,24324,6139,27,18
2021-05-23T23:59:59+02:00,20,21,12793,11979,22704,22349,27750,31539,44054,50605,64765,66422,62337,68034,46975,57161,13370,22846,4934,4112,7783,8670,9065,13349,12549,19933,16809,20463,28953,32866,34999,43162,10561,17970,386555,222011,55636,33907,177373,24118,6133,27,18
2021-05-22T23:59:59+02:00,20,21,12569,11739,22382,22044,26745,30651,42219,49023,63910,65684,62175,67843,46909,57070,13360,22823,4918,4057,7756,8608,9024,13286,12519,19850,16779,20397,28943,32856,34995,43156,10560,17969,378060,221923,55625,33907,177368,23727,6107,27,18
2021-05-21T23:59:59+02:00,20,20,12264,11486,21811,21605,25935,29964,39829,47132,61938,64019,61914,67572,46825,56982,13345,22798,4899,4029,7702,8520,8956,13197,12441,19756,16706,20313,28927,32831,34988,43146,10558,17968,367655,221724,54565,33893,177178,23277,6034,27,18
2021-05-20T23:59:59+02:00,19,20,11642,10906,20692,20718,24794,28944,38322,45852,59594,61952,61096,66673,46626,56724,13311,22743,4618,3850,7298,8227,8517,12801,11987,19244,16288,19793,28805,32735,34937,43095,10554,17958,357178,221327,52210,33784,175902,20276,5311,27,18
2021-05-19T23:59:59+02:00,19,20,11202,10591,19905,20173,23945,28350,37419,45167,56358,58312,60404,65969,46516,56589,13289,22696,4465,3683,7042,7982,8239,12472,11659,18816,15919,19370,28706,32622,34895,43021,10544,17943,346719,220851,50593,33668,174765,18030,4820,27,18
2021-05-18T23:59:59+02:00,19,20,10869,10304,19332,19722,23300,27794,36018,43943,54948,57185,60032,65545,46386,56427,13264,22671,4357,3558,6796,7750,7979,12187,11425,18415,15574,18939,28623,32531,34865,42982,10540,17936,341354,220563,48751,33588,173283,15933,4364,27,18
2021-05-17T23:59:59+02:00,18,19,10649,10121,18899,19436,22869,27486,34817,42947,53638,56151,59783,65298,46322,56328,13248,22638,4285,3471,6587,7533,7729,11893,11167,18019,15263,18534,28531,32444,34840,42940,10534,17923,337288,220269,47758,33521,171762,14062,3832,27,18
2021-05-16T23:59:59+02:00,18,18,10459,9988,18604,19234,22533,27247,34181,42488,52401,54981,59590,65134,46286,56274,13237,22618,4217,3395,6367,7367,7436,11639,10898,17666,14969,18171,28465,32382,34824,42922,10527,17919,334862,220020,46879,33458,170139,12294,3384,27,17
2021-05-15T23:59:59+02:00,18,18,10360,9887,18452,19087,22364,27105,33796,42118,52007,54605,59473,64987,46238,56229,13234,22602,4176,3359,6283,7302,7343,11536,10796,17547,14861,18041,28370,32264,34733,42829,10523,17914,332463,218930,46878,33456,170004,12275,3208,27,17
2021-05-14T23:59:59+02:00,17,18,10075,9678,18018,18846,21965,26820,31438,40341,49856,52749,59255,64760,46190,56145,13218,22580,4046,3274,5997,7140,7035,11312,10447,17196,14514,17714,27796,31558,34611,42637,10505,17885,323302,215627,46825,33451,169390,12155,2426,26,17
2021-05-13T23:59:59+02:00,17,18,9612,9301,17224,18282,21093,26142,30318,39356,47613,50578,58407,63786,45981,55862,13179,22508,3541,3075,5660,6885,6723,11003,10037,16806,14137,17280,26900,30358,34186,42120,10474,17823,314806,211027,44961,32897,167367,10958,2118,25,17
2021-05-12T23:59:59+02:00,17,18,9319,9110,16789,18024,20624,25856,29790,38971,44606,46932,57833,63144,45897,55749,13161,22483,3400,2987,5429,6774,6444,10858,9755,16597,13898,17015,26254,29537,34021,41925,10448,17789,305626,208001,44138,32871,167075,10790,1461,23,17
2021-05-11T23:59:59+02:00,17,16,8875,8823,16017,17509,19764,25240,28047,37525,42673,45429,57455,62698,45813,55614,13141,22455,3280,2856,5199,6432,6141,10443,9389,16036,13458,16459,24829,27869,33511,41302,10397,17704,300131,202027,41079,32688,164586,9291,1292,23,16
2021-05-10T23:59:59+02:00,17,15,8614,8668,15504,17258,19132,24923,27055,36836,41213,44281,57193,62426,45734,55511,13121,22424,3170,2728,4967,6201,5886,10117,9061,15560,13095,16040,23782,26538,33024,40716,10361,17646,296846,197379,40172,32662,161907,7867,978,22,14
2021-05-09T23:59:59+02:00,17,15,8455,8584,15196,17074,18754,24673,26387,36410,39430,42620,56895,62148,45681,55453,13113,22406,3049,2674,4786,6064,5716,9944,8863,15353,12927,15866,23508,26206,32877,40541,10351,17631,293887,196179,39799,32621,158899,6846,704,22,14
2021-05-08T23:59:59+02:00,17,15,8380,8508,15019,16929,18544,24475,26160,36172,39199,42431,56768,61999,45644,55416,13110,22396,3042,2656,4753,6027,5673,9898,8786,15287,12841,15796,23139,25779,32591,40230,10343,17615,292334,194989,39344,31913,158778,6844,704,22,14
2021-05-07T23:59:59+02:00,16,14,8206,8408,14694,16747,18162,24242,25738,35884,38744,42053,56494,61643,45595,55369,13105,22386,2738,2522,4401,5840,5403,9636,8471,14975,12444,15400,22041,24408,31944,39399,10315,17565,289805,191536,38913,30413,158452,5239,308,22,14
2021-05-06T23:59:59+02:00,15,14,7554,8047,13799,16147,17108,23395,24400,34770,36597,40391,55365,60323,45353,55063,13070,22319,2611,2409,4227,5643,5194,9326,8128,14533,12012,14944,20734,22726,31090,38394,10264,17454,279172,185919,37633,29454,156633,4040,270,22,14
2021-05-05T23:59:59+02:00,13,14,7013,7740,13015,15595,16080,22631,23018,33746,34773,38905,53528,58284,45035,54717,13037,22253,2520,2349,4053,5485,5005,9114,7783,14193,11644,14587,19345,20944,29900,36980,10224,17352,267732,179796,36710,28284,154842,3301,91,22,14
2021-05-04T23:59:59+02:00,13,13,6824,7644,12658,15423,15597,22360,22377,33401,33812,38210,52668,57323,44913,54591,13019,22212,2464,2278,3899,5315,4830,8856,7441,13785,11214,14126,17694,19020,28806,35652,10130,17232,263973,172987,35844,27346,153184,2367,36,21,14
2021-05-03T23:59:59+02:00,13,13,6677,7495,12281,15207,15092,22050,21669,32997,32657,37320,52370,57006,44817,54483,13004,22180,2405,2207,3806,5135,4688,8619,7225,13436,10892,13718,16491,17527,27926,34553,10066,17125,260687,167421,35385,26994,151212,1372,26,21,14
2021-05-02T23:59:59+02:00,13,13,6597,7405,12070,15035,14798,21817,21194,32677,31506,36374,52087,56715,44755,54390,12984,22149,2391,2200,3785,5103,4659,8583,7159,13364,10810,13628,16180,17134,27630,34245,10054,17113,258257,165860,35314,26882,148962,1267,25,21,12
2021-05-01T23:59:59+02:00,13,13,6579,7380,12008,14990,14721,21758,21093,32604,31377,36282,52081,56699,44751,54389,12982,22147,2388,2191,3762,5086,4617,8558,7122,13327,10750,13573,15982,16911,27514,34108,10051,17103,257697,164894,35313,26855,148811,1265,25,21,12
2021-04-30T23:59:59+02:00,13,13,6542,7342,11918,14901,14616,21641,20898,32418,31139,36091,51809,56339,44706,54335,12977,22135,2359,2170,3700,5024,4521,8448,6971,13142,10473,13309,15169,15885,26644,33034,10010,17014,255925,161689,35270,24962,148593,1194,24,21,12
2021-04-29T23:59:59+02:00,13,13,6337,7218,11597,14714,14263,21405,20379,32130,30385,35600,51158,55514,44615,54221,12953,22060,2322,2124,3609,4935,4396,8312,6777,12924,10196,13023,14197,14652,25341,31490,9949,16922,252760,155994,35176,24214,146595,934,23,21,12
2021-04-28T23:59:59+02:00,13,13,6069,7053,11219,14379,13773,20940,19742,31525,29217,34473,48491,52509,44324,53896,12890,21982,2283,2084,3540,4875,4281,8196,6617,12740,9949,12804,13053,13172,23851,29611,9888,16819,242829,150026,35047,23008,144600,715,11,21,11
2021-04-27T23:59:59+02:00,13,13,5967,6961,11070,14258,13571,20779,19464,31314,28657,34086,48285,52288,44268,53845,12882,21960,2241,2050,3449,4781,4188,8087,6451,12556,9670,12528,11841,11609,22199,27456,9812,16674,241467,143218,35000,21823,143184,538,11,19,10
2021-04-26T23:59:59+02:00,13,13,5919,6916,10953,14193,13410,20658,19237,31104,27826,33517,47948,51921,44214,53780,12873,21931,2218,2022,3396,4738,4126,8018,6350,12423,9480,12351,10926,10449,20918,25705,9754,16588,240748,137945,34973,21079,140676,427,11,18,8
2021-04-25T23:59:59+02:00,13,13,5873,6869,10849,14098,13250,20504,18992,30821,27065,32778,47450,51409,44131,53680,12859,21911,2191,2011,3366,4719,4108,7999,6317,12381,9423,12291,10765,10257,20676,25382,9744,16574,239048,137090,34930,20735,138558,368,11,18,8
2021-04-24T23:59:59+02:00,13,13,5852,6820,10774,14013,13153,20363,18860,30644,26904,32599,47349,51286,44038,53585,12855,21906,2184,2001,3342,4692,4069,7953,6245,12308,9293,12173,10607,10076,20544,25251,9728,16556,237583,136566,34912,20095,138503,350,11,18,8
2021-04-23T23:59:59+02:00,13,13,5788,6728,10643,13814,12954,20110,18550,30267,26511,32237,46404,50152,43884,53340,12832,21874,2166,1979,3300,4657,4021,7898,6150,12217,9128,12045,10340,9778,20220,24830,9680,16476,233193,135444,34855,19091,138037,339,11,18,8
2021-04-22T23:59:59+02:00,13,13,5685,6613,10435,13619,12604,19780,18040,29795,25882,31644,44672,47997,43312,52610,12786,21773,2152,1968,3260,4604,3944,7824,6022,12117,8869,11880,9908,9371,19768,24241,9630,16398,226952,133324,34745,18313,135547,307,11,18,8
2021-04-21T23:59:59+02:00,13,12,5589,6475,10206,13417,12275,19467,17537,29301,25167,30914,40400,43133,42835,52075,12720,21669,2140,1959,3225,4568,3889,7766,5943,12024,8693,11720,9578,8988,19268,23650,9570,16303,214852,131681,34679,17307,133645,284,11,18,8
2021-04-20T23:59:59+02:00,13,12,5509,6385,10012,13201,11999,19204,17115,28892,24614,30352,38645,41121,42182,51300,12650,21531,2115,1946,3186,4543,3822,7721,5810,11927,8521,11592,9295,8668,18798,22983,9472,16162,208632,130316,34589,16003,131488,230,11,17,8
2021-04-19T23:59:59+02:00,13,11,5429,6307,9853,13074,11796,18999,16753,28511,24072,29882,37091,39327,41595,50574,12594,21442,2099,1927,3151,4508,3781,7677,5771,11857,8437,11501,9058,8385,18392,22417,9426,16071,203609,128625,34533,15612,129155,209,11,15,8
2021-04-18T23:59:59+02:00,13,10,5367,6256,9722,12991,11595,18862,16474,28312,23669,29570,35785,37965,41247,50168,12562,21379,2087,1911,3122,4486,3755,7661,5726,11811,8386,11452,8958,8294,18239,22229,9413,16048,202073,128138,34491,15224,125357,204,11,15,8
2021-04-17T23:59:59+02:00,13,10,5361,6240,9687,12960,11550,18822,16397,28244,23605,29512,35475,37627,41139,50071,12556,21368,2077,1903,3095,4474,3697,7616,5655,11760,8300,11400,8847,8185,18134,22112,9392,16035,200845,127334,34482,15134,125284,202,11,15,8
2021-04-16T23:59:59+02:00,13,10,5296,6201,9598,12900,11416,18710,16184,28084,23256,29164,34391,36367,40729,49545,12536,21334,1944,1815,2867,4294,3338,7301,4883,11227,6805,10307,6340,6132,16327,20428,9202,15738,196680,118015,34394,10722,124634,199,11,15,8
2021-04-15T23:59:59+02:00,13,10,5229,6110,9398,12730,11120,18462,15687,27690,22567,28565,32490,34046,39688,48336,12460,21169,1899,1783,2802,4230,3221,7182,4665,11045,6428,9996,5879,5734,15736,19744,9016,15408,190858,114894,34343,9671,120543,191,11,15,8
2021-04-14T23:59:59+02:00,13,9,5167,6064,9230,12601,10901,18285,15286,27377,21920,28085,30567,31795,38472,46919,12386,20984,1817,1728,2719,4164,3112,7089,4460,10878,6122,9744,5396,5321,15152,19055,8814,15057,184491,112270,34206,8211,117338,135,11,15,8
2021-04-13T23:59:59+02:00,13,9,5120,6011,9092,12471,10722,18115,14943,27102,21398,27620,28468,29345,37214,45325,12246,20780,1772,1711,2681,4121,3057,7028,4329,10737,5852,9534,5056,5015,14705,18606,8682,14856,177608,110851,34140,6841,114220,38,11,15,8
2021-04-12T23:59:59+02:00,12,9,5058,5961,8981,12333,10517,17967,14621,26822,20855,27162,26429,27076,36056,43857,12119,20583,1739,1667,2652,4102,3030,6975,4269,10670,5749,9434,4895,4870,14406,18235,8571,14657,171886,110010,34063,5862,110443,37,11,15,8
2021-04-11T23:59:59+02:00,12,9,5019,5918,8890,12254,10359,17866,14358,26644,20431,26838,25227,25789,35351,43072,12031,20435,1730,1661,2631,4082,3008,6950,4234,10624,5662,9366,4803,4815,14291,18113,8533,14605,170105,109810,33992,5257,106380,29,11,15,8
2021-04-10T23:59:59+02:00,12,9,5008,5904,8849,12225,10304,17831,14290,26595,20335,26758,24913,25415,35006,42653,12024,20414,1725,1655,2622,4074,2993,6934,4205,10595,5605,9327,4725,4736,14165,17951,8486,14521,168892,109022,33269,5256,106358,29,11,15,8
2021-04-09T23:59:59+02:00,12,9,4961,5871,8764,12147,10181,17707,14121,26419,20074,26515,24078,24260,34051,41445,11991,20341,1697,1625,2568,4039,2921,6872,4054,10482,5351,9102,4302,4362,13604,17236,8260,14156,165530,105344,31754,5248,105640,29,8,15,8
2021-04-08T23:59:59+02:00,12,9,4884,5806,8616,12036,9966,17530,13725,26106,19467,26047,22375,22277,32362,39478,11846,20107,1667,1609,2514,3992,2840,6785,3906,10344,5056,8837,3849,3937,12618,15991,7788,13398,159779,100370,30848,4727,101999,24,8,15,8
2021-04-07T23:59:59+02:00,12,8,4837,5754,8434,11959,9738,17380,13405,25879,18996,25684,20564,20164,30602,37217,11731,19896,1634,1593,2458,3940,2778,6705,3797,10198,4867,8646,3588,3648,11934,15186,7419,12853,153733,97066,29672,4155,98835,14,7,13,8
2021-04-06T23:59:59+02:00,12,8,4790,5709,8290,11847,9577,17215,13087,25613,18475,25298,18712,18102,28684,34729,11536,19553,1599,1574,2435,3914,2745,6668,3732,10154,4785,8555,3480,3526,11457,14540,7137,12445,146906,94760,28711,3964,95601,13,7,12,8
2021-04-05T23:59:59+02:00,12,8,4759,5667,8194,11758,9438,17115,12876,25401,18072,24951,16984,16167,27053,32584,11392,19331,1578,1563,2405,3895,2716,6620,3689,10095,4700,8440,3369,3419,11119,14170,6981,12166,141492,93369,28274,3535,91979,12,7,10,8
2021-04-04T23:59:59+02:00,12,8,4751,5661,8186,11747,9425,17102,12850,25381,18044,24926,16851,15993,26857,32336,11383,19318,1577,1562,2403,3892,2714,6617,3687,10092,4696,8437,3359,3406,11107,14158,6978,12158,140770,93288,28181,3535,91866,12,6,8,8
2021-04-03T23:59:59+02:00,12,8,4747,5653,8172,11739,9405,17082,12811,25350,17966,24863,16771,15904,26812,32279,11378,19311,1574,1560,2394,3884,2696,6603,3663,10064,4613,8382,3241,3291,11025,14084,6972,12148,140242,92639,28153,3535,91854,12,6,8,8
2021-04-02T23:59:59+02:00,12,8,4721,5633,8115,11685,9342,17013,12672,25244,17731,24662,16320,15426,26336,31705,11346,19258,1572,1551,2381,3878,2689,6587,3642,10032,4544,8289,3172,3223,10788,13784,6820,11946,139037,91347,26744,3531,91434,12,6,8,8
2021-04-01T23:59:59+02:00,11,8,4678,5572,8003,11542,9210,16852,12399,24958,17285,24262,15569,14699,25580,30745,11220,19074,1555,1529,2350,3846,2667,6557,3602,9993,4475,8224,3061,3094,9857,12668,6209,11100,136797,87343,26080,3427,88778,11,4,8,8
2021-03-31T23:59:59+02:00,11,8,4468,5492,7893,11419,9068,16687,12180,24682,16932,23896,14872,13936,24747,29735,11115,18882,1546,1524,2336,3825,2641,6528,3554,9944,4405,8153,2971,3004,9287,11972,5846,10605,135000,84922,24619,3202,86392,11,4,8,8
2021-03-30T23:59:59+02:00,11,8,4437,5438,7820,11292,8982,16528,12018,24492,16653,23586,14279,13292,23990,28757,10977,18640,1532,1514,2317,3800,2615,6499,3514,9879,4339,8082,2847,2858,8703,11317,5496,10118,133520,82614,23408,2804,84260,6,4,8,8
2021-03-29T23:59:59+02:00,11,8,4396,5380,7720,11179,8875,16365,11859,24219,16324,23238,13738,12690,23227,27785,10824,18395,1514,1501,2298,3784,2593,6470,3479,9822,4275,8007,2794,2790,8416,10932,5306,9809,131678,81233,22653,2545,81890,6,4,8,8
2021-03-28T23:59:59+02:00,11,8,4361,5295,7635,11071,8798,16213,11724,23989,16064,22965,13413,12380,22661,27093,10650,18116,1505,1495,2276,3770,2578,6441,3439,9772,4236,7949,2746,2739,8338,10828,5263,9744,131176,80890,22134,2218,79125,5,4,8,8
2021-03-27T23:59:59+01:00,11,8,4347,5284,7609,11041,8732,16142,11624,23894,15921,22849,13206,12167,22460,26880,10615,18087,1504,1493,2273,3768,2577,6440,3426,9748,4225,7927,2736,2732,8281,10763,5229,9704,130292,80597,21490,2218,79083,5,4,8,8
2021-03-26T23:59:59+01:00,11,8,4303,5214,7500,10909,8556,15959,11289,23592,15307,22343,12281,11339,21674,26040,10474,17862,1499,1479,2267,3747,2564,6417,3409,9722,4184,7890,2706,2693,8102,10545,5112,9536,126239,79756,19881,2103,78529,5,4,8,8
2021-03-25T23:59:59+01:00,11,7,4244,5054,7339,10631,8312,15553,10905,22969,14665,21643,11610,10678,20808,24974,10161,17323,1479,1465,2235,3721,2529,6378,3372,9674,4112,7809,2571,2554,7128,9291,4506,8631,122964,75576,19106,1867,74806,5,3,8,8
2021-03-24T23:59:59+01:00,11,7,4167,4913,7200,10345,8098,15138,10642,22420,14196,21035,11003,10118,19876,23886,9837,16762,1458,1435,2209,3683,2484,6342,3330,9610,4034,7710,2472,2455,6485,8531,4124,8052,120369,72955,17919,1451,71358,3,1,7,8
2021-03-23T23:59:59+01:00,11,7,4127,4818,7093,10109,7944,14797,10384,21916,13792,20543,10537,9673,19156,23036,9526,16299,1446,1417,2183,3662,2464,6315,3269,9556,3941,7636,2379,2353,5756,7602,3678,7365,118905,69889,16816,1126,68040,3,0,7,8
2021-03-22T23:59:59+01:00,11,7,4075,4737,6966,9869,7784,14476,10126,21450,13443,20045,10144,9316,18594,22327,9339,15957,1437,1410,2174,3648,2452,6299,3246,9533,3911,7602,2318,2302,5304,6996,3331,6876,118021,67792,16419,1039,64219,3,0,7,8
2021-03-21T23:59:59+01:00,11,7,4028,4632,6833,9604,7616,14121,9903,20909,13102,19519,9821,9036,18065,21724,9149,15650,1434,1406,2173,3637,2449,6292,3240,9524,3901,7588,2304,2283,5187,6863,3273,6775,117824,67283,16025,1039,59874,2,0,7,8
2021-03-20T23:59:59+01:00,11,7,4017,4610,6798,9550,7557,14050,9819,20804,12996,19429,9734,8942,17930,21550,9098,15563,1431,1401,2169,3634,2444,6287,3227,9514,3882,7578,2269,2251,4863,6490,3089,6533,116999,66016,15930,1039,59529,2,0,7,8
2021-03-19T23:59:59+01:00,10,7,3842,4469,6508,9296,7116,13625,8902,20072,11264,18099,6875,6597,15696,19350,8745,15002,1427,1397,2164,3627,2432,6274,3215,9489,3832,7532,2202,2210,4494,6018,2826,6218,107710,64343,11219,1007,56539,2,0,7,8
2021-03-18T23:59:59+01:00,10,6,3737,4335,6330,8986,6850,13185,8509,19411,10621,17362,6161,5943,14481,17882,8238,14187,1423,1391,2141,3600,2414,6238,3187,9448,3792,7498,2157,2176,4075,5490,2545,5809,102597,62478,10213,899,53417,2,0,7,8
2021-03-17T23:59:59+01:00,10,6,3659,4260,6198,8842,6683,13007,8213,19101,10220,16968,5754,5560,13664,16949,7845,13612,1413,1379,2125,3581,2384,6205,3156,9420,3755,7462,2101,2116,3668,5044,2296,5426,99367,60760,8524,764,52653,2,0,7,8
2021-03-16T23:59:59+01:00,9,6,3581,4125,6046,8571,6476,12640,7897,18514,9671,16310,5228,5104,12848,15982,7514,13121,1404,1370,2116,3564,2369,6190,3140,9400,3730,7436,2073,2080,3150,4404,1962,4920,97050,58541,7118,760,49468,2,0,7,8
2021-03-15T23:59:59+01:00,9,6,3533,3977,5858,8292,6257,12231,7623,17939,9234,15686,4911,4823,12195,15239,7252,12663,1404,1360,2100,3549,2349,6165,3122,9351,3706,7397,2037,2030,2787,3944,1676,4528,95559,56753,6147,745,46015,2,0,7,8
2021-03-14T23:59:59+01:00,9,6,3487,3845,5631,7963,5971,11786,7315,17220,8773,14933,4594,4551,11905,14982,7207,12563,1397,1354,2084,3520,2335,6115,3104,9293,3688,7358,2030,2019,2709,3837,1624,4443,95442,56352,5538,551,41754,2,0,7,8
2021-03-13T23:59:59+01:00,9,6,3470,3804,5592,7850,5912,11668,7232,17075,8626,14781,4442,4401,11813,14896,7201,12552,1397,1354,2084,3520,2334,6115,3103,9292,3687,7358,2027,2011,2656,3782,1590,4389,94751,56141,5538,551,41034,2,0,7,8
2021-03-12T23:59:59+01:00,9,6,3452,3732,5536,7714,5849,11520,7148,16851,8491,14548,4335,4305,11542,14571,7047,12337,1397,1354,2080,3514,2333,6107,3099,9286,3685,7352,2025,2009,2570,3672,1510,4303,93331,55738,5530,551,40125,2,0,7,8
2021-03-11T23:59:59+01:00,9,6,3374,3536,5327,7416,5618,11099,6809,16183,8059,13909,4000,3971,10470,13315,6398,11433,1392,1351,2070,3501,2314,6082,3076,9252,3661,7319,1996,1984,2332,3409,1360,4084,89157,54658,5111,518,36657,2,0,7,8
2021-03-10T23:59:59+01:00,9,6,3278,3418,5114,7145,5404,10742,6539,15638,7721,13362,3778,3743,9828,12522,6014,10900,1388,1340,2042,3463,2284,5992,3028,9130,3603,7200,1952,1908,2116,3172,1231,3896,86690,53455,4737,283,33727,2,0,7,8
2021-03-09T23:59:59+01:00,8,6,3204,3288,4958,6956,5208,10462,6306,15206,7424,12858,3595,3538,9199,11818,5642,10382,1381,1330,2006,3403,2253,5890,2967,8986,3535,7119,1922,1882,1841,2856,1063,3651,84421,52042,4481,36,31149,2,0,7,8
2021-03-08T23:59:59+01:00,8,6,3138,3127,4732,6690,4969,10109,6045,14696,7059,12270,3396,3345,8812,11375,5445,10070,1378,1311,1992,3324,2222,5796,2928,8840,3502,7026,1907,1860,1641,2625,945,3461,82952,50720,4120,33,28213,0,0,7,8
2021-03-07T23:59:59+01:00,8,6,3106,3068,4658,6578,4885,9996,5940,14533,6942,12125,3346,3303,8728,11271,5407,10003,1372,1306,1985,3312,2214,5769,2921,8801,3490,7007,1899,1848,1585,2557,893,3394,82601,50315,3955,33,27340,0,0,7,8
2021-03-06T23:59:59+01:00,8,6,3092,3010,4614,6488,4851,9933,5882,14418,6894,12016,3321,3279,8670,11204,5373,9960,1370,1293,1980,3298,2202,5742,2918,8773,3479,6988,1890,1824,1558,2533,888,3385,82281,50083,3955,33,26776,0,0,7,8
2021-03-05T23:59:59+01:00,8,6,3068,2917,4556,6379,4789,9835,5819,14267,6793,11863,3277,3224,8484,10974,5254,9788,1361,1260,1950,3243,2177,5635,2876,8639,3435,6850,1847,1779,1494,2462,866,3359,81381,49195,3947,33,25966,0,0,7,8
2021-03-04T23:59:59+01:00,6,6,3015,2722,4396,6140,4570,9523,5611,13847,6476,11471,3096,3046,7468,9683,4632,8875,1341,1210,1912,3120,2145,5452,2830,8361,3379,6618,1775,1689,1458,2413,862,3341,77230,47869,3660,32,23686,0,0,7,8
2021-03-03T23:59:59+01:00,4,6,2976,2649,4255,5949,4404,9255,5407,13469,6222,11051,2973,2914,6822,8913,4239,8272,1329,1172,1885,3048,2123,5341,2798,8182,3326,6460,1705,1645,1417,2343,842,3288,74512,46868,3430,32,21831,0,0,7,7
2021-03-02T23:59:59+01:00,4,6,2915,2560,4070,5732,4196,8980,5209,13092,5954,10677,2827,2756,6055,7948,3776,7565,1296,1129,1858,2976,2099,5202,2749,7909,3277,6262,1633,1585,1353,2265,822,3245,71348,45624,2983,32,19984,0,0,7,7
2021-03-01T23:59:59+01:00,4,5,2875,2496,3904,5581,4009,8760,5020,12770,5713,10288,2725,2642,5563,7294,3423,7059,1290,1093,1834,2875,2072,5009,2708,7659,3217,6026,1590,1549,1305,2206,796,3206,69192,44399,2684,32,18248,0,0,7,7
2021-02-28T23:59:59+01:00,4,5,2834,2446,3744,5462,3788,8570,4836,12519,5526,9982,2668,2570,5440,7137,3361,6958,1286,1088,1830,2861,2063,4985,2701,7623,3207,6009,1582,1542,1299,2197,794,3196,68713,44228,2464,31,16666,0,0,7,7
2021-02-27T23:59:59+01:00,4,4,2819,2381,3717,5382,3754,8500,4802,12428,5491,9907,2627,2536,5111,6749,3165,6707,1279,1080,1823,2849,2050,4950,2682,7558,3191,5953,1564,1533,1293,2186,791,3195,67404,43943,2464,30,16209,0,0,7,7
2021-02-26T23:59:59+01:00,4,4,2799,2340,3677,5296,3688,8398,4741,12319,5406,9820,2550,2483,4734,6267,2895,6384,1220,1030,1773,2740,2001,4769,2628,7284,3118,5741,1503,1482,1270,2164,777,3186,65611,42654,2338,29,15849,0,0,7,6
2021-02-25T23:59:59+01:00,4,4,2625,2231,3489,5115,3506,8174,4535,12033,5184,9545,2460,2413,4284,5712,2606,5963,1204,972,1742,2631,1947,4495,2557,6890,3023,5455,1458,1439,1250,2149,775,3177,63752,41136,2004,26,14120,0,0,7,5
2021-02-24T23:59:59+01:00,4,4,2470,2093,3298,4922,3358,7968,4339,11779,4962,9296,2321,2293,3828,5198,2348,5570,1189,943,1719,2545,1913,4356,2497,6633,2971,5248,1426,1408,1232,2129,771,3158,61986,40117,1525,18,12533,0,0,7,5
2021-02-23T23:59:59+01:00,4,4,2333,1955,3117,4694,3200,7732,4166,11505,4777,9050,2233,2197,3267,4531,2009,5056,1175,895,1688,2450,1874,4162,2429,6334,2873,4988,1368,1353,1203,2086,758,3133,59776,38752,1166,14,10881,0,0,7,5
2021-02-22T23:59:59+01:00,4,4,2293,1904,3033,4600,3130,7624,4072,11318,4670,8925,2183,2156,2902,4067,1720,4669,1163,836,1656,2324,1831,3916,2353,5939,2746,4690,1306,1298,1180,2053,751,3112,58098,37147,1082,4,10087,0,0,7,5
2021-02-21T23:59:59+01:00,4,4,2257,1872,2982,4531,3047,7508,3991,11170,4603,8806,2169,2133,2818,3953,1665,4581,1159,818,1639,2271,1806,3807,2320,5784,2683,4566,1274,1275,1170,2039,744,3099,57661,36447,1049,4,9377,0,0,7,5
2021-02-20T23:59:59+01:00,4,4,2246,1869,2960,4518,3031,7472,3965,11137,4582,8785,2166,2125,2763,3896,1630,4525,1159,815,1639,2269,1805,3798,2319,5779,2682,4562,1273,1272,1169,2036,743,3098,57444,36411,1048,4,9179,0,0,7,5
2021-02-19T23:59:59+01:00,2,4,2234,1856,2924,4466,3006,7383,3920,11055,4528,8722,2158,2119,2675,3783,1550,4432,1107,806,1600,2261,1795,3789,2309,5758,2673,4549,1267,1261,1158,2031,738,3091,57032,36186,1017,4,8761,0,0,7,5
2021-02-18T23:59:59+01:00,2,4,2101,1759,2767,4280,2882,7185,3782,10767,4389,8517,2126,2085,2433,3515,1397,4209,1028,771,1525,2162,1745,3666,2236,5600,2616,4462,1253,1241,1153,2017,728,3073,55968,35269,950,4,7275,0,0,7,5
2021-02-17T23:59:59+01:00,2,4,2057,1710,2675,4147,2773,6971,3628,10426,4247,8273,2068,2002,2212,3286,1273,4022,874,708,1416,2036,1670,3476,2142,5375,2542,4291,1219,1196,1128,1972,713,3033,54902,33785,805,3,6062,0,0,7,5
2021-02-16T23:59:59+01:00,2,4,1884,1597,2499,3940,2634,6696,3467,10071,4071,7964,2023,1975,1937,2965,1103,3770,847,686,1344,1961,1601,3334,2048,5203,2445,4160,1159,1149,1070,1882,681,2940,53571,32505,769,2,4255,0,0,7,5
2021-02-15T23:59:59+01:00,2,4,1849,1541,2410,3771,2555,6423,3344,9704,3954,7695,1996,1946,1721,2726,982,3584,829,673,1315,1915,1560,3266,1993,5031,2382,4060,1094,1109,1006,1791,662,2847,52474,31529,756,1,2970,0,0,7,5
2021-02-14T23:59:59+01:00,2,4,1759,1510,2365,3710,2513,6333,3274,9600,3908,7617,1985,1936,1662,2666,930,3525,814,663,1298,1890,1533,3243,1959,4990,2357,4005,1084,1100,999,1781,659,2835,52136,31206,727,1,2429,0,0,7,5
2021-02-13T23:59:59+01:00,2,4,1758,1498,2355,3703,2507,6319,3270,9584,3901,7607,1975,1916,1639,2646,927,3515,814,663,1298,1890,1533,3243,1959,4990,2357,4005,1084,1100,999,1781,659,2835,51980,31206,727,1,2412,0,0,7,5
2021-02-12T23:59:59+01:00,2,4,1678,1412,2256,3591,2427,6144,3165,9345,3777,7340,1928,1859,1576,2573,904,3488,808,656,1286,1868,1518,3224,1951,4959,2341,3985,1079,1095,998,1762,659,2805,51039,30991,727,0,1696,0,0,7,5
2021-02-11T23:59:59+01:00,2,4,1474,1274,2073,3375,2298,5851,3013,8911,3617,6994,1855,1756,1534,2511,890,3464,780,605,1191,1688,1392,2950,1812,4600,2175,3696,1027,1032,955,1689,626,2674,49638,28893,686,0,565,0,0,7,1
2021-02-10T23:59:59+01:00,2,4,1377,1225,1984,3247,2229,5677,2931,8632,3506,6763,1784,1708,1489,2444,874,3407,566,521,968,1463,1253,2642,1627,4137,1972,3317,908,904,833,1436,547,2357,48469,25452,646,0,161,0,0,7,1
2021-02-09T23:59:59+01:00,2,4,1341,1175,1947,3155,2202,5496,2864,8289,3436,6504,1709,1646,1428,2384,857,3370,303,384,749,1200,1066,2267,1417,3598,1723,2864,739,740,665,1149,437,1911,47206,21213,517,0,80,0,0,6,1
2021-02-08T23:59:59+01:00,2,4,1334,1140,1915,3035,2164,5273,2812,8009,3376,6267,1668,1612,1382,2328,841,3350,267,343,647,1045,960,2049,1257,3206,1525,2547,636,621,561,969,380,1661,46081,18675,346,0,79,0,0,6,1
2021-02-07T23:59:59+01:00,2,4,1307,1124,1886,2982,2139,5191,2783,7906,3334,6201,1652,1596,1367,2309,829,3335,233,287,599,955,900,1894,1164,2980,1426,2375,596,601,540,936,370,1632,45797,17490,144,0,0,0,0,6,0
2021-02-06T23:59:59+01:00,2,4,1302,1118,1880,2970,2130,5163,2770,7862,3323,6156,1639,1588,1362,2299,825,3334,214,253,577,918,872,1828,1122,2862,1368,2293,580,583,533,936,370,1632,45577,16943,144,0,0,0,0,6,0
2021-02-05T23:59:59+01:00,2,4,1241,1066,1831,2858,2078,4966,2711,7566,3245,5936,1575,1534,1343,2273,817,3327,198,223,542,871,838,1748,1084,2745,1315,2194,546,559,522,912,360,1607,44223,16266,144,0,0,0,0,6,0
2021-02-04T23:59:59+01:00,2,4,1229,1002,1790,2709,2007,4653,2626,7118,3144,5608,1530,1501,1325,2257,812,3319,170,169,469,753,739,1609,973,2505,1202,1980,499,507,479,858,343,1494,42596,14751,36,0,0,0,0,4,0
2021-02-03T23:59:59+01:00,2,4,1211,973,1760,2626,1967,4507,2559,6855,3092,5390,1493,1469,1296,2222,794,3289,139,140,393,641,623,1372,827,2127,1005,1689,380,371,344,644,240,1133,41469,12070,36,0,0,0,0,4,0
2021-02-02T23:59:59+01:00,2,4,1193,917,1726,2526,1924,4284,2486,6522,2984,5117,1437,1422,1272,2191,785,3265,118,116,317,520,520,1136,682,1797,815,1379,282,271,266,472,188,849,40017,9730,36,0,0,0,0,4,0
2021-02-01T23:59:59+01:00,1,4,1179,857,1691,2401,1873,4038,2409,6128,2860,4820,1368,1341,1241,2145,774,3240,85,76,217,349,347,741,434,1160,479,860,176,166,154,279,100,496,38330,6119,36,0,0,0,0,4,0
2021-01-31T23:59:59+01:00,1,4,1174,839,1674,2343,1849,3914,2377,5945,2792,4700,1336,1318,1230,2130,767,3228,74,70,184,279,270,575,345,907,397,693,150,150,145,271,96,482,37584,5088,33,0,0,0,0,4,0
2021-01-30T23:59:59+01:00,1,4,1174,836,1673,2338,1847,3903,2375,5934,2789,4690,1335,1314,1229,2129,767,3227,71,63,152,232,242,507,310,789,354,618,149,143,140,267,96,481,37529,4614,32,0,0,0,0,4,0
2021-01-29T23:59:59+01:00,1,4,1121,827,1634,2331,1836,3896,2367,5920,2781,4678,1331,1311,1225,2129,767,3227,63,45,115,177,198,353,253,640,310,490,138,134,128,256,93,481,37353,3874,30,0,0,0,0,3,0
2021-01-28T23:59:59+01:00,1,4,1046,802,1575,2268,1803,3826,2319,5849,2748,4624,1319,1299,1218,2123,758,3213,41,20,73,105,129,206,157,383,202,293,104,102,103,205,83,434,36765,2640,27,0,0,0,0,3,0
2021-01-27T23:59:59+01:00,1,4,896,751,1484,2192,1736,3711,2247,5719,2688,4499,1288,1254,1192,2084,746,3181,30,12,63,86,104,162,123,326,175,248,96,84,91,186,79,403,35652,2268,18,0,0,0,0,3,0
2021-01-26T23:59:59+01:00,1,4,882,732,1419,2118,1673,3581,2157,5547,2594,4387,1228,1213,1139,2009,720,3131,29,11,60,83,100,156,119,311,174,238,94,79,84,165,68,357,34520,2128,12,0,0,0,0,3,0
2021-01-25T23:59:59+01:00,1,4,869,711,1387,2058,1642,3484,2112,5380,2536,4296,1168,1187,1082,1950,700,3070,27,11,57,83,97,154,118,309,173,238,93,78,83,164,66,354,33631,2105,3,0,0,0,0,3,0
2021-01-24T23:59:59+01:00,1,4,866,710,1381,2047,1637,3467,2104,5354,2525,4264,1164,1179,1077,1943,699,3065,27,11,57,83,96,153,118,309,173,237,93,78,83,164,66,354,33481,2102,3,0,0,0,0,3,0
2021-01-23T23:59:59+01:00,1,4,866,710,1381,2047,1637,3467,2104,5354,2525,4264,1164,1179,1077,1943,699,3065,27,11,57,83,96,153,118,309,172,237,93,78,83,164,66,354,33481,2101,3,0,0,0,0,3,0
2021-01-22T23:59:59+01:00,1,4,866,700,1367,2025,1621,3443,2091,5320,2509,4244,1162,1174,1076,1920,698,3032,26,11,57,83,96,153,118,309,171,237,93,78,83,164,66,354,33247,2099,3,0,0,0,0,3,0
2021-01-21T23:59:59+01:00,1,4,835,663,1289,1870,1521,3253,1995,5048,2399,4046,1123,1116,1049,1854,667,2927,24,10,52,78,88,145,107,280,157,214,80,70,74,144,54,301,31656,1878,3,0,0,0,0,1,0
2021-01-20T23:59:59+01:00,1,4,631,564,1093,1651,1387,2979,1818,4641,2195,3707,997,998,931,1625,602,2656,22,10,51,74,85,144,99,267,146,195,70,64,69,122,45,269,28476,1732,3,0,0,0,0,1,0
2021-01-19T23:59:59+01:00,1,4,344,418,840,1393,1186,2637,1582,4111,1929,3258,826,828,767,1352,503,2251,18,7,36,52,56,78,73,180,102,132,53,49,48,91,34,208,24227,1217,2,0,0,0,0,1,0
2021-01-18T23:59:59+01:00,1,4,302,377,728,1205,1063,2382,1387,3612,1689,2878,691,677,616,1107,428,1863,7,3,11,17,19,27,24,52,25,46,13,11,13,33,7,61,21008,369,1,0,0,0,0,1,0
2021-01-17T23:59:59+01:00,1,4,261,322,662,1110,985,2209,1287,3339,1573,2666,646,647,588,1050,407,1805,0,0,1,0,2,2,2,1,2,2,1,4,1,0,0,1,19561,19,1,0,0,0,0,0,0
2021-01-16T23:59:59+01:00,1,4,244,290,646,1076,961,2146,1246,3228,1522,2593,630,630,580,1050,407,1804,0,0,0,0,1,2,1,1,1,2,0,1,1,0,0,1,19057,11,1,0,0,0,0,0,0
2021-01-15T23:59:59+01:00,1,4,229,257,617,1028,934,2068,1212,3112,1470,2497,599,604,573,1029,400,1792,0,0,0,0,0,0,0,0,0,0,0,0,0,0,0,0,18426,0,0,0,0,0,0,0,0
2021-01-14T23:59:59+01:00,1,3,199,205,557,905,845,1924,1119,2889,1354,2314,554,561,535,985,394,1750,0,0,0,0,0,0,0,0,0,0,0,0,0,0,0,0,17094,0,0,0,0,0,0,0,0
2021-01-13T23:59:59+01:00,1,3,165,186,507,836,773,1798,1020,2650,1194,2087,438,443,406,778,296,1353,0,0,0,0,0,0,0,0,0,0,0,0,0,0,0,0,14934,0,0,0,0,0,0,0,0
2021-01-12T23:59:59+01:00,1,3,143,165,475,767,723,1642,930,2447,1087,1853,349,334,315,558,214,965,0,0,0,0,0,0,0,0,0,0,0,0,0,0,0,0,12971,0,0,0,0,0,0,0,0
2021-01-11T23:59:59+01:00,0,1,114,128,398,636,633,1388,766,1988,860,1467,215,195,175,330,116,568,0,0,0,0,0,0,0,0,0,0,0,0,0,0,0,0,9978,0,0,0,0,0,0,0,0
2021-01-10T23:59:59+01:00,0,1,88,92,308,460,477,1007,558,1459,632,1066,178,171,163,317,111,555,0,0,0,0,0,0,0,0,0,0,0,0,0,0,0,0,7643,0,0,0,0,0,0,0,0
2021-01-09T23:59:59+01:00,0,1,78,84,261,397,407,875,491,1241,555,908,171,161,158,312,111,553,0,0,0,0,0,0,0,0,0,0,0,0,0,0,0,0,6764,0,0,0,0,0,0,0,0
2021-01-08T23:59:59+01:00,0,1,65,64,187,289,308,593,375,942,446,688,163,156,142,300,109,553,0,0,0,0,0,0,0,0,0,0,0,0,0,0,0,0,5381,0,0,0,0,0,0,0,0
2021-01-07T23:59:59+01:00,0,0,46,24,79,121,139,235,169,426,224,342,117,121,124,251,98,504,0,0,0,0,0,0,0,0,0,0,0,0,0,0,0,0,3020,0,0,0,0,0,0,0,0
2021-01-06T23:59:59+01:00,0,0,32,17,70,92,118,185,140,348,195,278,98,93,98,205,83,429,0,0,0,0,0,0,0,0,0,0,0,0,0,0,0,0,2481,0,0,0,0,0,0,0,0
2021-01-05T23:59:59+01:00,0,0,29,12,60,87,108,171,124,333,181,255,97,88,96,198,81,411,0,0,0,0,0,0,0,0,0,0,0,0,0,0,0,0,2331,0,0,0,0,0,0,0,0
2021-01-04T23:59:59+01:00,0,0,26,11,57,84,100,162,119,318,179,242,96,85,89,184,71,380,0,0,0,0,0,0,0,0,0,0,0,0,0,0,0,0,2203,0,0,0,0,0,0,0,0
2021-01-03T23:59:59+01:00,0,0,26,11,57,84,100,162,119,318,179,242,96,85,88,183,71,380,0,0,0,0,0,0,0,0,0,0,0,0,0,0,0,0,2201,0,0,0,0,0,0,0,0
2021-01-02T23:59:59+01:00,0,0,26,11,57,84,100,162,119,318,178,242,96,85,88,183,71,380,0,0,0,0,0,0,0,0,0,0,0,0,0,0,0,0,2200,0,0,0,0,0,0,0,0
2021-01-01T23:59:59+01:00,0,0,26,11,57,84,100,162,119,318,176,241,96,85,88,183,71,380,0,0,0,0,0,0,0,0,0,0,0,0,0,0,0,0,2197,0,0,0,0,0,0,0,0
2020-12-31T23:59:59+01:00,0,0,26,11,57,84,100,162,119,318,176,241,96,85,88,183,71,380,0,0,0,0,0,0,0,0,0,0,0,0,0,0,0,0,2197,0,0,0,0,0,0,0,0
2020-12-30T23:59:59+01:00,0,0,25,11,57,83,99,159,119,317,176,241,96,85,88,183,71,380,0,0,0,0,0,0,0,0,0,0,0,0,0,0,0,0,2190,0,0,0,0,0,0,0,0
2020-12-29T23:59:59+01:00,0,0,18,8,42,59,76,95,89,222,129,189,73,73,65,151,56,304,0,0,0,0,0,0,0,0,0,0,0,0,0,0,0,0,1649,0,0,0,0,0,0,0,0
2020-12-28T23:59:59+01:00,0,0,8,5,17,28,32,45,42,115,53,101,30,40,37,91,29,175,0,0,0,0,0,0,0,0,0,0,0,0,0,0,0,0,848,0,0,0,0,0,0,0,0
2020-12-27T23:59:59+01:00,0,0,2,2,4,5,7,11,11,24,6,22,5,7,6,25,3,48,0,0,0,0,0,0,0,0,0,0,0,0,0,0,0,0,188,0,0,0,0,0,0,0,0
