Datum,<15_m,<15_w,15-24_1_m,15-24_1_w,25-34_1_m,25-34_1_w,35-44_1_m,35-44_1_w,45-54_1_m,45-54_1_w,55-64_1_m,55-64_1_w,65-74_1_m,65-74_1_w,75-84_1_m,75-84_1_w,>84_1_m,>84_1_w,<24_2_m,<24_2_w,25-34_2_m,25-34_2_w,35-44_2_m,35-44_2_w,45-54_2_m,45-54_2_w,55-64_2_m,55-64_2_w,65-74_2_m,65-74_2_w,75-84_2_m,75-84_2_w,>84_2_m,>84_2_w,bp_1,bp_2,mo_1,mo_2,az_1,az_2,ja,unb_1,unb_2
2021-10-04T23:59:59+02:00,10340,9645,59743,56280,66182,61834,74975,76098,96361,98417,107790,106679,74074,80377,52101,63894,15049,25917,54302,51231,61862,57061,70895,71370,92021,93606,103697,102786,72023,78123,50678,62143,14499,24807,833857,784726,70703,68137,182580,175830,48640,36,53
2021-10-03T23:59:59+02:00,10300,9608,59693,56201,66122,61789,74919,76062,96335,98389,107758,106641,74064,80361,52086,63868,15043,25904,54198,51127,61785,56980,70817,71284,91963,93539,103639,102712,71992,78095,50664,62111,14494,24803,833371,783885,70698,68132,182567,175802,48531,36,53
2021-10-02T23:59:59+02:00,10295,9606,59685,56186,66106,61777,74911,76049,96330,98384,107756,106638,74063,80361,52085,63866,15043,25904,54184,51116,61772,56973,70814,71274,91959,93536,103637,102703,71989,78095,50663,62109,14493,24803,833298,783814,70687,68126,182567,175801,48517,36,53
2021-10-01T23:59:59+02:00,10240,9549,59532,56090,66031,61693,74832,75983,96279,98332,107702,106606,74049,80339,52075,63856,15042,25900,54071,51008,61718,56910,70767,71227,91906,93480,103602,102670,71976,78088,50659,62097,14491,24798,832489,783155,70668,68099,182565,175799,48431,36,53
2021-09-30T23:59:59+02:00,10172,9469,59398,55940,65903,61573,74735,75897,96178,98245,107616,106547,74026,80302,52059,63832,15039,25888,53930,50875,61626,56809,70680,71149,91829,93398,103532,102610,71943,78048,50642,62064,14491,24787,831437,782208,70638,68077,182561,175790,48206,36,53
2021-09-29T23:59:59+02:00,10101,9413,59269,55816,65785,61457,74657,75805,96083,98157,107552,106491,73988,80258,52051,63803,15034,25877,53777,50723,61513,56675,70587,71042,91737,93305,103437,102544,71893,78004,50617,62013,14484,24777,830464,781028,70611,68047,182558,175771,47986,36,53
2021-09-28T23:59:59+02:00,10018,9330,59129,55667,65623,61316,74552,75719,95977,98072,107471,106425,73938,80215,52029,63776,15026,25856,53625,50572,61376,56561,70497,70927,91660,93227,103362,102466,71852,77966,50594,61980,14480,24766,829301,779976,70600,68028,182554,175762,47705,36,53
2021-09-27T23:59:59+02:00,9959,9277,58977,55508,65484,61188,74462,75616,95873,97965,107382,106371,73892,80172,52010,63749,15018,25836,53473,50444,61254,56427,70404,70821,91558,93131,103278,102414,71804,77919,50572,61944,14473,24747,828251,778991,70583,68013,182549,175716,47372,36,52
2021-09-26T23:59:59+02:00,9918,9237,58892,55421,65406,61107,74406,75539,95810,97909,107335,106334,73866,80147,51996,63720,15008,25819,53374,50330,61171,56349,70328,70733,91488,93055,103224,102382,71775,77891,50551,61919,14467,24735,827609,778246,70565,68005,182533,175681,47179,36,52
2021-09-25T23:59:59+02:00,9910,9225,58874,55402,65390,61097,74396,75530,95804,97901,107325,106330,73866,80146,51995,63719,15008,25819,53348,50322,61157,56331,70316,70725,91482,93049,103214,102380,71775,77889,50551,61916,14467,24735,827531,778170,70558,68001,182531,175680,47133,36,52
2021-09-24T23:59:59+02:00,9858,9170,58762,55278,65290,60997,74307,75438,95719,97828,107266,106289,73838,80124,51987,63709,15007,25809,53244,50216,61083,56257,70243,70654,91412,92988,103141,102330,71749,77871,50540,61900,14462,24725,826648,777388,70540,67994,182525,175674,46978,36,52
2021-09-23T23:59:59+02:00,9771,9077,58524,55087,65115,60839,74182,75295,95577,97695,107157,106180,73793,80089,51967,63669,14995,25791,53066,50082,60965,56121,70127,70543,91296,92881,103048,102258,71715,77827,50522,61875,14449,24709,825245,776383,70487,67966,182521,175656,46560,36,52
2021-09-22T23:59:59+02:00,9687,9017,58338,54937,64954,60694,74062,75170,95450,97595,107057,106122,73750,80042,51940,63624,14975,25765,52924,49932,60845,56001,70034,70446,91202,92775,102985,102206,71674,77780,50493,61838,14435,24695,823984,775398,70468,67943,182511,175642,46226,36,52
2021-09-21T23:59:59+02:00,9619,8929,58192,54781,64809,60549,73927,75038,95314,97476,106964,106029,73716,79983,51921,63598,14967,25743,52780,49772,60728,55872,69933,70341,91095,92671,102891,102112,71635,77735,50466,61798,14426,24670,822715,774233,70451,67931,182507,175635,45892,36,52
2021-09-20T23:59:59+02:00,9559,8868,58055,54643,64651,60414,73809,74886,95185,97385,106877,105936,73652,79939,51894,63562,14954,25722,52657,49637,60604,55752,69825,70234,90995,92581,102815,102037,71583,77692,50441,61749,14419,24652,821512,773255,70437,67914,182500,175606,45552,36,52
2021-09-19T23:59:59+02:00,9507,8828,57936,54554,64540,60298,73719,74781,95111,97284,106815,105864,73635,79914,51881,63542,14951,25711,52548,49523,60511,55640,69731,70140,90927,92511,102735,101968,71550,77659,50419,61718,14412,24646,820724,772485,70418,67900,182488,175581,45251,36,52
2021-09-18T23:59:59+02:00,9491,8811,57910,54525,64506,60267,73693,74757,95095,97262,106803,105843,73632,79913,51878,63539,14951,25710,52518,49488,60481,55616,69711,70120,90907,92495,102722,101948,71546,77656,50419,61717,14411,24644,820507,772292,70408,67891,182488,175580,45193,36,52
2021-09-17T23:59:59+02:00,9405,8732,57739,54378,64373,60139,73568,74638,94991,97160,106719,105771,73597,79881,51866,63521,14944,25703,52351,49378,60356,55506,69620,70030,90826,92415,102649,101889,71513,77619,50404,61687,14402,24637,819360,771346,70364,67873,182486,175573,44924,36,52
2021-09-16T23:59:59+02:00,9330,8659,57525,54226,64197,59955,73391,74472,94842,97027,106566,105660,73526,79822,51844,63479,14937,25688,52185,49252,60204,55385,69494,69916,90717,92314,102545,101808,71468,77571,50382,61649,14395,24624,817900,770376,70347,67854,182463,175541,44445,36,52
2021-09-15T23:59:59+02:00,9238,8578,57322,54007,64013,59754,73212,74295,94694,96876,106420,105525,73466,79754,51799,63428,14927,25668,52025,49086,60076,55250,69369,69812,90616,92235,102437,101719,71421,77514,50348,61611,14385,24613,816153,769296,70328,67837,182459,175529,44045,36,52
2021-09-14T23:59:59+02:00,9130,8472,57132,53775,63832,59568,73067,74117,94563,96720,106295,105425,73394,79689,51769,63378,14909,25646,51853,48887,59924,55109,69247,69692,90507,92108,102345,101627,71369,77453,50320,61566,14378,24600,814400,767970,70316,67824,182439,175494,43735,35,52
2021-09-13T23:59:59+02:00,9068,8405,56909,53570,63675,59375,72909,73947,94411,96567,106159,105295,73340,79638,51730,63331,14889,25617,51683,48723,59797,54978,69167,69601,90388,92019,102250,101555,71323,77412,50291,61524,14366,24589,812701,766913,70305,67811,182424,175466,43414,35,52
2021-09-12T23:59:59+02:00,9023,8377,56790,53483,63587,59280,72833,73861,94338,96501,106095,105227,73312,79613,51715,63308,14885,25611,51551,48613,59697,54878,69092,69524,90313,91954,102177,101485,71287,77382,50276,61499,14361,24577,811984,766105,70288,67797,182407,175441,43169,35,51
2021-09-11T23:59:59+02:00,9019,8369,56773,53460,63569,59267,72821,73848,94333,96487,106090,105222,73311,79612,51715,63308,14885,25611,51531,48593,59676,54866,69076,69513,90305,91939,102175,101480,71283,77380,50276,61499,14361,24575,811908,766055,70281,67753,182404,175439,43116,35,51
2021-09-10T23:59:59+02:00,8947,8308,56611,53315,63455,59147,72713,73742,94214,96371,106013,105161,73275,79576,51702,63282,14881,25606,51404,48528,59613,54803,69013,69466,90240,91882,102139,101442,71262,77364,50267,61489,14357,24569,810791,765592,70249,67698,182398,175436,42890,35,51
2021-09-09T23:59:59+02:00,8876,8244,56413,53124,63292,58964,72556,73597,94067,96233,105888,105068,73216,79514,51671,63248,14877,25593,51221,48363,59458,54672,68880,69340,90121,91776,102023,101351,71218,77319,50239,61460,14351,24553,809444,764537,70228,67648,182379,175414,42399,34,51
2021-09-08T23:59:59+02:00,8792,8169,56236,52951,63142,58784,72414,73445,93912,96103,105793,104958,73148,79452,51641,63194,14872,25578,51046,48198,59333,54534,68755,69188,89997,91670,101939,101250,71165,77263,50212,61418,14347,24536,808055,763379,70201,67598,182343,175391,41992,34,51
2021-09-07T23:59:59+02:00,8704,8109,56072,52796,63025,58645,72298,73314,93806,96003,105686,104857,73095,79404,51615,63154,14865,25556,50877,48035,59204,54389,68633,69072,89891,91555,101840,101150,71118,77218,50189,61392,14343,24517,806797,762167,70196,67584,182339,175369,41679,34,51
2021-09-06T23:59:59+02:00,8641,8043,55923,52627,62887,58489,72195,73184,93705,95892,105606,104770,73043,79355,51583,63125,14854,25540,50728,47895,59066,54239,68516,68952,89810,91459,101744,101065,71069,77170,50165,61363,14336,24506,805585,761042,70169,67541,182306,175347,41408,34,51
2021-09-05T23:59:59+02:00,8612,8005,55855,52534,62824,58430,72148,73127,93655,95842,105579,104726,73018,79332,51573,63105,14847,25534,50636,47812,59001,54175,68457,68893,89766,91402,101703,101015,71047,77142,50150,61346,14330,24496,805061,760420,70160,67531,182285,175328,41246,34,51
2021-09-04T23:59:59+02:00,8606,8000,55835,52525,62815,58421,72140,73119,93648,95838,105576,104720,73017,79331,51573,63105,14847,25534,50622,47797,58985,54161,68453,68884,89759,91397,101699,101011,71046,77140,50149,61346,14330,24496,805003,760355,70157,67526,182284,175327,41212,34,51
2021-09-03T23:59:59+02:00,8540,7931,55704,52438,62743,58324,72061,73039,93570,95776,105506,104659,72987,79297,51554,63074,14840,25524,50507,47702,58906,54094,68392,68812,89698,91336,101634,100958,71017,77107,50127,61320,14327,24487,804085,759570,70149,67508,182277,175318,41062,34,51
2021-09-02T23:59:59+02:00,8447,7837,55512,52282,62618,58219,71967,72910,93451,95661,105400,104575,72930,79242,51523,63027,14829,25504,50283,47533,58762,53975,68288,68695,89563,91228,101518,100859,70959,77059,50103,61292,14319,24471,802952,758407,70106,67467,182263,175269,40617,34,51
2021-09-01T23:59:59+02:00,8371,7744,55362,52136,62487,58087,71878,72786,93356,95571,105322,104504,72892,79198,51502,62992,14822,25486,50109,47325,58636,53835,68208,68583,89461,91125,101414,100765,70918,77016,50076,61251,14312,24455,801837,757176,70084,67428,182251,175216,40328,34,51
2021-08-31T23:59:59+02:00,8263,7650,55200,51981,62382,57973,71801,72686,93272,95488,105240,104425,72851,79157,51480,62963,14812,25472,49902,47124,58516,53696,68094,68460,89364,91020,101305,100686,70872,76963,50054,61215,14300,24438,800764,755814,70076,67412,182242,175190,40018,34,51
2021-08-30T23:59:59+02:00,8187,7570,55019,51816,62270,57845,71687,72569,93148,95359,105120,104330,72800,79116,51463,62929,14790,25449,49705,46912,58394,53557,67995,68349,89246,90908,101190,100577,70820,76928,50027,61186,14286,24421,799573,754611,70036,67346,182209,175135,39652,34,51
2021-08-29T23:59:59+02:00,8146,7524,54929,51737,62212,57767,71619,72521,93096,95295,105072,104295,72780,79094,51448,62913,14784,25440,49587,46809,58305,53457,67923,68274,89191,90847,101130,100525,70793,76912,50013,61173,14280,24418,799047,753955,70034,67336,182199,175091,39395,34,51
2021-08-28T23:59:59+02:00,8128,7510,54890,51699,62182,57746,71592,72504,93078,95279,105058,104284,72775,79092,51446,62909,14784,25440,49549,46790,58279,53441,67902,68260,89171,90824,101123,100512,70787,76908,50011,61171,14280,24418,798841,753808,70033,67329,182197,175091,39328,34,51
2021-08-27T23:59:59+02:00,8045,7432,54708,51561,62068,57609,71495,72381,92956,95158,104947,104198,72730,79042,51423,62873,14772,25434,49424,46705,58201,53359,67820,68188,89093,90757,101065,100464,70751,76873,49997,61160,14278,24418,797524,753105,70028,67323,182186,175083,39097,34,51
2021-08-26T23:59:59+02:00,7981,7359,54547,51414,61945,57498,71397,72274,92853,95030,104841,104117,72688,78990,51400,62853,14767,25420,49262,46549,58079,53254,67720,68093,88989,90678,100998,100395,70710,76837,49973,61138,14273,24408,796471,752277,70018,67284,182176,175050,38710,34,51
2021-08-25T23:59:59+02:00,7918,7306,54403,51264,61834,57346,71291,72158,92746,94929,104739,104031,72629,78939,51372,62817,14754,25406,49066,46358,57954,53114,67602,67969,88876,90564,100897,100306,70653,76789,49946,61098,14266,24393,795467,751143,69992,67251,182165,175012,38259,34,51
2021-08-24T23:59:59+02:00,7809,7218,54263,51060,61708,57209,71185,72029,92629,94809,104634,103933,72576,78892,51338,62772,14746,25390,48846,46135,57816,52943,67493,67834,88774,90471,100806,100224,70615,76736,49921,61072,14262,24376,794069,749745,69975,67229,182155,174990,38002,34,51
2021-08-23T23:59:59+02:00,7747,7144,54080,50887,61576,57086,71071,71918,92503,94702,104536,103834,72524,78832,51304,62730,14739,25379,48662,45961,57699,52817,67387,67737,88671,90380,100719,100145,70574,76685,49893,61033,14258,24364,792861,748727,69945,67203,182140,174935,37647,34,51
2021-08-22T23:59:59+02:00,7719,7118,53997,50809,61523,57023,71031,71865,92460,94660,104494,103805,72503,78816,51295,62717,14738,25373,48543,45852,57609,52724,67312,67677,88600,90322,100677,100103,70545,76661,49878,61015,14255,24357,792438,748048,69937,67195,182119,174885,37453,34,51
2021-08-21T23:59:59+02:00,7713,7115,53970,50794,61504,57012,71016,71851,92447,94642,104484,103795,72498,78814,51295,62716,14738,25372,48523,45835,57588,52717,67295,67658,88582,90307,100667,100093,70544,76658,49878,61014,14255,24357,792367,747958,69894,67176,182115,174879,37401,34,51
2021-08-20T23:59:59+02:00,7682,7078,53880,50718,61430,56951,70946,71788,92382,94579,104431,103759,72474,78786,51283,62690,14730,25361,48430,45760,57517,52654,67226,67602,88524,90248,100607,100055,70521,76635,49872,60998,14246,24353,791825,747442,69822,67163,182112,174855,37190,34,51
2021-08-19T23:59:59+02:00,7616,6998,53747,50597,61280,56835,70829,71682,92268,94491,104337,103669,72425,78730,51254,62650,14721,25341,48298,45657,57401,52561,67136,67524,88433,90170,100510,99989,70488,76607,49852,60974,14242,24344,790792,746799,69786,67129,182096,174810,36797,34,51
2021-08-18T23:59:59+02:00,7541,6942,53599,50460,61153,56724,70718,71590,92159,94403,104235,103586,72366,78677,51219,62614,14711,25320,48179,45530,57283,52463,67046,67450,88315,90081,100432,99913,70440,76565,49830,60946,14234,24327,789790,746072,69757,67090,182085,174758,36386,34,51
2021-08-17T23:59:59+02:00,7458,6861,53436,50296,61045,56599,70602,71469,92054,94298,104127,103486,72315,78634,51191,62588,14703,25309,47986,45352,57151,52324,66926,67343,88185,89985,100322,99816,70384,76516,49805,60925,14227,24315,788712,745041,69736,67056,182079,174703,35945,34,51
2021-08-16T23:59:59+02:00,7386,6798,53306,50167,60948,56485,70502,71374,91961,94193,104034,103386,72271,78583,51162,62543,14695,25301,47846,45234,57043,52254,66831,67259,88084,89898,100235,99722,70337,76475,49778,60894,14219,24310,787842,744414,69688,66992,182064,174636,35502,34,50
2021-08-15T23:59:59+02:00,7337,6758,53228,50086,60880,56415,70436,71314,91903,94142,103979,103338,72236,78554,51154,62527,14691,25292,47740,45139,56951,52166,66762,67197,88006,89833,100180,99676,70299,76438,49764,60873,14214,24298,787369,743927,69674,66963,182051,174555,35177,34,50
2021-08-14T23:59:59+02:00,7315,6742,53155,50016,60831,56371,70400,71267,91867,94103,103940,103302,72215,78546,51145,62516,14689,25289,47501,44865,56784,51978,66609,67043,87872,89711,100064,99569,70249,76395,49753,60850,14210,24293,786886,742095,69667,66957,182051,174544,35106,34,50
2021-08-13T23:59:59+02:00,7274,6706,53045,49920,60746,56291,70347,71198,91791,94047,103889,103257,72192,78524,51133,62505,14687,25282,46997,44366,56544,51710,66379,66788,87599,89458,99867,99364,70162,76293,49714,60790,14204,24272,786132,738615,69663,66947,182051,174470,34989,34,50
2021-08-12T23:59:59+02:00,7243,6679,52944,49849,60687,56212,70273,71149,91720,93988,103828,103211,72158,78492,51119,62489,14685,25268,46498,43921,56268,51408,66118,66566,87339,89234,99516,99088,70047,76154,49655,60726,14193,24243,785695,735561,69638,66891,182035,174016,34627,34,49
2021-08-11T23:59:59+02:00,7177,6611,52778,49680,60557,56093,70189,71055,91612,93884,103728,103104,72098,78427,51087,62447,14678,25252,45821,43302,55897,51026,65856,66269,87044,88969,99179,98720,69907,76008,49594,60623,14181,24214,784522,731446,69618,66854,182026,173581,34292,34,49
2021-08-10T23:59:59+02:00,7100,6527,52579,49493,60412,55973,70082,70933,91487,93754,103605,102999,72046,78370,51056,62416,14670,25243,44865,42395,55226,50373,65360,65815,86584,88485,98685,98263,69702,75809,49494,60522,14160,24175,783163,725178,69609,66803,182020,173078,33953,34,49
2021-08-09T23:59:59+02:00,7057,6480,52468,49402,60335,55898,70024,70873,91419,93682,103534,102940,72003,78334,51050,62400,14666,25235,43859,41332,54512,49683,64885,65383,86139,88051,98168,97794,69512,75585,49401,60396,14132,24135,782598,718716,69539,66724,182009,172515,33654,34,49
2021-08-08T23:59:59+02:00,7012,6440,52404,49334,60295,55866,69986,70848,91362,93635,103481,102899,71982,78312,51036,62379,14660,25230,43803,41269,54449,49637,64823,65345,86067,87994,98103,97744,69488,75555,49379,60369,14124,24128,782316,718429,69532,66709,181995,172436,33317,34,49
2021-08-07T23:59:59+02:00,6973,6399,52294,49207,60217,55790,69928,70783,91292,93573,103431,102851,71965,78295,51027,62373,14660,25229,42836,40246,53894,49065,64388,64940,85692,87596,97783,97397,69345,75412,49323,60287,14107,24110,781531,712059,69528,66692,181995,172428,33232,34,47
2021-08-06T23:59:59+02:00,6930,6338,52159,49080,60145,55724,69863,70701,91212,93497,103372,102795,71942,78272,51016,62354,14658,25225,42155,39633,53651,48798,64165,64699,85457,87374,97554,97196,69261,75321,49281,60246,14101,24097,780663,708444,69524,66610,181994,172291,33101,34,47
2021-08-05T23:59:59+02:00,6820,6231,51907,48857,59969,55535,69722,70556,91051,93351,103230,102659,71881,78209,50988,62314,14645,25206,41321,38937,53131,48338,63792,64351,85000,86974,96931,96678,69074,75137,49215,60148,14082,24066,779048,703900,69471,66559,181961,171162,32649,34,47
2021-08-04T23:59:59+02:00,6731,6146,51711,48625,59822,55357,69609,70405,90915,93237,103111,102542,71820,78147,50962,62268,14634,25177,40477,38149,52761,47935,63470,64031,84629,86647,96519,96271,68911,74965,49138,60050,14066,24032,777641,699309,69436,66540,181947,170374,32193,34,47
2021-08-03T23:59:59+02:00,6658,6089,51542,48488,59697,55228,69518,70314,90816,93138,103014,102461,71767,78112,50942,62242,14626,25161,39480,37203,51966,47251,62927,63498,84111,86163,95805,95641,68667,74750,49046,59933,14045,23987,776607,693060,69427,66517,181940,169193,31837,34,47
2021-08-02T23:59:59+02:00,6610,6046,51407,48348,59606,55149,69434,70245,90761,93065,102935,102399,71728,78071,50921,62219,14619,25148,38207,36040,51001,46440,62210,62910,83505,85597,95005,94940,68413,74493,48958,59799,14024,23948,775912,685425,69379,66466,181912,167881,31506,34,47
2021-08-01T23:59:59+02:00,6568,5991,51237,48186,59452,55034,69341,70131,90653,92974,102847,102306,71687,78034,50899,62179,14614,25132,38022,35906,50841,46340,62079,62817,83327,85455,94553,94537,68296,74383,48919,59750,14013,23928,774865,684781,69350,66407,181894,166571,31154,34,46
2021-07-31T23:59:59+02:00,6525,5957,51143,48065,59397,54962,69292,70087,90614,92944,102820,102282,71676,78022,50891,62175,14614,25129,36413,34395,49930,45472,61542,62250,82823,84942,94072,94103,68107,74178,48840,59655,13995,23895,774255,675622,69346,66398,181894,166456,31098,34,46
2021-07-30T23:59:59+02:00,6489,5904,50993,47924,59315,54881,69223,70028,90540,92864,102764,102244,71659,77998,50882,62152,14611,25125,34952,32990,48958,44520,60811,61559,82138,84321,93389,93527,67873,73941,48736,59505,13976,23864,773493,666088,69321,66387,181888,166151,30892,34,46
2021-07-29T23:59:59+02:00,6374,5784,50562,47555,59100,54611,69031,69838,90351,92676,102602,102106,71584,77916,50849,62097,14596,25107,34216,32375,48333,44071,60408,61204,81714,83970,92616,92851,67678,73783,48673,59418,13956,23834,771176,662222,69267,66241,181845,164505,30449,34,46
2021-07-28T23:59:59+02:00,6302,5720,50307,47361,58967,54456,68903,69742,90223,92552,102495,102012,71528,77859,50822,62057,14587,25090,33891,32080,48013,43832,60177,60980,81535,83797,92377,92651,67604,73716,48640,59385,13943,23824,769858,660513,69234,66152,181817,163983,30072,34,45
2021-07-27T23:59:59+02:00,6250,5673,50144,47221,58825,54360,68810,69653,90121,92442,102387,101935,71483,77806,50792,62023,14579,25076,32423,30674,46739,42738,59344,60185,80930,83265,91353,91803,67328,73431,48552,59258,13911,23783,768952,651840,69208,66081,181793,162189,29625,34,45
2021-07-26T23:59:59+02:00,6227,5644,50025,47132,58727,54272,68734,69600,90034,92381,102322,101884,71443,77769,50768,62003,14573,25067,31054,29414,45417,41613,58242,59197,80220,82630,90187,90773,67020,73158,48460,59141,13887,23741,768417,642754,69142,65986,181755,159893,29290,33,45
2021-07-25T23:59:59+02:00,6207,5627,49911,47027,58637,54206,68670,69541,89969,92324,102263,101837,71409,77733,50750,61980,14570,25057,30847,29257,45143,41417,57986,58966,79948,82422,89225,89918,66813,72985,48392,59068,13875,23717,768006,641568,69130,65867,181729,157437,28852,33,45
2021-07-24T23:59:59+02:00,6172,5598,49791,46939,58568,54144,68622,69485,89923,92281,102222,101796,71403,77726,50747,61977,14569,25053,29249,27665,43987,40330,57288,58251,79328,81848,88581,89351,66633,72794,48321,58966,13861,23693,767400,631493,69121,65850,181721,157297,28773,33,45
2021-07-23T23:59:59+02:00,6087,5511,49617,46761,58473,54040,68513,69382,89818,92177,102132,101700,71367,77669,50726,61946,14565,25047,27552,26144,42726,39241,56356,57362,78636,81232,87872,88687,66363,72522,48243,58865,13840,23663,766022,620929,69117,65684,181702,156825,28689,33,45
2021-07-22T23:59:59+02:00,5947,5398,49320,46476,58273,53835,68341,69215,89634,92024,101978,101566,71300,77586,50684,61895,14554,25028,26730,25315,41814,38427,55412,56533,77892,80605,86206,87179,65987,72122,48133,58734,13809,23611,764084,612432,69072,65182,181671,155353,28226,33,45
2021-07-21T23:59:59+02:00,5671,5115,48787,45947,57970,53522,68109,68937,89355,91776,101708,101300,71172,77456,50624,61830,14545,25002,26474,25092,41393,38145,54971,56142,77522,80323,85397,86572,65820,71994,48077,58668,13791,23586,760475,610458,69047,64903,181648,153577,27655,33,45
2021-07-20T23:59:59+02:00,5594,5041,48501,45668,57800,53314,67932,68792,89175,91621,101542,101156,71096,77389,50585,61783,14536,24974,25297,23936,40099,37111,53627,54938,76618,79549,84034,85227,65513,71652,47969,58531,13763,23540,758789,600046,69040,64748,181604,151995,27065,33,45
2021-07-19T23:59:59+02:00,5514,4955,48175,45341,57579,53105,67767,68589,88986,91443,101392,100995,71023,77307,50542,61732,14527,24945,24466,23099,38787,35990,51899,53440,75352,78495,82921,84246,65218,71396,47869,58413,13738,23500,756986,590007,69030,64602,181575,150203,26325,33,45
2021-07-18T23:59:59+02:00,5506,4954,48103,45284,57482,53026,67696,68515,88893,91376,101320,100931,70986,77265,50516,61699,14525,24933,24328,23000,38516,35768,51566,53150,75100,78300,82018,83477,65025,71217,47812,58340,13733,23478,756709,588943,69007,64439,181534,147974,25759,33,45
2021-07-17T23:59:59+02:00,5479,4917,48003,45206,57408,52966,67635,68458,88832,91315,101277,100912,70978,77250,50511,61692,14525,24932,22939,21537,37127,34463,50323,51958,74496,77743,81383,82881,64896,71069,47745,58278,13724,23458,756147,578059,69002,64413,181527,147835,25618,33,45
2021-07-16T23:59:59+02:00,5376,4838,47761,44974,57284,52861,67518,68344,88693,91219,101170,100808,70932,77198,50488,61673,14519,24925,21682,20297,35830,33216,48867,50637,73484,76808,80682,82221,64676,70846,47663,58177,13705,23425,754693,566413,69000,64351,181520,147632,25366,33,45
2021-07-15T23:59:59+02:00,5234,4709,47361,44648,57074,52665,67325,68158,88481,91018,100982,100640,70834,77097,50439,61599,14510,24896,21076,19796,34902,32517,47630,49689,72298,75889,78529,80086,64076,70248,47519,57998,13686,23362,752625,557055,68983,63321,181473,145790,24579,33,45
2021-07-14T23:59:59+02:00,4860,4385,46769,44072,56841,52399,67117,67955,88267,90777,100764,100443,70727,76987,50371,61516,14498,24872,20870,19650,34640,32357,47257,49386,71766,75497,77863,79551,63752,69972,47435,57914,13663,23328,749174,555245,68967,63134,181421,143888,24048,33,43
2021-07-13T23:59:59+02:00,4769,4304,46569,43918,56676,52241,66955,67807,88109,90650,100618,100315,70654,76924,50333,61469,14494,24856,20307,19117,33614,31536,45636,47931,70008,73834,76258,77993,63376,69580,47306,57742,13634,23276,747806,544315,68950,62362,181347,142269,23548,33,43
2021-07-12T23:59:59+02:00,4704,4226,46381,43727,56524,52099,66800,67680,87936,90511,100461,100174,70578,76836,50295,61413,14487,24838,19830,18681,32827,30913,43974,46474,67626,71761,74365,76489,62846,68993,47161,57580,13606,23225,746532,533209,68927,61793,181247,139696,22954,33,43
2021-07-11T23:59:59+02:00,4699,4223,46310,43673,56461,52050,66749,67641,87874,90458,100389,100113,70540,76793,50285,61398,14484,24824,19621,18537,32476,30665,43525,46098,67164,71402,73586,75789,62446,68613,47089,57490,13590,23192,746383,531410,68916,61467,181182,137221,22473,33,43
2021-07-10T23:59:59+02:00,4573,4087,46026,43366,56275,51853,66599,67464,87740,90318,100287,100006,70484,76736,50264,61372,14481,24815,19057,17986,31532,29802,41774,44517,65680,70120,72950,75168,62281,68464,47036,57438,13583,23178,744282,520790,68910,61451,181170,137175,22374,33,43
2021-07-09T23:59:59+02:00,4444,3969,45751,43114,56107,51658,66437,67299,87588,90153,100154,99901,70431,76663,50228,61331,14476,24803,18465,17412,30558,28839,39820,42587,63382,67993,71790,74029,62008,68139,46960,57313,13566,23153,742226,507091,68896,61070,181164,136770,22211,33,43
2021-07-08T23:59:59+02:00,4415,3943,45606,43000,55982,51540,66305,67199,87463,90032,100034,99803,70377,76609,50206,61292,14465,24790,17522,16605,29154,27804,38099,41133,61250,66171,68432,70872,61110,67164,46713,56971,13521,23058,741495,491816,68836,58990,181093,134190,21619,32,43
2021-07-07T23:59:59+02:00,4403,3937,45540,42958,55898,51486,66222,67155,87411,89991,99990,99752,70362,76587,50197,61274,14461,24780,16562,15751,27761,26791,36571,39902,59631,64715,65201,67393,60092,66122,46477,56650,13471,22986,741191,476511,68790,57078,181041,132042,21350,32,43
2021-07-06T23:59:59+02:00,4351,3889,45394,42830,55772,51344,66117,67045,87302,89898,99909,99668,70324,76529,50179,61246,14458,24766,15791,15010,26682,25882,34724,38190,56230,61692,62550,64933,59338,65333,46204,56315,13430,22883,740057,458608,68770,56260,180982,129912,21181,31,43
2021-07-05T23:59:59+02:00,4288,3844,45217,42654,55620,51241,65993,66936,87185,89804,99824,99570,70261,76464,50157,61219,14455,24751,15132,14383,25732,25066,33491,37056,53128,58718,59774,62467,58499,64521,45951,56003,13385,22806,738868,442521,68732,55904,180902,127425,20950,31,43
2021-07-04T23:59:59+02:00,4279,3838,45170,42622,55554,51208,65951,66911,87146,89772,99792,99542,70237,76443,50151,61204,14449,24740,14927,14179,25293,24710,32893,36528,52462,58189,58788,61602,57837,63887,45767,55798,13366,22757,738675,438442,68700,55698,180832,124722,20771,31,42
2021-07-03T23:59:59+02:00,4059,3660,44636,42058,55237,50831,65654,66634,86900,89511,99592,99346,70164,76371,50128,61158,14445,24728,14641,13857,24939,24355,31915,35607,50717,56641,57919,60866,57663,63689,45700,55713,13354,22732,734863,429863,68685,55680,180826,124674,20707,31,42
2021-07-02T23:59:59+02:00,3750,3373,43983,41463,54911,50494,65371,66330,86626,89258,99356,99120,70060,76258,50076,61088,14439,24711,14223,13408,24243,23748,30756,34538,48084,54471,55785,59077,57268,63258,45540,55555,13338,22694,730522,417349,68668,54629,180813,123943,20634,30,25
2021-07-01T23:59:59+02:00,3612,3263,43628,41113,54709,50319,65211,66166,86472,89118,99202,99000,69989,76190,50045,61054,14431,24696,13534,12723,22941,22667,29077,33024,46070,52726,53290,56796,55844,61685,45046,54939,13265,22567,728378,403811,68604,52316,180763,120110,20443,30,24
2021-06-30T23:59:59+02:00,3601,3246,43364,40916,54525,50185,65094,66069,86379,89051,99132,98947,69962,76166,50033,61032,14427,24685,12789,12121,21772,21768,27488,31654,44217,51009,49653,52834,54515,60350,44690,54501,13209,22439,727233,388046,68552,50413,180742,116677,20258,29,24
2021-06-29T23:59:59+02:00,3384,3026,42448,40081,53918,49584,64655,65641,85968,88599,98785,98620,69837,76017,49976,60961,14407,24654,12188,11514,20973,21000,26123,30447,41592,48596,47781,51286,53545,59239,44283,53963,13115,22286,721254,376003,68500,48888,180726,113293,20052,29,23
2021-06-28T23:59:59+02:00,3166,2846,41492,39082,53252,48932,64191,65250,85586,88210,98452,98276,69697,75857,49911,60861,14389,24631,11686,11063,20315,20409,25153,29549,39498,46656,46156,49920,52436,58192,43921,53455,13035,22165,715088,366514,68389,47852,180717,109615,19858,29,23
2021-06-27T23:59:59+02:00,3161,2843,41455,39050,53206,48897,64153,65216,85534,88174,98399,98249,69678,75844,49902,60847,14384,24628,11492,10869,19989,20092,24575,28987,38472,45806,44992,48826,51403,57179,43487,52948,12953,22022,714879,361907,68360,47409,180681,105300,19671,29,23
2021-06-26T23:59:59+02:00,2679,2370,40060,37680,52481,48152,63601,64652,85048,87655,97974,97816,69487,75669,49829,60743,14365,24605,11377,10766,19819,19937,24376,28769,37992,45367,44624,48473,51289,57034,43441,52900,12948,22007,706163,358947,68333,47404,180681,105282,19660,29,23
2021-06-25T23:59:59+02:00,2272,2037,39206,36868,52129,47793,63272,64327,84767,87345,97722,97549,69383,75553,49782,60681,14350,24583,11078,10456,19437,19511,23849,28146,35303,43062,42439,46558,50951,56655,43343,52769,12924,21976,701091,347371,68197,46958,180674,104632,19628,29,23
2021-06-24T23:59:59+02:00,2218,1985,38717,36407,51778,47465,63055,64118,84533,87152,97534,97393,69301,75487,49747,60635,14344,24567,10480,9873,18374,18633,22426,26890,33203,41224,40006,44263,49469,55005,42773,52068,12807,21773,698145,334488,68168,44354,180653,101080,19441,29,23
2021-06-23T23:59:59+02:00,2205,1960,38486,36175,51615,47296,62941,64008,84435,87057,97457,97309,69270,75456,49729,60614,14340,24556,10025,9442,17748,18077,21497,26032,31271,39591,36038,39802,48176,53641,42387,51561,12727,21607,696909,318962,68136,43732,180638,97772,19199,27,23
2021-06-22T23:59:59+02:00,2126,1899,37500,35247,50864,46624,62460,63560,84059,86646,97093,96997,69121,75313,49662,60533,14327,24523,9553,9009,16879,17389,20273,24952,28145,36824,33732,37926,47218,52669,41977,51004,12587,21373,690769,306781,68091,40991,180625,94703,19042,27,22
2021-06-21T23:59:59+02:00,1979,1760,36148,34024,49843,45756,61739,62898,83563,86175,96653,96591,68952,75142,49596,60438,14315,24488,9234,8711,16418,17025,19647,24473,26400,35258,32194,36631,46168,51589,41524,50455,12480,21181,682811,299422,68063,40348,180610,91064,18550,26,22
2021-06-20T23:59:59+02:00,1968,1751,36061,33971,49700,45635,61602,62763,83483,86117,96584,96532,68918,75114,49581,60420,14315,24477,9086,8608,16200,16857,19331,24215,25582,34604,31251,35681,45973,51386,41493,50403,12471,21161,682176,295634,68024,39756,180592,90732,18174,26,22
2021-06-19T23:59:59+02:00,1600,1451,34444,32422,48790,44815,61113,62258,83012,85640,96175,96178,68769,74948,49515,60338,14300,24453,9046,8533,16097,16734,19211,24062,25477,34445,31121,35540,45877,51290,41475,50378,12467,21151,673450,294293,68007,39753,180585,90697,18153,26,22
2021-06-18T23:59:59+02:00,1405,1278,32795,30833,47583,43625,60175,61339,82206,84893,95559,95600,68550,74726,49426,60199,14284,24423,8971,8448,15938,16579,19023,23869,25224,34206,30838,35220,45583,50943,41391,50301,12454,21137,662312,292099,67873,39638,180584,90276,18104,26,22
2021-06-17T23:59:59+02:00,1330,1220,31870,29990,46716,42916,59369,60489,81464,84247,95147,95217,68407,74582,49384,60123,14270,24394,8430,8082,15248,16023,18195,23043,24121,33079,29357,33859,44257,49440,40906,49689,12334,20949,655377,283153,67759,38811,180552,87619,17421,26,22
2021-06-16T23:59:59+02:00,1247,1156,31179,29288,45913,42170,58444,59611,80686,83475,94724,94838,68269,74422,49327,60031,14250,24368,7942,7757,14633,15508,17417,22315,22980,32124,28178,32751,42362,47322,40361,49110,12226,20764,648306,273412,67635,38211,180532,85220,16899,26,22
2021-06-15T23:59:59+02:00,1105,1037,29287,27499,44166,40648,56856,57973,79299,82155,93966,94167,67982,74129,49213,59874,14217,24303,7767,7630,14324,15268,17056,22013,22462,31739,27646,32322,41426,46306,39977,48684,12102,20544,633354,270341,67587,37704,180494,82796,16415,26,22
2021-06-14T23:59:59+02:00,1012,923,27737,26029,42565,39133,55203,56323,78197,81046,93273,93539,67732,73888,49118,59753,14197,24259,7584,7457,13950,14934,16531,21567,21770,31155,26968,31728,41041,45882,39593,48234,11971,20340,620121,267664,67533,37289,180465,79959,15782,26,21
2021-06-13T23:59:59+02:00,988,898,27538,25849,42181,38800,54659,55802,77851,80739,93080,93349,67642,73808,49081,59695,14182,24234,7442,7289,13677,14640,16143,21167,21342,30664,26430,31225,40643,45478,39131,47669,11792,20055,617422,265570,67392,37220,180437,76887,15099,26,21
2021-06-12T23:59:59+02:00,859,784,26024,24257,41017,37720,53986,55069,77318,80245,92529,92823,67487,73631,49012,59618,14169,24213,7397,7239,13555,14532,16011,21054,21158,30518,26312,31126,40626,45461,39121,47658,11792,20054,607881,264790,67386,37218,180431,76558,15037,26,21
2021-06-11T23:59:59+02:00,745,675,24408,22734,39666,36528,52756,53859,76349,79393,91955,92247,67252,73396,48950,59510,14150,24178,7341,7151,13383,14345,15794,20857,20886,30257,26041,30869,40320,45085,39036,47544,11775,20025,596119,262896,67307,37073,180422,75852,14877,26,21
2021-06-10T23:59:59+02:00,644,585,23411,21726,38446,35346,51151,52355,75031,78197,90348,90701,66897,73001,48823,59336,14125,24123,7060,6926,12857,13909,15155,20285,20126,29501,25249,30193,39615,44224,38684,47126,11661,19841,583222,259433,66825,37039,180368,72124,13805,26,21
2021-06-09T23:59:59+02:00,574,536,22957,21338,37786,34823,50042,51309,73786,77000,89757,90195,66770,72856,48773,59251,14110,24093,6787,6617,12265,13305,14370,19474,19209,28476,24264,29030,37048,41305,38120,46481,11513,19602,576048,249110,66364,36966,180329,68590,13189,26,21
2021-06-08T23:59:59+02:00,468,425,21439,19872,36177,33460,47927,49351,71645,75062,88283,88716,66454,72471,48638,59090,14077,24049,6656,6443,11881,12934,13886,18985,18605,27875,23709,28493,36764,41050,37829,46114,11404,19446,558671,247452,66088,36888,180295,65199,12524,26,21
2021-06-07T23:59:59+02:00,353,331,20432,18900,34632,32131,45652,47329,69510,73185,87307,87868,66230,72205,48564,58955,14057,24013,6501,6282,11456,12583,13343,18502,17877,27286,23076,27895,36443,40744,37411,45632,11291,19247,543493,245456,65917,36818,180242,61308,11976,26,21
2021-06-06T23:59:59+02:00,330,310,20252,18755,34237,31846,45044,46755,68891,72700,87096,87701,66174,72144,48552,58928,14050,24001,6369,6108,11129,12168,12914,17930,17240,26476,22380,27086,35976,40268,36929,45079,11135,18978,540371,243009,65590,36769,180199,56797,11580,26,20
2021-06-05T23:59:59+02:00,258,245,19005,17489,32905,30632,43817,45581,68316,72182,86564,87191,66083,72042,48504,58879,14043,23989,6318,6027,11025,12005,12789,17752,17070,26265,22209,26896,35912,40191,36907,45055,11133,18973,530372,242405,65590,36356,180178,56197,11559,26,20
2021-06-04T23:59:59+02:00,177,175,17811,16338,31596,29339,42264,44084,66971,70866,85754,86438,65896,71828,48427,58787,14027,23960,6215,5885,10851,11795,12575,17496,16713,25880,21689,26458,35027,39338,36592,44755,11116,18950,517531,240564,65523,36029,180171,53246,11487,26,19
2021-06-03T23:59:59+02:00,122,122,17171,15764,30610,28512,40805,42790,65195,69335,83505,84153,65470,71375,48299,58625,14009,23922,6045,5676,10541,11440,12257,17030,16263,25219,21141,25879,34363,38548,36416,44553,11083,18900,503737,238231,64827,35642,180132,50411,11062,26,18
2021-06-02T23:59:59+02:00,93,79,16828,15454,30300,28247,40141,42169,63605,67943,82564,83351,65329,71212,48239,58541,14006,23907,5928,5585,10366,11281,12027,16814,15971,24913,20795,25486,31116,34921,36188,44330,11054,18847,496230,229532,64824,35311,180131,49973,10797,26,18
2021-06-01T23:59:59+02:00,37,44,16036,14782,28801,27142,37778,40108,60040,64758,80131,81030,64980,70848,48111,58351,13972,23853,5654,5305,9848,10847,11490,16220,15306,24117,20057,24730,30773,34624,35992,44153,11025,18785,477868,228069,63267,34806,180062,46463,9580,25,17
2021-05-31T23:59:59+02:00,29,36,15471,14303,27861,26440,35818,38443,56595,61729,78099,79327,64649,70492,47967,58175,13939,23801,5490,5097,9436,10481,11062,15739,14771,23433,19432,24026,30488,34370,35809,43960,10989,18728,462097,227389,62546,34419,179995,42983,8511,25,17
2021-05-30T23:59:59+02:00,27,33,15325,14177,27575,26208,35365,38032,55881,61108,77778,79054,64587,70434,47942,58140,13935,23790,5387,4901,9108,10119,10650,15251,14320,22631,18904,23256,29810,33653,35582,43767,10967,18666,459114,226924,62108,34339,179946,37502,8198,25,17
2021-05-29T23:59:59+02:00,25,32,14928,13784,26727,25392,33606,36440,54398,59812,77189,78488,64437,70285,47889,58087,13928,23776,5354,4826,9045,10006,10556,15133,14211,22482,18773,23117,29781,33630,35576,43759,10966,18663,448988,226441,62075,34339,179942,36896,8193,25,17
2021-05-28T23:59:59+02:00,22,31,14522,13383,25912,24647,31758,34677,52227,57805,76137,77492,64231,70032,47837,58010,13918,23753,5270,4708,8868,9862,10400,14959,14050,22245,18562,22816,29712,33583,35559,43742,10965,18658,437027,225768,61605,34333,179853,35965,7884,25,17
2021-05-27T23:59:59+02:00,18,26,13892,12916,24844,23930,30508,33749,50620,56429,73032,74503,63789,69494,47702,57848,13895,23698,5157,4473,8536,9522,9997,14528,13609,21613,18057,22217,29489,33379,35449,43630,10944,18630,424863,225120,59646,34262,179220,32700,7139,25,17
2021-05-26T23:59:59+02:00,17,24,13404,12493,23930,23286,29587,33046,49534,55503,70073,71311,63175,68884,47567,57677,13864,23652,5069,4310,8280,9205,9697,14139,13250,21011,17624,21618,29293,33213,35351,43525,10917,18578,414039,224507,57471,34144,178723,29651,6769,25,17
2021-05-25T23:59:59+02:00,17,19,13061,12196,23348,22881,28530,32186,46932,53267,67811,69184,62823,68517,47454,57528,13846,23598,4990,4189,8071,8943,9443,13761,12938,20490,17240,21067,29134,33058,35267,43420,10890,18523,402179,223956,56403,34063,178100,26905,6491,25,17
2021-05-24T23:59:59+02:00,16,18,12763,11913,22850,22498,27909,31733,44309,50834,65350,66993,62515,68217,47343,57402,13810,23541,4918,4080,7821,8710,9122,13376,12608,19976,16856,20509,28992,32917,35192,43348,10866,18476,390509,223377,55919,33996,177434,24258,6127,25,17
2021-05-23T23:59:59+02:00,16,18,12701,11844,22755,22413,27829,31654,44052,50607,64762,66445,62435,68129,47318,57384,13808,23539,4897,4065,7786,8679,9063,13342,12529,19915,16777,20454,28983,32904,35188,43341,10866,18474,388305,223095,55838,33989,177420,24049,6121,25,17
2021-05-22T23:59:59+02:00,16,18,12477,11606,22434,22105,26828,30764,42216,49030,63906,65705,62272,67938,47252,57293,13798,23516,4880,4010,7758,8615,9022,13277,12498,19830,16747,20387,28972,32894,35184,43335,10865,18473,379814,223004,55827,33989,177415,23652,6093,25,17
2021-05-21T23:59:59+02:00,16,17,12174,11355,21865,21664,26013,30072,39822,47135,61930,64036,62010,67665,47168,57205,13783,23490,4861,3983,7703,8529,8956,13188,12421,19737,16672,20302,28956,32868,35177,43325,10863,18472,369380,222808,54771,33974,177223,23201,6021,25,17
2021-05-20T23:59:59+02:00,15,17,11561,10782,20736,20771,24861,29042,38315,45856,59585,61962,61191,66764,46967,56946,13749,23434,4584,3805,7302,8238,8515,12793,11965,19225,16252,19782,28835,32772,35126,43272,10859,18462,358872,222402,52417,33863,175942,20215,5298,25,17
2021-05-19T23:59:59+02:00,15,17,11121,10469,19949,20219,24012,28442,37414,45172,56352,58325,60501,66061,46858,56811,13726,23387,4431,3644,7047,7994,8238,12464,11636,18794,15882,19359,28736,32660,35083,43196,10848,18447,348404,221917,50795,33745,174813,17974,4814,25,17
2021-05-18T23:59:59+02:00,15,17,10790,10182,19367,19768,23359,27881,36008,43944,54939,57196,60129,65635,46728,56649,13701,23362,4324,3517,6800,7760,7978,12179,11401,18391,15535,18929,28652,32568,35053,43156,10844,18440,343013,221626,48941,33663,173334,15872,4357,25,17
2021-05-17T23:59:59+02:00,14,16,10570,10001,18929,19478,22923,27569,34805,42951,53629,56160,59880,65388,46664,56550,13685,23329,4253,3432,6592,7543,7726,11884,11144,17995,15224,18523,28560,32480,35028,43115,10838,18427,338930,221327,47946,33595,171813,14006,3827,25,17
2021-05-16T23:59:59+02:00,14,15,10378,9872,18633,19274,22589,27328,34166,42491,52390,54988,59687,65223,46627,56496,13674,23309,4184,3358,6375,7377,7436,11631,10876,17643,14930,18159,28494,32418,35012,43097,10831,18423,336489,221077,47068,33533,170193,12246,3380,24,16
2021-05-15T23:59:59+02:00,14,15,10282,9772,18482,19127,22418,27183,33781,42122,51994,54610,59571,65077,46579,56451,13671,23293,4143,3322,6291,7312,7343,11528,10774,17524,14826,18029,28399,32300,34920,43004,10827,18418,334087,219989,47067,33531,170059,12227,3205,24,16
2021-05-14T23:59:59+02:00,13,15,9999,9568,18052,18884,22016,26896,31429,40343,49842,52753,59351,64848,46531,56366,13655,23271,4014,3239,6005,7148,7038,11304,10429,17173,14480,17702,27827,31594,34797,42812,10809,18389,324924,216699,47014,33525,169447,12104,2424,23,16
2021-05-13T23:59:59+02:00,13,15,9538,9199,17259,18322,21147,26215,30313,39353,47598,50580,58500,63874,46321,56083,13616,23198,3513,3045,5666,6895,6726,10995,10018,16783,14103,17268,26932,30395,34373,42294,10778,18327,316431,212104,45151,32969,167424,10914,2116,22,16
2021-05-12T23:59:59+02:00,13,15,9247,9005,16827,18065,20676,25926,29784,38967,44595,46937,57927,63232,46237,55969,13598,23173,3373,2957,5434,6784,6446,10849,9735,16574,13863,17004,26284,29573,34207,42101,10752,18294,307247,209074,44334,32943,167131,10746,1459,22,16
2021-05-11T23:59:59+02:00,13,13,8810,8726,16054,17547,19814,25306,28046,37525,42660,45436,57550,62786,46153,55834,13577,23145,3254,2826,5201,6442,6148,10436,9367,16017,13424,16443,24861,27903,33696,41473,10701,18206,301763,203093,41275,32760,164645,9248,1290,22,15
2021-05-10T23:59:59+02:00,13,12,8549,8573,15543,17292,19180,24985,27055,36835,41199,44291,57283,62513,46073,55730,13557,23114,3144,2701,4969,6207,5894,10112,9043,15540,13060,16021,23810,26572,33207,40890,10666,18149,298458,198438,40366,32732,161975,7832,977,21,13
2021-05-09T23:59:59+02:00,13,12,8393,8491,15236,17112,18797,24730,26388,36406,39420,42624,56987,62234,46018,55672,13549,23094,3024,2647,4788,6067,5726,9938,8845,15333,12892,15848,23535,26240,33062,40717,10656,18134,295485,197243,39992,32689,158973,6809,705,21,13
2021-05-08T23:59:59+02:00,13,12,8318,8418,15055,16966,18588,24530,26160,36168,39187,42433,56860,62084,45980,55635,13546,23083,3016,2628,4757,6031,5682,9892,8768,15267,12806,15778,23165,25814,32776,40404,10648,18118,293921,196053,39539,31980,158850,6806,705,21,13
2021-05-07T23:59:59+02:00,12,11,8144,8322,14728,16782,18200,24293,25737,35879,38731,42053,56586,61729,45931,55588,13539,23073,2716,2494,4408,5844,5412,9630,8452,14956,12410,15382,22066,24440,32126,39569,10620,18068,291378,192589,39107,30478,158522,5212,310,21,11
2021-05-06T23:59:59+02:00,11,11,7493,7965,13829,16183,17141,23438,24396,34766,36585,40389,55457,60408,45689,55281,13504,23007,2591,2381,4234,5648,5204,9326,8109,14516,11977,14928,20759,22763,31271,38560,10566,17954,280733,186969,37824,29519,156701,4021,274,21,11
2021-05-05T23:59:59+02:00,9,11,6955,7656,13045,15635,16104,22671,23009,33740,34755,38900,53618,58367,45368,54935,13471,22941,2504,2322,4060,5491,5013,9114,7762,14178,11609,14567,19370,20982,30078,37143,10526,17851,269263,180837,36902,28348,154909,3286,95,21,11
2021-05-04T23:59:59+02:00,9,10,6766,7564,12679,15457,15616,22401,22360,33394,33793,38202,52763,57404,45245,54807,13453,22899,2449,2252,3906,5322,4837,8860,7420,13770,11182,14108,17718,19055,28980,35811,10429,17731,265481,174020,36034,27407,153246,2358,41,20,11
2021-05-03T23:59:59+02:00,9,10,6620,7415,12301,15238,15110,22089,21653,32987,32641,37312,52464,57086,45149,54699,13438,22867,2390,2182,3812,5142,4697,8624,7203,13421,10861,13700,16515,17556,28100,34708,10364,17623,262189,168443,35573,27057,151276,1364,30,20,11
2021-05-02T23:59:59+02:00,9,10,6539,7323,12087,15066,14815,21856,21176,32666,31491,36364,52180,56795,45087,54608,13420,22836,2375,2175,3791,5109,4667,8588,7137,13350,10777,13609,16203,17160,27804,34403,10352,17610,259753,166879,35499,26943,149027,1257,29,20,9
2021-05-01T23:59:59+02:00,9,10,6521,7300,12024,15017,14735,21792,21075,32593,31364,36270,52174,56780,45083,54607,13418,22834,2372,2168,3767,5092,4626,8563,7100,13313,10716,13554,16005,16937,27689,34266,10349,17600,259183,165913,35498,26918,148876,1255,29,20,9
2021-04-30T23:59:59+02:00,9,10,6483,7261,11933,14922,14629,21673,20880,32407,31124,36079,51903,56420,45038,54554,13412,22822,2344,2147,3705,5029,4530,8454,6950,13130,10438,13291,15189,15910,26818,33192,10308,17512,257399,162705,35455,25026,148657,1186,28,20,9
2021-04-29T23:59:59+02:00,9,10,6278,7134,11610,14734,14275,21436,20362,32117,30371,35588,51254,55594,44946,54435,13385,22743,2307,2101,3613,4942,4407,8318,6756,12912,10161,13005,14213,14677,25515,31645,10246,17419,254217,157004,35360,24278,146657,926,27,20,9
2021-04-28T23:59:59+02:00,9,10,6014,6970,11233,14398,13782,20968,19721,31509,29204,34455,48587,52589,44651,54110,13322,22665,2269,2060,3546,4881,4292,8201,6596,12728,9913,12787,13072,13195,24022,29766,10184,17316,244264,151032,35232,23074,144666,707,15,20,7
2021-04-27T23:59:59+02:00,9,10,5910,6878,11080,14276,13582,20804,19442,31299,28644,34068,48381,52369,44595,54056,13313,22643,2227,2026,3457,4787,4199,8092,6430,12544,9632,12511,11855,11630,22366,27609,10105,17170,242891,144207,35184,21889,143249,530,15,20,6
2021-04-26T23:59:59+02:00,9,10,5861,6834,10963,14208,13421,20682,19216,31088,27810,33501,48043,52000,44540,53990,13304,22614,2205,1999,3403,4744,4137,8024,6328,12411,9443,12337,10936,10471,21086,25852,10044,17080,242160,138927,35157,21141,140743,420,15,19,4
2021-04-25T23:59:59+02:00,9,10,5815,6787,10858,14113,13261,20526,18969,30804,27049,32762,47545,51488,44456,53891,13290,22594,2179,1989,3373,4725,4119,8005,6295,12369,9386,12276,10774,10278,20843,25529,10034,17066,240448,138073,35114,20793,138631,362,15,19,4
2021-04-24T23:59:59+02:00,9,10,5793,6738,10781,14024,13162,20382,18836,30625,26888,32581,47443,51365,44362,53795,13286,22589,2172,1979,3348,4697,4080,7958,6223,12297,9256,12158,10617,10097,20708,25397,10018,17048,238967,137546,35096,20152,138572,343,15,19,4
2021-04-23T23:59:59+02:00,9,10,5731,6649,10648,13825,12960,20128,18526,30245,26491,32220,46498,50229,44208,53550,13263,22557,2154,1957,3305,4660,4031,7904,6128,12206,9092,12030,10350,9797,20384,24975,9970,16966,234572,136421,35036,19144,138105,332,15,19,4
2021-04-22T23:59:59+02:00,9,10,5629,6535,10438,13626,12607,19792,18014,29772,25861,31627,44769,48074,43636,52821,13217,22456,2140,1946,3266,4607,3954,7831,6000,12106,8833,11865,9916,9390,19928,24384,9920,16889,228317,134297,34924,18365,135618,300,15,19,4
2021-04-21T23:59:59+02:00,9,9,5531,6398,10208,13424,12276,19478,17512,29277,25143,30895,40488,43203,43156,52287,13150,22352,2128,1937,3230,4570,3899,7773,5919,12013,8657,11706,9586,9007,19429,23792,9854,16792,216186,132649,34858,17353,133718,277,15,19,4
2021-04-20T23:59:59+02:00,9,9,5453,6308,10015,13208,12000,19212,17089,28869,24590,30327,38733,41187,42501,51507,13078,22211,2103,1924,3189,4546,3832,7729,5786,11915,8485,11578,9302,8689,18956,23123,9757,16651,209941,131281,34768,16048,131564,223,15,18,4
2021-04-19T23:59:59+02:00,9,8,5374,6230,9854,13078,11795,19002,16726,28487,24044,29856,37177,39393,41909,50785,13023,22122,2087,1907,3154,4511,3792,7685,5746,11846,8400,11486,9064,8405,18548,22555,9710,16559,204900,129585,34710,15654,129231,203,15,16,4
2021-04-18T23:59:59+02:00,9,7,5312,6179,9723,12993,11595,18863,16445,28289,23636,29543,35865,38028,41556,50380,12989,22058,2074,1892,3126,4489,3766,7669,5702,11799,8350,11437,8966,8316,18394,22367,9697,16534,203354,129104,34668,15263,125418,198,15,15,4
2021-04-17T23:59:59+02:00,9,7,5306,6163,9689,12962,11548,18823,16368,28221,23572,29484,35554,37687,41448,50282,12983,22047,2064,1884,3099,4476,3708,7624,5632,11748,8264,11385,8856,8206,18288,22251,9676,16521,202122,128300,34659,15173,125342,196,15,15,4
2021-04-16T23:59:59+02:00,9,7,5241,6124,9600,12901,11414,18711,16157,28061,23219,29136,34470,36424,41035,49755,12963,22012,1931,1798,2869,4297,3348,7307,4862,11215,6775,10296,6340,6143,16479,20558,9481,16223,197948,118961,34568,10755,124694,193,15,14,4
2021-04-15T23:59:59+02:00,9,7,5175,6034,9398,12728,11119,18464,15661,27666,22529,28531,32571,34108,39988,48546,12882,21844,1888,1766,2802,4232,3229,7186,4645,11033,6397,9988,5883,5744,15887,19871,9288,15888,192117,115827,34515,9703,120599,184,15,14,4
2021-04-14T23:59:59+02:00,9,7,5113,5988,9231,12601,10903,18287,15259,27351,21878,28051,30643,31856,38768,47123,12807,21657,1805,1712,2718,4164,3118,7093,4444,10867,6089,9738,5404,5330,15303,19183,9084,15532,185735,113199,34376,8243,117392,129,15,14,4
2021-04-13T23:59:59+02:00,9,7,5066,5934,9094,12473,10726,18119,14916,27075,21356,27588,28537,29404,37504,45524,12663,21450,1761,1695,2681,4121,3062,7032,4310,10727,5819,9527,5061,5027,14852,18735,8948,15328,178836,111777,34310,6863,114270,33,15,14,4
2021-04-12T23:59:59+02:00,9,7,5003,5885,8986,12336,10519,17971,14595,26794,20817,27133,26496,27130,36343,44055,12533,21249,1726,1652,2651,4101,3034,6979,4251,10660,5716,9427,4895,4881,14551,18366,8835,15127,173112,110930,34231,5877,110489,32,15,14,4
2021-04-11T23:59:59+02:00,9,7,4967,5842,8893,12257,10362,17870,14332,26617,20393,26809,25293,25839,35637,43270,12444,21099,1717,1646,2630,4081,3009,6951,4216,10613,5628,9359,4804,4826,14435,18243,8796,15074,171326,110720,34160,5269,106425,26,15,14,4
2021-04-10T23:59:59+02:00,9,7,4956,5829,8851,12229,10307,17835,14264,26568,20297,26729,24977,25464,35290,42851,12437,21078,1712,1640,2621,4073,2995,6934,4186,10582,5569,9320,4726,4749,14306,18077,8749,14989,170113,109921,33435,5268,106401,26,15,14,4
2021-04-09T23:59:59+02:00,9,7,4909,5797,8767,12150,10183,17711,14096,26394,20036,26485,24137,24309,34335,41640,12405,21004,1684,1611,2564,4039,2923,6874,4036,10472,5315,9096,4310,4374,13736,17360,8519,14620,166745,106237,31918,5260,105687,26,11,13,4
2021-04-08T23:59:59+02:00,9,7,4833,5732,8621,12041,9970,17539,13700,26080,19431,26019,22429,22321,32642,39666,12256,20768,1654,1595,2510,3994,2840,6787,3888,10336,5022,8832,3853,3947,12742,16113,8035,13857,160983,101245,31011,4729,102046,21,11,13,4
2021-04-07T23:59:59+02:00,9,6,4786,5679,8438,11963,9743,17389,13382,25853,18960,25657,20620,20205,30879,37402,12138,20554,1621,1580,2456,3942,2779,6706,3781,10191,4834,8644,3590,3655,12053,15309,7658,13296,154934,97919,29834,4155,98876,12,10,9,4
2021-04-06T23:59:59+02:00,9,6,4739,5633,8294,11851,9583,17223,13062,25585,18440,25270,18764,18138,28951,34909,11935,20208,1586,1561,2432,3916,2746,6668,3719,10148,4752,8553,3481,3531,11580,14662,7372,12884,148079,95611,28869,3960,95634,11,10,8,4
2021-04-05T23:59:59+02:00,9,6,4708,5592,8199,11761,9444,17126,12849,25373,18038,24924,17033,16206,27321,32757,11788,19980,1564,1549,2401,3898,2716,6619,3676,10089,4666,8437,3368,3422,11239,14294,7214,12603,142659,94214,28433,3521,92006,11,10,6,4
2021-04-04T23:59:59+02:00,9,6,4701,5586,8191,11750,9430,17111,12823,25352,18010,24899,16901,16030,27125,32511,11779,19966,1563,1548,2399,3895,2713,6615,3674,10085,4663,8434,3359,3411,11227,14282,7211,12595,141940,94135,28339,3521,91889,11,8,4,4
2021-04-03T23:59:59+02:00,9,6,4697,5579,8177,11743,9411,17091,12784,25321,17932,24835,16821,15940,27078,32454,11774,19959,1560,1546,2390,3887,2695,6601,3651,10057,4580,8379,3242,3296,11146,14208,7205,12585,141409,93489,28313,3521,91877,11,8,4,4
2021-04-02T23:59:59+02:00,9,6,4671,5559,8118,11689,9347,17023,12645,25214,17696,24634,16368,15462,26602,31875,11742,19905,1558,1537,2376,3881,2688,6585,3630,10025,4510,8286,3172,3228,10909,13907,7053,12382,140196,92192,26900,3517,91457,11,8,4,4
2021-04-01T23:59:59+02:00,8,6,4628,5498,8006,11547,9217,16863,12373,24928,17251,24233,15617,14735,25843,30912,11615,19722,1541,1517,2347,3848,2666,6556,3591,9986,4442,8220,3060,3097,9973,12789,6439,11531,137953,88176,26236,3412,88803,10,6,4,4
2021-03-31T23:59:59+02:00,8,6,4417,5419,7894,11425,9076,16697,12155,24652,16897,23867,14920,13971,25008,29900,11505,19523,1532,1512,2334,3828,2641,6527,3543,9938,4377,8151,2972,3008,9402,12086,6073,11032,136150,85741,24772,3200,86408,10,6,4,4
2021-03-30T23:59:59+02:00,8,6,4386,5366,7820,11298,8989,16540,11993,24462,16613,23555,14320,13327,24247,28915,11366,19278,1518,1502,2313,3803,2615,6498,3503,9873,4311,8080,2845,2860,8807,11431,5722,10537,134658,83414,23555,2793,84266,6,6,4,4
2021-03-29T23:59:59+02:00,8,6,4346,5311,7720,11186,8882,16377,11834,24189,16284,23208,13775,12725,23481,27938,11206,19029,1500,1489,2294,3787,2593,6469,3468,9814,4247,8005,2792,2792,8518,11044,5532,10225,132809,82025,22795,2533,81891,6,6,4,4
2021-03-28T23:59:59+02:00,8,6,4311,5227,7635,11076,8803,16223,11699,23959,16025,22934,13446,12414,22910,27243,11031,18745,1491,1482,2272,3771,2578,6440,3428,9764,4209,7946,2744,2741,8439,10941,5488,10157,132310,81676,22270,2205,79105,5,6,4,4
2021-03-27T23:59:59+01:00,8,6,4297,5216,7609,11044,8737,16151,11600,23864,15880,22818,13240,12201,22707,27029,10996,18716,1490,1480,2269,3769,2577,6439,3414,9736,4199,7924,2736,2735,8382,10876,5453,10117,131425,81381,21624,2205,79060,5,6,4,4
2021-03-26T23:59:59+01:00,8,6,4254,5149,7499,10910,8561,15966,11265,23560,15266,22315,12318,11372,21916,26187,10849,18488,1485,1466,2264,3748,2564,6416,3397,9710,4158,7887,2706,2696,8201,10657,5332,9947,127364,80531,20011,2091,78504,5,6,4,4
2021-03-25T23:59:59+01:00,8,5,4199,4988,7336,10631,8316,15559,10881,22936,14621,21617,11643,10707,21045,25120,10529,17942,1465,1452,2232,3722,2530,6377,3362,9663,4088,7807,2577,2559,7224,9397,4717,9031,124074,76328,19229,1864,74771,5,5,4,4
2021-03-24T23:59:59+01:00,8,5,4123,4847,7199,10342,8101,15146,10617,22388,14150,21008,11037,10148,20110,24027,10196,17374,1444,1423,2205,3684,2486,6340,3320,9598,4009,7707,2478,2462,6574,8634,4332,8447,121469,73688,18035,1449,71317,3,2,3,4
2021-03-23T23:59:59+01:00,8,5,4083,4755,7093,10104,7946,14805,10354,21882,13747,20517,10570,9706,19383,23176,9882,16907,1433,1405,2179,3663,2467,6312,3261,9544,3919,7631,2385,2362,5847,7701,3881,7757,120002,70611,16929,1131,67988,3,1,3,4
2021-03-22T23:59:59+01:00,8,5,4030,4676,6965,9864,7786,14483,10094,21414,13397,20016,10176,9351,18814,22466,9688,16558,1424,1398,2172,3649,2455,6296,3237,9521,3889,7597,2324,2311,5393,7094,3523,7267,119110,68503,16526,1041,64151,3,1,3,4
2021-03-21T23:59:59+01:00,8,5,3983,4573,6831,9600,7618,14126,9873,20875,13054,19490,9856,9071,18277,21863,9498,16244,1421,1394,2171,3638,2452,6289,3231,9512,3879,7583,2310,2292,5276,6961,3465,7166,118905,67994,16129,1041,59807,2,1,3,4
2021-03-20T23:59:59+01:00,8,5,3972,4553,6796,9546,7560,14053,9789,20766,12948,19401,9769,8978,18137,21685,9446,16157,1418,1389,2167,3635,2447,6284,3218,9502,3860,7573,2275,2260,4948,6588,3276,6924,118071,66718,16034,1041,59460,2,1,3,4
2021-03-19T23:59:59+01:00,7,5,3797,4413,6503,9297,7119,13628,8877,20037,11221,18075,6906,6629,15881,19481,9081,15591,1414,1385,2162,3628,2435,6271,3206,9477,3809,7527,2208,2219,4575,6116,3007,6599,108766,65025,11311,1008,56467,2,1,3,4
2021-03-18T23:59:59+01:00,7,4,3693,4281,6326,8987,6851,13188,8489,19378,10582,17339,6191,5977,14656,18007,8563,14766,1410,1379,2139,3601,2417,6235,3177,9436,3770,7494,2163,2185,4153,5585,2724,6185,103628,63148,10303,900,53350,2,1,3,4
2021-03-17T23:59:59+01:00,7,4,3614,4208,6195,8842,6680,13011,8191,19068,10179,16948,5783,5590,13838,17077,8161,14176,1400,1366,2123,3582,2387,6203,3146,9408,3733,7458,2108,2126,3746,5139,2470,5797,100379,61422,8609,765,52580,2,1,3,4
2021-03-16T23:59:59+01:00,7,4,3535,4074,6042,8572,6473,12642,7877,18486,9631,16293,5255,5135,13019,16114,7822,13676,1391,1358,2114,3565,2371,6188,3130,9389,3708,7432,2081,2090,3229,4496,2131,5284,98050,59191,7195,761,49408,2,1,3,4
2021-03-15T23:59:59+01:00,7,4,3487,3928,5853,8299,6254,12232,7600,17913,9195,15671,4938,4850,12361,15371,7555,13211,1391,1348,2098,3550,2351,6164,3111,9340,3684,7393,2044,2039,2861,4034,1847,4889,96548,57397,6215,743,45963,2,0,3,4
2021-03-14T23:59:59+01:00,7,4,3443,3793,5623,7968,5964,11786,7292,17195,8736,14919,4616,4575,12069,15116,7507,13112,1384,1342,2082,3521,2338,6115,3093,9282,3667,7355,2037,2028,2782,3926,1794,4803,96425,56997,5599,548,41698,2,0,3,4
2021-03-13T23:59:59+01:00,7,4,3427,3753,5582,7852,5905,11664,7207,17047,8587,14764,4465,4425,11979,15031,7501,13101,1384,1342,2082,3521,2337,6115,3092,9281,3666,7355,2034,2020,2730,3871,1760,4750,95732,56788,5599,548,40967,2,0,3,4
2021-03-12T23:59:59+01:00,7,4,3408,3682,5525,7717,5844,11512,7121,16821,8451,14531,4357,4329,11705,14706,7344,12883,1384,1342,2078,3515,2336,6107,3088,9275,3664,7350,2032,2018,2642,3760,1676,4663,94301,56378,5591,548,40052,2,0,3,4
2021-03-11T23:59:59+01:00,7,4,3331,3490,5317,7417,5612,11094,6782,16153,8013,13893,4014,3992,10624,13447,6684,11967,1379,1340,2067,3501,2317,6082,3066,9242,3640,7317,2002,1994,2403,3496,1522,4444,90092,55292,5156,516,36590,2,0,3,4
2021-03-10T23:59:59+01:00,7,4,3234,3372,5099,7146,5399,10732,6512,15607,7675,13346,3791,3764,9978,12655,6294,11429,1375,1329,2040,3463,2288,5992,3018,9120,3583,7198,1958,1917,2187,3259,1388,4250,87615,54079,4779,282,33647,2,0,3,4
2021-03-09T23:59:59+01:00,6,4,3161,3245,4934,6957,5196,10446,6281,15174,7378,12838,3607,3557,9342,11953,5916,10901,1368,1318,2005,3403,2257,5890,2956,8977,3515,7116,1928,1891,1907,2943,1215,4003,85326,52654,4517,34,31050,2,0,3,4
2021-03-08T23:59:59+01:00,6,4,3096,3088,4706,6692,4957,10093,6021,14661,7017,12252,3405,3365,8948,11509,5718,10584,1365,1300,1991,3325,2226,5793,2918,8831,3482,7023,1913,1869,1704,2711,1091,3809,83848,51317,4146,32,28125,0,0,3,4
2021-03-07T23:59:59+01:00,6,4,3064,3029,4633,6577,4873,9980,5916,14497,6900,12106,3354,3319,8861,11402,5678,10515,1359,1295,1985,3313,2218,5768,2912,8792,3470,7004,1905,1857,1649,2643,1039,3740,83490,50915,3970,32,27251,0,0,3,4
2021-03-06T23:59:59+01:00,6,4,3050,2972,4592,6486,4836,9913,5858,14377,6852,11995,3330,3296,8804,11337,5643,10473,1357,1282,1980,3299,2206,5741,2909,8765,3459,6985,1896,1833,1621,2619,1033,3731,83169,50682,3970,32,26682,0,0,3,4
2021-03-05T23:59:59+01:00,6,4,3026,2878,4533,6375,4772,9814,5795,14225,6749,11843,3285,3241,8616,11107,5520,10298,1348,1249,1948,3244,2181,5635,2868,8631,3415,6847,1852,1787,1557,2548,1011,3703,82257,49790,3962,32,25865,0,0,3,4
2021-03-04T23:59:59+01:00,4,4,2973,2687,4376,6139,4554,9501,5588,13809,6436,11455,3110,3065,7595,9807,4884,9378,1329,1200,1910,3121,2150,5452,2822,8354,3360,6615,1780,1698,1520,2496,1006,3685,78080,48465,3688,31,23594,0,0,3,4
2021-03-03T23:59:59+01:00,3,4,2934,2616,4237,5947,4388,9232,5384,13431,6180,11033,2984,2932,6944,9031,4486,8767,1317,1164,1883,3048,2128,5342,2791,8175,3307,6458,1712,1656,1479,2426,985,3631,75345,47470,3445,31,21740,0,0,3,3
2021-03-02T23:59:59+01:00,3,4,2874,2525,4051,5728,4182,8961,5187,13052,5911,10658,2836,2770,6177,8063,4015,8058,1284,1121,1856,2975,2104,5200,2742,7902,3258,6260,1639,1596,1413,2346,961,3580,72170,46205,2989,31,19893,0,0,3,3
2021-03-01T23:59:59+01:00,3,3,2835,2462,3887,5576,3995,8742,4997,12731,5672,10265,2735,2655,5682,7404,3649,7547,1278,1085,1832,2874,2078,5007,2702,7652,3199,6024,1596,1560,1363,2285,931,3537,69996,44971,2680,31,18161,0,0,3,3
2021-02-28T23:59:59+01:00,3,3,2793,2414,3729,5457,3774,8553,4813,12480,5486,9960,2678,2581,5559,7249,3587,7446,1274,1080,1827,2861,2069,4983,2695,7616,3189,6007,1587,1553,1358,2277,928,3527,69516,44800,2458,30,16588,0,0,3,3
2021-02-27T23:59:59+01:00,3,2,2778,2352,3702,5377,3740,8481,4779,12388,5451,9886,2637,2547,5225,6863,3388,7194,1267,1072,1820,2849,2056,4948,2676,7551,3173,5951,1569,1544,1352,2266,926,3526,68200,44516,2458,29,16132,0,0,3,3
2021-02-26T23:59:59+01:00,3,2,2758,2311,3660,5289,3674,8377,4717,12277,5365,9799,2560,2494,4845,6382,3110,6862,1210,1023,1770,2743,2007,4768,2620,7276,3101,5743,1509,1493,1329,2245,913,3517,66387,43238,2331,28,15764,0,0,3,3
2021-02-25T23:59:59+01:00,3,2,2586,2204,3477,5106,3490,8152,4513,11991,5146,9525,2472,2427,4395,5827,2821,6435,1194,965,1739,2634,1953,4493,2552,6881,3006,5457,1463,1450,1308,2230,910,3508,64521,41717,2004,25,14044,0,0,3,3
2021-02-24T23:59:59+01:00,3,2,2434,2071,3287,4912,3343,7948,4317,11736,4926,9275,2335,2307,3934,5315,2559,6037,1179,936,1716,2550,1919,4353,2492,6626,2954,5253,1432,1418,1290,2209,906,3485,62743,40699,1525,17,12470,0,0,3,3
2021-02-23T23:59:59+01:00,3,2,2301,1933,3109,4684,3191,7709,4142,11465,4741,9028,2246,2213,3378,4647,2214,5519,1165,888,1683,2454,1881,4162,2424,6327,2860,4993,1376,1364,1262,2165,890,3458,60523,39336,1172,14,10827,0,0,3,3
2021-02-22T23:59:59+01:00,3,2,2261,1882,3025,4591,3121,7602,4048,11279,4633,8903,2195,2172,3007,4179,1928,5131,1154,829,1651,2330,1839,3916,2348,5933,2735,4696,1314,1310,1239,2132,882,3435,58839,37737,1085,4,10035,0,0,3,3
2021-02-21T23:59:59+01:00,3,2,2225,1851,2973,4522,3041,7488,3967,11134,4567,8786,2180,2149,2923,4064,1871,5043,1151,811,1634,2278,1813,3809,2315,5777,2673,4573,1284,1287,1229,2118,875,3420,58405,37041,1052,4,9329,0,0,3,3
2021-02-20T23:59:59+01:00,3,2,2213,1848,2950,4509,3025,7452,3941,11101,4546,8764,2177,2141,2870,4007,1836,4990,1151,808,1634,2276,1812,3800,2314,5772,2672,4569,1283,1284,1228,2115,874,3419,58192,37005,1051,4,9129,0,0,3,3
2021-02-19T23:59:59+01:00,2,2,2201,1834,2914,4457,3000,7364,3896,11019,4492,8701,2169,2135,2779,3893,1751,4896,1100,799,1595,2268,1802,3791,2304,5751,2664,4556,1277,1273,1217,2110,869,3412,57770,36782,1019,4,8713,0,0,3,3
2021-02-18T23:59:59+01:00,2,2,2070,1739,2758,4274,2876,7166,3759,10734,4353,8496,2135,2101,2537,3622,1596,4673,1022,763,1523,2168,1752,3670,2231,5595,2607,4471,1263,1254,1211,2096,856,3394,56700,35870,951,4,7239,0,0,3,3
2021-02-17T23:59:59+01:00,2,2,2026,1691,2667,4142,2767,6954,3606,10393,4211,8253,2076,2017,2318,3392,1467,4479,870,698,1411,2042,1675,3480,2135,5368,2535,4298,1231,1209,1185,2051,840,3349,55624,34372,805,3,6031,0,0,3,3
2021-02-16T23:59:59+01:00,2,2,1856,1580,2491,3935,2627,6679,3445,10040,4033,7948,2031,1990,2036,3072,1293,4226,843,676,1341,1964,1606,3338,2043,5195,2443,4166,1171,1163,1126,1963,807,3247,54282,33088,769,2,4232,0,0,3,3
2021-02-15T23:59:59+01:00,2,2,1821,1525,2403,3765,2550,6406,3323,9672,3919,7679,2005,1961,1817,2832,1167,4033,825,664,1312,1916,1564,3269,1986,5024,2381,4065,1114,1123,1063,1871,787,3145,53174,32106,753,1,2952,0,0,3,3
2021-02-14T23:59:59+01:00,2,2,1732,1494,2355,3703,2508,6313,3252,9568,3872,7601,1994,1951,1759,2772,1116,3973,810,654,1296,1892,1537,3246,1952,4983,2355,4009,1104,1114,1056,1862,784,3133,52835,31784,724,1,2405,0,0,3,3
2021-02-13T23:59:59+01:00,2,2,1731,1482,2345,3696,2502,6299,3249,9552,3865,7591,1985,1931,1735,2752,1112,3963,810,654,1296,1892,1537,3246,1952,4983,2355,4009,1104,1114,1056,1862,784,3133,52678,31784,724,1,2389,0,0,3,3
2021-02-12T23:59:59+01:00,2,2,1652,1397,2244,3582,2423,6126,3145,9314,3741,7326,1938,1873,1671,2680,1089,3934,803,646,1284,1870,1524,3227,1944,4952,2339,3989,1099,1109,1055,1843,784,3102,51736,31568,724,0,1676,0,0,3,3
2021-02-11T23:59:59+01:00,2,2,1455,1261,2062,3370,2295,5834,2993,8881,3583,6979,1865,1771,1629,2616,1070,3912,774,597,1189,1691,1397,2949,1804,4591,2172,3698,1046,1045,1011,1766,743,2960,50338,29433,683,0,556,0,0,3,1
2021-02-10T23:59:59+01:00,2,2,1361,1214,1977,3241,2227,5662,2911,8602,3472,6748,1795,1724,1582,2549,1051,3850,563,515,967,1467,1258,2638,1619,4130,1968,3316,926,917,878,1508,652,2618,49162,25940,644,0,161,0,0,3,1
2021-02-09T23:59:59+01:00,2,2,1325,1164,1941,3148,2199,5477,2845,8261,3402,6489,1722,1662,1520,2488,1032,3807,302,382,750,1204,1071,2261,1410,3592,1719,2860,756,752,703,1200,521,2121,47890,21604,514,0,80,0,0,2,1
2021-02-08T23:59:59+01:00,2,2,1318,1129,1909,3029,2162,5255,2794,7982,3343,6253,1679,1628,1470,2432,1014,3784,266,342,647,1051,966,2045,1251,3198,1523,2544,654,633,602,1014,449,1836,46760,19021,344,0,79,0,0,2,1
2021-02-07T23:59:59+01:00,2,2,1292,1113,1879,2977,2137,5173,2764,7879,3301,6187,1663,1612,1455,2413,1002,3769,232,287,598,962,907,1889,1160,2972,1426,2372,613,613,581,979,439,1805,46475,17836,143,0,0,0,0,2,0
2021-02-06T23:59:59+01:00,2,2,1287,1107,1873,2965,2128,5145,2751,7835,3290,6142,1650,1604,1450,2403,999,3768,213,254,576,924,879,1824,1117,2854,1369,2290,597,594,574,979,439,1805,46256,17289,143,0,0,0,0,2,0
2021-02-05T23:59:59+01:00,2,2,1228,1056,1824,2857,2076,4949,2691,7538,3213,5926,1587,1551,1433,2380,991,3762,197,222,540,875,843,1744,1079,2734,1316,2191,563,570,562,955,428,1780,44921,16600,143,0,0,0,0,2,0
2021-02-04T23:59:59+01:00,2,2,1216,992,1783,2709,2004,4636,2608,7092,3113,5598,1542,1518,1416,2363,986,3752,168,169,466,757,744,1604,966,2496,1203,1977,517,517,516,899,407,1661,43296,15068,35,0,0,0,0,1,0
2021-02-03T23:59:59+01:00,2,2,1198,963,1753,2630,1965,4488,2542,6830,3061,5383,1506,1486,1386,2328,967,3722,139,140,393,644,628,1366,820,2119,1010,1687,398,381,373,679,287,1256,42176,12321,35,0,0,0,0,1,0
2021-02-02T23:59:59+01:00,2,2,1180,907,1719,2529,1923,4268,2469,6498,2956,5112,1453,1439,1362,2297,957,3697,117,116,318,524,523,1129,675,1789,820,1377,297,279,292,497,225,945,40734,9924,35,0,0,0,0,1,0
2021-02-01T23:59:59+01:00,1,2,1167,847,1683,2406,1873,4023,2392,6108,2835,4816,1386,1358,1332,2251,944,3668,84,76,219,352,350,738,427,1154,480,857,185,170,171,296,126,562,39056,6247,35,0,0,0,0,1,0
2021-01-31T23:59:59+01:00,1,2,1163,829,1666,2349,1848,3901,2360,5924,2768,4697,1355,1335,1321,2235,937,3652,73,70,186,281,272,572,338,900,398,690,159,155,159,287,122,548,38310,5210,32,0,0,0,0,1,0
2021-01-30T23:59:59+01:00,1,2,1163,826,1665,2344,1846,3890,2358,5913,2765,4687,1354,1331,1320,2234,937,3651,70,63,153,233,244,504,303,782,355,615,158,148,154,283,122,547,38255,4734,31,0,0,0,0,1,0
2021-01-29T23:59:59+01:00,1,2,1111,817,1626,2337,1835,3883,2350,5899,2757,4676,1350,1328,1316,2234,937,3651,62,45,116,178,200,350,248,634,311,487,147,139,143,273,119,546,38080,3998,29,0,0,0,0,1,0
2021-01-28T23:59:59+01:00,1,2,1037,791,1570,2274,1802,3814,2303,5828,2724,4624,1338,1316,1307,2228,925,3637,40,20,74,105,131,204,153,378,203,290,115,106,117,220,107,496,37494,2759,26,0,0,0,0,1,0
2021-01-27T23:59:59+01:00,1,2,889,739,1474,2198,1734,3700,2230,5699,2666,4498,1309,1271,1278,2190,909,3602,31,13,62,87,105,160,120,321,176,245,107,88,105,201,103,459,36371,2383,17,0,0,0,0,1,0
2021-01-26T23:59:59+01:00,1,2,875,719,1411,2122,1673,3570,2143,5527,2578,4386,1250,1231,1228,2117,884,3542,30,12,59,84,101,154,116,306,175,236,104,82,98,180,92,409,35246,2238,12,0,0,0,0,1,0
2021-01-25T23:59:59+01:00,1,2,862,698,1380,2060,1640,3473,2097,5358,2521,4294,1197,1206,1173,2057,866,3476,28,12,56,84,98,152,115,304,174,236,103,81,97,179,90,406,34357,2215,3,0,0,0,0,1,0
2021-01-24T23:59:59+01:00,1,2,859,697,1374,2049,1635,3456,2089,5333,2509,4262,1193,1199,1168,2050,865,3470,28,12,56,84,97,151,115,304,174,235,103,81,97,179,90,405,34207,2211,3,0,0,0,0,1,0
2021-01-23T23:59:59+01:00,1,2,859,697,1374,2049,1635,3456,2089,5333,2509,4262,1193,1199,1168,2050,865,3470,28,12,56,84,97,151,115,304,173,235,103,81,97,179,90,405,34207,2210,3,0,0,0,0,1,0
2021-01-22T23:59:59+01:00,1,2,858,687,1360,2027,1620,3432,2076,5299,2493,4243,1191,1194,1167,2027,864,3436,28,12,56,84,97,151,115,304,172,235,103,81,97,179,90,405,33973,2209,3,0,0,0,0,1,0
2021-01-21T23:59:59+01:00,1,2,827,650,1283,1870,1519,3240,1980,5029,2382,4044,1151,1134,1138,1959,827,3315,26,11,52,79,89,142,105,275,158,212,89,72,86,155,74,345,32347,1970,3,0,0,0,0,1,0
2021-01-20T23:59:59+01:00,1,2,626,553,1089,1654,1383,2965,1804,4623,2178,3703,1023,1015,1008,1719,751,3011,24,11,51,75,86,141,97,262,147,193,78,65,80,130,62,307,29104,1809,3,0,0,0,0,1,0
2021-01-19T23:59:59+01:00,1,2,341,409,838,1397,1180,2619,1568,4094,1914,3252,848,843,835,1424,629,2564,20,8,36,53,57,76,71,175,103,130,58,50,52,96,47,238,24755,1270,2,0,0,0,0,1,0
2021-01-18T23:59:59+01:00,1,2,300,373,726,1210,1062,2366,1375,3594,1673,2870,708,689,675,1168,525,2119,8,4,12,18,19,26,23,51,25,46,13,11,13,33,11,72,21434,385,1,0,0,0,0,1,0
2021-01-17T23:59:59+01:00,1,2,258,319,660,1115,983,2195,1277,3322,1559,2658,662,659,646,1108,497,2051,0,0,1,0,3,2,2,1,2,2,1,4,1,0,0,1,19971,20,1,0,0,0,0,0,0
2021-01-16T23:59:59+01:00,1,2,241,288,644,1080,959,2133,1236,3211,1508,2584,646,641,638,1108,497,2050,0,0,0,0,1,2,1,1,1,2,0,1,1,0,0,1,19466,11,1,0,0,0,0,0,0
2021-01-15T23:59:59+01:00,1,2,226,254,614,1030,932,2055,1202,3094,1456,2488,615,615,631,1087,490,2038,0,0,0,0,0,0,0,0,0,0,0,0,0,0,0,0,18830,0,0,0,0,0,0,0,0
2021-01-14T23:59:59+01:00,1,2,196,204,553,909,843,1911,1107,2873,1341,2303,571,571,593,1041,483,1992,0,0,0,0,0,0,0,0,0,0,0,0,0,0,0,0,17494,0,0,0,0,0,0,0,0
2021-01-13T23:59:59+01:00,1,2,166,185,505,838,771,1786,1008,2636,1187,2081,455,452,451,824,367,1551,0,0,0,0,0,0,0,0,0,0,0,0,0,0,0,0,15266,0,0,0,0,0,0,0,0
2021-01-12T23:59:59+01:00,1,2,143,164,474,769,720,1631,919,2433,1079,1848,365,343,351,592,270,1114,0,0,0,0,0,0,0,0,0,0,0,0,0,0,0,0,13218,0,0,0,0,0,0,0,0
2021-01-11T23:59:59+01:00,0,1,114,127,398,638,630,1377,755,1976,847,1459,227,202,201,357,153,673,0,0,0,0,0,0,0,0,0,0,0,0,0,0,0,0,10135,0,0,0,0,0,0,0,0
2021-01-10T23:59:59+01:00,0,1,88,92,308,459,474,998,546,1448,623,1062,189,178,184,343,147,659,0,0,0,0,0,0,0,0,0,0,0,0,0,0,0,0,7799,0,0,0,0,0,0,0,0
2021-01-09T23:59:59+01:00,0,1,78,84,261,396,403,866,479,1231,547,904,183,168,179,338,147,657,0,0,0,0,0,0,0,0,0,0,0,0,0,0,0,0,6922,0,0,0,0,0,0,0,0
2021-01-08T23:59:59+01:00,0,1,65,64,188,288,305,585,365,933,441,685,175,163,163,326,145,657,0,0,0,0,0,0,0,0,0,0,0,0,0,0,0,0,5549,0,0,0,0,0,0,0,0
2021-01-07T23:59:59+01:00,0,0,46,24,81,121,140,231,163,419,223,340,130,127,144,276,131,602,0,0,0,0,0,0,0,0,0,0,0,0,0,0,0,0,3198,0,0,0,0,0,0,0,0
2021-01-06T23:59:59+01:00,0,0,34,18,70,92,119,180,135,342,194,276,111,98,116,227,112,517,0,0,0,0,0,0,0,0,0,0,0,0,0,0,0,0,2641,0,0,0,0,0,0,0,0
2021-01-05T23:59:59+01:00,0,0,31,13,60,88,108,166,120,328,180,253,109,94,115,220,109,499,0,0,0,0,0,0,0,0,0,0,0,0,0,0,0,0,2493,0,0,0,0,0,0,0,0
2021-01-04T23:59:59+01:00,0,0,28,12,57,85,100,158,115,313,178,241,108,90,108,206,99,461,0,0,0,0,0,0,0,0,0,0,0,0,0,0,0,0,2359,0,0,0,0,0,0,0,0
2021-01-03T23:59:59+01:00,0,0,28,12,57,85,100,158,115,313,178,241,108,90,107,205,99,461,0,0,0,0,0,0,0,0,0,0,0,0,0,0,0,0,2357,0,0,0,0,0,0,0,0
2021-01-02T23:59:59+01:00,0,0,28,12,57,85,100,158,115,313,177,241,108,90,107,205,99,461,0,0,0,0,0,0,0,0,0,0,0,0,0,0,0,0,2356,0,0,0,0,0,0,0,0
2021-01-01T23:59:59+01:00,0,0,28,12,57,85,100,158,115,313,175,240,108,90,107,205,99,461,0,0,0,0,0,0,0,0,0,0,0,0,0,0,0,0,2353,0,0,0,0,0,0,0,0
2020-12-31T23:59:59+01:00,0,0,28,12,57,85,100,158,115,313,175,240,108,90,107,205,99,461,0,0,0,0,0,0,0,0,0,0,0,0,0,0,0,0,2353,0,0,0,0,0,0,0,0
2020-12-30T23:59:59+01:00,0,0,27,12,57,84,99,155,115,312,175,240,108,90,107,205,99,461,0,0,0,0,0,0,0,0,0,0,0,0,0,0,0,0,2346,0,0,0,0,0,0,0,0
2020-12-29T23:59:59+01:00,0,0,20,9,42,60,76,91,85,217,128,188,83,77,78,171,80,373,0,0,0,0,0,0,0,0,0,0,0,0,0,0,0,0,1778,0,0,0,0,0,0,0,0
2020-12-28T23:59:59+01:00,0,0,9,6,18,30,31,45,40,112,53,101,36,42,40,98,43,211,0,0,0,0,0,0,0,0,0,0,0,0,0,0,0,0,915,0,0,0,0,0,0,0,0
2020-12-27T23:59:59+01:00,0,0,2,2,4,5,7,11,10,24,6,22,6,7,7,25,5,56,0,0,0,0,0,0,0,0,0,0,0,0,0,0,0,0,199,0,0,0,0,0,0,0,0
