Datum,<24_1_m,<24_1_w,25-34_1_m,25-34_1_w,35-44_1_m,35-44_1_w,45-54_1_m,45-54_1_w,55-64_1_m,55-64_1_w,65-74_1_m,65-74_1_w,75-84_1_m,75-84_1_w,>84_1_m,>84_1_w,<24_2_m,<24_2_w,25-34_2_m,25-34_2_w,35-44_2_m,35-44_2_w,45-54_2_m,45-54_2_w,55-64_2_m,55-64_2_w,65-74_2_m,65-74_2_w,75-84_2_m,75-84_2_w,>84_2_m,>84_2_w,bp_1,bp_2,mo_1,mo_2,az_1,az_2,ja
2021-04-27T23:59:59+02:00,6800,8228,11065,14008,13344,21250,20072,32207,29051,33415,48190,52781,42492,51894,10599,18897,2500,2461,3409,4754,4163,8319,6636,12910,9492,11578,11901,11844,22443,27847,8016,14268,239308,140539,34690,21485,140289,511,6
2021-04-26T23:59:59+02:00,6742,8178,10954,13943,13188,21136,19841,31985,28226,32827,47914,52487,42441,51839,10595,18870,2478,2428,3358,4722,4104,8253,6533,12784,9304,11401,10881,10574,21469,26512,7969,14200,238616,135803,34670,20759,137874,402,6
2021-04-25T23:59:59+02:00,6689,8127,10840,13850,13033,20981,19589,31691,27406,32043,47527,52051,42368,51757,10582,18853,2450,2416,3331,4702,4088,8232,6499,12743,9242,11345,10694,10346,21261,26227,7964,14187,236930,134968,34637,20409,135814,344,6
2021-04-24T23:59:59+02:00,6665,8073,10763,13770,12942,20834,19455,31523,27251,31871,47421,51924,42293,51681,10578,18849,2442,2405,3304,4670,4046,8189,6420,12668,9115,11222,10532,10164,21140,26098,7952,14171,235496,134440,34621,19766,135770,326,6
2021-04-23T23:59:59+02:00,6596,7966,10632,13572,12748,20582,19137,31147,26827,31479,46536,50825,42146,51478,10563,18818,2425,2384,3260,4637,3994,8135,6322,12575,8952,11087,10238,9830,20855,25716,7911,14107,231159,133335,34564,18772,135323,315,6
2021-04-22T23:59:59+02:00,6488,7846,10420,13363,12420,20260,18635,30689,26162,30825,44843,48710,41651,50856,10529,18736,2408,2365,3215,4591,3922,8058,6202,12479,8678,10920,9776,9373,20452,25184,7873,14047,225030,131251,34508,18003,132889,283,6
2021-04-21T23:59:59+02:00,6384,7680,10183,13165,12090,19941,18136,30183,25251,29847,40829,44127,41229,50388,10473,18640,2397,2353,3172,4559,3876,7999,6113,12383,8504,10761,9413,8954,20002,24646,7821,13964,213069,129641,34444,17006,131027,264,6
2021-04-20T23:59:59+02:00,6284,7583,9982,12956,11816,19678,17718,29758,24646,29230,39151,42210,40667,49735,10413,18525,2373,2339,3132,4534,3810,7952,5975,12290,8346,10635,9103,8574,19554,24042,7748,13847,207098,128318,34359,15719,128889,211,6
2021-04-19T23:59:59+02:00,6206,7500,9831,12827,11610,19476,17322,29340,24062,28703,37666,40462,40149,49105,10366,18452,2356,2317,3096,4501,3766,7905,5936,12223,8261,10542,8829,8234,19186,23539,7714,13769,202178,126648,34297,15326,126596,194,6
2021-04-18T23:59:59+02:00,6127,7438,9706,12750,11420,19330,17030,29140,23602,28320,36410,39169,39838,48732,10339,18405,2345,2298,3064,4483,3740,7888,5890,12176,8211,10497,8721,8120,19042,23377,7700,13749,200659,126165,34258,14940,122833,190,6
2021-04-17T23:59:59+02:00,6119,7421,9667,12719,11375,19287,16949,29075,23523,28245,36102,38823,39742,48651,10334,18396,2333,2289,3038,4468,3676,7847,5818,12122,8134,10446,8610,8005,18945,23275,7682,13737,199442,125381,34250,14850,122730,188,6
2021-04-16T23:59:59+02:00,6053,7371,9582,12668,11248,19167,16735,28923,23114,27816,35077,37594,39388,48209,10317,18369,2186,2189,2817,4300,3321,7535,5025,11566,6624,9345,6182,6016,17363,21775,7527,13493,195378,116514,34167,10558,122080,186,6
2021-04-15T23:59:59+02:00,5974,7275,9381,12491,10946,18920,16218,28530,22385,27138,33179,35287,38502,47172,10249,18232,2139,2152,2754,4235,3205,7422,4781,11369,6262,9037,5712,5612,16785,21073,7376,13224,189676,113447,34121,9506,118076,179,6
2021-04-14T23:59:59+02:00,5903,7218,9217,12368,10723,18738,15812,28197,21703,26586,31203,32995,37474,45954,10188,18075,2049,2088,2675,4175,3093,7334,4570,11198,5938,8792,5239,5196,16220,20370,7207,12930,183415,110897,33986,8047,114947,124,6
2021-04-13T23:59:59+02:00,5845,7149,9077,12245,10542,18565,15452,27901,21122,26024,29067,30496,36346,44534,10074,17909,2000,2069,2640,4135,3041,7268,4438,11047,5672,8588,4893,4875,15766,19918,7107,12769,176570,109519,33923,6676,111849,25,6
2021-04-12T23:59:59+02:00,5781,7095,8969,12112,10341,18417,15115,27612,20511,25495,27035,28188,35327,43255,9967,17744,1966,2028,2611,4116,3018,7212,4368,10980,5570,8496,4740,4727,15457,19530,7017,12607,170943,108713,33864,5699,108151,25,6
2021-04-11T23:59:59+02:00,5733,7046,8881,12037,10177,18313,14838,27423,20050,25128,25843,26914,34702,42540,9900,17624,1955,2022,2588,4095,2999,7188,4334,10939,5489,8430,4643,4678,15346,19411,6987,12563,169193,108538,33779,5104,104171,19,6
2021-04-10T23:59:59+02:00,5716,7029,8845,12011,10119,18276,14771,27374,19954,25040,25489,26494,34416,42181,9893,17603,1952,2017,2579,4085,2983,7171,4300,10911,5431,8386,4568,4600,15214,19244,6950,12489,167997,107751,33058,5104,104150,19,6
2021-04-09T23:59:59+02:00,5657,6995,8763,11928,9995,18155,14601,27180,19674,24788,24536,25192,33611,41156,9868,17542,1922,1985,2527,4047,2904,7110,4137,10784,5172,8156,4143,4217,14633,18504,6759,12183,164637,104061,31544,5097,103454,19,6
2021-04-08T23:59:59+02:00,5581,6925,8621,11819,9783,17988,14200,26869,19068,24281,22689,23047,32144,39453,9747,17340,1887,1964,2469,3998,2829,7025,3978,10631,4872,7890,3685,3775,13644,17255,6387,11591,159030,99296,30639,4564,99880,14,6
2021-04-07T23:59:59+02:00,5517,6863,8447,11750,9556,17824,13859,26624,18571,23887,20731,20703,30632,37531,9655,17165,1850,1946,2413,3947,2770,6954,3870,10473,4686,7687,3418,3502,12931,16416,6079,11118,153068,96028,29467,4016,96774,10,6
2021-04-06T23:59:59+02:00,5454,6813,8305,11643,9395,17654,13510,26344,18035,23441,18701,18394,28974,35359,9497,16884,1813,1924,2389,3921,2738,6914,3805,10427,4605,7600,3315,3375,12414,15727,5843,10774,146312,93741,28512,3828,93573,9,6
2021-04-05T23:59:59+02:00,5414,6769,8216,11549,9259,17556,13276,26119,17591,23055,16855,16255,27563,33472,9373,16697,1789,1914,2361,3905,2711,6867,3763,10369,4516,7493,3210,3268,12061,15334,5712,10534,140925,92395,28086,3397,90002,9,6
2021-04-04T23:59:59+02:00,5407,6765,8211,11536,9242,17547,13254,26096,17561,23031,16698,16052,27397,33257,9368,16686,1788,1912,2360,3904,2709,6864,3761,10365,4510,7491,3202,3256,12049,15323,5710,10527,140215,92319,27995,3397,89892,9,6
2021-04-03T23:59:59+02:00,5403,6757,8195,11526,9222,17527,13209,26064,17489,22965,16612,15962,27357,33201,9364,16682,1785,1908,2349,3898,2692,6849,3733,10339,4431,7426,3076,3145,11978,15258,5705,10517,139686,91677,27966,3397,89877,9,6
2021-04-02T23:59:59+02:00,5375,6735,8141,11469,9152,17458,13059,25951,17256,22753,16137,15428,26933,32704,9339,16637,1782,1897,2338,3893,2682,6833,3707,10297,4366,7338,3007,3075,11708,14938,5597,10343,138491,90394,26559,3392,89471,9,6
2021-04-01T23:59:59+02:00,5322,6657,8025,11330,9017,17294,12782,25655,16795,22359,15344,14635,26254,31817,9240,16485,1758,1864,2315,3871,2657,6806,3675,10260,4299,7278,2886,2947,10729,13757,5112,9677,136260,86591,25883,3286,86862,8,6
2021-03-31T23:59:59+02:00,5098,6559,7914,11219,8886,17132,12551,25359,16444,22002,14598,13812,25494,30892,9155,16328,1747,1858,2302,3848,2636,6783,3623,10204,4226,7213,2800,2856,10097,12993,4830,9271,134478,84216,24436,3057,84523,8,6
2021-03-30T23:59:59+02:00,5064,6488,7840,11094,8804,16979,12387,25163,16155,21677,13974,13108,24782,29995,9046,16126,1734,1843,2283,3828,2610,6759,3583,10140,4159,7133,2675,2721,9458,12277,4543,8848,133018,81907,23228,2676,82430,5,6
2021-03-29T23:59:59+02:00,5018,6415,7733,10987,8699,16813,12223,24872,15829,21342,13397,12439,24080,29102,8921,15921,1721,1833,2266,3815,2596,6737,3551,10084,4106,7064,2622,2654,9136,11855,4398,8585,131196,80547,22479,2465,80110,5,6
2021-03-28T23:59:59+02:00,4976,6323,7643,10881,8629,16656,12078,24636,15562,21066,13060,12097,23518,28425,8783,15684,1712,1828,2255,3804,2588,6714,3515,10040,4074,7011,2580,2605,9055,11743,4359,8533,130690,80221,21946,2184,77375,5,6
2021-03-27T23:59:59+01:00,4961,6310,7613,10849,8556,16584,11979,24536,15419,20943,12852,11877,23329,28223,8755,15658,1710,1827,2253,3803,2586,6713,3503,10014,4063,6993,2570,2598,8991,11672,4334,8501,129821,79936,21299,2184,77318,5,6
2021-03-26T23:59:59+01:00,4914,6232,7495,10727,8384,16384,11619,24213,14787,20423,11920,11044,22608,27428,8645,15474,1702,1809,2249,3786,2573,6688,3481,9988,4023,6959,2546,2561,8781,11430,4242,8360,125819,79097,19691,2070,76781,5,6
2021-03-25T23:59:59+01:00,4850,6052,7325,10444,8145,15981,11216,23585,14175,19762,11228,10374,21752,26351,8401,15033,1680,1791,2219,3758,2537,6655,3443,9937,3948,6878,2411,2432,7759,10093,3751,7658,122577,75104,18922,1836,73170,5,5
2021-03-24T23:59:59+01:00,4771,5886,7172,10163,7947,15578,10944,23046,13720,19195,10612,9805,20852,25258,8130,14549,1662,1765,2194,3725,2498,6621,3390,9874,3883,6788,2309,2331,7057,9255,3439,7182,120037,72514,17738,1455,69853,4,0
2021-03-23T23:59:59+01:00,4724,5772,7058,9933,7800,15235,10676,22528,13325,18732,10146,9358,20107,24389,7888,14163,1649,1748,2171,3703,2475,6593,3331,9815,3794,6715,2216,2234,6262,8219,3072,6617,118604,69486,16648,1124,66582,4,0
2021-03-22T23:59:59+01:00,4663,5675,6925,9692,7640,14920,10411,22059,12987,18269,9774,9007,19545,23678,7740,13885,1638,1740,2166,3690,2461,6585,3311,9791,3760,6684,2162,2186,5759,7557,2780,6217,117771,67449,16247,1034,62852,4,0
2021-03-21T23:59:59+01:00,4609,5539,6794,9428,7481,14552,10177,21511,12653,17794,9450,8723,19023,23071,7585,13623,1635,1735,2165,3680,2457,6579,3304,9780,3751,6674,2148,2166,5640,7423,2739,6141,117588,66980,15853,1033,58572,4,0
2021-03-20T23:59:59+01:00,4598,5511,6759,9368,7417,14487,10084,21402,12555,17704,9368,8628,18883,22896,7544,13546,1633,1732,2161,3677,2452,6574,3291,9769,3726,6664,2115,2130,5282,7015,2591,5940,116762,65716,15758,1032,58230,4,0
2021-03-19T23:59:59+01:00,4399,5342,6471,9120,6941,14047,9101,20621,10744,16300,6480,6259,16822,20814,7245,13077,1627,1727,2157,3669,2441,6565,3278,9742,3668,6618,2053,2091,4854,6490,2382,5669,107460,64031,11049,996,55274,4,0
2021-03-18T23:59:59+01:00,4283,5174,6279,8821,6690,13589,8691,19959,10109,15595,5776,5600,15568,19286,6823,12394,1621,1719,2138,3640,2423,6529,3246,9705,3627,6582,2014,2061,4372,5894,2165,5329,102353,62173,10034,888,52250,4,0
2021-03-17T23:59:59+01:00,4194,5087,6154,8684,6513,13420,8388,19621,9694,15218,5369,5214,14728,18312,6487,11894,1609,1705,2123,3621,2392,6498,3212,9674,3588,6545,1962,2003,3928,5402,1962,5002,99124,60463,8353,759,51500,4,0
2021-03-16T23:59:59+01:00,4103,4931,6000,8420,6307,13038,8053,19040,9158,14586,4850,4755,13895,17317,6217,11482,1601,1696,2115,3604,2376,6484,3201,9652,3560,6518,1934,1965,3343,4700,1706,4569,96811,58266,6944,754,48397,4,0
2021-03-15T23:59:59+01:00,4033,4758,5803,8149,6105,12614,7768,18478,8734,14006,4558,4486,13210,16556,6000,11083,1599,1687,2101,3587,2357,6460,3183,9606,3539,6491,1902,1919,2952,4228,1496,4239,95348,56604,5969,738,45024,4,0
2021-03-14T23:59:59+01:00,3973,4586,5559,7832,5846,12148,7444,17739,8300,13317,4245,4234,12949,16318,5962,11000,1590,1677,2085,3558,2342,6409,3169,9551,3525,6464,1894,1908,2877,4122,1455,4173,95236,56250,5364,545,40852,4,0
2021-03-13T23:59:59+01:00,3956,4556,5527,7749,5789,12060,7369,17625,8174,13190,4094,4097,12869,16242,5957,10989,1590,1677,2085,3558,2341,6409,3168,9550,3524,6464,1889,1899,2818,4061,1430,4125,94554,56039,5364,545,40325,4,0
2021-03-12T23:59:59+01:00,3931,4464,5479,7618,5723,11911,7278,17374,8039,12976,3988,4001,12565,15896,5848,10801,1590,1677,2081,3551,2339,6401,3166,9543,3523,6460,1885,1897,2702,3925,1364,4050,93141,55605,5356,545,39395,4,0
2021-03-11T23:59:59+01:00,3832,4216,5265,7355,5504,11468,6925,16681,7630,12400,3657,3652,11413,14541,5309,10044,1582,1673,2071,3538,2319,6378,3144,9504,3498,6428,1857,1873,2438,3635,1237,3860,88983,54518,4928,514,35981,3,0
2021-03-10T23:59:59+01:00,3718,4074,5054,7095,5297,11101,6656,16115,7307,11920,3451,3437,10708,13678,5005,9604,1574,1654,2047,3499,2289,6291,3093,9375,3442,6317,1813,1802,2197,3371,1136,3699,86538,53317,4561,279,33121,3,0
2021-03-09T23:59:59+01:00,3638,3924,4887,6906,5113,10810,6421,15655,7009,11440,3282,3257,10023,12914,4699,9152,1564,1637,2014,3441,2256,6186,3024,9229,3382,6246,1786,1776,1892,3017,996,3500,84259,51911,4304,32,30567,3,0
2021-03-08T23:59:59+01:00,3559,3738,4661,6651,4878,10445,6162,15137,6657,10876,3096,3090,9610,12439,4547,8884,1561,1615,1997,3361,2225,6096,2983,9085,3356,6164,1772,1753,1676,2774,903,3340,82796,50632,3945,29,27689,0,0
2021-03-07T23:59:59+01:00,3522,3666,4588,6542,4793,10332,6067,14975,6544,10744,3050,3044,9525,12330,4514,8830,1554,1609,1992,3349,2216,6066,2976,9047,3344,6150,1765,1740,1609,2696,860,3283,82459,50227,3774,29,26833,0,0
2021-03-06T23:59:59+01:00,3503,3593,4543,6462,4756,10261,6009,14856,6498,10648,3031,3023,9460,12257,4490,8796,1553,1593,1986,3337,2206,6039,2973,9018,3333,6131,1756,1719,1575,2672,858,3275,82142,49995,3774,29,26270,0,0
2021-03-05T23:59:59+01:00,3475,3489,4485,6362,4698,10155,5945,14700,6401,10509,2997,2979,9247,11999,4394,8651,1543,1551,1957,3280,2179,5931,2931,8882,3290,5995,1713,1680,1509,2602,839,3250,81251,49103,3765,29,25470,0,0
2021-03-04T23:59:59+01:00,3408,3281,4318,6124,4495,9851,5726,14252,6106,10156,2822,2813,8138,10561,3872,7907,1520,1493,1925,3154,2153,5738,2886,8613,3241,5784,1649,1598,1475,2556,835,3235,77103,47827,3491,28,23236,0,0
2021-03-03T23:59:59+01:00,3362,3200,4180,5937,4333,9587,5518,13878,5877,9776,2699,2700,7437,9704,3544,7402,1504,1450,1897,3079,2131,5629,2855,8432,3185,5637,1582,1554,1434,2485,816,3188,74392,46830,3271,28,21471,0,0
2021-03-02T23:59:59+01:00,3304,3093,3991,5739,4138,9312,5317,13496,5629,9419,2571,2561,6591,8620,3159,6823,1469,1403,1869,3006,2105,5476,2810,8160,3135,5459,1511,1496,1372,2406,796,3146,71240,45591,2870,28,19653,0,0
2021-03-01T23:59:59+01:00,3263,3019,3822,5595,3968,9108,5136,13187,5410,9055,2481,2467,6038,7891,2858,6401,1461,1362,1849,2899,2074,5291,2766,7885,3084,5258,1469,1466,1325,2345,768,3110,69087,44384,2616,28,17996,0,0
2021-02-28T23:59:59+01:00,3215,2966,3654,5484,3777,8908,4952,12934,5235,8781,2438,2405,5902,7720,2812,6317,1456,1356,1844,2885,2064,5268,2761,7850,3075,5243,1461,1459,1319,2335,765,3103,68615,44216,2394,28,16491,0,0
2021-02-27T23:59:59+01:00,3197,2892,3630,5408,3743,8844,4913,12835,5194,8716,2398,2360,5533,7301,2655,6108,1449,1346,1834,2874,2052,5222,2741,7791,3060,5193,1446,1451,1311,2325,764,3102,67285,43934,2394,27,16048,0,0
2021-02-26T23:59:59+01:00,3173,2836,3585,5323,3686,8741,4853,12732,5103,8637,2326,2313,5098,6769,2440,5830,1379,1280,1791,2774,2004,5031,2682,7503,2989,5011,1391,1409,1288,2302,751,3094,65502,42653,2270,26,15673,0,0
2021-02-25T23:59:59+01:00,2982,2708,3401,5149,3509,8517,4635,12424,4901,8388,2247,2263,4588,6146,2218,5479,1362,1220,1756,2666,1965,4732,2604,7116,2903,4775,1350,1368,1270,2287,749,3084,63647,41183,1947,24,13961,0,0
2021-02-24T23:59:59+01:00,2799,2549,3231,4955,3355,8320,4431,12140,4690,8177,2120,2147,4097,5588,2007,5148,1341,1182,1737,2584,1927,4575,2548,6854,2850,4594,1326,1338,1251,2268,747,3064,61898,40169,1467,17,12389,0,0
2021-02-23T23:59:59+01:00,2651,2402,3055,4729,3207,8105,4253,11875,4516,7956,2037,2061,3472,4849,1745,4708,1326,1127,1706,2481,1886,4369,2477,6556,2756,4357,1276,1285,1227,2227,733,3039,59681,38814,1159,14,10781,0,0
2021-02-22T23:59:59+01:00,2600,2343,2975,4636,3136,7996,4160,11684,4415,7843,1999,2024,3070,4369,1532,4387,1312,1060,1675,2344,1838,4113,2394,6157,2633,4083,1223,1238,1206,2196,728,3018,58100,37214,1072,4,9997,0,0
2021-02-21T23:59:59+01:00,2561,2307,2920,4561,3064,7882,4076,11529,4358,7747,1984,2002,2979,4243,1484,4311,1306,1037,1659,2286,1810,3997,2359,6002,2577,3970,1191,1222,1198,2181,721,3006,57666,36518,1039,4,9303,0,0
2021-02-20T23:59:59+01:00,2548,2303,2897,4546,3048,7849,4047,11495,4342,7728,1979,1993,2918,4180,1458,4262,1306,1034,1659,2285,1808,3988,2359,5999,2576,3967,1190,1219,1197,2177,720,3006,57450,36486,1038,4,9105,0,0
2021-02-19T23:59:59+01:00,2532,2286,2864,4493,3018,7765,4004,11411,4286,7672,1972,1988,2799,4038,1392,4181,1246,1024,1630,2278,1797,3975,2350,5977,2565,3957,1186,1211,1185,2171,716,2999,57003,36263,1008,4,8690,0,0
2021-02-18T23:59:59+01:00,2379,2171,2721,4315,2896,7558,3859,11116,4158,7495,1945,1956,2532,3743,1266,3989,1153,978,1567,2187,1746,3853,2275,5811,2516,3883,1172,1195,1182,2156,706,2983,55941,35359,945,4,7213,0,0
2021-02-17T23:59:59+01:00,2322,2111,2631,4184,2784,7340,3703,10759,4028,7278,1893,1884,2290,3485,1165,3828,984,902,1457,2068,1676,3654,2180,5579,2446,3738,1143,1152,1156,2110,689,2944,54868,33875,801,3,6016,0,0
2021-02-16T23:59:59+01:00,2122,1979,2479,3975,2647,7043,3538,10388,3861,7021,1851,1857,1983,3129,1024,3624,952,874,1390,1989,1603,3503,2081,5399,2357,3628,1083,1102,1098,2020,654,2856,53537,32587,763,2,4221,0,0
2021-02-15T23:59:59+01:00,2083,1912,2392,3814,2567,6758,3411,10007,3755,6789,1825,1828,1738,2861,928,3466,931,860,1356,1942,1563,3430,2023,5233,2291,3532,1017,1061,1031,1929,637,2766,52433,31601,748,1,2953,0,0
2021-02-14T23:59:59+01:00,1991,1872,2348,3753,2520,6663,3346,9901,3710,6723,1815,1820,1670,2793,888,3415,915,851,1338,1914,1536,3409,1994,5189,2267,3479,1008,1051,1024,1918,634,2757,52096,31283,719,1,2413,0,0
2021-02-13T23:59:59+01:00,1991,1857,2337,3748,2515,6648,3342,9885,3703,6711,1807,1802,1642,2773,887,3406,915,851,1338,1914,1536,3409,1994,5189,2267,3479,1008,1051,1024,1918,634,2757,51939,31283,719,1,2396,0,0
2021-02-12T23:59:59+01:00,1898,1754,2248,3633,2435,6470,3234,9641,3587,6453,1762,1760,1579,2703,866,3380,907,843,1326,1893,1523,3389,1984,5160,2252,3461,1004,1046,1023,1896,634,2731,50995,31071,719,1,1689,0,0
2021-02-11T23:59:59+01:00,1667,1601,2080,3417,2312,6160,3082,9211,3438,6134,1698,1666,1534,2648,854,3360,876,777,1223,1719,1403,3110,1844,4777,2095,3222,956,985,981,1814,603,2606,49619,28990,678,1,565,0,0
2021-02-10T23:59:59+01:00,1558,1539,1995,3287,2249,5989,2986,8928,3338,5919,1630,1621,1491,2581,837,3304,632,665,1020,1500,1263,2787,1653,4293,1908,2899,837,863,853,1548,535,2296,48453,25552,640,0,159,0,0
2021-02-09T23:59:59+01:00,1518,1476,1961,3196,2217,5791,2922,8579,3267,5690,1557,1563,1434,2523,823,3272,352,501,808,1236,1072,2404,1441,3733,1660,2490,682,699,675,1225,430,1869,47202,21277,509,0,78,0,0
2021-02-08T23:59:59+01:00,1508,1432,1933,3067,2174,5570,2869,8278,3209,5490,1518,1536,1392,2466,805,3255,304,439,696,1073,966,2176,1273,3325,1475,2208,583,586,572,1035,376,1641,46086,18728,338,0,78,0,0
2021-02-07T23:59:59+01:00,1477,1410,1904,3019,2148,5484,2837,8178,3171,5429,1505,1522,1378,2446,793,3243,269,376,649,981,904,2014,1185,3103,1379,2057,548,566,551,1002,368,1613,45807,17565,137,0,0,0,0
2021-02-06T23:59:59+01:00,1472,1402,1896,3008,2140,5451,2823,8135,3160,5388,1494,1514,1371,2437,792,3242,248,337,625,942,877,1947,1147,2983,1326,1979,531,554,545,1002,368,1613,45588,17024,137,0,0,0,0
2021-02-05T23:59:59+01:00,1401,1334,1853,2904,2088,5239,2756,7829,3087,5194,1437,1468,1352,2412,785,3236,229,301,588,903,843,1860,1109,2869,1276,1887,499,534,536,977,357,1591,44238,16359,137,0,0,0,0
2021-02-04T23:59:59+01:00,1388,1256,1808,2754,2022,4901,2665,7381,2994,4919,1397,1436,1333,2396,783,3225,193,232,509,784,752,1712,994,2613,1164,1696,456,492,495,919,341,1496,42628,14848,30,0,0,0,0
2021-02-03T23:59:59+01:00,1364,1219,1780,2673,1982,4734,2598,7108,2944,4730,1364,1405,1302,2359,769,3200,158,193,430,663,633,1463,844,2233,978,1433,339,363,358,696,234,1124,41501,12142,30,0,0,0,0
2021-02-02T23:59:59+01:00,1346,1155,1748,2564,1935,4500,2522,6773,2836,4484,1324,1360,1279,2330,760,3176,134,157,346,540,525,1211,689,1888,797,1162,250,262,280,511,178,843,40062,9773,30,0,0,0,0
2021-02-01T23:59:59+01:00,1328,1085,1711,2428,1880,4237,2443,6376,2721,4202,1260,1286,1251,2290,751,3150,98,99,234,368,348,781,430,1217,468,722,158,156,172,308,94,478,38369,6131,30,0,0,0,0
2021-01-31T23:59:59+01:00,1323,1062,1694,2363,1853,4115,2408,6188,2666,4095,1230,1269,1242,2275,745,3137,84,88,196,295,277,609,340,939,389,592,135,143,163,299,90,465,37635,5104,30,0,0,0,0
2021-01-30T23:59:59+01:00,1323,1059,1693,2358,1850,4102,2407,6178,2663,4087,1229,1265,1241,2273,745,3137,79,76,163,245,248,539,304,816,350,530,134,137,158,296,90,464,37581,4629,29,0,0,0,0
2021-01-29T23:59:59+01:00,1262,1050,1664,2349,1838,4093,2400,6166,2654,4074,1226,1263,1237,2273,745,3137,69,56,121,184,205,379,249,663,308,423,126,128,146,287,87,463,37404,3894,27,0,0,0,0
2021-01-28T23:59:59+01:00,1175,1019,1619,2296,1805,4023,2351,6084,2623,4030,1215,1252,1232,2267,736,3123,43,28,76,110,129,218,156,387,206,257,95,102,118,232,79,424,36825,2660,25,0,0,0,0
2021-01-27T23:59:59+01:00,1008,958,1529,2228,1741,3900,2283,5947,2566,3921,1191,1209,1207,2229,721,3094,32,20,65,87,104,175,125,332,179,216,87,86,108,209,76,395,35714,2296,18,0,0,0,0
2021-01-26T23:59:59+01:00,991,931,1466,2149,1675,3759,2190,5767,2486,3831,1133,1166,1162,2159,697,3044,31,19,62,84,100,168,121,316,178,208,84,82,99,185,67,347,34594,2151,12,0,0,0,0
2021-01-25T23:59:59+01:00,976,906,1432,2089,1640,3654,2139,5608,2433,3744,1081,1140,1112,2105,682,2986,29,19,59,84,97,165,120,315,176,207,84,82,98,184,65,344,33725,2128,2,0,0,0,0
2021-01-24T23:59:59+01:00,973,904,1426,2075,1635,3637,2132,5582,2421,3714,1078,1132,1107,2100,681,2981,29,19,59,84,96,164,120,315,176,206,84,82,98,184,65,344,33576,2125,2,0,0,0,0
2021-01-23T23:59:59+01:00,973,904,1426,2075,1635,3637,2132,5582,2421,3714,1078,1132,1106,2100,681,2981,29,19,59,84,96,164,120,315,176,206,84,82,98,184,65,344,33575,2125,2,0,0,0,0
2021-01-22T23:59:59+01:00,972,895,1409,2050,1624,3611,2117,5550,2409,3696,1076,1128,1105,2071,680,2954,29,19,59,84,96,164,120,315,176,206,84,82,98,184,65,344,33345,2125,2,0,0,0,0
2021-01-21T23:59:59+01:00,929,845,1325,1890,1529,3415,2012,5240,2303,3510,1037,1068,1070,1980,645,2834,27,18,53,79,89,154,111,284,160,186,71,74,87,159,52,295,31630,1899,2,0,0,0,0
2021-01-20T23:59:59+01:00,698,723,1143,1679,1391,3123,1833,4822,2110,3214,917,950,947,1738,589,2567,26,18,52,74,86,154,103,267,149,170,61,67,78,134,45,262,28442,1746,2,0,0,0,0
2021-01-19T23:59:59+01:00,391,553,900,1424,1187,2775,1598,4274,1854,2803,758,783,778,1427,495,2181,21,13,34,51,60,86,75,181,104,115,46,51,54,102,35,200,24180,1228,1,0,0,0,0
2021-01-18T23:59:59+01:00,335,490,783,1232,1058,2501,1398,3748,1617,2469,635,641,627,1164,418,1824,8,7,11,17,22,31,23,50,24,40,11,11,14,34,7,63,20940,373,0,0,0,0,0
2021-01-17T23:59:59+01:00,292,423,715,1138,983,2326,1304,3461,1503,2278,598,611,597,1106,397,1764,1,0,0,0,3,3,1,0,2,2,1,4,0,0,0,0,19496,17,0,0,0,0,0
2021-01-16T23:59:59+01:00,273,388,698,1102,959,2263,1266,3349,1456,2209,581,599,591,1106,397,1763,0,0,0,0,2,3,0,0,1,2,0,1,0,0,0,0,19000,9,0,0,0,0,0
2021-01-15T23:59:59+01:00,257,346,667,1065,931,2175,1231,3237,1405,2119,553,577,585,1084,390,1754,0,0,0,0,0,0,0,0,0,0,0,0,0,0,0,0,18376,0,0,0,0,0,0
2021-01-14T23:59:59+01:00,219,279,600,943,851,2021,1131,3005,1288,1955,514,538,551,1036,386,1717,0,0,0,0,0,0,0,0,0,0,0,0,0,0,0,0,17034,0,0,0,0,0,0
2021-01-13T23:59:59+01:00,185,253,549,868,781,1885,1025,2762,1138,1746,389,424,422,819,282,1307,0,0,0,0,0,0,0,0,0,0,0,0,0,0,0,0,14835,0,0,0,0,0,0
2021-01-12T23:59:59+01:00,160,226,517,794,727,1719,935,2542,1035,1547,306,312,328,581,200,921,0,0,0,0,0,0,0,0,0,0,0,0,0,0,0,0,12850,0,0,0,0,0,0
2021-01-11T23:59:59+01:00,128,176,438,656,633,1458,757,2048,805,1210,186,182,187,343,106,537,0,0,0,0,0,0,0,0,0,0,0,0,0,0,0,0,9850,0,0,0,0,0,0
2021-01-10T23:59:59+01:00,97,124,341,477,473,1058,541,1485,594,882,160,164,172,328,101,526,0,0,0,0,0,0,0,0,0,0,0,0,0,0,0,0,7523,0,0,0,0,0,0
2021-01-09T23:59:59+01:00,85,115,293,406,404,912,473,1260,524,749,155,156,167,324,101,524,0,0,0,0,0,0,0,0,0,0,0,0,0,0,0,0,6648,0,0,0,0,0,0
2021-01-08T23:59:59+01:00,72,90,213,287,305,634,359,956,429,572,147,149,152,315,99,524,0,0,0,0,0,0,0,0,0,0,0,0,0,0,0,0,5303,0,0,0,0,0,0
2021-01-07T23:59:59+01:00,49,34,85,125,135,247,165,435,227,298,113,124,139,285,96,499,0,0,0,0,0,0,0,0,0,0,0,0,0,0,0,0,3056,0,0,0,0,0,0
2021-01-06T23:59:59+01:00,35,25,74,95,116,193,139,357,197,241,91,97,114,232,81,429,0,0,0,0,0,0,0,0,0,0,0,0,0,0,0,0,2516,0,0,0,0,0,0
2021-01-05T23:59:59+01:00,32,20,64,89,105,180,124,341,184,222,89,92,112,225,79,410,0,0,0,0,0,0,0,0,0,0,0,0,0,0,0,0,2368,0,0,0,0,0,0
2021-01-04T23:59:59+01:00,29,19,61,85,97,171,119,323,182,213,88,90,103,208,71,378,0,0,0,0,0,0,0,0,0,0,0,0,0,0,0,0,2237,0,0,0,0,0,0
2021-01-03T23:59:59+01:00,29,19,61,85,97,171,119,323,182,213,88,90,102,207,71,378,0,0,0,0,0,0,0,0,0,0,0,0,0,0,0,0,2235,0,0,0,0,0,0
2021-01-02T23:59:59+01:00,29,19,61,85,97,171,119,323,182,213,88,90,102,207,71,378,0,0,0,0,0,0,0,0,0,0,0,0,0,0,0,0,2235,0,0,0,0,0,0
2021-01-01T23:59:59+01:00,29,19,61,85,97,171,119,323,181,212,88,90,102,207,71,378,0,0,0,0,0,0,0,0,0,0,0,0,0,0,0,0,2233,0,0,0,0,0,0
2020-12-31T23:59:59+01:00,29,19,61,85,97,171,119,323,181,212,88,90,102,207,71,378,0,0,0,0,0,0,0,0,0,0,0,0,0,0,0,0,2233,0,0,0,0,0,0
2020-12-30T23:59:59+01:00,28,19,61,83,96,169,119,322,181,212,88,90,102,207,71,378,0,0,0,0,0,0,0,0,0,0,0,0,0,0,0,0,2226,0,0,0,0,0,0
2020-12-29T23:59:59+01:00,23,13,41,59,76,103,87,228,131,164,69,76,78,173,57,301,0,0,0,0,0,0,0,0,0,0,0,0,0,0,0,0,1679,0,0,0,0,0,0
2020-12-28T23:59:59+01:00,9,7,18,28,34,51,40,119,49,83,33,43,43,101,29,174,0,0,0,0,0,0,0,0,0,0,0,0,0,0,0,0,861,0,0,0,0,0,0
2020-12-27T23:59:59+01:00,3,4,3,4,10,14,8,24,5,18,6,6,6,25,4,50,0,0,0,0,0,0,0,0,0,0,0,0,0,0,0,0,190,0,0,0,0,0,0
