Datum,<24_1_m,<24_1_w,25-34_1_m,25-34_1_w,35-44_1_m,35-44_1_w,45-54_1_m,45-54_1_w,55-64_1_m,55-64_1_w,65-74_1_m,65-74_1_w,75-84_1_m,75-84_1_w,>84_1_m,>84_1_w,<24_2_m,<24_2_w,25-34_2_m,25-34_2_w,35-44_2_m,35-44_2_w,45-54_2_m,45-54_2_w,55-64_2_m,55-64_2_w,65-74_2_m,65-74_2_w,75-84_2_m,75-84_2_w,>84_2_m,>84_2_w,bp_1,bp_2,mo_1,mo_2,az_1,az_2,ja
2021-06-27T23:59:59+02:00,44364,41871,52740,48413,63456,64511,84878,87531,97695,97635,69157,75363,49380,60399,13961,23954,11457,10863,19580,19662,24053,28364,37842,45071,44143,47975,50802,56546,42976,52382,12617,21487,708891,356158,67518,46817,179512,103458,19387
2021-06-26T23:59:59+02:00,42494,40029,52014,47670,62907,63953,84395,87019,97272,97206,68968,75187,49307,60294,13942,23931,11332,10755,19421,19519,23864,28155,37374,44638,43789,47636,50690,56407,42930,52338,12612,21472,700199,353300,67500,46813,179512,103442,19377
2021-06-25T23:59:59+02:00,41245,38884,51675,47324,62589,63638,84123,86723,97031,96950,68868,75076,49262,60238,13927,23912,11014,10430,19044,19101,23353,27550,34704,42356,41628,45743,50355,56033,42833,52209,12588,21442,695166,341843,67446,46371,179508,102824,19345
2021-06-24T23:59:59+02:00,40707,38386,51329,46998,62380,63442,83896,86537,96851,96801,68787,75013,49228,60196,13922,23896,10413,9839,18025,18274,22014,26359,32671,40576,39238,43486,48888,54411,42267,51516,12473,21246,692289,329303,67429,43905,179487,99324,19164
2021-06-23T23:59:59+02:00,40472,38130,51166,46838,62278,63341,83802,86443,96780,96719,68757,74981,49213,60174,13921,23885,9969,9411,17428,17755,21108,25539,30795,38999,35413,39215,47633,53088,41888,51016,12394,21083,691099,314446,67402,43294,179473,96068,18926
2021-06-22T23:59:59+02:00,39412,37131,50425,46166,61808,62905,83435,86044,96418,96412,68611,74844,49149,60094,13908,23853,9481,8956,16574,17080,19905,24478,27705,36254,33145,37368,46703,52148,41482,50465,12257,20854,685015,302423,67363,40558,179464,93101,18773
2021-06-21T23:59:59+02:00,37910,35757,49408,45292,61098,62250,82941,85573,95980,96012,68444,74675,49086,60002,13896,23820,9170,8658,16122,16723,19278,23995,25986,34714,31638,36088,45686,51091,41033,49919,12152,20667,677066,295168,67342,39921,179451,89546,18285
2021-06-20T23:59:59+02:00,37816,35697,49268,45181,60970,62123,82865,85519,95914,95955,68410,74648,49072,59985,13896,23812,9023,8554,15907,16555,18967,23739,25172,34067,30710,35154,45495,50895,41001,49866,12144,20651,676466,291416,67307,39338,179437,89225,17921
2021-06-19T23:59:59+02:00,35844,33851,48361,44370,60487,61619,82401,85046,95509,95602,68260,74485,49007,59904,13882,23788,8982,8478,15809,16438,18850,23590,25072,33915,30587,35016,45400,50799,40983,49841,12140,20641,667788,290111,67294,39335,179432,89193,17902
2021-06-18T23:59:59+02:00,34000,32087,47155,43184,59558,60712,81606,84306,94895,95027,68043,74268,48918,59765,13867,23758,8910,8392,15661,16289,18667,23405,24825,33679,30305,34704,45110,50456,40900,49768,12127,20627,656695,287980,67171,39219,179431,88774,17852
2021-06-17T23:59:59+02:00,32994,31186,46293,42488,58765,59880,80877,83659,94492,94652,67907,74125,48876,59690,13852,23729,8375,8027,14983,15736,17851,22595,23726,32567,28837,33361,43794,48965,40416,49158,12008,20440,649816,279113,67064,38404,179401,86138,17184
2021-06-16T23:59:59+02:00,32246,30448,45523,41762,57863,59022,80118,82901,94083,94284,67775,73967,48821,59601,13832,23703,7887,7716,14376,15233,17101,21886,22603,31631,27676,32270,41923,46881,39879,48585,11900,20256,642940,269554,66948,37807,179386,83767,16675
2021-06-15T23:59:59+02:00,30236,28544,43782,40247,56293,57394,78749,81599,93338,93625,67492,73678,48712,59443,13799,23639,7712,7588,14078,15000,16744,21601,22091,31259,27162,31856,41000,45882,39503,48174,11778,20041,628116,266547,66906,37311,179352,81415,16196
2021-06-14T23:59:59+02:00,28608,26962,42189,38741,54656,55761,77662,80501,92646,93006,67240,73438,48616,59322,13779,23596,7528,7419,13705,14677,16225,21170,21415,30685,26504,31274,40627,45464,39127,47734,11651,19838,614973,263935,66852,36906,179323,78627,15575
2021-06-13T23:59:59+02:00,28388,26759,41806,38415,54129,55248,77316,80201,92459,92817,67153,73361,48580,59268,13764,23571,7391,7253,13443,14385,15855,20781,20991,30202,25981,30780,40237,45067,38681,47184,11477,19560,612305,261883,66721,36840,179291,75627,14918
2021-06-12T23:59:59+02:00,26734,25054,40640,37333,53460,54518,76794,79707,91914,92295,66998,73184,48511,59193,13751,23550,7346,7203,13322,14280,15723,20675,20811,30058,25867,30686,40220,45051,38673,47175,11477,19560,602776,261119,66718,36840,179283,75309,14859
2021-06-11T23:59:59+02:00,24996,23418,39284,36144,52242,53314,75824,78857,91336,91721,66764,72950,48450,59086,13732,23515,7290,7114,13152,14105,15519,20490,20546,29807,25606,30438,39912,44677,38590,47061,11460,19531,591015,259271,66643,36695,179271,74628,14704
2021-06-10T23:59:59+02:00,23911,22322,38067,34973,50661,51824,74513,77678,89735,90185,66411,72560,48326,58913,13706,23462,7013,6891,12638,13680,14898,19932,19795,29069,24829,29775,39223,43824,38241,46652,11348,19348,578174,255885,66186,36663,179222,70943,13665
2021-06-09T23:59:59+02:00,23426,21915,37439,34475,49573,50803,73285,76491,89154,89687,66292,72418,48277,58828,13691,23432,6744,6581,12044,13080,14127,19139,18890,28057,23853,28627,36668,40940,37676,46010,11202,19110,571176,245660,65778,36600,179181,67437,13051
2021-06-08T23:59:59+02:00,21819,20346,35834,33124,47481,48857,71157,74574,87689,88217,65982,72034,48146,58670,13659,23388,6614,6406,11673,12721,13654,18660,18294,27467,23309,28101,36389,40692,37388,45648,11094,18953,553926,244047,65504,36525,179152,64096,12395
2021-06-07T23:59:59+02:00,20712,19276,34300,31806,45221,46845,69040,72712,86724,87371,65765,71772,48072,58535,13640,23353,6462,6247,11261,12377,13119,18186,17571,26883,22684,27512,36076,40388,36979,45173,10987,18760,538854,242096,65335,36461,179101,60254,11854
2021-06-06T23:59:59+02:00,20512,19110,33910,31526,44618,46282,68427,72234,86517,87204,65711,71714,48058,58506,13634,23342,6331,6079,10946,11972,12701,17622,16944,26084,21997,26718,35618,39921,36522,44645,10838,18501,535777,239688,65014,36415,179052,55874,11462
2021-06-05T23:59:59+02:00,19193,17759,32578,30305,43393,45102,67850,71710,85987,86692,65620,71612,48011,58459,13627,23330,6282,6006,10843,11828,12580,17460,16783,25887,21836,26554,35558,39842,36501,44623,10836,18496,525793,239131,65014,36000,178979,55342,11442
2021-06-04T23:59:59+02:00,17921,16537,31262,29014,41843,43606,66507,70399,85176,85943,65434,71398,47936,58369,13611,23303,6182,5867,10670,11623,12366,17215,16439,25509,21324,26119,34675,38999,36187,44326,10819,18473,512967,237341,64949,35680,178971,52400,11372
2021-06-03T23:59:59+02:00,17232,15910,30287,28200,40399,42330,64748,68884,82932,83667,65013,70948,47808,58207,13593,23266,6015,5661,10371,11279,12055,16769,16000,24875,20787,25549,34013,38220,36017,44129,10786,18423,499267,235057,64272,35299,178929,49637,10956
2021-06-02T23:59:59+02:00,16879,15571,29986,27949,39734,41717,63167,67499,81996,82867,64873,70787,47748,58124,13590,23252,5904,5570,10202,11127,11837,16565,15711,24575,20455,25163,30793,34617,35791,43907,10757,18368,491844,226453,64271,34976,178927,49216,10697
2021-06-01T23:59:59+02:00,16048,14879,28514,26875,37417,39694,59643,64350,79602,80583,64527,70426,47621,57940,13557,23198,5632,5291,9695,10700,11313,15987,15073,23806,19739,24426,30453,34327,35597,43731,10729,18308,473791,225088,62725,34485,178868,45744,9490
2021-05-31T23:59:59+02:00,15472,14391,27586,26183,35459,38033,56217,61336,77574,78880,64193,70073,47480,57768,13524,23145,5475,5080,9300,10343,10893,15520,14548,23136,19131,23738,30170,34080,35418,43544,10694,18252,458054,224437,62017,34100,178805,42347,8438
2021-05-30T23:59:59+02:00,15323,14265,27308,25958,35010,37628,55509,60723,77254,78609,64136,70018,47455,57732,13520,23134,5377,4895,8977,9988,10492,15047,14111,22364,18629,22989,29504,33377,35199,43357,10672,18193,455107,224005,61584,34020,178760,37015,8131
2021-05-29T23:59:59+02:00,14928,13868,26456,25141,33258,36036,54035,59430,76665,78043,63986,69871,47403,57679,13513,23120,5343,4817,8917,9879,10404,14936,14006,22220,18500,22854,29474,33355,35193,43349,10671,18190,444999,223546,61551,34020,178756,36416,8126
2021-05-28T23:59:59+02:00,14517,13462,25644,24397,31410,34274,51872,57433,75614,77051,63781,69623,47351,57602,13503,23097,5261,4700,8752,9734,10256,14773,13851,21989,18297,22561,29407,33310,35177,43334,10670,18186,433061,222925,61085,34015,178667,35500,7818
2021-05-27T23:59:59+02:00,13892,12997,24583,23682,30173,33353,50276,56066,72533,74079,63346,69089,47218,57440,13480,23043,5149,4464,8428,9405,9865,14365,13428,21374,17813,21978,29194,33112,35070,43223,10649,18159,420982,222315,59143,33948,178048,32336,7077
2021-05-26T23:59:59+02:00,13405,12564,23674,23039,29262,32663,49193,55144,69580,70901,62736,68482,47083,57270,13450,22998,5065,4300,8175,9089,9572,13982,13075,20781,17385,21383,29003,32946,34973,43121,10623,18109,410203,221729,56975,33830,177553,29310,6713
2021-05-25T23:59:59+02:00,13062,12261,23101,22638,28214,31813,46603,52920,67319,68785,62386,68116,46971,57121,13434,22946,4987,4180,7972,8839,9320,13613,12765,20271,17015,20844,28848,32795,34890,43021,10598,18055,398401,221217,55912,33752,176932,26599,6445
2021-05-24T23:59:59+02:00,12767,11975,22601,22256,27601,31363,43991,50494,64877,66600,62081,67819,46859,56998,13400,22892,4913,4076,7726,8611,9007,13237,12443,19767,16633,20292,28709,32656,34819,42953,10577,18012,386784,220661,55432,33690,176267,23989,6091
2021-05-23T23:59:59+02:00,12707,11904,22506,22173,27522,31288,43735,50266,64293,66052,62002,67731,46834,56981,13398,22890,4893,4061,7688,8581,8951,13207,12366,19709,16563,20237,28701,32644,34816,42947,10577,18011,384588,220399,55354,33684,176255,23784,6085
2021-05-22T23:59:59+02:00,12482,11665,22189,21871,26522,30403,41906,48692,63439,65315,61842,67540,46768,56890,13388,22867,4877,4005,7661,8520,8912,13147,12336,19627,16537,20174,28693,32634,34812,42941,10576,18010,376131,220321,55339,33684,176249,23397,6060
2021-05-21T23:59:59+02:00,12178,11411,21621,21437,25719,29721,39533,46816,61479,63658,61581,67271,46684,56802,13373,22842,4858,3976,7608,8434,8846,13063,12260,19537,16464,20092,28678,32609,34805,42931,10574,18009,365799,220138,54280,33671,176059,22947,5988
2021-05-20T23:59:59+02:00,11557,10839,20511,20562,24579,28713,38033,45544,59147,61602,60767,66379,46487,56546,13339,22787,4577,3799,7213,8147,8420,12675,11811,19040,16057,19591,28559,32515,34754,42880,10570,17999,355389,219755,51960,33562,174775,20022,5268
2021-05-19T23:59:59+02:00,11122,10529,19727,20018,23736,28123,37138,44862,55937,57983,60080,65680,46378,56413,13316,22740,4427,3633,6961,7905,8144,12349,11488,18617,15690,19170,28465,32402,34712,42806,10560,17984,345005,219293,50347,33452,173651,17789,4779
2021-05-18T23:59:59+02:00,10794,10243,19162,19567,23101,27568,35743,43642,54539,56872,59713,65260,46250,56252,13291,22715,4321,3510,6722,7674,7888,12071,11264,18229,15349,18745,28383,32313,34681,42768,10556,17977,339680,219019,48519,33378,172186,15727,4327
2021-05-17T23:59:59+02:00,10574,10063,18732,19285,22677,27268,34553,42653,53240,55844,59469,65014,46187,56154,13275,22682,4251,3423,6515,7460,7641,11781,11012,17841,15046,18347,28295,32229,34658,42729,10550,17965,335647,218749,47546,33312,170679,13884,3798
2021-05-16T23:59:59+02:00,10388,9930,18439,19084,22346,27029,33918,42198,52006,54677,59278,64851,46151,56099,13264,22662,4184,3349,6302,7297,7353,11538,10752,17504,14762,18001,28233,32167,34642,42711,10543,17961,333231,218509,46672,33253,169067,12187,3350
2021-05-15T23:59:59+02:00,10291,9828,18287,18939,22179,26891,33533,41831,51613,54303,59162,64703,46103,56054,13261,22646,4142,3314,6217,7232,7259,11436,10653,17386,14657,17873,28140,32049,34551,42618,10539,17956,330848,217428,46672,33252,168931,12169,3173
2021-05-14T23:59:59+02:00,10010,9619,17858,18703,21787,26607,31184,40063,49473,52455,58945,64477,46054,55972,13245,22624,4013,3231,5934,7071,6953,11214,10311,17042,14316,17549,27569,31344,34430,42426,10521,17927,321742,214155,46619,33248,168317,12050,2398
2021-05-13T23:59:59+02:00,9549,9245,17066,18144,20920,25930,30066,39085,47238,50292,58099,63513,45845,55690,13206,22552,3513,3035,5598,6817,6644,10911,9908,16660,13943,17120,26676,30154,34010,41915,10490,17866,313280,209597,44760,32697,166307,10873,2093
2021-05-12T23:59:59+02:00,9257,9055,16634,17888,20454,25649,29541,38699,44242,46661,57526,62874,45761,55578,13188,22527,3374,2949,5369,6707,6367,10768,9627,16453,13710,16861,26046,29348,33846,41726,10464,17832,304141,206627,43937,32675,166018,10707,1438
2021-05-11T23:59:59+02:00,8818,8772,15862,17372,19592,25035,27800,37257,42316,45165,57148,62429,45677,55443,13166,22500,3256,2819,5141,6366,6067,10356,9266,15896,13274,16308,24631,27688,33341,41104,10414,17746,298658,200692,40878,32496,163545,9214,1271
2021-05-10T23:59:59+02:00,8560,8619,15356,17126,18971,24721,26813,36578,40870,44021,56890,62157,45599,55341,13145,22472,3149,2690,4917,6137,5819,10038,8942,15425,12916,15893,23589,26363,32855,40521,10379,17688,295404,196070,39974,32471,160891,7810,970
2021-05-09T23:59:59+02:00,8405,8536,15053,16943,18597,24472,26146,36156,39094,42370,56595,61877,45547,55284,13138,22453,3030,2638,4737,6001,5651,9866,8752,15222,12749,15723,23315,26033,32712,40347,10369,17673,292467,194885,39604,32432,157900,6806,695
2021-05-08T23:59:59+02:00,8333,8462,14873,16798,18389,24275,25921,35920,38863,42181,56468,61728,45511,55246,13135,22443,3023,2620,4704,5965,5608,9820,8675,15158,12663,15653,22946,25608,32432,40036,10361,17657,290918,193701,39153,31729,157780,6804,695
2021-05-07T23:59:59+02:00,8159,8364,14550,16617,18013,24045,25501,35637,38417,41807,56195,61376,45462,55199,13128,22433,2719,2486,4353,5782,5342,9559,8364,14849,12271,15259,21857,24246,31792,39208,10333,17607,288419,190280,38726,30239,157456,5206,302
2021-05-06T23:59:59+02:00,7505,8002,13660,16017,16964,23197,24170,34532,36269,40142,55067,60059,45221,54895,13093,22366,2592,2373,4180,5588,5136,9250,8023,14408,11842,14811,20560,22575,30949,38216,10281,17496,277793,184720,37452,29283,155649,4012,265
2021-05-05T23:59:59+02:00,6972,7697,12881,15467,15947,22435,22794,33512,34453,38665,53238,58031,44906,54551,13061,22300,2503,2313,4009,5433,4947,9038,7680,14072,11481,14458,19191,20808,29774,36815,10241,17395,266402,178673,36543,28121,153879,3278,86
2021-05-04T23:59:59+02:00,6783,7602,12523,15296,15463,22166,22160,33170,33498,37971,52388,57075,44785,54424,13043,22258,2447,2242,3857,5265,4773,8786,7346,13665,11055,14003,17548,18893,28684,35495,10146,17277,262661,171908,35680,27193,152232,2349,32
2021-05-03T23:59:59+02:00,6636,7457,12150,15082,14960,21857,21460,32769,32352,37085,52093,56761,44689,54319,13028,22227,2387,2172,3766,5088,4638,8554,7132,13320,10738,13596,16353,17402,27808,34395,10081,17170,259403,166370,35221,26844,150279,1364,22
2021-05-02T23:59:59+02:00,6557,7367,11942,14911,14667,21626,20988,32451,31207,36141,51810,56471,44627,54231,13012,22196,2375,2165,3746,5056,4609,8518,7069,13250,10656,13506,16044,17010,27513,34093,10069,17158,256990,164820,35149,26733,148044,1263,21
2021-05-01T23:59:59+02:00,6539,7342,11880,14867,14590,21567,20892,32380,31083,36051,51804,56455,44623,54230,13010,22194,2372,2156,3723,5039,4567,8493,7033,13214,10597,13451,15846,16787,27397,33956,10066,17148,256442,163857,35149,26706,147895,1261,21
2021-04-30T23:59:59+02:00,6500,7305,11790,14780,14485,21454,20699,32199,30846,35863,51532,56097,44579,54176,13005,22182,2344,2136,3661,4977,4473,8385,6882,13030,10324,13190,15037,15762,26531,32886,10026,17061,254686,160667,35106,24827,147680,1191,20
2021-04-29T23:59:59+02:00,6300,7181,11477,14593,14133,21221,20183,31914,30097,35378,50888,55275,44487,54064,12982,22109,2307,2091,3569,4888,4349,8252,6692,12814,10051,12904,14067,14532,25233,31345,9964,16969,251535,154989,35014,24083,145713,935,20
2021-04-28T23:59:59+02:00,6034,7016,11104,14262,13647,20762,19551,31314,28933,34251,48227,52289,44195,53740,12919,22032,2270,2051,3500,4828,4236,8136,6534,12630,9805,12687,12937,13061,23753,29479,9903,16867,241644,149072,34892,22881,143732,716,8
2021-04-27T23:59:59+02:00,5932,6925,10957,14141,13454,20605,19280,31106,28377,33870,48024,52071,44139,53690,12911,22010,2228,2019,3409,4735,4143,8028,6371,12445,9528,12414,11730,11503,22102,27333,9826,16723,240303,142294,34846,21696,142335,539,8
2021-04-26T23:59:59+02:00,5884,6883,10844,14076,13297,20486,19056,30899,27557,33305,47688,51707,44087,53626,12902,21981,2207,1990,3357,4692,4081,7959,6273,12314,9343,12239,10821,10349,20831,25588,9766,16635,239603,137054,34821,20954,139846,429,8
2021-04-25T23:59:59+02:00,5839,6835,10743,13982,13139,20334,18814,30618,26803,32571,47191,51197,44006,53529,12888,21962,2180,1979,3327,4674,4063,7940,6240,12274,9286,12180,10660,10155,20589,25265,9756,16621,237919,136200,34778,20611,137746,370,8
2021-04-24T23:59:59+02:00,5818,6787,10669,13899,13042,20195,18686,30444,26641,32395,47092,51074,43913,53436,12884,21957,2173,1969,3303,4648,4024,7894,6169,12201,9156,12063,10504,9973,20458,25134,9740,16603,236469,135680,34762,19972,137693,352,8
2021-04-23T23:59:59+02:00,5755,6696,10542,13701,12847,19944,18385,30074,26252,32038,46146,49945,43759,53192,12862,21925,2156,1949,3261,4614,3976,7839,6076,12111,8991,11936,10238,9675,20136,24717,9692,16522,232109,134567,34706,18973,137240,341,8
2021-04-22T23:59:59+02:00,5652,6581,10337,13505,12498,19615,17880,29605,25630,31450,44417,47794,43186,52463,12817,21824,2142,1938,3222,4563,3900,7765,5949,12012,8733,11771,9810,9268,19685,24129,9642,16445,225887,132461,34596,18196,134763,309,8
2021-04-21T23:59:59+02:00,5559,6443,10111,13304,12168,19306,17380,29110,24920,30724,40159,42941,42708,51929,12751,21719,2133,1929,3187,4527,3844,7710,5872,11920,8559,11613,9481,8886,19189,23547,9582,16350,213826,130837,34530,17194,132868,290,8
2021-04-20T23:59:59+02:00,5481,6354,9918,13090,11895,19045,16961,28704,24369,30165,38408,40933,42056,51154,12679,21581,2109,1916,3148,4503,3778,7666,5743,11825,8392,11486,9199,8567,18720,22887,9485,16209,207631,129494,34441,15894,130713,237,8
2021-04-19T23:59:59+02:00,5402,6276,9762,12963,11699,18846,16600,28323,23830,29701,36861,39143,41468,50430,12624,21493,2094,1898,3113,4469,3738,7623,5704,11756,8310,11396,8963,8284,18316,22322,9439,16119,202626,127814,34387,15503,128400,219,8
2021-04-18T23:59:59+02:00,5339,6224,9633,12880,11504,18709,16322,28128,23432,29391,35558,37786,41119,50025,12592,21430,2082,1882,3083,4448,3711,7608,5659,11710,8259,11348,8863,8193,18164,22134,9426,16096,201103,127328,34348,15115,124613,215,8
2021-04-17T23:59:59+02:00,5333,6208,9600,12849,11459,18669,16246,28062,23368,29334,35250,37449,41012,49928,12586,21419,2072,1874,3056,4436,3653,7563,5588,11661,8174,11298,8756,8085,18060,22018,9405,16083,199881,126535,34339,15026,124544,213,8
2021-04-16T23:59:59+02:00,5274,6169,9514,12792,11333,18561,16038,27909,23030,28993,34177,36198,40608,49409,12566,21386,1940,1789,2838,4262,3304,7252,4847,11149,6732,10238,6304,6099,16288,20366,9213,15787,195778,117484,34256,10705,123915,211,8
2021-04-15T23:59:59+02:00,5207,6079,9315,12623,11039,18313,15547,27522,22346,28399,32296,33892,39571,48208,12489,21222,1896,1757,2773,4199,3190,7134,4631,10970,6362,9929,5846,5705,15699,19681,9028,15459,189977,114389,34202,9658,119881,204,8
2021-04-14T23:59:59+02:00,5146,6032,9148,12495,10820,18135,15147,27209,21705,27927,30383,31648,38360,46798,12415,21038,1815,1702,2690,4133,3082,7044,4430,10806,6060,9680,5366,5294,15112,18994,8826,15109,183620,111786,34063,8201,116715,148,8
2021-04-13T23:59:59+02:00,5100,5978,9011,12365,10642,17968,14808,26936,21181,27465,28287,29204,37100,45207,12274,20835,1770,1686,2654,4091,3028,6983,4302,10665,5794,9471,5028,4988,14663,18548,8695,14910,176751,110382,34000,6835,113602,51,8
2021-04-12T23:59:59+02:00,5038,5930,8902,12231,10441,17820,14491,26660,20643,27010,26260,26946,35945,43743,12148,20639,1737,1646,2626,4072,3002,6930,4243,10600,5693,9374,4868,4844,14365,18179,8584,14711,171049,109555,33926,5861,109864,50,8
2021-04-11T23:59:59+02:00,4999,5887,8814,12152,10283,17719,14235,26484,20221,26688,25067,25669,35246,42963,12060,20495,1728,1640,2605,4052,2980,6906,4210,10555,5607,9306,4778,4791,14251,18058,8545,14659,169273,109362,33857,5256,105844,45,8
2021-04-10T23:59:59+02:00,4988,5873,8774,12126,10228,17685,14169,26436,20125,26608,24752,25295,34904,42543,12053,20474,1723,1635,2596,4043,2966,6890,4181,10526,5550,9267,4700,4712,14125,17896,8499,14575,168066,108575,33136,5256,105823,45,8
2021-04-09T23:59:59+02:00,4942,5843,8689,12048,10106,17561,14005,26261,19866,26368,23924,24148,33954,41339,12020,20401,1695,1605,2542,4008,2894,6829,4031,10413,5301,9043,4280,4337,13563,17185,8272,14208,164721,104906,31630,5249,105118,45,6
2021-04-08T23:59:59+02:00,4866,5777,8542,11938,9892,17384,13612,25949,19264,25900,22220,22171,32275,39375,11873,20166,1664,1590,2488,3961,2814,6744,3881,10276,5009,8782,3824,3911,12581,15946,7800,13449,158986,99956,30724,4719,101488,39,6
2021-04-07T23:59:59+02:00,4818,5723,8363,11865,9665,17236,13293,25723,18796,25540,20416,20065,30521,37116,11757,19955,1631,1574,2434,3911,2754,6663,3772,10130,4823,8593,3559,3621,11899,15141,7430,12898,152965,96652,29552,4148,98329,27,6
2021-04-06T23:59:59+02:00,4771,5682,8220,11755,9507,17073,12977,25458,18280,25155,18565,18006,28608,34629,11561,19613,1597,1555,2412,3885,2721,6626,3707,10086,4744,8506,3452,3499,11423,14501,7149,12489,146152,94360,28599,3960,95103,26,6
2021-04-05T23:59:59+02:00,4739,5640,8125,11666,9372,16973,12767,25246,17884,24808,16845,16077,26985,32485,11415,19388,1576,1544,2382,3866,2693,6579,3666,10029,4657,8390,3341,3391,11085,14132,6992,12208,140755,92969,28165,3530,91489,26,6
2021-04-04T23:59:59+02:00,4732,5634,8117,11656,9358,16960,12742,25226,17856,24784,16713,15903,26789,32239,11406,19375,1576,1543,2380,3863,2691,6576,3664,10026,4653,8387,3331,3378,11073,14121,6990,12200,140037,92890,28072,3530,91375,26,6
2021-04-03T23:59:59+02:00,4728,5627,8103,11648,9338,16940,12703,25195,17778,24721,16634,15814,26744,32181,11401,19368,1573,1541,2371,3855,2673,6562,3640,9998,4571,8332,3213,3263,10991,14048,6984,12190,139510,92243,28044,3530,91363,26,6
2021-04-02T23:59:59+02:00,4703,5607,8046,11595,9275,16871,12565,25089,17545,24521,16183,15336,26270,31610,11369,19315,1571,1532,2358,3849,2666,6546,3619,9966,4502,8240,3144,3195,10753,13749,6832,11990,138314,90954,26635,3526,90945,26,6
2021-04-01T23:59:59+02:00,4659,5546,7934,11454,9144,16712,12291,24804,17100,24120,15436,14612,25517,30652,11244,19134,1555,1511,2327,3817,2644,6517,3579,9927,4434,8176,3033,3067,9823,12636,6223,11143,136088,86963,25970,3421,88297,24,4
2021-03-31T23:59:59+02:00,4451,5466,7823,11332,9006,16548,12073,24528,16750,23759,14740,13850,24687,29643,11139,18940,1546,1506,2313,3797,2619,6489,3532,9881,4366,8107,2943,2978,9254,11941,5859,10650,134298,84556,24516,3197,85917,24,4
2021-03-30T23:59:59+02:00,4420,5413,7751,11207,8922,16390,11912,24338,16473,23451,14148,13208,23933,28668,11001,18698,1532,1496,2295,3773,2593,6459,3493,9817,4300,8036,2820,2832,8675,11287,5511,10165,132833,82260,23304,2799,83792,21,4
2021-03-29T23:59:59+02:00,4379,5355,7652,11095,8815,16229,11753,24067,16150,23106,13607,12611,23172,27699,10847,18451,1514,1483,2276,3758,2572,6430,3458,9761,4237,7962,2767,2767,8389,10901,5322,9859,131004,80890,22550,2541,81430,21,4
2021-03-28T23:59:59+02:00,4346,5270,7566,10987,8738,16078,11618,23837,15893,22833,13283,12301,22603,27010,10673,18172,1505,1478,2255,3743,2560,6401,3418,9711,4199,7906,2719,2716,8312,10796,5279,9794,130507,80556,22030,2213,78667,19,4
2021-03-27T23:59:59+01:00,4334,5259,7540,10957,8673,16007,11518,23741,15752,22717,13077,12087,22404,26800,10638,18143,1504,1476,2252,3741,2559,6400,3405,9688,4188,7884,2709,2709,8256,10731,5245,9754,129629,80265,21387,2213,78627,19,4
2021-03-26T23:59:59+01:00,4290,5190,7432,10827,8498,15825,11188,23442,15148,22217,12166,11272,21620,25967,10496,17919,1497,1462,2247,3720,2546,6377,3388,9662,4147,7847,2680,2671,8079,10514,5129,9587,125626,79431,19789,2099,78078,19,4
2021-03-25T23:59:59+01:00,4232,5031,7272,10551,8256,15424,10807,22822,14509,21523,11497,10611,20755,24901,10184,17383,1477,1448,2215,3695,2512,6340,3351,9615,4078,7765,2546,2536,7108,9271,4526,8687,122373,75283,19016,1865,74366,19,3
2021-03-24T23:59:59+01:00,4157,4890,7137,10267,8043,15016,10548,22280,14043,20918,10896,10052,19821,23816,9859,16820,1456,1419,2189,3658,2467,6304,3311,9552,4000,7666,2448,2437,6464,8511,4143,8106,119787,72663,17831,1448,70943,18,2
2021-03-23T23:59:59+01:00,4117,4796,7031,10034,7890,14678,10292,21777,13649,20428,10429,9610,19099,22967,9549,16360,1445,1402,2163,3637,2446,6278,3252,9498,3911,7594,2354,2335,5738,7588,3697,7419,118342,69618,16730,1120,67633,18,1
2021-03-22T23:59:59+01:00,4066,4716,6905,9794,7730,14361,10038,21314,13303,19933,10039,9255,18537,22256,9357,16018,1436,1395,2154,3623,2434,6262,3229,9475,3882,7562,2294,2285,5289,6985,3348,6930,117467,67531,16332,1033,63822,18,1
2021-03-21T23:59:59+01:00,4020,4612,6776,9529,7566,14005,9814,20776,12964,19410,9719,8978,18010,21658,9168,15711,1433,1392,2153,3613,2431,6255,3223,9466,3872,7548,2280,2267,5169,6851,3290,6830,117273,67026,15938,1033,59504,13,1
2021-03-20T23:59:59+01:00,4009,4589,6741,9477,7508,13934,9730,20671,12859,19320,9632,8884,17874,21485,9118,15624,1430,1389,2149,3610,2426,6250,3210,9456,3853,7538,2246,2235,4845,6478,3105,6589,116450,65762,15843,1033,59161,13,1
2021-03-19T23:59:59+01:00,3835,4448,6451,9227,7067,13515,8823,19943,11138,17996,6779,6543,15645,19292,8761,15060,1426,1385,2144,3604,2414,6237,3198,9433,3803,7492,2179,2194,4477,6006,2840,6272,107188,64089,11142,1001,56192,13,1
2021-03-18T23:59:59+01:00,3731,4314,6274,8918,6804,13076,8436,19289,10500,17262,6071,5892,14430,17825,8251,14244,1422,1379,2121,3578,2395,6200,3169,9391,3764,7459,2136,2160,4058,5481,2560,5860,102090,62229,10139,893,53087,10,1
2021-03-17T23:59:59+01:00,3654,4240,6143,8776,6640,12898,8142,18981,10103,16872,5666,5509,13613,16895,7857,13663,1412,1367,2105,3559,2365,6168,3138,9364,3728,7423,2080,2102,3653,5035,2311,5475,98862,60515,8459,759,52330,10,1
2021-03-16T23:59:59+01:00,3575,4106,5994,8506,6433,12532,7829,18399,9559,16218,5148,5058,12801,15936,7526,13172,1403,1359,2097,3544,2350,6154,3123,9344,3702,7397,2051,2067,3138,4400,1979,4972,96557,58316,7059,755,49175,8,1
2021-03-15T23:59:59+01:00,3526,3962,5809,8229,6214,12127,7557,17828,9126,15596,4833,4778,12147,15193,7261,12711,1403,1350,2081,3530,2330,6128,3104,9296,3679,7358,2014,2016,2785,3943,1698,4582,95068,56550,6091,741,45738,6,0
2021-03-14T23:59:59+01:00,3479,3831,5583,7903,5929,11684,7252,17110,8669,14843,4522,4507,11856,14940,7215,12612,1396,1344,2065,3501,2315,6078,3086,9238,3662,7319,2007,2005,2707,3836,1646,4497,94953,56150,5485,547,41497,5,0
2021-03-13T23:59:59+01:00,3465,3794,5544,7802,5871,11576,7174,16980,8528,14700,4370,4359,11764,14855,7209,12601,1396,1344,2065,3501,2314,6078,3085,9237,3661,7319,2004,1997,2655,3781,1612,4443,94267,55940,5485,547,40840,5,0
2021-03-12T23:59:59+01:00,3447,3722,5490,7665,5809,11432,7091,16756,8394,14468,4263,4263,11493,14532,7055,12386,1396,1344,2061,3495,2313,6070,3081,9231,3660,7313,2002,1995,2568,3673,1531,4358,92851,55539,5477,547,39938,5,0
2021-03-11T23:59:59+01:00,3367,3526,5282,7367,5579,11016,6750,16094,7963,13833,3925,3928,10416,13277,6406,11482,1390,1341,2051,3482,2295,6045,3058,9197,3637,7282,1973,1970,2331,3411,1381,4140,88678,54465,5050,514,36483,5,0
2021-03-10T23:59:59+01:00,3272,3409,5071,7097,5367,10662,6482,15553,7630,13291,3705,3702,9775,12485,6020,10947,1386,1330,2025,3444,2265,5955,3010,9075,3579,7165,1930,1894,2115,3174,1253,3951,86221,53268,4684,279,33563,4,0
2021-03-09T23:59:59+01:00,3198,3279,4917,6911,5174,10383,6256,15123,7332,12789,3522,3497,9146,11783,5646,10427,1379,1320,1990,3384,2234,5854,2949,8932,3512,7085,1901,1868,1841,2859,1085,3706,83954,51863,4430,32,30999,4,0
2021-03-08T23:59:59+01:00,3133,3120,4691,6647,4937,10029,5997,14614,6971,12203,3324,3305,8759,11339,5450,10116,1376,1302,1976,3306,2203,5763,2911,8787,3480,6991,1886,1848,1638,2628,967,3515,82486,50547,4069,30,28080,0,0
2021-03-07T23:59:59+01:00,3100,3061,4618,6534,4856,9917,5892,14452,6855,12060,3273,3261,8676,11234,5412,10049,1370,1297,1969,3294,2195,5736,2904,8749,3469,6973,1878,1837,1583,2561,915,3447,82142,50147,3901,30,27207,0,0
2021-03-06T23:59:59+01:00,3086,3001,4574,6445,4822,9854,5834,14338,6807,11952,3249,3238,8620,11168,5378,10006,1368,1284,1964,3280,2183,5709,2901,8721,3458,6954,1870,1813,1556,2537,909,3438,81826,49915,3901,30,26645,0,0
2021-03-05T23:59:59+01:00,3062,2908,4516,6337,4760,9755,5771,14187,6707,11799,3206,3185,8436,10938,5259,9833,1359,1251,1934,3225,2159,5602,2859,8588,3415,6816,1828,1768,1492,2466,887,3412,80930,49031,3893,30,25836,0,0
2021-03-04T23:59:59+01:00,3008,2715,4358,6100,4541,9447,5564,13771,6398,11410,3028,3011,7419,9648,4642,8921,1339,1203,1898,3104,2130,5420,2813,8313,3360,6587,1759,1680,1457,2418,883,3394,76792,47729,3622,29,23567,0,0
2021-03-03T23:59:59+01:00,2968,2644,4218,5909,4376,9179,5363,13395,6144,10991,2908,2880,6773,8878,4246,8316,1327,1165,1871,3033,2108,5312,2782,8137,3306,6430,1690,1636,1416,2348,863,3340,74076,46735,3393,29,21719,0,0
2021-03-02T23:59:59+01:00,2908,2557,4034,5694,4168,8909,5167,13019,5878,10618,2762,2723,6005,7913,3782,7612,1295,1122,1844,2962,2084,5175,2733,7865,3257,6232,1620,1576,1353,2269,843,3296,70924,45497,2946,29,19879,0,0
2021-03-01T23:59:59+01:00,2868,2494,3869,5542,3981,8690,4979,12698,5640,10232,2662,2609,5515,7257,3428,7107,1289,1087,1821,2861,2057,4986,2693,7615,3198,5995,1577,1540,1304,2210,817,3256,68773,44277,2646,29,18152,0,0
2021-02-28T23:59:59+01:00,2827,2445,3710,5427,3761,8501,4796,12448,5453,9927,2605,2536,5392,7101,3366,7007,1285,1082,1817,2847,2048,4962,2686,7581,3188,5978,1569,1533,1298,2201,815,3247,68300,44108,2427,29,16575,0,0
2021-02-27T23:59:59+01:00,2812,2378,3684,5347,3727,8433,4762,12358,5418,9854,2564,2502,5062,6715,3169,6757,1278,1074,1810,2835,2036,4927,2667,7517,3172,5922,1551,1524,1292,2190,812,3246,66993,43825,2427,28,16122,0,0
2021-02-26T23:59:59+01:00,2791,2335,3644,5263,3662,8331,4701,12250,5333,9766,2488,2449,4686,6234,2897,6431,1218,1026,1760,2727,1987,4747,2612,7244,3099,5714,1490,1473,1269,2168,798,3237,65197,42542,2302,27,15762,0,0
2021-02-25T23:59:59+01:00,2616,2226,3459,5083,3478,8109,4499,11964,5115,9492,2401,2385,4236,5684,2609,6007,1202,969,1729,2619,1935,4475,2540,6855,3007,5428,1446,1430,1250,2153,796,3228,63340,41038,1980,24,14043,0,0
2021-02-24T23:59:59+01:00,2461,2088,3268,4891,3329,7901,4303,11713,4896,9244,2265,2267,3785,5173,2352,5612,1186,941,1707,2534,1901,4338,2481,6599,2955,5222,1416,1399,1232,2133,792,3209,61577,40028,1510,17,12461,0,0
2021-02-23T23:59:59+01:00,2324,1950,3091,4664,3177,7673,4130,11440,4711,8998,2178,2173,3233,4512,2015,5101,1172,893,1677,2440,1862,4146,2413,6300,2859,4962,1359,1344,1204,2090,779,3184,59386,38670,1160,14,10824,0,0
2021-02-22T23:59:59+01:00,2284,1898,3006,4571,3107,7566,4037,11255,4604,8873,2128,2132,2872,4053,1731,4717,1160,835,1645,2314,1819,3902,2337,5910,2734,4664,1297,1290,1181,2058,773,3162,57725,37077,1076,4,10033,0,0
2021-02-21T23:59:59+01:00,2248,1866,2955,4502,3025,7452,3956,11109,4538,8756,2113,2109,2788,3939,1676,4629,1156,817,1628,2262,1795,3792,2304,5756,2671,4541,1265,1267,1171,2044,766,3147,57293,36378,1043,4,9325,0,0
2021-02-20T23:59:59+01:00,2237,1863,2933,4489,3009,7416,3930,11076,4517,8735,2110,2101,2734,3882,1641,4574,1156,814,1628,2260,1794,3783,2303,5751,2670,4537,1264,1264,1170,2041,765,3146,57078,36342,1042,4,9127,0,0
2021-02-19T23:59:59+01:00,2224,1850,2897,4437,2984,7328,3884,10994,4463,8672,2102,2095,2645,3770,1560,4482,1104,805,1589,2252,1784,3774,2293,5730,2661,4525,1258,1253,1159,2036,760,3139,56665,36118,1011,4,8711,0,0
2021-02-18T23:59:59+01:00,2092,1754,2740,4253,2860,7130,3747,10707,4324,8469,2070,2061,2406,3502,1408,4260,1024,771,1515,2154,1735,3652,2221,5572,2605,4438,1244,1233,1154,2022,750,3121,55608,35207,944,4,7231,0,0
2021-02-17T23:59:59+01:00,2049,1705,2648,4120,2752,6916,3594,10367,4183,8227,2013,1978,2187,3273,1285,4071,870,707,1406,2028,1661,3463,2128,5348,2532,4267,1210,1188,1127,1977,735,3080,54545,33724,799,3,6024,0,0
2021-02-16T23:59:59+01:00,1876,1592,2476,3913,2613,6641,3433,10013,4007,7920,1969,1951,1912,2956,1115,3819,843,685,1334,1954,1593,3321,2034,5177,2436,4136,1148,1141,1068,1887,702,2985,53219,32442,763,2,4224,0,0
2021-02-15T23:59:59+01:00,1842,1539,2389,3747,2536,6369,3311,9647,3893,7651,1943,1924,1695,2718,994,3632,825,672,1305,1908,1552,3253,1978,5005,2373,4036,1083,1101,1004,1797,683,2891,52127,31465,750,1,2953,0,0
2021-02-14T23:59:59+01:00,1753,1508,2344,3685,2495,6279,3241,9545,3847,7573,1932,1914,1638,2659,944,3572,810,662,1288,1883,1526,3230,1944,4964,2348,3981,1073,1092,997,1787,680,2879,51795,31143,721,1,2413,0,0
2021-02-13T23:59:59+01:00,1752,1496,2335,3678,2488,6265,3237,9529,3840,7563,1924,1894,1615,2639,940,3562,810,662,1288,1883,1526,3230,1944,4964,2348,3981,1073,1092,997,1787,680,2879,51640,31143,721,1,2396,0,0
2021-02-12T23:59:59+01:00,1672,1410,2235,3566,2408,6093,3132,9291,3719,7299,1878,1838,1552,2567,917,3535,804,655,1276,1862,1511,3211,1936,4933,2332,3961,1068,1087,996,1768,680,2849,50704,30928,721,1,1687,0,0
2021-02-11T23:59:59+01:00,1469,1272,2053,3351,2281,5803,2980,8860,3560,6954,1806,1737,1510,2507,902,3513,776,605,1184,1682,1386,2938,1800,4577,2168,3676,1019,1025,955,1697,645,2717,49316,28849,680,1,562,0,0
2021-02-10T23:59:59+01:00,1373,1223,1966,3225,2213,5631,2898,8583,3448,6724,1735,1689,1464,2440,886,3455,560,521,962,1456,1248,2631,1614,4116,1967,3303,901,899,833,1447,564,2395,48152,25417,640,0,161,0,0
2021-02-09T23:59:59+01:00,1338,1173,1929,3134,2186,5452,2832,8244,3377,6467,1662,1629,1404,2380,869,3416,298,384,744,1194,1062,2258,1404,3580,1719,2851,733,735,664,1155,452,1939,46901,21172,511,0,80,0,0
2021-02-08T23:59:59+01:00,1331,1138,1898,3014,2147,5231,2779,7963,3318,6231,1621,1596,1358,2326,853,3397,262,343,643,1041,957,2041,1244,3190,1521,2535,629,616,559,976,392,1687,45782,18636,340,0,79,0,0
2021-02-07T23:59:59+01:00,1303,1124,1870,2964,2121,5149,2750,7861,3276,6166,1605,1580,1344,2307,841,3382,229,287,596,951,898,1887,1153,2966,1424,2365,588,596,538,942,382,1657,45504,17459,139,0,0,0,0
2021-02-06T23:59:59+01:00,1298,1118,1864,2952,2112,5121,2737,7818,3265,6121,1592,1572,1339,2297,838,3381,210,253,574,914,870,1821,1111,2849,1367,2283,572,578,531,942,382,1657,45286,16914,139,0,0,0,0
2021-02-05T23:59:59+01:00,1236,1067,1815,2842,2060,4925,2677,7521,3188,5905,1529,1518,1320,2271,830,3374,194,224,539,868,836,1742,1072,2732,1314,2184,538,554,520,918,372,1632,43939,16239,139,0,0,0,0
2021-02-04T23:59:59+01:00,1224,1003,1774,2692,1990,4615,2592,7082,3089,5579,1484,1485,1302,2255,827,3365,168,170,466,751,737,1603,963,2495,1202,1969,492,503,477,864,353,1518,42327,14731,31,0,0,0,0
2021-02-03T23:59:59+01:00,1206,974,1744,2611,1951,4470,2526,6819,3038,5361,1447,1452,1273,2220,809,3336,137,140,392,639,620,1367,818,2118,1006,1684,376,369,342,649,246,1145,41206,12048,31,0,0,0,0
2021-02-02T23:59:59+01:00,1189,918,1712,2512,1908,4248,2453,6487,2932,5088,1395,1406,1250,2190,800,3312,116,116,315,518,517,1133,675,1789,815,1375,279,268,264,475,193,858,39769,9706,31,0,0,0,0
2021-02-01T23:59:59+01:00,1175,858,1677,2387,1858,4003,2377,6094,2813,4791,1328,1325,1219,2144,789,3287,83,76,214,347,346,740,428,1153,477,854,173,164,153,282,104,502,38094,6096,31,0,0,0,0
2021-01-31T23:59:59+01:00,1170,840,1660,2329,1835,3883,2347,5912,2749,4672,1298,1302,1208,2129,783,3273,72,70,181,278,269,575,339,900,395,687,147,148,145,274,100,489,37359,5069,31,0,0,0,0
2021-01-30T23:59:59+01:00,1170,837,1659,2324,1833,3872,2345,5901,2746,4662,1297,1298,1207,2128,783,3272,68,63,149,231,241,507,304,782,352,612,146,141,140,270,100,488,37304,4594,30,0,0,0,0
2021-01-29T23:59:59+01:00,1117,828,1620,2317,1822,3865,2337,5887,2738,4651,1293,1295,1203,2128,783,3272,60,45,112,176,197,353,247,633,309,485,136,132,128,259,97,488,37128,3857,28,0,0,0,0
2021-01-28T23:59:59+01:00,1041,804,1564,2257,1789,3796,2290,5816,2705,4597,1281,1283,1196,2122,774,3258,38,20,71,104,128,206,152,378,201,288,103,101,103,208,87,441,36548,2629,25,0,0,0,0
2021-01-27T23:59:59+01:00,891,752,1472,2182,1722,3681,2219,5686,2647,4472,1253,1239,1171,2083,762,3227,27,12,62,85,103,162,120,321,174,244,95,84,92,189,84,409,35442,2263,17,0,0,0,0
2021-01-26T23:59:59+01:00,877,733,1407,2108,1659,3552,2133,5512,2559,4361,1197,1199,1124,2012,738,3176,26,11,59,82,99,156,116,307,173,234,93,79,85,168,73,362,34336,2123,11,0,0,0,0
2021-01-25T23:59:59+01:00,864,713,1375,2048,1628,3455,2087,5346,2502,4271,1146,1174,1077,1955,720,3118,24,11,56,82,96,154,115,305,172,234,92,78,84,167,71,359,33477,2100,2,0,0,0,0
2021-01-24T23:59:59+01:00,861,712,1369,2037,1623,3437,2079,5320,2490,4239,1142,1168,1072,1948,719,3113,24,11,56,82,95,153,115,305,172,233,92,78,84,167,71,359,33327,2097,2,0,0,0,0
2021-01-23T23:59:59+01:00,861,712,1369,2037,1623,3437,2079,5320,2490,4239,1142,1168,1071,1948,719,3113,24,11,56,82,95,153,115,305,171,233,92,78,84,167,71,359,33326,2096,2,0,0,0,0
2021-01-22T23:59:59+01:00,861,702,1355,2015,1607,3413,2067,5286,2474,4219,1140,1163,1070,1925,718,3080,24,11,56,82,95,153,115,305,170,233,92,78,84,167,71,359,33093,2095,2,0,0,0,0
2021-01-21T23:59:59+01:00,830,665,1279,1859,1509,3224,1971,5014,2366,4020,1099,1103,1039,1844,678,2951,22,10,52,77,87,145,106,277,156,210,79,70,75,147,57,307,31449,1877,2,0,0,0,0
2021-01-20T23:59:59+01:00,625,566,1085,1639,1376,2951,1793,4609,2164,3685,973,984,920,1616,611,2675,21,10,51,73,84,144,99,264,145,191,69,64,70,123,48,272,28270,1728,2,0,0,0,0
2021-01-19T23:59:59+01:00,339,420,834,1382,1175,2613,1557,4083,1905,3236,807,816,756,1338,512,2263,17,7,36,52,55,78,73,177,101,129,52,49,48,91,37,209,24035,1211,1,0,0,0,0
2021-01-18T23:59:59+01:00,295,379,722,1194,1054,2360,1365,3585,1665,2856,677,668,609,1094,434,1872,7,3,11,17,19,27,24,50,25,44,12,11,12,33,8,61,20829,364,0,0,0,0,0
2021-01-17T23:59:59+01:00,255,324,657,1101,977,2190,1269,3310,1550,2645,631,638,582,1037,413,1811,0,0,1,0,2,2,2,1,2,2,1,4,0,0,0,1,19390,18,0,0,0,0,0
2021-01-16T23:59:59+01:00,238,292,641,1068,953,2127,1228,3200,1499,2572,615,621,575,1037,413,1810,0,0,0,0,1,2,1,1,1,2,0,1,0,0,0,1,18889,10,0,0,0,0,0
2021-01-15T23:59:59+01:00,224,259,612,1021,926,2049,1193,3084,1447,2476,584,595,568,1016,406,1798,0,0,0,0,0,0,0,0,0,0,0,0,0,0,0,0,18258,0,0,0,0,0,0
2021-01-14T23:59:59+01:00,196,206,552,900,836,1906,1101,2862,1332,2293,542,553,530,972,400,1756,0,0,0,0,0,0,0,0,0,0,0,0,0,0,0,0,16937,0,0,0,0,0,0
2021-01-13T23:59:59+01:00,164,186,503,832,764,1780,1003,2629,1179,2072,428,436,401,766,300,1349,0,0,0,0,0,0,0,0,0,0,0,0,0,0,0,0,14792,0,0,0,0,0,0
2021-01-12T23:59:59+01:00,142,165,472,763,714,1626,915,2428,1072,1841,339,328,310,544,216,957,0,0,0,0,0,0,0,0,0,0,0,0,0,0,0,0,12832,0,0,0,0,0,0
2021-01-11T23:59:59+01:00,113,127,396,633,624,1374,752,1970,844,1453,210,192,171,316,114,556,0,0,0,0,0,0,0,0,0,0,0,0,0,0,0,0,9845,0,0,0,0,0,0
2021-01-10T23:59:59+01:00,87,92,305,457,469,995,545,1443,620,1056,173,168,159,303,109,544,0,0,0,0,0,0,0,0,0,0,0,0,0,0,0,0,7525,0,0,0,0,0,0
2021-01-09T23:59:59+01:00,76,84,259,394,400,863,478,1226,544,898,166,158,154,298,109,542,0,0,0,0,0,0,0,0,0,0,0,0,0,0,0,0,6649,0,0,0,0,0,0
2021-01-08T23:59:59+01:00,63,65,186,286,303,584,363,930,438,679,158,153,138,286,107,542,0,0,0,0,0,0,0,0,0,0,0,0,0,0,0,0,5281,0,0,0,0,0,0
2021-01-07T23:59:59+01:00,44,24,77,120,136,230,162,417,222,338,116,122,125,254,103,515,0,0,0,0,0,0,0,0,0,0,0,0,0,0,0,0,3005,0,0,0,0,0,0
2021-01-06T23:59:59+01:00,30,17,69,91,115,180,134,340,193,274,97,94,99,208,88,438,0,0,0,0,0,0,0,0,0,0,0,0,0,0,0,0,2467,0,0,0,0,0,0
2021-01-05T23:59:59+01:00,27,12,59,86,105,166,119,325,179,252,96,89,97,201,86,420,0,0,0,0,0,0,0,0,0,0,0,0,0,0,0,0,2319,0,0,0,0,0,0
2021-01-04T23:59:59+01:00,24,11,56,83,97,157,114,310,177,240,95,86,90,187,76,388,0,0,0,0,0,0,0,0,0,0,0,0,0,0,0,0,2191,0,0,0,0,0,0
2021-01-03T23:59:59+01:00,24,11,56,83,97,157,114,310,177,240,95,86,89,186,76,388,0,0,0,0,0,0,0,0,0,0,0,0,0,0,0,0,2189,0,0,0,0,0,0
2021-01-02T23:59:59+01:00,24,11,56,83,97,157,114,310,176,240,95,86,89,186,76,388,0,0,0,0,0,0,0,0,0,0,0,0,0,0,0,0,2188,0,0,0,0,0,0
2021-01-01T23:59:59+01:00,24,11,56,83,97,157,114,310,174,239,95,86,89,186,76,388,0,0,0,0,0,0,0,0,0,0,0,0,0,0,0,0,2185,0,0,0,0,0,0
2020-12-31T23:59:59+01:00,24,11,56,83,97,157,114,310,174,239,95,86,89,186,76,388,0,0,0,0,0,0,0,0,0,0,0,0,0,0,0,0,2185,0,0,0,0,0,0
2020-12-30T23:59:59+01:00,23,11,56,82,96,154,114,309,174,239,95,86,89,186,76,388,0,0,0,0,0,0,0,0,0,0,0,0,0,0,0,0,2178,0,0,0,0,0,0
2020-12-29T23:59:59+01:00,18,8,41,59,73,91,84,214,127,187,73,74,66,153,61,310,0,0,0,0,0,0,0,0,0,0,0,0,0,0,0,0,1639,0,0,0,0,0,0
2020-12-28T23:59:59+01:00,8,5,17,28,31,45,39,111,53,100,30,41,38,92,31,177,0,0,0,0,0,0,0,0,0,0,0,0,0,0,0,0,846,0,0,0,0,0,0
2020-12-27T23:59:59+01:00,2,2,4,5,7,11,10,23,6,22,5,7,6,25,3,49,0,0,0,0,0,0,0,0,0,0,0,0,0,0,0,0,187,0,0,0,0,0,0
