Datum,<15_m,<15_w,15-24_1_m,15-24_1_w,25-34_1_m,25-34_1_w,35-44_1_m,35-44_1_w,45-54_1_m,45-54_1_w,55-64_1_m,55-64_1_w,65-74_1_m,65-74_1_w,75-84_1_m,75-84_1_w,>84_1_m,>84_1_w,<24_2_m,<24_2_w,25-34_2_m,25-34_2_w,35-44_2_m,35-44_2_w,45-54_2_m,45-54_2_w,55-64_2_m,55-64_2_w,65-74_2_m,65-74_2_w,75-84_2_m,75-84_2_w,>84_2_m,>84_2_w,bp_1,bp_2,mo_1,mo_2,az_1,az_2,ja,unb_1,unb_2
2021-08-06T23:59:59+02:00,6878,6289,52194,49257,59867,55414,69443,70219,90842,93145,102965,102466,71553,77955,50479,61955,14169,24455,42099,39731,53323,48450,63704,64203,85009,86925,97079,96718,68889,74952,48898,59885,13752,23541,776571,704092,68876,66056,181460,171790,32619,19,39
2021-08-05T23:59:59+02:00,6774,6183,51947,49034,59702,55232,69305,70079,90689,93002,102832,102337,71496,77894,50453,61916,14157,24439,41287,39052,52819,47998,63346,63862,84571,86532,96475,96216,68707,74775,48833,59788,13735,23512,774991,699655,68825,66013,181431,170682,32205,19,39
2021-08-04T23:59:59+02:00,6687,6100,51753,48810,59558,55060,69199,69930,90559,92888,102714,102224,71436,77832,50427,61870,14146,24410,40452,38264,52457,47605,63035,63553,84210,86207,96068,95820,68545,74607,48758,59694,13720,23478,773608,695141,68785,65998,181419,169892,31772,19,39
2021-08-03T23:59:59+02:00,6614,6046,51586,48674,59440,54939,69110,69844,90464,92793,102621,102143,71385,77797,50407,61846,14138,24396,39469,37314,51672,46935,62499,63041,83699,85732,95366,95194,68306,74396,48667,59582,13699,23435,772591,688967,68776,65979,181412,168721,31445,19,39
2021-08-02T23:59:59+02:00,6564,6003,51454,48537,59351,54861,69029,69777,90412,92724,102547,102083,71349,77756,50387,61825,14131,24383,38197,36142,50709,46134,61795,62474,83099,85171,94572,94499,68056,74143,48582,59451,13680,23397,771907,681383,68728,65938,181385,167410,31134,19,39
2021-08-01T23:59:59+02:00,6522,5951,51284,48379,59210,54752,68937,69665,90309,92634,102462,101994,71310,77719,50366,61784,14127,24367,38018,36009,50562,46045,61669,62383,82924,85035,94126,94100,67941,74035,48545,59402,13670,23377,770871,680762,68700,65883,181367,166103,30815,19,39
2021-07-31T23:59:59+02:00,6479,5918,51189,48260,59155,54682,68889,69623,90269,92605,102436,101970,71299,77707,50358,61781,14127,24364,36418,34509,49665,45187,61135,61822,82421,84523,93646,93672,67752,73832,48468,59307,13653,23345,770269,671673,68696,65877,181367,165988,30760,19,39
2021-07-30T23:59:59+02:00,6444,5865,51038,48124,59075,54600,68819,69566,90197,92526,102381,101932,71281,77684,50349,61758,14124,24360,34955,33100,48693,44241,60413,61138,81741,83910,92968,93101,67524,73600,48364,59157,13634,23314,769515,662194,68672,65866,181361,165688,30556,19,39
2021-07-29T23:59:59+02:00,6329,5745,50607,47758,58863,54332,68628,69376,90008,92342,102222,101796,71205,77603,50317,61703,14109,24342,34232,32488,48076,43800,60016,60797,81319,83563,92211,92431,67331,73446,48302,59074,13614,23285,767211,658395,68619,65732,181319,164057,30117,19,39
2021-07-28T23:59:59+02:00,6258,5682,50352,47562,58731,54184,68507,69283,89885,92221,102117,101703,71148,77546,50293,61665,14100,24325,33907,32196,47766,43570,59794,60587,81148,83403,91976,92236,67257,73381,48273,59040,13601,23275,765914,656748,68589,65645,181292,163543,29748,19,39
2021-07-27T23:59:59+02:00,6207,5636,50195,47425,58601,54094,68415,69200,89789,92112,102011,101630,71107,77493,50264,61632,14093,24312,32450,30789,46498,42479,58967,59804,80552,82883,90963,91395,66982,73098,48186,58913,13571,23234,765053,648118,68565,65579,181268,161766,29311,19,39
2021-07-26T23:59:59+02:00,6184,5607,50075,47336,58502,54011,68340,69147,89702,92053,101947,101581,71070,77458,50240,61612,14088,24303,31084,29526,45179,41359,57869,58823,79854,82252,89799,90374,66677,72827,48097,58799,13549,23192,764525,639074,68499,65492,181230,159475,28983,19,39
2021-07-25T23:59:59+02:00,6166,5589,49961,47229,58416,53945,68280,69091,89638,92000,101890,101535,71038,77422,50223,61589,14085,24293,30876,29368,44920,41164,57617,58601,79586,82052,88842,89525,66471,72654,48030,58726,13538,23168,764123,637921,68488,65380,181208,157024,28552,19,39
2021-07-24T23:59:59+02:00,6135,5562,49848,47141,58355,53885,68235,69039,89593,91960,101853,101496,71034,77416,50220,61586,14084,24290,29266,27767,43762,40076,56923,57890,78972,81481,88204,88962,66293,72462,47959,58625,13524,23145,763552,627843,68480,65370,181205,156885,28476,19,39
2021-07-23T23:59:59+02:00,6051,5475,49671,46968,58262,53782,68128,68938,89489,91859,101763,101404,70998,77360,50200,61555,14080,24284,27571,26236,42504,38996,56000,57008,78287,80870,87499,88300,66022,72190,47881,58525,13503,23115,762194,617314,68476,65210,181186,156417,28392,19,39
2021-07-22T23:59:59+02:00,5913,5361,49377,46687,58064,53585,67957,68772,89307,91708,101611,101273,70933,77279,50160,61503,14069,24265,26752,25404,41585,38185,55060,56183,77545,80245,85831,86802,65651,71791,47774,58393,13472,23063,760286,608832,68434,64716,181155,154946,27930,19,39
2021-07-21T23:59:59+02:00,5638,5079,48842,46162,57757,53273,67727,68499,89033,91461,101343,101007,70807,77148,50102,61439,14060,24240,26498,25183,41166,37906,54626,55801,77179,79965,85025,86197,65485,71662,47719,58327,13454,23038,756697,606883,68410,64448,181134,153173,27357,19,39
2021-07-20T23:59:59+02:00,5561,5006,48561,45886,57588,53069,67555,68355,88855,91310,101180,100863,70733,77083,50063,61393,14051,24215,25333,24035,39874,36875,53297,54603,76280,79196,83671,84859,65186,71320,47614,58190,13426,22993,755037,596536,68405,64304,181093,151596,26773,19,39
2021-07-19T23:59:59+02:00,5483,4922,48235,45560,57373,52860,67390,68155,88670,91136,101033,100703,70657,77002,50023,61343,14042,24186,24504,23198,38574,35755,51569,53109,75023,78154,82565,83880,64899,71065,47523,58072,13402,22954,753253,586545,68397,64161,181066,149818,26038,19,39
2021-07-18T23:59:59+02:00,5476,4921,48170,45509,57286,52789,67328,68090,88590,91074,100964,100638,70625,76961,49997,61310,14040,24174,24369,23095,38316,35545,51246,52828,74781,77964,81670,83120,64714,70888,47467,57999,13397,22932,753001,585503,68374,64002,181027,147601,25521,19,39
2021-07-17T23:59:59+02:00,5451,4885,48076,45435,57217,52727,67268,68036,88535,91016,100921,100619,70618,76946,49992,61306,14040,24173,22977,21626,36922,34249,50000,51640,74183,77412,81039,82526,64586,70740,47401,57938,13388,22912,752468,574633,68372,63978,181024,147464,25378,19,39
2021-07-16T23:59:59+02:00,5348,4808,47835,45205,57095,52622,67153,67925,88398,90922,100818,100518,70575,76898,49971,61287,14034,24166,21717,20377,35623,33003,48550,50321,73181,76484,80339,81870,64368,70520,47321,57840,13369,22879,751045,563010,68372,63919,181018,147262,25124,19,39
2021-07-15T23:59:59+02:00,5208,4681,47442,44888,56889,52424,66963,67744,88187,90725,100632,100351,70478,76797,49924,61213,14024,24137,21109,19875,34698,32309,47322,49387,72014,75577,78192,79747,63773,69928,47179,57665,13350,22817,749011,553721,68356,62899,180973,145423,24348,19,39
2021-07-14T23:59:59+02:00,4836,4355,46852,44315,56659,52160,66762,67543,87976,90484,100417,100155,70371,76689,49859,61130,14013,24113,20907,19729,34445,32157,46958,49090,71488,75192,77528,79216,63453,69653,47098,57581,13329,22782,745580,551955,68342,62718,180922,143526,23826,19,39
2021-07-13T23:59:59+02:00,4749,4278,46657,44163,56500,52016,66602,67400,87825,90363,100281,100038,70300,76628,49822,61086,14009,24098,20346,19197,33423,31351,45355,47640,69742,73541,75933,77670,63079,69263,46970,57413,13300,22731,744282,541099,68328,61954,180855,141917,23331,19,39
2021-07-12T23:59:59+02:00,4685,4202,46475,43973,56350,51877,66449,67276,87653,90226,100129,99903,70225,76546,49785,61035,14002,24080,19870,18762,32635,30728,43696,46191,67376,71468,74047,76173,62550,68679,46828,57251,13272,22682,743038,530025,68307,61396,180764,139346,22744,18,39
2021-07-11T23:59:59+02:00,4680,4198,46403,43922,56293,51827,66400,67242,87594,90177,100058,99844,70188,76504,49775,61020,14000,24066,19665,18615,32297,30483,43255,45819,66920,71112,73272,75479,62153,68303,46758,57162,13257,22649,742902,528265,68300,61075,180701,136880,22270,18,39
2021-07-10T23:59:59+02:00,4553,4062,46119,43613,56108,51634,66254,67069,87463,90040,99960,99739,70132,76446,49755,60994,13997,24057,19106,18059,31350,29618,41512,44238,65448,69840,72641,74864,61989,68154,46705,57110,13250,22635,740818,517680,68296,61059,180690,136836,22173,18,39
2021-07-09T23:59:59+02:00,4426,3948,45846,43360,55940,51445,66099,66912,87313,89880,99830,99636,70082,76374,49719,60953,13992,24045,18510,17486,30379,28660,39552,42310,63153,67720,71481,73725,61718,67831,46630,56984,13233,22610,738796,503991,68285,60677,180684,136430,22017,18,39
2021-07-08T23:59:59+02:00,4396,3923,45713,43252,55822,51328,65972,66811,87194,89759,99711,99538,70031,76321,49699,60916,13981,24032,17572,16681,28984,27625,37837,40867,61024,65905,68136,70585,60834,66862,46389,56644,13188,22515,738090,488774,68231,58617,180615,133853,21445,18,39
2021-07-07T23:59:59+02:00,4385,3918,45646,43209,55748,51285,65891,66772,87140,89721,99668,99487,70015,76299,49690,60898,13977,24022,16607,15824,27608,26617,36318,39639,59409,64452,64927,67124,59822,65825,46153,56325,13138,22442,737809,473512,68188,56718,180562,131716,21194,18,39
2021-07-06T23:59:59+02:00,4331,3871,45503,43086,55621,51145,65788,66663,87037,89634,99591,99404,69977,76241,49672,60870,13974,24008,15835,15080,26532,25708,34487,37936,56018,61439,62289,64681,59071,65038,45881,55991,13097,22339,736701,455682,68169,55905,180506,129593,21022,18,39
2021-07-05T23:59:59+02:00,4271,3827,45328,42914,55476,51052,65674,66556,86923,89542,99507,99311,69914,76177,49651,60843,13971,23993,15176,14450,25577,24894,33268,36808,52926,58471,59524,62223,58235,64231,45632,55680,13052,22262,735546,439637,68140,55548,180430,127122,20796,18,39
2021-07-04T23:59:59+02:00,4263,3821,45282,42888,55416,51026,65635,66535,86885,89511,99475,99283,69891,76157,49645,60828,13966,23983,14967,14245,25140,24546,32672,36282,52262,57946,58543,61359,57577,63602,45450,55478,13033,22215,735375,435563,68110,55344,180362,124443,20625,18,37
2021-07-03T23:59:59+02:00,4045,3645,44747,42323,55097,50656,65346,66261,86640,89254,99280,99084,69818,76085,49622,60782,13962,23972,14681,13925,24789,24195,31695,35364,50525,56397,57679,60622,57405,63407,45383,55393,13021,22190,731586,427000,68095,55330,180356,124401,20564,18,37
2021-07-02T23:59:59+02:00,3737,3359,44096,41732,54772,50326,65066,65963,86372,89007,99045,98861,69714,75973,49570,60713,13956,23955,14267,13487,24094,23603,30546,34313,47910,54249,55554,58839,57013,62983,45225,55238,13005,22152,727272,414597,68079,54285,180343,123671,20506,17,15
2021-07-01T23:59:59+02:00,3599,3250,43744,41380,54571,50157,64912,65804,86224,88872,98895,98745,69647,75905,49540,60679,13948,23940,13576,12792,22804,22520,28877,32798,45905,52505,53063,56567,55594,61417,44730,54622,12932,22024,725166,401082,68019,51975,180294,119854,20316,17,15
2021-06-30T23:59:59+02:00,3588,3234,43475,41185,54390,50032,64800,65717,86138,88810,98827,98696,69620,75882,49528,60657,13944,23931,12820,12173,21636,21614,27288,31426,44064,50781,49434,52618,54266,60089,44374,54182,12876,21896,724055,385303,67975,50085,180275,116417,20132,17,15
2021-06-29T23:59:59+02:00,3371,3014,42561,40344,53788,49441,64370,65293,85732,88358,98481,98369,69493,75733,49471,60587,13925,23900,12221,11569,20839,20851,25945,30225,41446,48383,47569,51078,53298,58982,43967,53646,12782,21743,718092,373310,67923,48578,180261,113037,19938,17,15
2021-06-28T23:59:59+02:00,3154,2835,41599,39338,53132,48799,63914,64913,85350,87971,98150,98027,69357,75573,49406,60487,13907,23877,11720,11121,20189,20262,24987,29330,39356,46444,45947,49720,52194,57938,43605,53142,12703,21623,711950,363851,67818,47559,180252,109363,19752,17,15
2021-06-27T23:59:59+02:00,3149,2832,41566,39307,53090,48768,63879,64881,85297,87936,98100,98000,69340,75562,49397,60473,13902,23874,11527,10929,19866,19945,24412,28775,38336,45601,44792,48629,51169,56933,43172,52637,12621,21487,711758,359287,67794,47120,180216,105065,19568,17,15
2021-06-26T23:59:59+02:00,2668,2359,40167,37936,52356,48019,63325,64318,84811,87421,97678,97567,69149,75386,49324,60368,13883,23851,11413,10830,19697,19795,24216,28560,37862,45165,44428,48282,51056,56790,43126,52590,12616,21472,703024,356368,67771,47114,180216,105047,19558,17,15
2021-06-25T23:59:59+02:00,2264,2026,39312,37117,52006,47658,62996,63994,84532,87110,97427,97301,69046,75273,49278,60308,13868,23829,11109,10520,19315,19372,23697,27945,35170,42870,42249,46370,50719,56412,43027,52461,12592,21442,697955,344821,67638,46669,180210,104403,19525,17,15
2021-06-24T23:59:59+02:00,2210,1976,38823,36660,51658,47328,62784,63792,84300,86919,97243,97149,68965,75208,49243,60263,13862,23813,10509,9936,18255,18504,22279,26699,33071,41038,39820,44080,49242,54774,42458,51762,12475,21239,695034,331984,67617,44067,180188,100863,19340,17,15
2021-06-23T23:59:59+02:00,2198,1953,38597,36425,51496,47167,62680,63690,84206,86827,97171,97066,68934,75177,49226,60241,13859,23803,10055,9507,17628,17958,21347,25853,31144,39419,35866,39636,47952,53415,42073,51258,12394,21073,693834,316526,67590,43448,180174,97563,19101,17,15
2021-06-22T23:59:59+02:00,2121,1891,37610,35485,50752,46495,62203,63251,83835,86422,96808,96755,68787,75038,49160,60161,13846,23770,9581,9063,16765,17275,20129,24783,28028,36651,33565,37768,47000,52447,41664,50701,12254,20839,687715,304387,67550,40711,180165,94496,18943,17,15
2021-06-21T23:59:59+02:00,1975,1752,36250,34248,49733,45619,61485,62594,83340,85951,96370,96353,68617,74867,49095,60066,13834,23736,9269,8769,16306,16914,19503,24299,26290,35098,32039,36479,45954,51371,41211,50154,12149,20648,679739,297085,67527,40072,180149,90856,18453,17,15
2021-06-20T23:59:59+02:00,1964,1744,36166,34195,49596,45507,61354,62467,83263,85895,96303,96295,68583,74839,49080,60048,13834,23725,9122,8667,16092,16745,19185,24041,25473,34443,31102,35534,45759,51169,41180,50102,12140,20628,679135,293300,67492,39484,180132,90527,18082,17,15
2021-06-19T23:59:59+02:00,1598,1445,34548,32642,48688,44688,60865,61960,82794,85417,95895,95942,68433,74675,49015,59967,13819,23701,9080,8588,15992,16624,19067,23891,25368,34285,30975,35396,45664,51072,41162,50077,12136,20618,670408,291963,67479,39481,180126,90494,18062,17,14
2021-06-18T23:59:59+02:00,1403,1272,32894,31048,47475,43495,59929,61048,81993,84672,95278,95365,68215,74455,48926,59828,13803,23671,9005,8500,15835,16473,18883,23702,25119,34048,30690,35078,45373,50728,41076,50001,12123,20604,659261,289797,67354,39365,180125,90068,18013,17,14
2021-06-17T23:59:59+02:00,1327,1213,31961,30203,46604,42791,59126,60204,81255,84025,94870,94986,68077,74311,48884,59752,13788,23642,8468,8132,15150,15915,18060,22881,24017,32926,29212,33726,44049,49226,40591,49391,12004,20416,652332,280876,67243,38543,180092,87415,17335,17,14
2021-06-16T23:59:59+02:00,1244,1149,31266,29501,45808,42044,58208,59334,80480,83259,94452,94610,67940,74151,48827,59661,13769,23616,7977,7810,14537,15406,17296,22160,22886,31978,28041,32625,42164,47121,40049,48815,11896,20231,645279,271211,67128,37944,180076,85023,16819,17,14
2021-06-15T23:59:59+02:00,1102,1031,29379,27699,44055,40506,56627,57696,79094,81945,93699,93942,67653,73860,48717,59503,13736,23551,7800,7679,14237,15168,16935,21862,22371,31603,27518,32203,41229,46108,39669,48396,11773,20011,630316,268173,67085,37441,180041,82615,16336,17,14
2021-06-14T23:59:59+02:00,1010,918,27832,26220,42447,38989,54971,56048,77998,80840,93004,93316,67401,73620,48621,59380,13716,23507,7615,7505,13861,14838,16414,21426,21686,31024,26845,31610,40848,45688,39287,47948,11642,19806,617074,265526,67031,37032,180013,79783,15703,17,14
2021-06-13T23:59:59+02:00,986,893,27630,26037,42066,38660,54433,55529,77652,80537,92811,93126,67311,73540,48584,59324,13701,23482,7473,7335,13594,14546,16032,21035,21260,30536,26316,31112,40451,45286,38829,47384,11463,19521,614378,263455,66898,36966,179983,76727,15026,17,14
2021-06-12T23:59:59+02:00,857,778,26094,24432,40895,37575,53760,54794,77120,80042,92260,92602,67156,73362,48515,59247,13688,23461,7427,7284,13473,14437,15899,20926,21076,30389,26200,31016,40434,45270,38821,47374,11463,19520,604785,262681,66895,36964,179976,76400,14965,17,14
2021-06-11T23:59:59+02:00,743,669,24467,22896,39536,36382,52534,53588,76151,79190,91682,92027,66921,73128,48454,59139,13669,23426,7369,7195,13303,14256,15689,20735,20807,30134,25934,30762,40126,44894,38737,47260,11446,19492,592991,260806,66818,36819,179968,75707,14808,17,14
2021-06-10T23:59:59+02:00,643,582,23471,21882,38315,35199,50937,52089,74832,78000,90074,90486,66567,72734,48328,58967,13643,23372,7088,6971,12784,13821,15061,20169,20048,29384,25144,30090,39429,44034,38387,46846,11334,19309,580095,257380,66344,36787,179918,71986,13747,17,14
2021-06-09T23:59:59+02:00,573,533,23022,21491,37658,34678,49826,51052,73593,76806,89483,89982,66442,72591,48278,58882,13628,23342,6815,6660,12185,13219,14282,19363,19136,28365,24166,28936,36870,41137,37822,46203,11186,19069,572945,247117,65888,36713,179876,68452,13134,17,13
2021-06-08T23:59:59+02:00,467,422,21505,20015,36046,33311,47720,49096,71458,74873,88015,88506,66129,72205,48145,58723,13596,23298,6685,6482,11811,12855,13805,18879,18535,27766,23612,28405,36588,40884,37533,45837,11078,18913,555580,245480,65613,36638,179846,65078,12474,17,13
2021-06-07T23:59:59+02:00,352,329,20498,19029,34499,31971,45444,47072,69322,72996,87039,87655,65907,71941,48071,58587,13576,23263,6532,6319,11392,12508,13268,18403,17808,27180,22982,27810,36268,40579,37115,45357,10965,18717,540372,243503,65443,36574,179791,61200,11928,17,13
2021-06-06T23:59:59+02:00,329,308,20316,18884,34106,31688,44839,46508,68708,72516,86830,87487,65851,71882,48060,58560,13569,23251,6399,6150,11071,12096,12840,17833,17171,26371,22285,27007,35802,40108,36635,44805,10809,18449,537273,241069,65121,36526,179748,56705,11533,17,13
2021-06-05T23:59:59+02:00,257,243,19065,17601,32765,30471,43610,45332,68133,71996,86300,86977,65760,71780,48012,58512,13562,23239,6348,6071,10968,11944,12717,17663,17005,26167,22117,26825,35741,40029,36613,44780,10807,18444,527251,240483,65121,36112,179713,56133,11513,17,13
2021-06-04T23:59:59+02:00,176,174,17866,16446,31447,29176,42054,43836,66790,70679,85489,86226,65573,71567,47936,58422,13546,23211,6246,5929,10794,11738,12503,17412,16652,25784,21598,26388,34858,39181,36299,44481,10790,18421,514393,238664,65054,35787,179708,53182,11442,17,13
2021-06-03T23:59:59+02:00,121,121,17227,15871,30463,28351,40598,42549,65021,69149,83236,83944,65149,71115,47808,58260,13528,23173,6075,5722,10489,11387,12187,16954,16207,25128,21055,25809,34193,38393,36125,44279,10757,18371,500618,236352,64361,35403,179666,50355,11022,17,13
2021-06-02T23:59:59+02:00,92,78,16887,15563,30156,28092,39931,41928,63433,67760,82297,83145,65008,70952,47748,58177,13525,23158,5957,5627,10319,11234,11965,16743,15913,24825,20716,25417,30961,34779,35900,44056,10728,18317,493127,227690,64360,35077,179665,49927,10761,17,13
2021-06-01T23:59:59+02:00,38,43,16098,14892,28666,27006,37584,39874,59881,64584,79871,80832,64658,70587,47620,57991,13492,23103,5681,5342,9803,10802,11433,16150,15251,24038,19980,24665,30616,34482,35701,43877,10700,18255,474847,226213,62807,34578,179598,46433,9551,17,12
2021-05-31T23:59:59+02:00,30,35,15528,14414,27732,26311,35620,38208,56445,61559,77841,79128,64324,70231,47477,57816,13459,23050,5519,5127,9395,10440,11006,15674,14718,23358,19355,23959,30330,34232,35519,43683,10664,18198,459076,225547,62096,34193,179531,42947,8488,17,12
2021-05-30T23:59:59+02:00,29,32,15382,14288,27453,26085,35168,37802,55734,60941,77521,78854,64264,70173,47452,57781,13455,23040,5416,4936,9068,10073,10596,15190,14271,22560,18829,23190,29654,33519,35293,43489,10642,18137,456108,225099,61663,34113,179485,37468,8181,17,12
2021-05-29T23:59:59+02:00,27,31,14985,13890,26600,25265,33408,36208,54255,59647,76932,78287,64113,70025,47399,57728,13448,23026,5382,4860,9006,9962,10507,15077,14165,22415,18699,23054,29624,33496,35287,43481,10641,18134,445969,224630,61632,34113,179480,36869,8176,17,12
2021-05-28T23:59:59+02:00,24,30,14574,13484,25781,24517,31557,34443,52084,57643,75877,77292,63908,69776,47347,57651,13438,23003,5297,4743,8833,9816,10356,14909,14007,22183,18492,22752,29555,33450,35270,43465,10640,18130,433992,223978,61162,34107,179392,35945,7866,17,12
2021-05-27T23:59:59+02:00,20,26,13949,13014,24717,23795,30312,33517,50479,56270,72783,74313,63470,69239,47212,57489,13414,22949,5183,4504,8505,9481,9958,14484,13569,21553,17992,22157,29336,33246,35161,43353,10618,18102,421853,223353,59209,34036,178768,32690,7121,17,12
2021-05-26T23:59:59+02:00,19,24,13460,12584,23806,23145,29397,32823,49391,55345,69826,71125,62858,68630,47077,57319,13384,22903,5097,4339,8250,9167,9662,14097,13213,20954,17557,21560,29145,33079,35063,43249,10592,18052,411039,222751,57034,33918,178272,29651,6754,17,12
2021-05-25T23:59:59+02:00,19,21,13117,12284,23229,22741,28349,31969,46796,53115,67562,69000,62507,68263,46964,57170,13367,22852,5017,4218,8043,8911,9408,13727,12900,20434,17179,21015,28988,32928,34980,43147,10566,17997,399207,222223,55969,33837,177653,26917,6479,17,12
2021-05-24T23:59:59+02:00,18,20,12818,12003,22729,22359,27733,31520,44176,50684,65110,66813,62200,67965,46854,57045,13334,22797,4944,4113,7793,8681,9093,13350,12573,19923,16794,20459,28846,32790,34906,43076,10544,17951,387561,221660,55487,33774,176990,24277,6123,17,12
2021-05-23T23:59:59+02:00,18,20,12758,11933,22634,22276,27653,31444,43920,50456,64525,66264,62121,67877,46829,57027,13332,22795,4924,4098,7756,8651,9035,13319,12495,19863,16720,20405,28837,32778,34903,43070,10544,17950,385362,221390,55408,33768,176978,24071,6117,17,12
2021-05-22T23:59:59+02:00,18,20,12534,11694,22313,21973,26650,30556,42087,48874,63671,65526,61960,67686,46763,56936,13322,22772,4908,4043,7729,8589,8995,13256,12465,19781,16692,20341,28827,32768,34899,43064,10543,17949,376877,221306,55397,33768,176973,23682,6091,17,12
2021-05-21T23:59:59+02:00,18,19,12229,11441,21743,21535,25842,29871,39701,46985,61701,63862,61699,67415,46679,56848,13307,22747,4889,4015,7675,8502,8928,13169,12387,19687,16619,20257,28811,32743,34892,43054,10541,17948,366485,221111,54339,33754,176783,23232,6018,17,12
2021-05-20T23:59:59+02:00,17,19,11608,10863,20625,20649,24703,28852,38197,45708,59362,61796,60881,66516,46480,56592,13273,22692,4608,3835,7275,8210,8489,12773,11934,19177,16203,19737,28690,32648,34841,43003,10537,17938,356025,220715,51988,33646,175507,20239,5296,17,12
2021-05-19T23:59:59+02:00,17,19,11169,10550,19838,20104,23858,28258,37298,45025,56137,58165,60190,65813,46371,56458,13251,22645,4455,3669,7020,7966,8212,12443,11607,18750,15834,19314,28593,32535,34799,42929,10527,17923,345597,220238,50376,33533,174370,17997,4806,17,12
2021-05-18T23:59:59+02:00,17,19,10837,10264,19264,19653,23217,27702,35901,43802,54731,57042,59821,65391,46242,56296,13226,22620,4347,3544,6775,7734,7955,12161,11375,18354,15489,18886,28510,32446,34769,42890,10523,17916,340247,219955,48538,33456,172891,15909,4352,17,12
2021-05-17T23:59:59+02:00,16,18,10617,10082,18832,19368,22789,27395,34702,42807,53425,56011,59574,65145,46179,56197,13210,22587,4275,3457,6567,7516,7704,11870,11119,17960,15181,18483,28420,32360,34745,42849,10517,17903,336190,219674,47552,33389,171375,14041,3820,17,12
2021-05-16T23:59:59+02:00,16,17,10427,9950,18538,19167,22454,27156,34066,42349,52188,54842,59380,64981,46143,56143,13199,22567,4207,3381,6349,7351,7412,11617,10853,17608,14888,18120,28356,32298,34729,42831,10510,17899,333763,219433,46676,33328,169753,12273,3374,17,11
2021-05-15T23:59:59+02:00,16,17,10329,9849,18387,19021,22286,27016,33681,41980,51794,54467,59264,64833,46095,56098,13196,22551,4166,3346,6265,7286,7318,11514,10751,17489,14780,17990,28262,32180,34638,42738,10506,17894,331372,218344,46675,33326,169618,12254,3198,17,11
2021-05-14T23:59:59+02:00,15,17,10046,9641,17955,18781,21887,26733,31326,40209,49649,52615,59047,64607,46047,56015,13180,22529,4037,3263,5980,7124,7010,11290,10404,17142,14436,17664,27689,31475,34518,42546,10488,17865,322237,215057,46622,33322,169005,12133,2418,17,11
2021-05-13T23:59:59+02:00,15,17,9584,9264,17162,18218,21015,26055,30207,39226,47409,50444,58201,63636,45838,55732,13141,22457,3533,3065,5643,6870,6698,10983,9997,16754,14061,17231,26794,30281,34096,42033,10457,17803,313750,210479,44759,32770,166987,10939,2110,15,11
2021-05-12T23:59:59+02:00,15,17,9291,9073,16730,17962,20547,25771,29679,38840,44411,46805,57627,62996,45754,55620,13123,22432,3392,2977,5414,6759,6420,10838,9715,16546,13823,16968,26150,29464,33932,41838,10431,17769,304596,207462,43935,32747,166695,10771,1454,13,11
2021-05-11T23:59:59+02:00,15,15,8849,8789,15958,17447,19687,25155,27939,37395,42480,45304,57249,62549,45669,55485,13103,22404,3273,2846,5184,6417,6119,10424,9354,15986,13385,16412,24726,27798,33424,41216,10380,17684,299108,201505,40877,32564,164208,9272,1286,13,10
2021-05-10T23:59:59+02:00,15,14,8587,8636,15445,17197,19058,24840,26948,36713,41023,44159,56990,62277,45590,55382,13082,22375,3164,2718,4953,6186,5863,10100,9026,15510,13022,15994,23680,26470,32939,40630,10345,17626,295843,196863,39970,32538,161533,7852,973,12,8
2021-05-09T23:59:59+02:00,15,14,8429,8552,15137,17014,18681,24590,26280,36288,39242,42502,56694,61999,45537,55324,13074,22357,3044,2664,4773,6049,5694,9927,8830,15305,12854,15820,23406,26138,32795,40455,10335,17611,292893,195671,39598,32497,158527,6833,699,12,8
2021-05-08T23:59:59+02:00,15,14,8355,8477,14960,16869,18472,24393,26054,36050,39011,42313,56567,61850,45501,55287,13071,22347,3037,2646,4740,6013,5651,9881,8753,15241,12768,15750,23038,25712,32513,40144,10327,17595,291344,194485,39145,31794,158406,6831,699,12,8
2021-05-07T23:59:59+02:00,14,13,8181,8380,14637,16689,18091,24161,25633,35765,38563,41935,56294,61498,45452,55241,13066,22337,2733,2512,4390,5828,5382,9620,8441,14931,12377,15354,21946,24341,31869,39315,10299,17545,288835,191045,38718,30301,158080,5232,305,12,8
2021-05-06T23:59:59+02:00,13,13,7528,8018,13743,16091,17040,23315,24296,34656,36416,40274,55167,60179,45210,54936,13031,22271,2606,2399,4217,5632,5173,9310,8098,14489,11945,14900,20642,22662,31018,38312,10248,17434,278213,185440,37441,29344,156263,4033,268,12,8
2021-05-05T23:59:59+02:00,11,13,6989,7712,12959,15540,16016,22551,22917,33633,34596,38790,53331,58146,44894,54591,12998,22205,2516,2339,4043,5474,4985,9098,7753,14150,11580,14544,19257,20882,29830,36900,10208,17332,266786,179330,36526,28177,154479,3295,89,12,8
2021-05-04T23:59:59+02:00,11,12,6800,7617,12602,15370,15533,22280,22277,33289,33635,38096,52476,57186,44773,54465,12980,22164,2460,2268,3890,5304,4811,8842,7415,13743,11153,14084,17609,18961,28739,35573,10114,17212,263036,172533,35662,27248,152822,2362,35,11,8
2021-05-03T23:59:59+02:00,11,12,6653,7470,12228,15154,15028,21971,21569,32885,32486,37207,52178,56870,44677,54358,12965,22132,2401,2197,3797,5124,4672,8607,7199,13395,10832,13676,16408,17469,27862,34475,10050,17105,259754,166980,35203,26897,150861,1367,25,11,8
2021-05-02T23:59:59+02:00,11,12,6573,7380,12019,14982,14734,21738,21094,32565,31336,36261,51895,56580,44615,54268,12949,22101,2388,2190,3776,5092,4643,8571,7134,13324,10750,13587,16097,17076,27566,34170,10038,17093,257331,165424,35133,26787,148614,1262,24,11,6
2021-05-01T23:59:59+02:00,11,12,6555,7355,11957,14937,14657,21679,20995,32492,31209,36169,51889,56564,44611,54267,12947,22099,2385,2181,3753,5075,4601,8546,7097,13287,10690,13532,15899,16853,27450,34033,10035,17083,256774,164458,35133,26760,148463,1260,24,11,6
2021-04-30T23:59:59+02:00,11,12,6518,7317,11867,14848,14552,21564,20800,32306,30971,35979,51617,56205,44566,54213,12942,22087,2356,2160,3691,5013,4507,8438,6946,13103,10415,13268,15091,15828,26583,32962,9994,16995,255005,161263,35091,24877,148245,1189,23,11,6
2021-04-29T23:59:59+02:00,11,12,6314,7194,11547,14661,14200,21328,20282,32020,30217,35489,50971,55380,44475,54098,12918,22012,2319,2114,3599,4924,4382,8302,6752,12886,10141,12983,14120,14596,25280,31420,9933,16903,251847,155574,34998,24131,146251,929,22,11,6
2021-04-28T23:59:59+02:00,11,12,6047,7029,11171,14329,13712,20864,19647,31417,29051,34362,48310,52390,44184,53774,12855,21934,2280,2074,3530,4864,4267,8187,6592,12702,9895,12764,12981,13119,23794,29545,9872,16800,241945,149621,34873,22928,144260,709,10,11,6
2021-04-27T23:59:59+02:00,11,12,5945,6937,11022,14209,13512,20703,19369,31207,28491,33977,48104,52170,44128,53724,12847,21912,2238,2040,3439,4770,4174,8078,6427,12518,9617,12488,11773,11558,22143,27392,9796,16655,240584,142822,34826,21744,142849,532,10,11,6
2021-04-26T23:59:59+02:00,11,12,5897,6893,10905,14144,13353,20583,19142,30998,27662,33408,47767,51805,44076,53660,12838,21883,2216,2012,3387,4727,4111,8008,6325,12386,9429,12313,10858,10401,20865,25645,9738,16569,239873,137556,34802,21006,140341,422,10,11,4
2021-04-25T23:59:59+02:00,11,12,5851,6846,10802,14049,13193,20431,18898,30715,26903,32671,47270,51293,43993,53561,12824,21864,2189,2001,3357,4708,4093,7989,6292,12346,9372,12253,10697,10209,20624,25322,9728,16555,238180,136702,34761,20664,138225,363,10,11,4
2021-04-24T23:59:59+02:00,11,12,5830,6798,10727,13965,13097,20290,18767,30541,26741,32493,47170,51170,43900,53467,12820,21859,2182,1991,3333,4681,4054,7943,6220,12273,9242,12136,10540,10028,20492,25191,9712,16537,236722,136180,34745,20024,138170,345,10,11,4
2021-04-23T23:59:59+02:00,11,12,5766,6706,10597,13766,12899,20038,18461,30167,26350,32133,46226,50037,43746,53222,12798,21827,2164,1970,3291,4646,4006,7888,6126,12184,9077,12008,10273,9730,20168,24773,9663,16457,232342,135059,34689,19025,137710,334,10,11,4
2021-04-22T23:59:59+02:00,11,12,5663,6591,10389,13571,12549,19707,17953,29695,25722,31541,44496,47885,43173,52492,12752,21726,2150,1959,3251,4594,3930,7814,5998,12084,8819,11843,9843,9323,19716,24184,9613,16379,226105,132943,34579,18248,135223,302,10,11,4
2021-04-21T23:59:59+02:00,11,11,5567,6453,10160,13369,12221,19394,17451,29201,25007,30813,40231,43025,42698,51957,12686,21622,2138,1950,3216,4558,3875,7756,5920,11991,8644,11683,9514,8940,19216,23594,9554,16284,214021,131303,34513,17244,133322,279,10,11,4
2021-04-20T23:59:59+02:00,11,11,5488,6363,9967,13154,11947,19131,17031,28793,24455,30252,38476,41015,42046,51182,12616,21484,2113,1937,3177,4532,3809,7711,5789,11895,8473,11555,9231,8620,18747,22930,9457,16143,207814,129944,34423,15943,131165,225,10,10,4
2021-04-19T23:59:59+02:00,11,10,5408,6285,9808,13027,11746,18926,16669,28412,23913,29784,36922,39225,41458,50456,12560,21395,2097,1919,3142,4498,3769,7667,5750,11825,8390,11464,8995,8337,18344,22364,9411,16053,202796,128259,34367,15554,128834,205,10,8,4
2021-04-18T23:59:59+02:00,11,9,5346,6234,9678,12944,11548,18789,16391,28214,23510,29473,35617,37863,41110,50050,12528,21333,2085,1903,3113,4477,3743,7651,5705,11779,8339,11415,8895,8246,18191,22176,9398,16030,201264,127773,34328,15166,125038,200,10,8,4
2021-04-17T23:59:59+02:00,11,9,5340,6218,9643,12913,11503,18749,16314,28148,23446,29415,35308,37525,41003,49953,12522,21322,2075,1895,3086,4465,3685,7606,5634,11728,8253,11364,8785,8137,18088,22060,9377,16017,200039,126974,34319,15076,124966,198,10,8,4
2021-04-16T23:59:59+02:00,11,9,5277,6179,9554,12853,11370,18639,16105,27990,23103,29069,34230,36268,40596,49433,12502,21289,1942,1807,2861,4287,3328,7291,4873,11201,6775,10281,6305,6115,16296,20389,9188,15720,195907,117755,34235,10701,124317,196,10,8,4
2021-04-15T23:59:59+02:00,11,9,5210,6088,9354,12683,11074,18391,15609,27597,22413,28471,32332,33950,39555,48224,12426,21125,1897,1775,2796,4223,3211,7172,4656,11021,6401,9970,5846,5719,15706,19705,9002,15391,190093,114643,34184,9652,120227,189,10,8,4
2021-04-14T23:59:59+02:00,11,8,5149,6042,9186,12554,10855,18214,15208,27284,21767,27991,30409,31700,38339,46808,12352,20940,1816,1720,2713,4157,3102,7080,4452,10855,6096,9719,5366,5306,15122,19017,8800,15043,183729,112029,34047,8195,117023,133,10,8,4
2021-04-13T23:59:59+02:00,11,8,5101,5988,9049,12424,10676,18045,14868,27010,21245,27526,28312,29253,37082,45216,12212,20736,1771,1704,2675,4114,3047,7019,4321,10714,5826,9509,5026,5001,14675,18568,8668,14844,176856,110613,33983,6826,113905,36,10,8,4
2021-04-12T23:59:59+02:00,10,8,5040,5940,8940,12287,10473,17897,14548,26730,20705,27070,26274,26985,35926,43752,12085,20539,1737,1661,2645,4095,3021,6966,4261,10647,5722,9409,4866,4857,14377,18199,8557,14645,171148,109776,33908,5848,110135,34,10,8,4
2021-04-11T23:59:59+02:00,10,8,5001,5897,8849,12208,10315,17796,14287,26553,20282,26746,25077,25700,35221,42968,11997,20392,1728,1655,2624,4075,2999,6941,4228,10601,5636,9342,4775,4803,14262,18077,8519,14593,169370,109579,33838,5243,106081,29,10,8,4
2021-04-10T23:59:59+02:00,10,8,4990,5883,8808,12182,10260,17762,14219,26504,20186,26666,24763,25326,34878,42549,11990,20371,1723,1650,2615,4066,2985,6925,4199,10572,5579,9303,4697,4724,14136,17915,8473,14509,168160,108792,33118,5243,106059,29,10,8,4
2021-04-09T23:59:59+02:00,10,8,4943,5852,8723,12104,10138,17639,14051,26328,19926,26425,23932,24175,33927,41345,11957,20298,1695,1620,2561,4031,2913,6863,4048,10459,5328,9078,4279,4351,13576,17203,8247,14145,164810,105127,31609,5236,105347,29,7,8,4
2021-04-08T23:59:59+02:00,10,8,4866,5787,8576,11994,9924,17463,13655,26015,19323,25957,22231,22197,32246,39383,11811,20064,1665,1604,2507,3984,2832,6777,3900,10321,5035,8815,3827,3926,12593,15960,7777,13387,159071,100165,30704,4716,101720,24,7,8,4
2021-04-07T23:59:59+02:00,10,7,4819,5735,8395,11918,9696,17314,13335,25788,18855,25597,20420,20085,30491,37126,11696,19853,1632,1588,2453,3932,2771,6697,3791,10175,4847,8626,3566,3638,11910,15154,7408,12842,153037,96864,29529,4148,98559,13,7,8,4
2021-04-06T23:59:59+02:00,10,7,4772,5690,8251,11806,9535,17149,13018,25522,18338,25212,18569,18024,28576,34639,11501,19511,1598,1569,2430,3906,2738,6660,3726,10131,4766,8537,3459,3515,11434,14509,7128,12436,146215,94566,28573,3959,95327,12,7,8,4
2021-04-05T23:59:59+02:00,10,7,4741,5648,8155,11717,9397,17049,12807,25311,17938,24865,16844,16090,26951,32495,11357,19289,1578,1558,2400,3887,2709,6612,3683,10072,4681,8422,3349,3408,11096,14141,6972,12157,140809,93178,28138,3530,91711,12,7,6,4
2021-04-04T23:59:59+02:00,10,7,4733,5642,8147,11706,9384,17036,12782,25291,17910,24840,16712,15916,26755,32248,11348,19276,1577,1557,2398,3884,2707,6609,3681,10069,4677,8419,3339,3395,11085,14129,6970,12149,140089,93099,28046,3530,91598,12,6,4,4
2021-04-03T23:59:59+02:00,10,7,4729,5634,8133,11698,9364,17016,12743,25260,17832,24778,16632,15827,26710,32191,11343,19269,1574,1555,2389,3876,2689,6595,3657,10041,4595,8364,3221,3280,11003,14055,6964,12139,139562,92451,28018,3530,91586,12,6,4,4
2021-04-02T23:59:59+02:00,10,7,4703,5614,8076,11644,9301,16948,12604,25154,17598,24578,16181,15350,26235,31619,11311,19216,1572,1546,2376,3870,2682,6579,3636,10009,4526,8271,3152,3212,10766,13756,6812,11938,138361,91161,26610,3526,91168,12,6,4,4
2021-04-01T23:59:59+02:00,9,7,4660,5553,7964,11503,9170,16788,12331,24869,17153,24179,15433,14625,25480,30661,11186,19035,1555,1524,2345,3838,2660,6549,3596,9970,4458,8206,3041,3084,9838,12643,6203,11092,136131,87168,25946,3422,88521,10,4,4,4
2021-03-31T23:59:59+02:00,9,7,4451,5473,7854,11381,9030,16623,12113,24593,16802,23814,14737,13863,24648,29654,11081,18843,1546,1519,2331,3818,2634,6521,3548,9921,4387,8135,2951,2994,9268,11948,5840,10597,134338,84750,24492,3196,86138,10,4,4,4
2021-03-30T23:59:59+02:00,9,7,4420,5420,7782,11254,8944,16465,11951,24403,16525,23505,14145,13221,23892,28677,10944,18602,1532,1509,2311,3793,2608,6492,3508,9856,4318,8064,2827,2849,8686,11295,5490,10111,132865,82442,23282,2799,84011,6,4,4,4
2021-03-29T23:59:59+02:00,9,7,4379,5362,7682,11142,8837,16303,11793,24131,16199,23159,13604,12624,23133,27706,10791,18357,1514,1496,2292,3777,2587,6463,3473,9800,4254,7989,2774,2781,8399,10910,5300,9802,131031,81063,22532,2540,81647,6,4,4,4
2021-03-28T23:59:59+02:00,9,7,4345,5277,7597,11035,8760,16151,11658,23901,15941,22886,13280,12315,22568,27016,10617,18078,1505,1491,2270,3763,2573,6434,3433,9750,4216,7933,2726,2730,8321,10806,5257,9737,130533,80724,22014,2213,78886,6,4,4,4
2021-03-27T23:59:59+01:00,9,7,4331,5266,7571,11005,8694,16080,11558,23805,15799,22770,13074,12102,22368,26806,10582,18049,1504,1489,2267,3761,2572,6433,3420,9727,4205,7911,2716,2723,8265,10741,5223,9697,129653,80433,21371,2213,78844,6,4,4,4
2021-03-26T23:59:59+01:00,9,7,4288,5197,7462,10874,8519,15897,11226,23506,15190,22265,12159,11284,21586,25972,10441,17826,1499,1475,2262,3740,2559,6410,3403,9701,4164,7874,2686,2684,8088,10524,5106,9530,125633,79596,19774,2099,78293,6,4,4,4
2021-03-25T23:59:59+01:00,9,6,4229,5038,7301,10596,8276,15494,10843,22885,14552,21567,11490,10625,20721,24906,10129,17291,1479,1461,2230,3714,2524,6371,3366,9653,4094,7793,2552,2546,7114,9276,4501,8625,122373,75426,19001,1864,74577,6,3,4,4
2021-03-24T23:59:59+01:00,9,6,4153,4897,7163,10311,8062,15081,10581,22341,14084,20961,10888,10066,19791,23821,9806,16730,1458,1431,2204,3677,2479,6335,3324,9590,4016,7694,2453,2447,6471,8516,4120,8046,119788,72807,17816,1448,71142,5,1,4,4
2021-03-23T23:59:59+01:00,9,6,4113,4803,7056,10077,7909,14743,10324,21838,13684,20470,10424,9624,19072,22971,9496,16269,1446,1413,2178,3656,2458,6309,3263,9536,3925,7620,2361,2345,5745,7590,3675,7359,118332,69751,16714,1123,67838,5,0,4,4
2021-03-22T23:59:59+01:00,9,6,4061,4723,6929,9836,7750,14423,10068,21374,13335,19973,10033,9268,18509,22262,9309,15929,1437,1406,2169,3642,2446,6293,3240,9513,3896,7587,2300,2294,5293,6986,3328,6870,117451,67658,16317,1036,64025,5,0,4,4
2021-03-21T23:59:59+01:00,9,6,4014,4618,6797,9571,7582,14068,9845,20836,12994,19449,9713,8990,17980,21659,9119,15622,1434,1403,2168,3631,2443,6286,3234,9504,3886,7573,2286,2275,5176,6854,3270,6769,117256,67150,15923,1036,59689,5,0,4,4
2021-03-20T23:59:59+01:00,9,6,4003,4596,6762,9517,7524,13997,9761,20731,12890,19360,9626,8896,17845,21486,9069,15535,1431,1399,2164,3628,2438,6281,3221,9494,3867,7563,2251,2243,4853,6481,3086,6528,116436,65886,15828,1036,59345,5,0,4,4
2021-03-19T23:59:59+01:00,8,6,3829,4455,6472,9265,7083,13574,8849,20001,11165,18033,6781,6557,15618,19291,8717,14974,1427,1395,2159,3622,2426,6268,3209,9470,3817,7517,2184,2202,4484,6009,2824,6213,107178,64216,11130,1004,56366,5,0,4,4
2021-03-18T23:59:59+01:00,8,5,3724,4322,6295,8956,6818,13135,8458,19345,10526,17296,6073,5904,14405,17824,8210,14160,1423,1389,2135,3595,2408,6232,3179,9427,3776,7482,2139,2168,4066,5481,2543,5804,102083,62346,10127,896,53250,4,0,4,4
2021-03-17T23:59:59+01:00,8,5,3647,4248,6163,8812,6651,12957,8164,19035,10126,16904,5668,5521,13589,16894,7817,13585,1413,1377,2119,3576,2378,6199,3148,9399,3739,7446,2083,2109,3660,5035,2294,5421,98858,60629,8446,762,52486,4,0,4,4
2021-03-16T23:59:59+01:00,7,5,3569,4113,6011,8541,6445,12589,7850,18451,9581,16248,5148,5068,12777,15933,7487,13095,1404,1368,2110,3559,2363,6185,3133,9379,3713,7420,2055,2073,3142,4396,1960,4915,96550,58413,7045,758,49319,3,0,4,4
2021-03-15T23:59:59+01:00,7,5,3522,3965,5826,8264,6227,12180,7576,17879,9145,15624,4834,4787,12124,15190,7224,12638,1404,1358,2094,3544,2343,6160,3115,9331,3689,7381,2019,2023,2780,3937,1676,4523,95060,56629,6075,744,45878,3,0,4,4
2021-03-14T23:59:59+01:00,7,5,3476,3833,5599,7935,5942,11736,7271,17160,8684,14873,4521,4515,11834,14934,7179,12539,1397,1352,2078,3515,2328,6110,3097,9273,3672,7342,2012,2012,2702,3830,1624,4439,94942,56230,5470,550,41627,2,0,4,4
2021-03-13T23:59:59+01:00,7,5,3460,3793,5560,7824,5883,11620,7190,17020,8541,14723,4369,4366,11742,14848,7173,12528,1397,1352,2078,3515,2327,6110,3096,9272,3671,7342,2009,2004,2650,3775,1590,4385,94254,56020,5470,550,40924,2,0,4,4
2021-03-12T23:59:59+01:00,7,5,3442,3721,5504,7688,5821,11473,7106,16796,8406,14490,4262,4270,11472,14525,7019,12313,1397,1352,2074,3509,2326,6102,3092,9266,3670,7336,2007,2002,2564,3665,1510,4299,92837,55618,5462,550,40017,2,0,4,4
2021-03-11T23:59:59+01:00,7,5,3364,3526,5296,7390,5590,11055,6768,16131,7975,13853,3927,3936,10401,13271,6372,11412,1392,1349,2064,3496,2307,6077,3069,9232,3647,7304,1978,1977,2326,3403,1360,4081,88672,54542,5045,517,36558,2,0,4,4
2021-03-10T23:59:59+01:00,7,5,3268,3408,5083,7120,5377,10699,6498,15585,7640,13309,3707,3709,9760,12479,5988,10879,1388,1338,2037,3458,2277,5987,3021,9111,3589,7186,1935,1901,2110,3166,1231,3893,86212,53343,4677,282,33628,2,0,4,4
2021-03-09T23:59:59+01:00,6,5,3194,3278,4928,6931,5183,10420,6269,15153,7342,12806,3524,3504,9132,11777,5616,10362,1381,1328,2001,3398,2246,5885,2960,8967,3522,7105,1906,1875,1836,2850,1063,3648,83949,51933,4423,35,31054,2,0,4,4
2021-03-08T23:59:59+01:00,6,5,3128,3119,4702,6666,4946,10067,6010,14642,6980,12218,3325,3312,8745,11334,5419,10050,1378,1309,1987,3320,2215,5792,2921,8822,3489,7012,1891,1853,1636,2619,945,3458,82482,50613,4062,33,28126,0,0,4,4
2021-03-07T23:59:59+01:00,6,5,3096,3060,4628,6554,4863,9954,5905,14479,6864,12073,3275,3270,8661,11229,5381,9983,1372,1304,1980,3308,2207,5765,2914,8783,3477,6993,1883,1841,1580,2552,893,3391,82132,50209,3897,33,27253,0,0,4,4
2021-03-06T23:59:59+01:00,6,5,3082,3002,4584,6464,4829,9891,5847,14365,6816,11964,3251,3247,8605,11163,5347,9940,1370,1291,1975,3294,2195,5738,2911,8755,3466,6974,1875,1817,1553,2528,888,3382,81816,49978,3897,33,26691,0,0,4,4
2021-03-05T23:59:59+01:00,6,5,3058,2909,4526,6355,4767,9792,5784,14214,6716,11811,3207,3192,8421,10933,5228,9768,1361,1258,1945,3239,2171,5631,2869,8621,3422,6836,1832,1772,1489,2457,866,3356,80918,49091,3889,33,25881,0,0,4,4
2021-03-04T23:59:59+01:00,4,5,3005,2716,4367,6117,4549,9482,5578,13794,6405,11422,3029,3016,7407,9644,4610,8856,1341,1208,1907,3116,2141,5448,2823,8344,3366,6604,1762,1682,1453,2408,862,3338,76778,47770,3619,32,23605,0,0,4,4
2021-03-03T23:59:59+01:00,3,5,2966,2644,4226,5926,4384,9214,5376,13417,6152,11002,2908,2886,6763,8875,4217,8254,1329,1170,1880,3044,2119,5338,2791,8167,3313,6446,1693,1638,1412,2338,842,3285,74070,46773,3390,32,21754,0,0,4,3
2021-03-02T23:59:59+01:00,3,5,2905,2555,4042,5710,4176,8942,5178,13042,5884,10628,2762,2729,5997,7911,3755,7549,1296,1127,1853,2972,2095,5199,2742,7895,3264,6248,1622,1578,1348,2259,822,3242,70914,45530,2944,32,19911,0,0,4,3
2021-03-01T23:59:59+01:00,3,4,2865,2493,3876,5559,3989,8722,4990,12720,5646,10241,2662,2615,5508,7257,3403,7044,1290,1091,1830,2871,2068,5006,2702,7645,3204,6012,1579,1542,1300,2200,796,3203,68766,44307,2645,32,18182,0,0,4,3
2021-02-28T23:59:59+01:00,3,4,2824,2444,3718,5441,3768,8532,4807,12470,5459,9936,2605,2543,5385,7101,3341,6943,1286,1086,1826,2857,2059,4982,2695,7609,3194,5995,1571,1535,1294,2191,794,3193,68289,44136,2427,31,16604,0,0,4,3
2021-02-27T23:59:59+01:00,3,3,2809,2379,3692,5361,3734,8463,4773,12380,5424,9863,2564,2509,5056,6714,3145,6693,1279,1078,1819,2845,2046,4947,2676,7544,3178,5939,1553,1526,1288,2180,791,3192,66983,43851,2427,30,16151,0,0,4,3
2021-02-26T23:59:59+01:00,3,3,2789,2338,3652,5277,3669,8361,4712,12272,5339,9775,2488,2456,4679,6233,2876,6370,1220,1028,1769,2736,1997,4766,2622,7270,3105,5728,1492,1475,1265,2158,777,3183,65193,42563,2302,29,15793,0,0,4,2
2021-02-25T23:59:59+01:00,3,3,2615,2229,3468,5096,3487,8138,4508,11986,5121,9501,2401,2391,4230,5681,2588,5949,1204,971,1738,2628,1944,4492,2551,6876,3011,5442,1448,1432,1245,2143,775,3174,63338,41050,1980,26,14073,0,0,4,1
2021-02-24T23:59:59+01:00,3,3,2460,2091,3278,4904,3339,7932,4311,11732,4902,9253,2264,2272,3777,5171,2331,5556,1189,942,1715,2542,1910,4353,2491,6619,2959,5236,1417,1401,1227,2123,771,3155,61575,40033,1511,18,12489,0,0,4,1
2021-02-23T23:59:59+01:00,3,3,2323,1953,3100,4676,3184,7701,4140,11459,4720,9007,2178,2178,3224,4506,1993,5044,1175,894,1684,2447,1871,4160,2423,6320,2861,4976,1360,1346,1198,2080,758,3130,59376,38670,1164,14,10848,0,0,4,1
2021-02-22T23:59:59+01:00,3,3,2283,1902,3015,4583,3114,7593,4046,11273,4613,8882,2128,2137,2860,4044,1707,4658,1163,835,1652,2321,1828,3914,2347,5926,2735,4678,1298,1291,1175,2047,752,3109,57705,37068,1080,4,10055,0,0,4,1
2021-02-21T23:59:59+01:00,3,3,2247,1870,2964,4514,3032,7479,3965,11127,4547,8765,2114,2114,2776,3930,1652,4570,1159,817,1635,2268,1803,3805,2314,5771,2672,4554,1266,1268,1165,2033,745,3096,57274,36368,1047,4,9347,0,0,4,1
2021-02-20T23:59:59+01:00,3,3,2236,1867,2942,4501,3016,7443,3939,11094,4526,8744,2111,2106,2722,3873,1617,4515,1159,814,1635,2266,1802,3796,2313,5766,2671,4550,1265,1265,1164,2030,744,3095,57059,36332,1046,4,9149,0,0,4,1
2021-02-19T23:59:59+01:00,2,3,2224,1854,2906,4449,2991,7355,3894,11012,4472,8681,2103,2100,2634,3760,1537,4422,1107,805,1596,2258,1792,3787,2303,5745,2662,4538,1259,1254,1153,2025,739,3088,56647,36108,1015,4,8733,0,0,4,1
2021-02-18T23:59:59+01:00,2,3,2092,1758,2749,4264,2867,7156,3757,10725,4333,8478,2071,2066,2394,3494,1385,4200,1028,770,1521,2160,1743,3664,2231,5587,2606,4451,1245,1234,1148,2011,729,3070,55591,35195,948,4,7251,0,0,4,1
2021-02-17T23:59:59+01:00,2,3,2048,1709,2657,4131,2758,6942,3604,10384,4192,8236,2014,1983,2175,3265,1261,4013,874,707,1412,2034,1668,3474,2137,5363,2533,4280,1211,1189,1123,1966,714,3030,54530,33713,803,3,6040,0,0,4,1
2021-02-16T23:59:59+01:00,2,3,1875,1596,2483,3924,2619,6667,3443,10030,4016,7929,1970,1956,1900,2946,1091,3761,847,685,1340,1959,1600,3332,2042,5191,2436,4149,1150,1142,1065,1876,682,2937,53204,32432,767,2,4236,0,0,4,1
2021-02-15T23:59:59+01:00,2,3,1841,1540,2395,3755,2541,6394,3320,9663,3901,7660,1944,1928,1685,2708,970,3575,829,672,1311,1913,1559,3264,1987,5019,2373,4049,1085,1102,1001,1786,663,2844,52110,31457,754,1,2957,0,0,4,1
2021-02-14T23:59:59+01:00,2,3,1752,1509,2350,3693,2499,6304,3250,9560,3855,7582,1933,1918,1628,2649,920,3516,814,662,1294,1888,1532,3241,1953,4978,2348,3994,1075,1093,994,1776,660,2832,51778,31134,725,1,2416,0,0,4,1
2021-02-13T23:59:59+01:00,2,3,1751,1497,2340,3686,2493,6290,3246,9544,3848,7572,1925,1898,1605,2629,917,3506,814,662,1294,1888,1532,3241,1953,4978,2348,3994,1075,1093,994,1776,660,2832,51624,31134,725,1,2399,0,0,4,1
2021-02-12T23:59:59+01:00,2,3,1671,1411,2241,3574,2413,6116,3141,9306,3726,7307,1878,1841,1542,2557,894,3479,808,655,1282,1866,1517,3222,1945,4947,2332,3974,1070,1088,993,1757,660,2802,50684,30919,725,0,1689,0,0,4,1
2021-02-11T23:59:59+01:00,2,3,1468,1273,2059,3359,2285,5824,2989,8874,3567,6961,1806,1739,1500,2496,880,3456,780,604,1187,1687,1392,2948,1806,4588,2169,3688,1020,1027,951,1686,627,2671,49291,28832,684,0,562,0,0,4,1
2021-02-10T23:59:59+01:00,2,3,1372,1224,1971,3232,2217,5651,2907,8596,3456,6730,1735,1691,1455,2429,864,3399,566,520,965,1462,1253,2640,1621,4126,1966,3310,903,900,830,1435,548,2355,48125,25401,644,0,161,0,0,4,1
2021-02-09T23:59:59+01:00,2,3,1337,1174,1934,3140,2190,5470,2840,8254,3386,6471,1662,1629,1394,2369,847,3362,303,383,747,1199,1066,2265,1411,3589,1718,2858,735,736,662,1148,438,1909,46866,21168,515,0,80,0,0,3,1
2021-02-08T23:59:59+01:00,2,3,1330,1139,1903,3021,2152,5248,2788,7974,3327,6235,1621,1595,1349,2314,831,3342,267,342,645,1044,960,2047,1251,3198,1521,2542,632,617,558,969,381,1659,45747,18634,345,0,79,0,0,3,1
2021-02-07T23:59:59+01:00,2,3,1303,1123,1874,2969,2127,5166,2759,7871,3285,6170,1605,1579,1334,2295,820,3327,233,286,597,954,900,1892,1159,2973,1423,2370,592,597,537,936,371,1630,45465,17452,144,0,0,0,0,3,0
2021-02-06T23:59:59+01:00,2,3,1298,1117,1868,2957,2118,5138,2746,7827,3274,6125,1592,1571,1329,2285,817,3326,214,252,575,917,872,1826,1117,2856,1366,2288,576,579,530,936,371,1630,45246,16907,144,0,0,0,0,3,0
2021-02-05T23:59:59+01:00,2,3,1237,1065,1819,2846,2066,4942,2687,7531,3197,5909,1529,1517,1310,2259,809,3319,198,223,540,870,838,1746,1078,2739,1313,2189,542,555,519,912,361,1605,43900,16230,144,0,0,0,0,3,0
2021-02-04T23:59:59+01:00,2,3,1225,1001,1778,2697,1995,4630,2604,7087,3097,5583,1484,1484,1292,2243,806,3311,170,169,467,753,739,1607,968,2500,1201,1974,495,503,476,858,343,1492,42284,14717,36,0,0,0,0,2,0
2021-02-03T23:59:59+01:00,2,3,1207,972,1748,2616,1956,4484,2537,6825,3045,5365,1447,1451,1263,2208,788,3282,139,140,393,641,623,1371,823,2122,1004,1687,378,369,341,644,240,1131,41161,12048,36,0,0,0,0,2,0
2021-02-02T23:59:59+01:00,2,3,1190,916,1716,2516,1913,4261,2464,6493,2938,5092,1394,1405,1240,2178,779,3258,118,116,316,520,520,1136,678,1792,814,1377,280,269,263,472,188,847,39720,9708,36,0,0,0,0,2,0
2021-02-01T23:59:59+01:00,1,3,1177,856,1681,2391,1863,4015,2387,6100,2816,4796,1327,1323,1209,2132,768,3233,85,76,216,349,347,741,430,1155,478,858,174,164,152,279,100,494,38040,6098,36,0,0,0,0,2,0
2021-01-31T23:59:59+01:00,1,3,1172,838,1664,2333,1839,3892,2355,5917,2749,4677,1296,1300,1198,2117,761,3221,74,70,183,279,270,575,341,902,396,691,148,148,144,271,96,480,37298,5068,33,0,0,0,0,2,0
2021-01-30T23:59:59+01:00,1,3,1172,835,1663,2328,1837,3881,2353,5906,2746,4667,1295,1296,1197,2116,761,3220,70,63,151,232,242,507,306,784,353,616,147,141,139,267,96,479,37243,4593,32,0,0,0,0,2,0
2021-01-29T23:59:59+01:00,1,3,1119,826,1624,2321,1826,3874,2345,5892,2738,4655,1291,1293,1193,2116,761,3220,62,45,114,177,198,353,249,635,309,488,136,132,127,256,93,479,37067,3853,30,0,0,0,0,1,0
2021-01-28T23:59:59+01:00,1,3,1044,801,1566,2261,1793,3805,2298,5821,2705,4601,1279,1281,1186,2110,752,3206,40,20,72,105,129,206,154,380,201,291,103,101,102,205,83,432,36485,2624,27,0,0,0,0,1,0
2021-01-27T23:59:59+01:00,1,3,894,750,1475,2185,1726,3690,2226,5691,2647,4476,1251,1237,1162,2071,740,3174,29,12,62,86,104,162,122,323,174,247,95,84,91,186,79,401,35380,2257,18,0,0,0,0,1,0
2021-01-26T23:59:59+01:00,1,3,880,731,1410,2111,1663,3560,2139,5519,2559,4365,1196,1197,1116,2000,716,3125,28,11,59,83,100,156,118,309,173,237,93,79,84,165,68,355,34278,2118,12,0,0,0,0,1,0
2021-01-25T23:59:59+01:00,1,3,867,710,1378,2051,1632,3463,2094,5353,2502,4275,1145,1172,1069,1943,698,3066,26,11,56,83,97,154,117,307,172,237,92,78,83,164,66,352,33418,2095,3,0,0,0,0,1,0
2021-01-24T23:59:59+01:00,1,3,864,709,1372,2040,1627,3446,2086,5327,2491,4243,1141,1166,1064,1936,697,3061,26,11,56,83,96,153,117,307,172,236,92,78,83,164,66,352,33270,2092,3,0,0,0,0,1,0
2021-01-23T23:59:59+01:00,1,3,864,709,1372,2040,1627,3446,2086,5327,2491,4243,1141,1166,1064,1936,697,3061,26,11,56,83,96,153,117,307,171,236,92,78,83,164,66,352,33270,2091,3,0,0,0,0,1,0
2021-01-22T23:59:59+01:00,1,3,864,699,1358,2018,1611,3422,2073,5293,2475,4223,1139,1161,1063,1913,696,3028,26,11,56,83,96,153,117,307,170,236,92,78,83,164,66,352,33036,2090,3,0,0,0,0,1,0
2021-01-21T23:59:59+01:00,1,3,833,662,1280,1863,1512,3232,1976,5021,2367,4025,1099,1102,1032,1833,658,2901,24,10,52,78,88,145,107,278,156,213,79,70,74,144,54,300,31396,1872,3,0,0,0,0,1,0
2021-01-20T23:59:59+01:00,1,3,630,563,1086,1644,1378,2958,1799,4617,2164,3688,974,984,914,1604,593,2631,22,10,51,74,85,144,99,265,145,194,69,64,69,122,45,268,28227,1726,3,0,0,0,0,1,0
2021-01-19T23:59:59+01:00,1,3,343,417,835,1387,1177,2618,1564,4088,1904,3239,807,816,750,1331,495,2226,18,7,36,52,56,78,73,178,101,131,52,49,48,91,34,207,23998,1211,2,0,0,0,0,1,0
2021-01-18T23:59:59+01:00,1,3,301,376,723,1199,1056,2364,1372,3591,1665,2859,679,667,605,1087,421,1841,7,3,11,17,19,27,24,50,25,46,12,11,13,33,7,61,20808,366,1,0,0,0,0,1,0
2021-01-17T23:59:59+01:00,1,3,260,321,657,1105,978,2193,1275,3316,1550,2648,634,638,578,1031,400,1783,0,0,1,0,2,2,2,1,2,2,1,4,1,0,0,1,19370,19,1,0,0,0,0,0,0
2021-01-16T23:59:59+01:00,1,3,243,289,641,1072,954,2130,1234,3206,1499,2575,618,621,571,1031,400,1782,0,0,0,0,1,2,1,1,1,2,0,1,1,0,0,1,18869,11,1,0,0,0,0,0,0
2021-01-15T23:59:59+01:00,1,3,228,256,612,1024,927,2052,1199,3090,1447,2479,587,595,564,1010,393,1770,0,0,0,0,0,0,0,0,0,0,0,0,0,0,0,0,18237,0,0,0,0,0,0,0,0
2021-01-14T23:59:59+01:00,1,2,198,204,552,902,838,1909,1106,2867,1332,2296,543,552,526,966,387,1728,0,0,0,0,0,0,0,0,0,0,0,0,0,0,0,0,16909,0,0,0,0,0,0,0,0
2021-01-13T23:59:59+01:00,1,2,166,185,503,833,766,1783,1008,2634,1178,2074,430,435,399,761,289,1331,0,0,0,0,0,0,0,0,0,0,0,0,0,0,0,0,14778,0,0,0,0,0,0,0,0
2021-01-12T23:59:59+01:00,1,2,144,164,471,764,716,1628,918,2432,1071,1840,341,327,308,541,207,943,0,0,0,0,0,0,0,0,0,0,0,0,0,0,0,0,12818,0,0,0,0,0,0,0,0
2021-01-11T23:59:59+01:00,0,1,115,127,395,634,626,1375,754,1974,845,1454,211,190,169,313,109,546,0,0,0,0,0,0,0,0,0,0,0,0,0,0,0,0,9838,0,0,0,0,0,0,0,0
2021-01-10T23:59:59+01:00,0,1,89,92,305,458,471,995,547,1447,621,1058,174,167,157,300,104,533,0,0,0,0,0,0,0,0,0,0,0,0,0,0,0,0,7519,0,0,0,0,0,0,0,0
2021-01-09T23:59:59+01:00,0,1,78,84,259,395,401,863,480,1230,545,900,167,157,152,295,104,531,0,0,0,0,0,0,0,0,0,0,0,0,0,0,0,0,6642,0,0,0,0,0,0,0,0
2021-01-08T23:59:59+01:00,0,1,65,64,186,287,304,584,365,932,439,681,159,152,136,283,102,531,0,0,0,0,0,0,0,0,0,0,0,0,0,0,0,0,5271,0,0,0,0,0,0,0,0
2021-01-07T23:59:59+01:00,0,0,46,24,78,121,137,230,164,419,222,339,116,121,123,251,98,504,0,0,0,0,0,0,0,0,0,0,0,0,0,0,0,0,2993,0,0,0,0,0,0,0,0
2021-01-06T23:59:59+01:00,0,0,32,17,69,92,116,180,136,342,193,275,97,93,97,205,83,429,0,0,0,0,0,0,0,0,0,0,0,0,0,0,0,0,2456,0,0,0,0,0,0,0,0
2021-01-05T23:59:59+01:00,0,0,29,12,59,87,106,166,121,327,179,253,96,88,95,198,81,411,0,0,0,0,0,0,0,0,0,0,0,0,0,0,0,0,2308,0,0,0,0,0,0,0,0
2021-01-04T23:59:59+01:00,0,0,26,11,56,84,98,157,116,312,177,241,95,85,88,184,71,380,0,0,0,0,0,0,0,0,0,0,0,0,0,0,0,0,2181,0,0,0,0,0,0,0,0
2021-01-03T23:59:59+01:00,0,0,26,11,56,84,98,157,116,312,177,241,95,85,87,183,71,380,0,0,0,0,0,0,0,0,0,0,0,0,0,0,0,0,2179,0,0,0,0,0,0,0,0
2021-01-02T23:59:59+01:00,0,0,26,11,56,84,98,157,116,312,176,241,95,85,87,183,71,380,0,0,0,0,0,0,0,0,0,0,0,0,0,0,0,0,2178,0,0,0,0,0,0,0,0
2021-01-01T23:59:59+01:00,0,0,26,11,56,84,98,157,116,312,174,240,95,85,87,183,71,380,0,0,0,0,0,0,0,0,0,0,0,0,0,0,0,0,2175,0,0,0,0,0,0,0,0
2020-12-31T23:59:59+01:00,0,0,26,11,56,84,98,157,116,312,174,240,95,85,87,183,71,380,0,0,0,0,0,0,0,0,0,0,0,0,0,0,0,0,2175,0,0,0,0,0,0,0,0
2020-12-30T23:59:59+01:00,0,0,25,11,56,83,97,154,116,311,174,240,95,85,87,183,71,380,0,0,0,0,0,0,0,0,0,0,0,0,0,0,0,0,2168,0,0,0,0,0,0,0,0
2020-12-29T23:59:59+01:00,0,0,18,8,41,59,74,91,86,216,127,188,73,73,65,151,56,304,0,0,0,0,0,0,0,0,0,0,0,0,0,0,0,0,1630,0,0,0,0,0,0,0,0
2020-12-28T23:59:59+01:00,0,0,8,5,17,28,31,45,40,111,53,101,30,40,37,91,29,175,0,0,0,0,0,0,0,0,0,0,0,0,0,0,0,0,841,0,0,0,0,0,0,0,0
2020-12-27T23:59:59+01:00,0,0,2,2,4,5,7,11,10,23,6,22,5,7,6,25,3,48,0,0,0,0,0,0,0,0,0,0,0,0,0,0,0,0,186,0,0,0,0,0,0,0,0
