Datum,<24_1_m,<24_1_w,25-34_1_m,25-34_1_w,35-44_1_m,35-44_1_w,45-54_1_m,45-54_1_w,55-64_1_m,55-64_1_w,65-74_1_m,65-74_1_w,75-84_1_m,75-84_1_w,>84_1_m,>84_1_w,<24_2_m,<24_2_w,25-34_2_m,25-34_2_w,35-44_2_m,35-44_2_w,45-54_2_m,45-54_2_w,55-64_2_m,55-64_2_w,65-74_2_m,65-74_2_w,75-84_2_m,75-84_2_w,>84_2_m,>84_2_w,bp_1,bp_2,mo_1,mo_2,az_1,az_2,ja
2021-06-14T23:59:59+02:00,32188,30423,43139,39562,55565,57232,81153,83782,90673,91325,64026,70608,46474,57309,11154,20103,8677,8862,13972,14711,16260,21933,22280,31819,26645,30632,41210,46411,37666,46352,9419,16926,613804,263366,66635,36733,178873,78272,15404
2021-06-13T23:59:59+02:00,31965,30218,42777,39256,55145,56835,80829,83497,90515,91161,63954,70540,46442,57263,11145,20086,8534,8676,13716,14429,15909,21531,21841,31332,26160,30156,40850,46028,37230,45810,9283,16700,611483,261367,66506,36671,178847,75355,14792
2021-06-12T23:59:59+02:00,30176,28367,41670,38223,54508,56154,80301,83004,89995,90659,63819,70384,46380,57192,11137,20069,8481,8613,13593,14322,15775,21424,21664,31199,26060,30071,40836,46016,37222,45803,9283,16700,601958,260607,66503,36671,178843,75050,14734
2021-06-11T23:59:59+02:00,28304,26624,40322,37012,53348,55003,79323,82158,89461,90124,63621,70173,46325,57097,11118,20039,8410,8499,13426,14158,15561,21225,21401,30956,25796,29800,40550,45673,37138,45694,9272,16677,590208,258762,66429,36526,178835,74368,14580
2021-06-10T23:59:59+02:00,27133,25438,39040,35780,51809,53592,78056,80984,87911,88640,63329,69833,46210,56936,11098,19996,8093,8235,12910,13732,14938,20666,20634,30193,25057,29166,39889,44864,36802,45288,9191,16531,577460,255414,65985,36495,178787,70727,13553
2021-06-09T23:59:59+02:00,26595,25000,38398,35232,50675,52545,76859,79843,87409,88186,63230,69712,46163,56856,11085,19971,7770,7872,12288,13124,14174,19839,19738,29158,24008,27931,37430,42127,36289,44685,9068,16321,570479,245226,65592,36433,178748,67223,12940
2021-06-08T23:59:59+02:00,24843,23313,36746,33827,48580,50577,74760,77960,86085,86831,62949,69363,46043,56724,11061,19932,7606,7662,11909,12789,13707,19355,19122,28536,23509,27449,37159,41887,36005,44325,8985,16185,553243,243646,65331,36360,178723,63887,12297
2021-06-07T23:59:59+02:00,23651,22187,35102,32392,46300,48588,72714,76130,85257,86096,62758,69128,45978,56599,11044,19903,7423,7475,11482,12442,13157,18882,18393,27910,22923,26899,36856,41588,35595,43851,8905,16022,538231,241701,65162,36297,178674,60045,11760
2021-06-06T23:59:59+02:00,23433,22009,34702,32081,45683,48024,72127,75677,85086,85957,62713,69073,45963,56571,11040,19893,7280,7269,11161,12030,12739,18316,17756,27105,22259,26136,36409,41141,35157,43323,8782,15799,535153,239315,64842,36251,178624,55683,11413
2021-06-05T23:59:59+02:00,21977,20557,33349,30784,44556,46957,71572,75161,84579,85469,62631,68976,45921,56528,11034,19883,7221,7192,11065,11881,12620,18172,17587,26904,22112,25980,36362,41083,35139,43303,8780,15794,525173,238764,64842,35836,178526,55202,11393
2021-06-04T23:59:59+02:00,20574,19225,31999,29446,43045,45479,70223,73889,83860,84780,62483,68800,45855,56444,11021,19860,7103,7030,10886,11679,12403,17919,17212,26521,21611,25521,35484,40261,34868,43044,8768,15772,512365,236980,64777,35516,178518,52263,11323
2021-06-03T23:59:59+02:00,19819,18539,30982,28584,41558,44201,68459,72349,81696,82556,62161,68439,45735,56299,11007,19828,6918,6791,10574,11349,12093,17435,16749,25882,21090,24958,34847,39531,34712,42865,8742,15728,498729,234708,64100,35135,178476,49514,10907
2021-06-02T23:59:59+02:00,19451,18183,30672,28324,40825,43515,66799,70920,80922,81891,62041,68294,45685,56228,11004,19816,6789,6687,10404,11202,11869,17226,16471,25561,20570,24400,31801,36122,34515,42666,8722,15678,491349,226130,64099,34812,178474,49093,10648
2021-06-01T23:59:59+02:00,18502,17414,29150,27198,38419,41364,63191,67719,78832,79899,61760,67975,45565,56060,10977,19765,6480,6366,9885,10769,11341,16644,15796,24777,19900,23707,31493,35859,34341,42494,8699,15623,473377,224769,62553,34325,178417,45637,9443
2021-05-31T23:59:59+02:00,17843,16866,28196,26488,36251,39553,59717,64624,77121,78459,61468,67656,45439,55907,10949,19724,6291,6114,9476,10419,10921,16137,15257,24103,19320,23056,31228,35635,34176,42325,8670,15572,457664,224122,61845,33940,178355,42241,8397
2021-05-30T23:59:59+02:00,17668,16716,27927,26269,35761,39098,59004,64022,76874,78245,61418,67604,45415,55876,10945,19714,6172,5884,9127,10075,10532,15629,14800,23308,18830,22335,30594,34979,33981,42151,8652,15525,454734,223691,61412,33860,178310,36923,8100
2021-05-29T23:59:59+02:00,17226,16279,26990,25364,33963,37490,57644,62830,76316,77683,61298,67488,45365,55830,10942,19701,6133,5793,9065,9968,10441,15516,14686,23160,18708,22208,30575,34965,33976,42144,8651,15522,444630,223233,61379,33860,178305,36323,8095
2021-05-28T23:59:59+02:00,16767,15829,26108,24545,31983,35593,55605,61000,75336,76708,61146,67302,45320,55761,10933,19682,6034,5662,8905,9824,10288,15349,14528,22925,18506,21916,30528,34941,33961,42131,8650,15519,432701,222615,60913,33855,178216,35409,7788
2021-05-27T23:59:59+02:00,16029,15296,25058,23831,30732,34638,53954,59582,72289,73734,60834,66911,45202,55606,10913,19638,5890,5387,8572,9510,9899,14932,14091,22261,18046,21391,30339,34764,33858,42032,8633,15493,420630,222006,58971,33789,177599,32256,7047
2021-05-26T23:59:59+02:00,15443,14811,24173,23174,29827,33956,52789,58609,69247,70426,60458,66526,45082,55449,10886,19605,5784,5183,8308,9207,9612,14527,13723,21651,17636,20845,30171,34608,33767,41938,8611,15450,409861,221422,56803,33673,177103,29232,6694
2021-05-25T23:59:59+02:00,15049,14459,23610,22779,28655,33006,49965,56149,67273,68573,60208,66263,44982,55308,10874,19562,5693,5040,8086,8948,9370,14155,13401,21104,17268,20350,30033,34480,33694,41839,8592,15404,398065,220910,55740,33595,176484,26526,6426
2021-05-24T23:59:59+02:00,14692,14135,23122,22405,28040,32541,46869,53263,65305,66851,59951,66001,44883,55187,10846,19517,5609,4913,7827,8721,9050,13768,13078,20589,16908,19829,29919,34372,33630,41775,8574,15365,386454,220395,55261,33533,175819,23925,6074
2021-05-23T23:59:59+02:00,14621,14059,23028,22320,27968,32466,46576,52987,64751,66332,59880,65938,44863,55170,10844,19516,5586,4893,7789,8696,8990,13729,13003,20533,16843,19778,29913,34363,33627,41770,8574,15364,384260,220135,55184,33527,175807,23721,6068
2021-05-22T23:59:59+02:00,14367,13804,22717,21992,26823,31473,44748,51438,64043,65702,59733,65757,44807,55087,10835,19497,5565,4832,7765,8636,8953,13669,12970,20445,16819,19725,29907,34352,33622,41766,8574,15363,375809,220058,55170,33527,175801,23335,6043
2021-05-21T23:59:59+02:00,14021,13505,22132,21556,25924,30739,42163,49371,62373,64262,59541,65553,44732,55003,10823,19479,5541,4793,7709,8551,8890,13589,12893,20347,16747,19647,29897,34336,33616,41756,8572,15362,365485,219876,54110,33514,175611,22885,5971
2021-05-20T23:59:59+02:00,13306,12855,20994,20681,24814,29734,40590,48019,60043,62175,58880,64833,44556,54770,10797,19431,5216,4586,7305,8263,8486,13192,12423,19817,16371,19197,29795,34263,33572,41709,8570,15354,355086,219493,51813,33408,174327,19966,5252
2021-05-19T23:59:59+02:00,12805,12486,20195,20138,23966,29139,39700,47324,56528,58229,58561,64527,44463,54641,10779,19391,5041,4399,7065,8013,8199,12865,12078,19373,16033,18808,29716,34162,33532,41639,8562,15344,344705,219035,50201,33299,173204,17733,4762
2021-05-18T23:59:59+02:00,12428,12152,19615,19692,23333,28570,38134,45974,55310,57241,58238,64150,44345,54498,10758,19370,4923,4248,6812,7785,7951,12575,11835,18980,15711,18396,29653,34101,33503,41606,8559,15337,339383,218764,48373,33226,171741,15674,4311
2021-05-17T23:59:59+02:00,12169,11934,19185,19419,22902,28261,36772,44838,54176,56353,58039,63942,44287,54403,10746,19342,4842,4141,6594,7567,7700,12282,11581,18598,15414,18015,29586,34042,33483,41569,8553,15325,335352,218495,47401,33160,170233,13855,3782
2021-05-16T23:59:59+02:00,11952,11775,18888,19219,22572,28014,36078,44336,52954,55196,57928,63842,44252,54354,10737,19323,4762,4057,6358,7398,7433,12028,11306,18237,15150,17705,29535,33997,33468,41550,8546,15322,332938,218257,46527,33102,168621,12159,3334
2021-05-15T23:59:59+02:00,11846,11660,18729,19076,22409,27872,35638,43916,52606,54864,57826,63717,44212,54309,10734,19310,4716,4015,6268,7331,7342,11920,11208,18122,15045,17581,29434,33874,33394,41471,8542,15318,330555,217180,46527,33101,168485,12143,3157
2021-05-14T23:59:59+02:00,11529,11430,18303,18838,22015,27594,32878,41814,50855,53305,57674,63563,44165,54237,10722,19291,4566,3923,5975,7160,7038,11691,10859,17768,14696,17254,28900,33174,33280,41315,8529,15292,321483,213914,46474,33097,167872,12025,2384
2021-05-13T23:59:59+02:00,11009,10994,17489,18276,21142,26910,31744,40807,48557,51027,56972,62791,43983,53979,10691,19227,4007,3699,5660,6906,6739,11386,10447,17385,14301,16784,28005,31986,32920,40871,8503,15242,313038,209361,44617,32546,165864,10855,2079
2021-05-12T23:59:59+02:00,10674,10767,17062,18027,20667,26626,31210,40411,45266,47012,56744,62574,43904,53877,10677,19207,3845,3600,5429,6800,6467,11237,10163,17174,14048,16488,27395,31206,32779,40712,8480,15211,303911,206397,43795,32524,165575,10689,1424
2021-05-11T23:59:59+02:00,10182,10449,16264,17493,19822,26009,29239,38835,43557,45618,56448,62218,43824,53755,10662,19182,3701,3443,5202,6452,6164,10822,9795,16587,13577,15913,25988,29544,32334,40172,8442,15137,298449,200464,40739,32346,163102,9196,1267
2021-05-10T23:59:59+02:00,9876,10274,15742,17239,19211,25689,28183,38094,42150,44496,56272,62024,43753,53655,10644,19158,3578,3293,4969,6214,5915,10510,9461,16094,13178,15472,24961,28201,31907,39679,8411,15087,295209,195846,39835,32322,160449,7795,967
2021-05-09T23:59:59+02:00,9684,10181,15451,17050,18825,25444,27462,37623,40295,42755,56142,61898,43709,53601,10637,19142,3438,3231,4792,6076,5755,10335,9269,15881,13002,15308,24686,27870,31788,39522,8403,15078,292279,194665,39465,32283,157463,6794,692
2021-05-08T23:59:59+02:00,9591,10088,15275,16911,18616,25233,27231,37385,40072,42568,56029,61776,43676,53562,10634,19134,3428,3209,4758,6042,5711,10286,9187,15815,12904,15225,24296,27417,31552,39259,8396,15063,290732,193482,39014,31582,157343,6792,692
2021-05-07T23:59:59+02:00,9391,9976,14934,16727,18247,24999,26815,37096,39640,42187,55768,61457,43636,53515,10629,19127,3090,3048,4410,5868,5457,10010,8854,15508,12481,14779,23188,26017,30998,38543,8374,15026,288239,190063,38587,30092,157019,5197,299
2021-05-06T23:59:59+02:00,8670,9574,14032,16095,17175,24139,25416,35958,37501,40455,54783,60302,43421,53233,10598,19075,2943,2921,4239,5660,5247,9696,8484,15058,12039,14283,21836,24298,30269,37680,8331,14927,277637,184509,37314,29136,155214,4004,262
2021-05-05T23:59:59+02:00,8072,9219,13231,15539,16140,23348,23971,34917,35672,38874,53113,58450,43146,52928,10571,19017,2836,2849,4067,5506,5051,9471,8125,14699,11672,13889,20332,22405,29272,36479,8299,14843,266273,178467,36406,27974,153446,3271,83
2021-05-04T23:59:59+02:00,7850,9108,12871,15360,15625,23076,23328,34559,34673,38117,52375,57597,43034,52805,10560,18983,2765,2766,3913,5334,4870,9210,7780,14264,11209,13383,18619,20408,28305,35327,8226,14745,262547,171704,35543,27046,151800,2343,31
2021-05-03T23:59:59+02:00,7667,8937,12479,15150,15113,22757,22616,34137,33521,37208,52156,57353,42943,52710,10551,18955,2696,2684,3818,5153,4725,8960,7556,13901,10872,12962,17366,18837,27530,34361,8172,14655,259300,166172,35084,26697,149848,1358,21
2021-05-02T23:59:59+02:00,7579,8826,12252,14986,14802,22524,22131,33805,32328,36210,51974,57141,42887,52630,10536,18927,2683,2676,3796,5120,4695,8921,7487,13827,10784,12860,17026,18432,27284,34093,8160,14645,256891,164626,35013,26586,147614,1257,20
2021-05-01T23:59:59+02:00,7553,8798,12194,14933,14722,22471,22035,33731,32211,36123,51969,57131,42884,52629,10534,18925,2676,2666,3775,5103,4654,8894,7444,13792,10724,12795,16819,18199,27186,33978,8157,14635,256345,163663,35013,26559,147465,1255,20
2021-04-30T23:59:59+02:00,7510,8752,12097,14851,14610,22347,21835,33559,31978,35910,51718,56803,42841,52578,10530,18916,2641,2641,3714,5036,4557,8786,7289,13591,10420,12517,15921,17054,26444,33057,8126,14562,254596,160472,34970,24680,147250,1185,19
2021-04-29T23:59:59+02:00,7271,8614,11792,14662,14249,22107,21300,33259,31218,35379,51136,56056,42756,52467,10512,18852,2600,2586,3615,4943,4428,8648,7092,13378,10138,12217,14792,15619,25330,31745,8073,14479,251448,154798,34879,23937,145284,929,19
2021-04-28T23:59:59+02:00,6967,8424,11402,14324,13768,21630,20667,32639,29896,34075,48638,53280,42502,52172,10463,18786,2559,2540,3543,4881,4316,8530,6919,13185,9883,11986,13461,13888,24066,30162,8029,14393,241560,148885,34761,22737,143304,711,8
2021-04-27T23:59:59+02:00,6853,8322,11245,14198,13582,21477,20373,32424,29337,33669,48473,53102,42451,52123,10457,18768,2514,2498,3445,4792,4229,8417,6735,12985,9598,11688,12034,12059,22653,28313,7968,14276,240223,142110,34715,21552,141908,534,8
2021-04-26T23:59:59+02:00,6797,8274,11132,14129,13417,21359,20134,32194,28483,33063,48194,52801,42402,52067,10452,18741,2491,2465,3391,4751,4163,8344,6628,12848,9400,11496,10948,10663,21581,26825,7918,14205,239523,136874,34689,20811,139419,424,8
2021-04-25T23:59:59+02:00,6745,8221,11022,14030,13260,21205,19874,31899,27656,32273,47795,52360,42329,51981,10439,18724,2462,2453,3361,4732,4145,8322,6594,12807,9338,11438,10761,10434,21369,26541,7913,14193,237839,136020,34646,20470,137320,365,8
2021-04-24T23:59:59+02:00,6718,8163,10943,13948,13168,21058,19736,31727,27499,32100,47690,52236,42254,51902,10435,18720,2455,2443,3335,4701,4104,8277,6514,12729,9207,11317,10603,10255,21250,26418,7901,14177,236392,135500,34630,19831,137267,347,8
2021-04-23T23:59:59+02:00,6645,8057,10807,13745,12972,20800,19412,31350,27092,31714,46793,51130,42108,51697,10420,18690,2437,2421,3290,4667,4052,8219,6415,12633,9041,11182,10311,9924,20962,26037,7860,14113,232036,134387,34574,18833,136814,336,8
2021-04-22T23:59:59+02:00,6530,7934,10582,13530,12626,20462,18875,30862,26415,31043,45096,49002,41612,51067,10383,18607,2419,2401,3244,4619,3977,8140,6289,12532,8765,11014,9848,9465,20562,25503,7822,14052,225817,132283,34464,18057,134337,304,8
2021-04-21T23:59:59+02:00,6425,7774,10344,13329,12280,20136,18363,30354,25483,30050,41051,44400,41186,50594,10328,18513,2408,2389,3200,4586,3929,8082,6200,12435,8591,10856,9480,9042,20111,24963,7773,13969,213759,130663,34398,17058,132445,285,8
2021-04-20T23:59:59+02:00,6328,7672,10140,13113,12001,19868,17936,29924,24864,29420,39316,42393,40618,49921,10268,18392,2383,2373,3157,4561,3863,8035,6060,12342,8431,10725,9170,8658,19657,24354,7700,13852,207565,129323,34310,15758,130291,232,8
2021-04-19T23:59:59+02:00,6241,7585,9981,12982,11789,19666,17542,29502,24271,28895,37808,40618,40099,49287,10220,18316,2366,2351,3121,4528,3820,7988,6022,12275,8345,10632,8892,8314,19291,23846,7666,13774,202562,127642,34256,15367,127976,214,8
2021-04-18T23:59:59+02:00,6164,7523,9852,12905,11595,19517,17252,29301,23815,28508,36547,39315,39790,48915,10195,18268,2353,2331,3090,4509,3793,7971,5976,12228,8295,10585,8784,8199,19150,23682,7653,13755,201041,127157,34219,14979,124194,210,8
2021-04-17T23:59:59+02:00,6157,7506,9815,12872,11552,19473,17169,29237,23738,28436,36249,38979,39695,48836,10190,18258,2341,2321,3064,4493,3728,7929,5902,12175,8216,10534,8673,8086,19053,23578,7635,13743,199819,126365,34210,14890,124125,208,8
2021-04-16T23:59:59+02:00,6090,7455,9730,12822,11422,19348,16950,29084,23329,28011,35220,37754,39336,48392,10174,18231,2192,2216,2841,4323,3363,7603,5095,11610,6682,9422,6217,6066,17468,22065,7482,13499,195718,117350,34126,10580,123496,206,8
2021-04-15T23:59:59+02:00,6010,7354,9525,12640,11112,19095,16429,28685,22594,27319,33308,35424,38447,47336,10107,18092,2144,2178,2777,4258,3243,7485,4852,11412,6320,9112,5741,5661,16891,21365,7332,13225,189921,114256,34073,9533,119475,199,8
2021-04-14T23:59:59+02:00,5933,7296,9357,12515,10875,18903,16012,28348,21895,26766,31321,33109,37410,46098,10045,17935,2053,2114,2699,4195,3131,7393,4637,11236,5996,8861,5261,5237,16319,20655,7162,12933,183566,111655,33934,8076,116310,143,8
2021-04-13T23:59:59+02:00,5874,7230,9216,12385,10696,18729,15648,28052,21307,26202,29173,30594,36286,44683,9931,17770,2004,2095,2662,4156,3074,7327,4499,11083,5727,8656,4917,4916,15863,20200,7065,12773,176697,110252,33871,6711,113200,46,8
2021-04-12T23:59:59+02:00,5802,7174,9097,12246,10489,18573,15307,27756,20694,25668,27119,28269,35261,43380,9826,17606,1970,2053,2633,4137,3050,7269,4428,11014,5624,8562,4761,4770,15555,19809,6976,12608,170997,109429,33797,5737,109465,45,8
2021-04-11T23:59:59+02:00,5755,7126,9006,12167,10326,18469,15020,27563,20227,25289,25922,26988,34638,42668,9759,17485,1960,2046,2610,4116,3031,7243,4392,10970,5540,8495,4664,4717,15443,19685,6945,12563,169223,109237,33728,5135,105449,40,8
2021-04-10T23:59:59+02:00,5736,7109,8972,12143,10267,18433,14950,27514,20128,25200,25565,26569,34351,42306,9752,17464,1955,2041,2601,4105,3015,7227,4359,10942,5481,8451,4588,4639,15314,19518,6908,12489,168016,108450,33007,5135,105428,40,8
2021-04-09T23:59:59+02:00,5678,7075,8889,12059,10142,18311,14776,27321,19852,24946,24624,25272,33547,41277,9727,17406,1922,2009,2549,4067,2936,7165,4197,10815,5224,8220,4165,4257,14745,18782,6722,12182,164671,104783,31501,5128,104724,40,6
2021-04-08T23:59:59+02:00,5594,7001,8738,11942,9918,18131,14359,26999,19226,24422,22770,23119,32081,39559,9608,17207,1887,1989,2492,4018,2858,7079,4035,10664,4923,7950,3697,3810,13716,17465,6336,11556,158938,99836,30596,4598,101134,35,6
2021-04-07T23:59:59+02:00,5531,6938,8562,11871,9688,17971,14024,26751,18723,24027,20789,20746,30568,37624,9515,17031,1850,1972,2438,3963,2794,7000,3921,10502,4736,7741,3426,3528,12995,16615,6027,11084,152922,96534,29425,4028,98006,24,6
2021-04-06T23:59:59+02:00,5471,6886,8420,11765,9527,17799,13670,26472,18186,23589,18746,18421,28895,35439,9358,16746,1812,1951,2412,3937,2761,6959,3856,10458,4655,7653,3322,3402,12476,15925,5796,10737,146111,94243,28472,3840,94801,23,6
2021-04-05T23:59:59+02:00,5431,6839,8326,11672,9390,17700,13434,26245,17738,23198,16889,16280,27492,33556,9236,16562,1786,1939,2385,3918,2733,6909,3812,10396,4564,7539,3213,3290,12122,15528,5662,10495,140717,92852,28038,3410,91227,23,6
2021-04-04T23:59:59+02:00,5423,6834,8318,11658,9373,17691,13412,26222,17706,23174,16732,16078,27322,33340,9231,16551,1785,1937,2384,3916,2731,6906,3810,10392,4558,7537,3205,3277,12110,15517,5660,10487,139998,92773,27945,3410,91116,23,6
2021-04-03T23:59:59+02:00,5419,6826,8303,11648,9351,17672,13366,26189,17634,23108,16651,15992,27282,33284,9227,16547,1782,1933,2373,3910,2712,6890,3781,10366,4479,7472,3079,3164,12040,15452,5655,10477,139472,92126,27917,3410,91104,23,6
2021-04-02T23:59:59+02:00,5390,6804,8249,11591,9280,17602,13215,26076,17395,22894,16175,15460,26855,32787,9202,16502,1779,1923,2362,3904,2702,6875,3754,10325,4413,7386,3010,3094,11766,15132,5545,10303,138276,90838,26508,3406,90687,23,6
2021-04-01T23:59:59+02:00,5336,6726,8133,11454,9147,17435,12930,25778,16935,22492,15381,14675,26179,31903,9104,16353,1754,1891,2339,3882,2674,6844,3718,10286,4344,7321,2886,2956,10748,13890,5042,9599,136049,86847,25844,3301,88064,22,4
2021-03-31T23:59:59+02:00,5114,6629,8019,11343,9013,17268,12697,25479,16585,22130,14634,13849,25418,30968,9022,16197,1741,1885,2326,3859,2652,6818,3664,10231,4273,7256,2797,2866,10112,13118,4756,9192,134261,84443,24391,3077,85709,22,4
2021-03-30T23:59:59+02:00,5080,6560,7942,11216,8932,17116,12531,25281,16295,21803,14007,13139,24703,30069,8913,15995,1727,1870,2308,3840,2627,6794,3624,10168,4204,7178,2673,2728,9479,12402,4473,8775,132795,82148,23179,2699,83604,19,4
2021-03-29T23:59:59+02:00,5034,6488,7834,11109,8825,16950,12363,24989,15956,21463,13434,12468,24000,29177,8791,15790,1717,1860,2291,3826,2611,6768,3589,10112,4150,7108,2621,2662,9155,11979,4328,8514,130966,80779,22426,2489,81275,19,4
2021-03-28T23:59:59+02:00,4992,6392,7746,11003,8754,16791,12215,24753,15687,21188,13096,12125,23440,28501,8652,15556,1708,1855,2280,3814,2604,6745,3552,10068,4116,7055,2579,2614,9073,11866,4290,8461,130468,80446,21906,2212,78513,18,4
2021-03-27T23:59:59+01:00,4978,6378,7719,10972,8682,16717,12112,24651,15539,21070,12888,11908,23256,28308,8624,15529,1707,1853,2277,3812,2602,6744,3539,10041,4105,7037,2570,2606,9008,11794,4265,8429,129591,80155,21263,2212,78473,18,4
2021-03-26T23:59:59+01:00,4928,6294,7599,10853,8507,16516,11755,24327,14905,20550,11954,11080,22535,27520,8517,15345,1699,1835,2273,3794,2589,6719,3517,10015,4063,7000,2547,2570,8802,11550,4178,8291,125591,79322,19665,2098,77925,18,4
2021-03-25T23:59:59+01:00,4862,6109,7426,10565,8259,16102,11342,23685,14287,19877,11256,10404,21672,26436,8273,14899,1677,1817,2242,3767,2553,6685,3479,9962,3988,6917,2409,2437,7759,10169,3684,7566,122339,75226,18892,1864,74220,18,3
2021-03-24T23:59:59+01:00,4778,5940,7275,10273,8054,15686,11064,23132,13823,19301,10627,9824,20757,25330,8000,14415,1653,1785,2215,3731,2511,6645,3423,9890,3922,6824,2305,2338,7057,9318,3370,7085,119753,72606,17707,1447,70817,17,2
2021-03-23T23:59:59+01:00,4732,5824,7161,10042,7900,15337,10793,22608,13419,18831,10159,9372,20007,24450,7762,14032,1639,1767,2191,3709,2488,6618,3363,9832,3830,6751,2209,2238,6264,8283,3002,6521,118311,69568,16607,1119,67510,17,1
2021-03-22T23:59:59+01:00,4671,5728,7030,9795,7737,15013,10520,22130,13072,18353,9772,9012,19439,23721,7612,13744,1627,1758,2184,3694,2474,6605,3341,9806,3792,6718,2157,2188,5754,7603,2717,6114,117436,67482,16209,1032,63703,17,1
2021-03-21T23:59:59+01:00,4617,5594,6896,9526,7572,14641,10281,21581,12739,17872,9441,8728,18919,23108,7455,13478,1624,1753,2183,3685,2471,6599,3334,9794,3782,6707,2141,2168,5621,7454,2675,6031,117242,66977,15815,1032,59390,12,1
2021-03-20T23:59:59+01:00,4606,5568,6860,9465,7509,14578,10188,21471,12638,17784,9358,8634,18781,22932,7414,13401,1621,1750,2179,3682,2466,6593,3321,9784,3757,6698,2108,2132,5260,7046,2532,5829,116419,65713,15720,1032,59047,12,1
2021-03-19T23:59:59+01:00,4406,5400,6572,9216,7031,14139,9207,20693,10829,16379,6482,6267,16740,20853,7123,12931,1615,1746,2174,3674,2455,6581,3309,9756,3699,6653,2044,2093,4840,6525,2326,5564,107163,64041,11020,1000,56084,12,1
2021-03-18T23:59:59+01:00,4286,5230,6378,8913,6775,13676,8794,20015,10185,15668,5768,5605,15498,19322,6705,12252,1608,1737,2154,3646,2437,6543,3277,9719,3658,6619,2005,2061,4357,5929,2111,5226,102066,62184,10017,892,52986,10,1
2021-03-17T23:59:59+01:00,4195,5140,6253,8772,6599,13498,8491,19672,9776,15290,5362,5219,14659,18346,6375,11756,1596,1722,2139,3627,2406,6511,3242,9690,3621,6582,1951,2004,3911,5429,1908,4901,98838,60470,8337,759,52227,10,1
2021-03-16T23:59:59+01:00,4104,4982,6097,8503,6388,13107,8152,19086,9237,14657,4848,4762,13825,17351,6110,11341,1587,1713,2130,3611,2389,6499,3230,9668,3593,6554,1922,1966,3321,4719,1653,4480,96534,58271,6937,755,49078,8,1
2021-03-15T23:59:59+01:00,4035,4806,5904,8229,6178,12673,7864,18508,8802,14059,4550,4486,13143,16587,5894,10938,1586,1703,2115,3595,2368,6473,3208,9615,3570,6516,1888,1916,2915,4217,1426,4141,95045,56505,5969,741,45642,6,0
2021-03-14T23:59:59+01:00,3977,4637,5650,7909,5914,12201,7528,17762,8366,13361,4235,4227,12876,16344,5857,10853,1578,1693,2098,3565,2353,6421,3191,9554,3553,6486,1880,1905,2831,4100,1382,4067,94931,56105,5363,547,41403,5,0
2021-03-13T23:59:59+01:00,3961,4600,5613,7810,5855,12107,7445,17634,8235,13219,4081,4088,12796,16268,5852,10842,1577,1693,2098,3565,2352,6421,3190,9553,3552,6486,1875,1896,2772,4039,1357,4020,94245,55894,5363,547,40798,5,0
2021-03-12T23:59:59+01:00,3936,4511,5564,7675,5787,11962,7357,17395,8105,13011,3974,3991,12491,15924,5742,10655,1577,1693,2094,3558,2350,6413,3187,9546,3551,6482,1873,1894,2664,3910,1297,3956,92830,55493,5355,547,39895,5,0
2021-03-11T23:59:59+01:00,3831,4266,5350,7414,5558,11514,7001,16700,7688,12431,3641,3644,11332,14556,5203,9901,1571,1688,2084,3545,2330,6390,3165,9508,3526,6451,1846,1870,2400,3620,1175,3769,88658,54419,4928,514,36444,5,0
2021-03-10T23:59:59+01:00,3721,4124,5131,7146,5341,11138,6724,16125,7362,11942,3438,3427,10624,13686,4897,9461,1564,1669,2059,3506,2301,6303,3113,9378,3470,6341,1805,1799,2158,3355,1074,3610,86201,53222,4562,279,33524,4,0
2021-03-09T23:59:59+01:00,3639,3972,4960,6958,5156,10851,6489,15666,7061,11468,3269,3247,9940,12919,4594,9015,1554,1653,2025,3446,2268,6198,3044,9232,3411,6270,1778,1773,1856,3000,936,3409,83936,51817,4308,32,30960,4,0
2021-03-08T23:59:59+01:00,3563,3790,4727,6697,4915,10479,6221,15144,6703,10898,3083,3080,9528,12441,4442,8749,1551,1629,2008,3365,2238,6105,3002,9087,3383,6187,1763,1750,1633,2746,840,3244,82468,50501,3947,30,28045,0,0
2021-03-07T23:59:59+01:00,3528,3719,4649,6585,4825,10363,6122,14982,6590,10768,3034,3036,9443,12330,4410,8693,1543,1623,2003,3353,2229,6075,2995,9049,3371,6173,1757,1737,1565,2669,801,3188,82125,50101,3779,30,27173,0,0
2021-03-06T23:59:59+01:00,3510,3648,4605,6502,4787,10292,6064,14866,6544,10673,3016,3015,9378,12256,4386,8659,1541,1607,1996,3341,2219,6047,2992,9021,3360,6153,1749,1716,1534,2645,799,3180,81810,49870,3779,30,26612,0,0
2021-03-05T23:59:59+01:00,3481,3543,4541,6401,4728,10187,5997,14705,6444,10530,2982,2972,9168,11995,4296,8517,1531,1566,1967,3284,2192,5939,2950,8885,3318,6019,1707,1678,1469,2574,780,3157,80914,48986,3771,30,25802,0,0
2021-03-04T23:59:59+01:00,3412,3324,4369,6162,4527,9875,5772,14263,6143,10177,2808,2805,8065,10551,3782,7773,1509,1508,1932,3161,2164,5744,2902,8616,3263,5803,1640,1594,1437,2528,776,3142,76775,47690,3500,29,23533,0,0
2021-03-03T23:59:59+01:00,3363,3242,4226,5970,4363,9603,5556,13881,5908,9782,2687,2693,7368,9690,3455,7270,1495,1465,1904,3085,2142,5634,2871,8435,3207,5658,1573,1550,1397,2456,758,3095,74059,46696,3290,29,21708,0,0
2021-03-02T23:59:59+01:00,3303,3134,4034,5765,4165,9328,5356,13494,5655,9430,2554,2552,6528,8612,3071,6692,1460,1416,1876,3012,2115,5480,2825,8160,3157,5480,1503,1491,1336,2377,741,3059,70910,45459,2893,29,19870,0,0
2021-03-01T23:59:59+01:00,3260,3056,3858,5616,3991,9106,5169,13172,5426,9057,2467,2457,5980,7881,2781,6271,1452,1373,1855,2901,2084,5292,2780,7885,3102,5276,1462,1461,1290,2316,717,3024,68759,44241,2645,29,18144,0,0
2021-02-28T23:59:59+01:00,3210,2999,3681,5499,3789,8902,4976,12911,5245,8773,2423,2395,5842,7712,2735,6188,1447,1367,1852,2888,2073,5266,2775,7850,3092,5261,1454,1454,1284,2306,715,3017,68286,44072,2426,29,16568,0,0
2021-02-27T23:59:59+01:00,3191,2922,3655,5423,3758,8835,4939,12815,5207,8711,2384,2354,5472,7293,2583,5978,1440,1357,1842,2876,2062,5221,2755,7791,3077,5210,1439,1446,1276,2296,714,3016,66979,43790,2426,28,16115,0,0
2021-02-26T23:59:59+01:00,3166,2866,3610,5341,3700,8734,4878,12704,5115,8632,2311,2304,5043,6761,2371,5705,1371,1291,1797,2775,2014,5030,2696,7506,3006,5028,1382,1405,1254,2273,701,3008,65185,42510,2301,27,15755,0,0
2021-02-25T23:59:59+01:00,2977,2735,3422,5163,3521,8508,4661,12399,4910,8384,2232,2254,4532,6139,2150,5355,1354,1228,1760,2663,1969,4726,2618,7114,2915,4784,1342,1365,1237,2258,699,2999,63327,41007,1979,24,14036,0,0
2021-02-24T23:59:59+01:00,2794,2575,3251,4968,3363,8310,4457,12116,4700,8172,2103,2138,4044,5572,1939,5025,1333,1191,1740,2583,1931,4569,2561,6852,2863,4603,1316,1338,1218,2238,697,2981,61564,39997,1509,17,12454,0,0
2021-02-23T23:59:59+01:00,2638,2413,3073,4736,3217,8083,4272,11838,4528,7944,2021,2052,3420,4834,1682,4598,1318,1136,1709,2482,1890,4363,2489,6553,2765,4366,1265,1287,1194,2197,684,2957,59373,38641,1159,14,10817,0,0
2021-02-22T23:59:59+01:00,2588,2352,2990,4643,3143,7975,4177,11645,4423,7830,1982,2013,3005,4329,1453,4266,1304,1069,1675,2345,1844,4104,2407,6160,2641,4096,1212,1239,1173,2169,679,2935,57712,37048,1075,4,10027,0,0
2021-02-21T23:59:59+01:00,2549,2315,2934,4567,3066,7859,4090,11490,4363,7733,1967,1991,2915,4206,1407,4189,1298,1046,1659,2287,1816,3988,2372,6004,2583,3985,1180,1223,1165,2153,672,2922,57280,36349,1042,4,9319,0,0
2021-02-20T23:59:59+01:00,2537,2311,2912,4552,3050,7825,4060,11456,4347,7714,1962,1982,2854,4143,1381,4141,1298,1043,1659,2285,1814,3978,2372,5999,2582,3982,1179,1220,1164,2149,671,2922,57065,36313,1041,4,9121,0,0
2021-02-19T23:59:59+01:00,2521,2294,2879,4497,3021,7737,4016,11370,4294,7660,1956,1977,2744,4010,1321,4071,1238,1033,1628,2278,1803,3965,2363,5977,2571,3972,1175,1212,1152,2144,667,2915,56652,36089,1010,4,8706,0,0
2021-02-18T23:59:59+01:00,2366,2179,2736,4316,2898,7532,3870,11073,4166,7487,1930,1945,2476,3713,1198,3881,1146,984,1562,2186,1753,3842,2288,5812,2522,3900,1162,1195,1149,2129,657,2899,55595,35182,944,4,7227,0,0
2021-02-17T23:59:59+01:00,2313,2119,2645,4182,2787,7311,3711,10713,4036,7272,1879,1874,2236,3454,1097,3722,980,902,1455,2068,1685,3640,2193,5580,2450,3755,1133,1152,1123,2083,642,2862,54532,33700,799,3,6020,0,0
2021-02-16T23:59:59+01:00,2112,1988,2487,3971,2648,7020,3547,10345,3872,7013,1838,1848,1932,3095,958,3515,947,875,1386,1988,1610,3493,2096,5400,2360,3645,1073,1101,1068,1991,610,2777,53204,32418,763,2,4222,0,0
2021-02-15T23:59:59+01:00,2073,1920,2400,3806,2570,6736,3419,9965,3767,6782,1814,1821,1691,2830,862,3357,928,858,1355,1939,1571,3419,2037,5231,2295,3547,1011,1060,1003,1904,595,2689,52112,31441,750,1,2951,0,0
2021-02-14T23:59:59+01:00,1980,1882,2356,3745,2524,6641,3354,9859,3721,6716,1805,1813,1622,2763,825,3306,913,848,1336,1911,1544,3398,2006,5186,2271,3496,1001,1050,996,1893,592,2680,51780,31120,721,1,2411,0,0
2021-02-13T23:59:59+01:00,1979,1867,2345,3740,2519,6626,3350,9844,3714,6704,1797,1795,1596,2743,824,3297,913,848,1336,1911,1544,3398,2006,5186,2271,3496,1001,1050,996,1893,592,2680,51625,31120,721,1,2394,0,0
2021-02-12T23:59:59+01:00,1886,1767,2253,3627,2437,6449,3242,9604,3598,6446,1753,1753,1534,2671,803,3273,905,840,1324,1890,1531,3377,1996,5156,2256,3478,997,1045,995,1870,592,2654,50689,30905,721,1,1686,0,0
2021-02-11T23:59:59+01:00,1658,1609,2083,3414,2310,6137,3088,9175,3446,6129,1687,1659,1491,2616,792,3253,874,771,1221,1712,1409,3096,1855,4774,2100,3238,950,985,953,1792,564,2533,49306,28826,680,1,561,0,0
2021-02-10T23:59:59+01:00,1552,1547,1998,3284,2247,5967,2992,8893,3347,5913,1618,1614,1447,2547,777,3201,626,660,1018,1492,1266,2775,1664,4284,1911,2914,833,863,828,1531,497,2233,48143,25395,640,0,161,0,0
2021-02-09T23:59:59+01:00,1512,1485,1964,3194,2216,5772,2927,8543,3276,5684,1544,1555,1389,2487,764,3171,343,496,808,1226,1074,2395,1447,3729,1666,2506,680,695,652,1220,400,1817,46892,21154,511,0,80,0,0
2021-02-08T23:59:59+01:00,1502,1439,1935,3063,2174,5549,2874,8244,3218,5484,1506,1527,1346,2431,748,3155,299,437,702,1068,971,2170,1275,3321,1478,2224,580,584,549,1023,348,1590,45776,18619,340,0,79,0,0
2021-02-07T23:59:59+01:00,1471,1417,1907,3015,2148,5463,2841,8145,3180,5423,1493,1513,1332,2411,736,3142,262,375,653,974,910,2005,1186,3096,1380,2071,543,565,529,991,340,1562,45498,17442,139,0,0,0,0
2021-02-06T23:59:59+01:00,1466,1409,1899,3003,2140,5431,2828,8103,3169,5382,1482,1505,1325,2402,735,3141,241,338,629,935,882,1938,1144,2976,1326,1992,527,553,523,991,340,1562,45281,16897,139,0,0,0,0
2021-02-05T23:59:59+01:00,1395,1341,1855,2898,2088,5219,2761,7800,3096,5189,1424,1460,1307,2377,728,3135,224,302,592,894,847,1851,1105,2857,1273,1899,494,533,515,966,330,1540,43934,16222,139,0,0,0,0
2021-02-04T23:59:59+01:00,1382,1263,1808,2748,2022,4880,2670,7351,3000,4914,1384,1429,1290,2361,725,3126,191,233,513,777,755,1709,991,2606,1163,1709,452,488,475,907,313,1432,42322,14714,31,0,0,0,0
2021-02-03T23:59:59+01:00,1358,1226,1780,2669,1982,4712,2603,7080,2949,4725,1349,1399,1259,2324,712,3101,156,194,433,658,635,1462,839,2225,978,1443,332,359,344,687,217,1075,41197,12037,31,0,0,0,0
2021-02-02T23:59:59+01:00,1340,1163,1748,2562,1935,4478,2528,6744,2838,4479,1308,1356,1237,2295,703,3078,133,159,349,536,526,1210,686,1883,796,1169,245,259,268,502,168,807,39761,9696,31,0,0,0,0
2021-02-01T23:59:59+01:00,1323,1093,1710,2424,1882,4215,2450,6354,2721,4204,1244,1285,1211,2255,693,3053,97,99,237,367,349,780,426,1216,467,726,151,156,162,307,87,461,38086,6088,31,0,0,0,0
2021-01-31T23:59:59+01:00,1317,1070,1693,2360,1855,4092,2416,6165,2664,4099,1214,1268,1202,2239,687,3041,83,88,198,295,277,609,336,938,388,597,127,142,155,299,83,448,37351,5063,31,0,0,0,0
2021-01-30T23:59:59+01:00,1317,1067,1692,2355,1852,4079,2415,6154,2661,4091,1213,1264,1201,2237,687,3041,78,76,164,245,248,539,301,815,349,535,126,136,150,296,83,447,37296,4588,30,0,0,0,0
2021-01-29T23:59:59+01:00,1256,1058,1661,2348,1840,4070,2408,6142,2652,4079,1210,1262,1197,2237,687,3041,69,56,122,186,205,377,246,662,307,426,118,127,138,287,80,447,37120,3853,28,0,0,0,0
2021-01-28T23:59:59+01:00,1168,1027,1616,2292,1806,4000,2359,6063,2621,4035,1199,1251,1192,2231,678,3027,44,27,77,111,130,219,154,389,205,259,87,101,112,231,73,408,36540,2627,25,0,0,0,0
2021-01-27T23:59:59+01:00,1005,964,1526,2225,1744,3877,2291,5924,2562,3925,1175,1209,1167,2192,666,2999,32,19,66,87,105,175,123,333,179,218,79,85,102,209,70,379,35434,2261,17,0,0,0,0
2021-01-26T23:59:59+01:00,986,938,1464,2147,1676,3737,2200,5745,2481,3837,1119,1166,1124,2122,643,2953,31,18,63,84,101,168,119,318,178,210,77,81,93,185,61,335,34327,2122,11,0,0,0,0
2021-01-25T23:59:59+01:00,971,911,1431,2084,1644,3633,2147,5587,2430,3750,1070,1140,1076,2070,628,2897,29,18,60,84,98,165,118,317,176,209,77,81,92,184,59,332,33467,2099,2,0,0,0,0
2021-01-24T23:59:59+01:00,968,909,1424,2071,1639,3616,2139,5561,2418,3720,1067,1132,1071,2065,627,2892,29,18,60,84,97,164,118,317,176,208,77,81,92,184,59,332,33317,2096,2,0,0,0,0
2021-01-23T23:59:59+01:00,968,909,1424,2071,1639,3616,2139,5561,2418,3720,1067,1132,1070,2065,627,2892,29,18,60,84,97,164,118,317,175,208,77,81,92,184,59,332,33316,2095,2,0,0,0,0
2021-01-22T23:59:59+01:00,967,899,1407,2046,1627,3590,2123,5529,2406,3702,1065,1128,1069,2036,626,2865,29,18,60,84,97,164,118,317,174,208,77,81,92,184,59,332,33083,2094,2,0,0,0,0
2021-01-21T23:59:59+01:00,931,848,1327,1892,1533,3400,2021,5233,2302,3532,1027,1071,1034,1947,594,2749,27,17,54,79,90,155,109,286,160,188,64,73,82,161,47,284,31439,1876,2,0,0,0,0
2021-01-20T23:59:59+01:00,698,725,1146,1678,1396,3110,1842,4813,2104,3238,906,953,915,1708,538,2492,26,17,53,74,87,155,101,269,149,172,55,66,74,136,41,252,28260,1727,2,0,0,0,0
2021-01-19T23:59:59+01:00,388,553,903,1421,1188,2765,1602,4266,1851,2827,751,783,748,1413,452,2117,21,12,35,51,60,85,74,182,104,117,41,50,54,103,30,192,24027,1211,1,0,0,0,0
2021-01-18T23:59:59+01:00,336,489,790,1231,1065,2496,1398,3745,1616,2493,628,643,602,1144,383,1761,8,6,11,17,22,30,23,50,24,39,10,10,14,34,6,60,20820,364,0,0,0,0,0
2021-01-17T23:59:59+01:00,292,425,720,1135,990,2321,1301,3460,1501,2303,588,613,572,1088,367,1705,1,0,0,0,3,3,1,0,2,2,1,4,0,0,0,1,19381,18,0,0,0,0,0
2021-01-16T23:59:59+01:00,273,391,703,1099,965,2258,1260,3347,1453,2233,572,601,566,1088,367,1704,0,0,0,0,2,3,0,0,1,2,0,1,0,0,0,1,18880,10,0,0,0,0,0
2021-01-15T23:59:59+01:00,258,349,672,1060,937,2170,1225,3231,1400,2142,544,579,560,1066,360,1695,0,0,0,0,0,0,0,0,0,0,0,0,0,0,0,0,18248,0,0,0,0,0,0
2021-01-14T23:59:59+01:00,224,281,606,941,854,2021,1129,3003,1285,1979,506,541,526,1018,355,1658,0,0,0,0,0,0,0,0,0,0,0,0,0,0,0,0,16927,0,0,0,0,0,0
2021-01-13T23:59:59+01:00,189,256,555,868,782,1888,1022,2761,1137,1770,384,427,406,807,263,1267,0,0,0,0,0,0,0,0,0,0,0,0,0,0,0,0,14782,0,0,0,0,0,0
2021-01-12T23:59:59+01:00,165,230,522,796,727,1721,931,2544,1032,1571,299,315,315,573,187,899,0,0,0,0,0,0,0,0,0,0,0,0,0,0,0,0,12827,0,0,0,0,0,0
2021-01-11T23:59:59+01:00,134,179,443,657,633,1460,756,2054,804,1232,178,185,177,339,97,513,0,0,0,0,0,0,0,0,0,0,0,0,0,0,0,0,9841,0,0,0,0,0,0
2021-01-10T23:59:59+01:00,102,125,345,481,472,1060,542,1494,596,903,152,166,165,324,92,503,0,0,0,0,0,0,0,0,0,0,0,0,0,0,0,0,7522,0,0,0,0,0,0
2021-01-09T23:59:59+01:00,90,116,296,410,402,914,473,1270,525,772,147,158,160,320,92,501,0,0,0,0,0,0,0,0,0,0,0,0,0,0,0,0,6646,0,0,0,0,0,0
2021-01-08T23:59:59+01:00,74,91,215,292,304,632,360,959,428,587,140,150,144,311,90,501,0,0,0,0,0,0,0,0,0,0,0,0,0,0,0,0,5278,0,0,0,0,0,0
2021-01-07T23:59:59+01:00,50,32,86,126,136,246,163,434,226,301,104,123,132,279,87,477,0,0,0,0,0,0,0,0,0,0,0,0,0,0,0,0,3002,0,0,0,0,0,0
2021-01-06T23:59:59+01:00,35,24,75,95,117,192,137,355,196,243,82,96,108,228,74,407,0,0,0,0,0,0,0,0,0,0,0,0,0,0,0,0,2464,0,0,0,0,0,0
2021-01-05T23:59:59+01:00,32,19,64,89,106,179,122,339,184,224,81,91,106,221,72,389,0,0,0,0,0,0,0,0,0,0,0,0,0,0,0,0,2318,0,0,0,0,0,0
2021-01-04T23:59:59+01:00,29,18,61,85,98,170,117,321,182,215,80,89,97,204,64,360,0,0,0,0,0,0,0,0,0,0,0,0,0,0,0,0,2190,0,0,0,0,0,0
2021-01-03T23:59:59+01:00,29,18,61,85,98,170,117,321,182,215,80,89,96,203,64,360,0,0,0,0,0,0,0,0,0,0,0,0,0,0,0,0,2188,0,0,0,0,0,0
2021-01-02T23:59:59+01:00,29,18,61,85,98,170,117,321,181,215,80,89,96,203,64,360,0,0,0,0,0,0,0,0,0,0,0,0,0,0,0,0,2187,0,0,0,0,0,0
2021-01-01T23:59:59+01:00,29,18,61,85,98,170,117,321,179,214,80,89,96,203,64,360,0,0,0,0,0,0,0,0,0,0,0,0,0,0,0,0,2184,0,0,0,0,0,0
2020-12-31T23:59:59+01:00,29,18,61,85,98,170,117,321,179,214,80,89,96,203,64,360,0,0,0,0,0,0,0,0,0,0,0,0,0,0,0,0,2184,0,0,0,0,0,0
2020-12-30T23:59:59+01:00,28,18,61,83,97,168,117,320,179,214,80,89,96,203,64,360,0,0,0,0,0,0,0,0,0,0,0,0,0,0,0,0,2177,0,0,0,0,0,0
2020-12-29T23:59:59+01:00,23,12,42,59,76,102,86,226,131,166,61,75,73,169,51,287,0,0,0,0,0,0,0,0,0,0,0,0,0,0,0,0,1639,0,0,0,0,0,0
2020-12-28T23:59:59+01:00,9,7,19,28,34,51,40,119,49,85,28,43,43,99,25,167,0,0,0,0,0,0,0,0,0,0,0,0,0,0,0,0,846,0,0,0,0,0,0
2020-12-27T23:59:59+01:00,3,4,3,4,10,14,8,24,5,18,5,6,6,25,3,49,0,0,0,0,0,0,0,0,0,0,0,0,0,0,0,0,187,0,0,0,0,0,0
