Datum,<15_m,<15_w,15-24_1_m,15-24_1_w,25-34_1_m,25-34_1_w,35-44_1_m,35-44_1_w,45-54_1_m,45-54_1_w,55-64_1_m,55-64_1_w,65-74_1_m,65-74_1_w,75-84_1_m,75-84_1_w,>84_1_m,>84_1_w,<24_2_m,<24_2_w,25-34_2_m,25-34_2_w,35-44_2_m,35-44_2_w,45-54_2_m,45-54_2_w,55-64_2_m,55-64_2_w,65-74_2_m,65-74_2_w,75-84_2_m,75-84_2_w,>84_2_m,>84_2_w,bp_1,bp_2,mo_1,mo_2,az_1,az_2,ja,unb_1,unb_2
2021-08-10T23:59:59+02:00,7043,6477,52637,49680,60143,55669,69672,70460,91132,93414,103207,102680,71658,78056,50523,62013,14181,24475,44738,42424,54887,49988,64883,65310,86139,88018,98198,97798,69323,75452,49100,60158,13809,23614,779137,720578,68963,66161,181500,172611,33501,19,40
2021-08-09T23:59:59+02:00,7004,6434,52533,49595,60076,55603,69620,70404,91066,93348,103146,102623,71619,78022,50518,62000,14179,24468,43805,41434,54222,49349,64436,64895,85713,87603,97712,97347,69151,75235,49024,60037,13786,23578,778629,714508,68895,66122,181491,172061,33224,19,40
2021-08-08T23:59:59+02:00,6959,6396,52469,49530,60035,55574,69587,70381,91015,93301,103094,102582,71598,78002,50504,61980,14173,24463,43753,41375,54159,49306,64382,64863,85649,87546,97650,97299,69127,75208,49005,60013,13778,23571,778355,714251,68890,66108,181478,171984,32901,19,40
2021-08-07T23:59:59+02:00,6922,6356,52360,49404,59967,55500,69531,70317,90945,93240,103043,102535,71581,77985,50494,61974,14173,24462,42794,40357,53604,48736,63952,64460,85282,87157,97333,96955,68984,75066,48949,59933,13761,23554,777581,707921,68885,66094,181478,171976,32826,19,38
2021-08-06T23:59:59+02:00,6882,6295,52222,49277,59892,55434,69465,70233,90869,93166,102986,102482,71558,77962,50483,61957,14171,24457,42127,39756,53365,48481,63736,64231,85058,86953,97114,96764,68905,74976,48908,59896,13755,23544,776717,704362,68884,66083,181477,171840,32694,19,38
2021-08-05T23:59:59+02:00,6777,6189,51970,49054,59725,55251,69325,70093,90714,93021,102851,102350,71499,77900,50457,61917,14158,24439,41309,39070,52860,48026,63373,63889,84613,86558,96507,96253,68722,74797,48843,59798,13737,23513,775129,699907,68833,66039,181448,170718,32261,19,38
2021-08-04T23:59:59+02:00,6690,6105,51775,48830,59579,55075,69218,69944,90582,92907,102733,102236,71439,77838,50431,61871,14147,24410,40473,38281,52494,47630,63061,63578,84249,86233,96100,95856,68560,74629,48768,59704,13722,23479,773744,695386,68793,66024,181436,169926,31818,19,38
2021-08-03T23:59:59+02:00,6617,6051,51607,48694,59457,54954,69127,69855,90484,92810,102639,102155,71388,77803,50411,61847,14139,24396,39490,37331,51706,46960,62523,63063,83735,85756,95396,95230,68321,74418,48677,59591,13701,23436,772725,689209,68784,66005,181429,168755,31477,19,38
2021-08-02T23:59:59+02:00,6568,6008,51474,48556,59367,54875,69045,69787,90432,92740,102564,102094,71352,77761,50391,61826,14132,24383,38217,36158,50742,46156,61817,62494,83135,85194,94601,94534,68071,74163,48592,59460,13682,23398,772040,681617,68736,65964,181402,167444,31158,19,38
2021-08-01T23:59:59+02:00,6526,5956,51303,48396,59225,54766,68953,69674,90325,92649,102477,102003,71313,77724,50370,61785,14128,24367,38037,36024,50594,46067,61691,62402,82956,85057,94153,94132,67956,74055,48555,59411,13672,23378,771003,680995,68708,65909,181384,166136,30826,19,38
2021-07-31T23:59:59+02:00,6483,5923,51208,48277,59170,54696,68905,69632,90285,92620,102451,101979,71302,77712,50362,61782,14128,24364,36436,34521,49696,45208,61156,61841,82453,84544,93673,93704,67767,73852,48478,59316,13654,23345,770401,671895,68704,65903,181384,166021,30771,19,38
2021-07-30T23:59:59+02:00,6448,5870,51057,48141,59090,54614,68835,69575,90213,92541,102396,101941,71284,77689,50353,61759,14125,24360,34973,33111,48724,44260,60433,61157,81773,83931,92993,93133,67539,73620,48374,59166,13635,23314,769647,662410,68680,65892,181378,165721,30567,19,38
2021-07-29T23:59:59+02:00,6333,5750,50626,47775,58878,54346,68644,69385,90024,92357,102237,101805,71208,77608,50321,61705,14110,24342,34250,32499,48106,43819,60036,60817,81351,83584,92235,92463,67346,73466,48312,59082,13615,23285,767343,658610,68628,65756,181336,164091,30128,19,38
2021-07-28T23:59:59+02:00,6262,5687,50371,47579,58746,54198,68523,69292,89901,92236,102132,101712,71151,77551,50297,61667,14101,24325,33925,32207,47796,43589,59814,60607,81179,83424,92000,92268,67272,73401,48283,59048,13602,23275,766046,656963,68598,65669,181309,163576,29759,19,38
2021-07-27T23:59:59+02:00,6211,5641,50214,47442,58616,54108,68431,69209,89805,92127,102026,101639,71110,77498,50268,61634,14094,24312,32468,30798,46528,42498,58986,59824,80582,82904,90987,91427,66997,73118,48196,58921,13572,23234,765185,648330,68574,65603,181285,161798,29322,19,38
2021-07-26T23:59:59+02:00,6188,5612,50094,47353,58517,54025,68356,69156,89718,92068,101962,101590,71073,77463,50244,61614,14089,24303,31101,29536,45209,41378,57887,58841,79884,82273,89822,90405,66692,72847,48107,58807,13550,23192,764657,639282,68508,65515,181247,159507,28994,19,38
2021-07-25T23:59:59+02:00,6170,5594,49980,47246,58431,53959,68296,69100,89654,92015,101905,101544,71041,77427,50227,61591,14086,24293,30893,29378,44950,41183,57635,58618,79615,82073,88865,89556,66486,72674,48040,58734,13539,23168,764255,638127,68497,65403,181225,157056,28563,19,38
2021-07-24T23:59:59+02:00,6139,5567,49867,47158,58370,53899,68251,69048,89609,91975,101868,101505,71037,77421,50224,61588,14085,24290,29283,27777,43789,40094,56941,57907,79001,81501,88227,88993,66308,72482,47969,58633,13525,23145,763684,628044,68489,65393,181222,156917,28487,19,38
2021-07-23T23:59:59+02:00,6055,5480,49690,46985,58277,53796,68144,68947,89505,91874,101778,101413,71001,77365,50204,61557,14081,24284,27586,26246,42531,39014,56018,57024,78315,80890,87522,88331,66037,72210,47891,58532,13504,23115,762326,617510,68485,65233,181203,156449,28403,19,38
2021-07-22T23:59:59+02:00,5917,5366,49396,46704,58079,53599,67973,68781,89322,91723,101626,101282,70936,77284,50164,61505,14070,24265,26767,25414,41612,38203,55077,56199,77573,80264,85854,86833,65666,71811,47784,58400,13473,23063,760417,609027,68443,64739,181172,154977,27941,19,38
2021-07-21T23:59:59+02:00,5642,5084,48861,46179,57772,53287,67743,68508,89048,91476,101358,101016,70810,77153,50106,61441,14061,24240,26513,25193,41192,37924,54643,55817,77207,79984,85048,86228,65500,71682,47729,58334,13455,23038,756828,607077,68419,64471,181151,153204,27368,19,38
2021-07-20T23:59:59+02:00,5565,5011,48580,45903,57603,53083,67571,68364,88870,91324,101195,100872,70736,77088,50067,61395,14052,24215,25347,24045,39900,36892,53314,54619,76307,79214,83694,84889,65201,71340,47624,58197,13427,22993,755168,596727,68414,64327,181110,151626,26783,19,38
2021-07-19T23:59:59+02:00,5487,4927,48254,45577,57388,52874,67406,68164,88685,91149,101048,100711,70660,77007,50027,61345,14043,24186,24518,23206,38599,35772,51586,53123,75048,78170,82588,83910,64914,71085,47533,58079,13403,22954,753382,586728,68406,64184,181083,149847,26048,19,38
2021-07-18T23:59:59+02:00,5480,4926,48188,45526,57301,52802,67343,68099,88604,91086,100978,100646,70628,76966,50001,61312,14041,24174,24383,23103,38340,35560,51262,52842,74805,77980,81692,83150,64729,70908,47477,58006,13398,22932,753127,585683,68383,64025,181044,147630,25528,19,38
2021-07-17T23:59:59+02:00,5455,4890,48094,45452,57231,52740,67283,68045,88549,91028,100935,100627,70621,76951,49996,61308,14041,24173,22991,21633,36944,34263,50016,51654,74206,77427,81061,82555,64601,70760,47411,57945,13389,22912,752593,574806,68381,64001,181041,147493,25385,19,38
2021-07-16T23:59:59+02:00,5352,4812,47852,45222,57109,52634,67168,67934,88412,90934,100832,100526,70578,76903,49974,61289,14035,24166,21731,20384,35643,33014,48564,50335,73203,76499,80360,81898,64383,70540,47331,57848,13370,22879,751166,563174,68381,63942,181035,147291,25131,19,38
2021-07-15T23:59:59+02:00,5212,4685,47459,44903,56903,52436,66978,67752,88200,90737,100646,100359,70481,76802,49927,61215,14025,24137,21123,19882,34718,32320,47336,49399,72035,75591,78213,79774,63788,69948,47189,57672,13351,22817,749128,553881,68365,62921,180990,145452,24355,19,38
2021-07-14T23:59:59+02:00,4840,4358,46867,44328,56672,52171,66776,67550,87988,90496,100429,100163,70374,76693,49862,61132,14014,24113,20921,19736,34463,32168,46972,49101,71508,75205,77549,79241,63467,69673,47108,57588,13330,22782,745684,552109,68351,62740,180939,143552,23833,19,38
2021-07-13T23:59:59+02:00,4753,4281,46672,44175,56511,52026,66616,67407,87837,90375,100293,100046,70303,76632,49825,61088,14010,24098,20357,19205,33439,31358,45367,47651,69759,73553,75953,77695,63093,69282,46980,57420,13301,22731,744385,541244,68337,61974,180871,141940,23336,19,38
2021-07-12T23:59:59+02:00,4688,4205,46490,43985,56361,51887,66462,67283,87665,90238,100140,99910,70228,76550,49788,61037,14003,24080,19881,18770,32650,30735,43708,46202,67391,71480,74066,76197,62564,68698,46838,57258,13273,22681,743140,530166,68316,61416,180777,139367,22749,18,38
2021-07-11T23:59:59+02:00,4683,4201,46418,43933,56304,51837,66413,67249,87606,90189,100069,99851,70191,76508,49778,61022,14001,24066,19676,18623,32312,30490,43267,45830,66935,71123,73290,75503,62167,68322,46768,57169,13258,22648,743003,528405,68309,61095,180714,136900,22275,18,38
2021-07-10T23:59:59+02:00,4556,4065,46134,43624,56119,51644,66267,67076,87475,90052,99971,99746,70135,76450,49758,60996,13998,24057,19116,18067,31365,29625,41523,44249,65463,69850,72659,74888,62003,68173,46715,57117,13251,22634,740919,517817,68305,61079,180703,136856,22178,18,38
2021-07-09T23:59:59+02:00,4429,3951,45861,43371,55951,51455,66112,66919,87325,89892,99841,99643,70085,76378,49722,60955,13993,24045,18520,17494,30394,28668,39563,42321,63168,67730,71499,73749,61732,67849,46640,56991,13234,22609,738897,504128,68294,60697,180697,136450,22022,18,38
2021-07-08T23:59:59+02:00,4399,3926,45728,43262,55833,51338,65985,66818,87206,89771,99722,99545,70034,76325,49702,60918,13982,24032,17582,16688,28999,27633,37848,40875,61039,65915,68153,70608,60847,66880,46399,56651,13189,22514,738190,488906,68240,58636,180628,133872,21450,18,38
2021-07-07T23:59:59+02:00,4388,3921,45661,43219,55759,51295,65904,66779,87152,89733,99679,99494,70018,76303,49693,60900,13978,24022,16617,15831,27621,26625,36329,39647,59424,64462,64943,67147,59835,65843,46163,56332,13139,22441,737909,473640,68197,56737,180575,131735,21199,18,38
2021-07-06T23:59:59+02:00,4334,3874,45517,43095,55632,51155,65801,66670,87049,89646,99602,99411,69980,76245,49675,60872,13975,24008,15844,15086,26545,25716,34498,37944,56033,61448,62303,64703,59084,65056,45891,55998,13098,22338,736801,455805,68178,55923,180517,129612,21027,18,38
2021-07-05T23:59:59+02:00,4274,3830,45342,42923,55487,51061,65687,66563,86935,89554,99518,99318,69917,76181,49654,60845,13972,23993,15185,14456,25590,24902,33279,36816,52939,58480,59537,62244,58248,64249,45642,55687,13053,22261,735645,439758,68149,55566,180441,127139,20801,18,38
2021-07-04T23:59:59+02:00,4266,3824,45296,42897,55427,51035,65648,66542,86897,89523,99486,99290,69894,76161,49648,60830,13967,23983,14976,14251,25153,24554,32683,36290,52275,57956,58556,61380,57590,63620,45460,55485,13034,22214,735474,435684,68119,55362,180373,124460,20630,18,36
2021-07-03T23:59:59+02:00,4048,3648,44761,42332,55108,50665,65359,66268,86652,89266,99291,99091,69821,76089,49625,60784,13963,23972,14690,13931,24802,24203,31705,35372,50538,56407,57692,60643,57418,63425,45393,55400,13022,22189,731685,427120,68104,55348,180367,124418,20569,18,36
2021-07-02T23:59:59+02:00,3740,3362,44110,41741,54783,50335,65079,65970,86384,89018,99056,98868,69717,75977,49573,60715,13957,23955,14276,13493,24107,23611,30556,34321,47923,54259,55567,58860,57026,63001,45234,55245,13006,22151,727370,414715,68088,54303,180354,123688,20511,17,15
2021-07-01T23:59:59+02:00,3602,3253,43758,41389,54582,50166,64926,65811,86236,88883,98906,98752,69650,75909,49543,60681,13949,23940,13585,12798,22816,22528,28886,32806,45917,52515,53076,56588,55606,61433,44739,54629,12933,22023,725265,401195,68028,51993,180305,119870,20321,17,15
2021-06-30T23:59:59+02:00,3591,3237,43489,41194,54401,50041,64814,65724,86150,88821,98838,98703,69623,75886,49531,60659,13945,23931,12829,12179,21647,21622,27296,31434,44075,50791,49447,52637,54278,60105,44383,54189,12877,21895,724154,385412,67984,50102,180286,116433,20137,17,15
2021-06-29T23:59:59+02:00,3374,3017,42575,40354,53798,49450,64384,65300,85744,88369,98492,98375,69496,75737,49474,60589,13926,23900,12228,11575,20850,20859,25953,30233,41457,48393,47582,51096,53310,58997,43976,53653,12783,21742,718190,373416,67932,48594,180272,113053,19943,17,15
2021-06-28T23:59:59+02:00,3157,2837,41610,39348,53141,48807,63927,64920,85361,87981,98160,98032,69360,75577,49409,60489,13908,23877,11727,11127,20199,20270,24995,29338,39366,46454,45960,49738,52206,57953,43614,53149,12704,21622,712037,363955,67827,47575,180263,109379,19757,17,15
2021-06-27T23:59:59+02:00,3152,2834,41577,39317,53099,48776,63892,64888,85309,87946,98110,98005,69343,75566,49400,60475,13903,23874,11533,10935,19875,19953,24420,28783,38345,45611,44805,48647,51181,56946,43181,52644,12622,21486,711845,359389,67803,47136,180228,105078,19573,17,15
2021-06-26T23:59:59+02:00,2670,2360,40177,37945,52364,48026,63338,64325,84823,87431,97688,97572,69152,75390,49327,60370,13884,23851,11419,10836,19706,19803,24224,28568,37870,45175,44440,48300,51068,56803,43135,52597,12617,21471,703106,356468,67779,47130,180228,105060,19563,17,15
2021-06-25T23:59:59+02:00,2265,2027,39322,37124,52014,47664,63009,64001,84542,87119,97437,97306,69049,75277,49281,60309,13869,23829,11115,10526,19324,19380,23705,27953,35177,42879,42261,46388,50731,56425,43036,52468,12593,21441,698030,344919,67645,46685,180222,104416,19530,17,15
2021-06-24T23:59:59+02:00,2211,1977,38833,36666,51666,47334,62796,63799,84310,86928,97253,97154,68968,75212,49246,60264,13863,23813,10515,9942,18263,18512,22286,26707,33078,41047,39832,44098,49254,54787,42467,51769,12476,21238,695108,332081,67623,44082,180200,100876,19345,17,15
2021-06-23T23:59:59+02:00,2199,1954,38607,36431,51504,47173,62692,63697,84216,86836,97181,97071,68937,75181,49229,60242,13860,23803,10060,9513,17636,17966,21353,25861,31151,39427,35878,39654,47964,53428,42082,51265,12395,21072,693908,316620,67596,43463,180186,97576,19106,17,15
2021-06-22T23:59:59+02:00,2122,1892,37620,35491,50760,46501,62215,63258,83844,86431,96818,96760,68790,75042,49163,60162,13847,23770,9585,9069,16773,17283,20135,24789,28033,36659,33577,37785,47012,52460,41673,50708,12255,20838,687788,304475,67556,40726,180177,94508,18948,17,15
2021-06-21T23:59:59+02:00,1976,1753,36260,34254,49741,45625,61496,62600,83349,85960,96380,96358,68620,74871,49098,60067,13835,23736,9273,8774,16315,16920,19508,24307,26296,35105,32051,36496,45966,51383,41220,50161,12150,20647,679811,297171,67532,40087,180161,90868,18458,17,15
2021-06-20T23:59:59+02:00,1965,1745,36176,34201,49604,45513,61364,62473,83272,85904,96313,96300,68586,74843,49083,60049,13835,23725,9126,8672,16101,16751,19190,24049,25479,34451,31114,35550,45771,51181,41189,50109,12141,20627,679206,293387,67497,39498,180144,90539,18087,17,15
2021-06-19T23:59:59+02:00,1599,1446,34558,32648,48696,44694,60875,61966,82803,85426,95905,95947,68436,74679,49018,59967,13820,23701,9084,8594,16001,16630,19073,23899,25374,34293,30987,35412,45676,51084,41171,50084,12137,20617,670478,292053,67484,39495,180138,90506,18067,17,14
2021-06-18T23:59:59+02:00,1404,1273,32904,31054,47483,43501,59939,61053,82002,84681,95288,95370,68218,74459,48929,59828,13804,23671,9009,8506,15844,16479,18889,23710,25125,34056,30703,35094,45385,50740,41085,50008,12124,20603,659330,289888,67359,39379,180137,90080,18018,17,14
2021-06-17T23:59:59+02:00,1328,1214,31971,30209,46612,42797,59136,60209,81264,84034,94880,94991,68080,74315,48887,59752,13789,23642,8472,8138,15159,15921,18066,22889,24023,32934,29225,33742,44061,49238,40600,49397,12005,20415,652401,280967,67248,38557,180104,87426,17340,17,14
2021-06-16T23:59:59+02:00,1245,1150,31276,29507,45816,42050,58218,59339,80489,83268,94462,94615,67943,74155,48830,59661,13770,23616,7981,7815,14546,15411,17301,22168,22892,31986,28053,32639,42175,47132,40058,48821,11897,20230,645348,271294,67133,37958,180088,85034,16824,17,14
2021-06-15T23:59:59+02:00,1103,1032,29388,27704,44062,40512,56637,57701,79103,81953,93709,93947,67656,73864,48720,59503,13737,23551,7804,7684,14245,15173,16940,21870,22378,31609,27530,32217,41240,46119,39678,48401,11774,20010,630383,268256,67090,37455,180053,82625,16339,17,14
2021-06-14T23:59:59+02:00,1011,919,27841,26224,42454,38995,54980,56053,78007,80848,93014,93321,67404,73624,48624,59380,13717,23507,7619,7510,13868,14843,16419,21434,21692,31030,26857,31624,40859,45699,39296,47953,11643,19805,617139,265607,67036,37046,180025,79793,15706,17,14
2021-06-13T23:59:59+02:00,987,894,27640,26041,42073,38666,54442,55534,77661,80545,92821,93131,67314,73544,48587,59324,13702,23482,7476,7340,13601,14551,16037,21043,21266,30542,26328,31126,40462,45297,38838,47389,11464,19520,614444,263535,66903,36980,179995,76737,15029,17,14
2021-06-12T23:59:59+02:00,858,779,26104,24436,40902,37581,53769,54799,77129,80049,92270,92607,67159,73366,48518,59247,13689,23461,7430,7289,13480,14442,15904,20934,21082,30395,26212,31030,40445,45281,38830,47379,11464,19519,604850,262761,66900,36978,179988,76410,14968,17,14
2021-06-11T23:59:59+02:00,744,670,24477,22900,39543,36388,52543,53593,76160,79197,91692,92032,66924,73132,48457,59139,13670,23426,7373,7200,13310,14261,15694,20743,20813,30141,25945,30776,40137,44905,38746,47265,11447,19491,593056,260887,66823,36833,179980,75717,14811,17,14
2021-06-10T23:59:59+02:00,644,583,23481,21886,38322,35205,50944,52094,74841,78007,90084,90490,66570,72738,48331,58967,13644,23372,7092,6976,12791,13826,15065,20177,20054,29391,25155,30104,39439,44045,38396,46851,11335,19308,580157,257459,66349,36801,179930,71996,13750,17,14
2021-06-09T23:59:59+02:00,574,534,23032,21495,37665,34684,49833,51057,73602,76813,89493,89986,66445,72595,48281,58882,13629,23342,6819,6664,12192,13224,14286,19371,19141,28372,24176,28950,36880,41148,37831,46208,11187,19068,573007,247193,65893,36727,179888,68462,13137,17,13
2021-06-08T23:59:59+02:00,468,423,21513,20019,36053,33317,47727,49101,71466,74880,88025,88510,66132,72209,48148,58723,13597,23298,6689,6486,11818,12860,13809,18887,18540,27773,23622,28419,36598,40896,37542,45842,11079,18912,555639,245557,65618,36652,179858,65088,12477,17,13
2021-06-07T23:59:59+02:00,353,330,20506,19033,34506,31977,45451,47077,69330,73003,87049,87659,65910,71945,48074,58587,13577,23263,6536,6323,11399,12513,13272,18411,17813,27187,22992,27823,36278,40591,37124,45362,10966,18716,540431,243579,65448,36588,179803,61210,11931,17,13
2021-06-06T23:59:59+02:00,330,309,20324,18888,34113,31694,44846,46513,68716,72523,86839,87491,65854,71886,48063,58560,13570,23251,6403,6154,11078,12101,12844,17841,17176,26377,22295,27020,35812,40119,36644,44810,10810,18448,537331,241144,65126,36540,179760,56714,11536,17,13
2021-06-05T23:59:59+02:00,258,244,19073,17605,32772,30476,43617,45337,68141,72003,86309,86981,65763,71784,48015,58512,13563,23239,6352,6075,10975,11949,12721,17671,17010,26173,22127,26838,35751,40040,36622,44785,10808,18443,527308,240558,65126,36126,179725,56142,11516,17,13
2021-06-04T23:59:59+02:00,177,175,17874,16450,31453,29180,42060,43841,66798,70686,85498,86230,65576,71571,47939,58422,13547,23211,6250,5933,10800,11743,12506,17419,16657,25790,21608,26401,34868,39192,36308,44486,10791,18420,514447,238736,65059,35801,179720,53191,11445,17,13
2021-06-03T23:59:59+02:00,122,122,17235,15874,30468,28355,40604,42555,65029,69156,83245,83948,65152,71119,47811,58260,13529,23173,6079,5726,10494,11392,12190,16959,16212,25133,21064,25822,34203,38404,36134,44284,10758,18370,500671,236423,64366,35416,179679,50362,11024,17,13
2021-06-02T23:59:59+02:00,93,79,16895,15566,30160,28096,39937,41934,63441,67766,82306,83149,65011,70956,47751,58177,13526,23158,5961,5631,10324,11238,11967,16748,15918,24830,20725,25430,30970,34789,35909,44061,10729,18316,493178,227759,64365,35090,179678,49933,10763,17,13
2021-06-01T23:59:59+02:00,38,44,16103,14895,28669,27008,37589,39880,59888,64590,79880,80836,64661,70591,47623,57991,13492,23103,5685,5346,9808,10806,11435,16156,15256,24043,19989,24678,30625,34492,35711,43882,10701,18254,474889,226284,62812,34591,179610,46439,9553,17,12
2021-05-31T23:59:59+02:00,30,36,15533,14417,27735,26313,35625,38214,56450,61565,77850,79132,64327,70235,47479,57816,13459,23050,5523,5131,9400,10444,11008,15680,14723,23363,19364,23972,30339,34242,35529,43688,10665,18197,459115,225618,62101,34206,179543,42953,8490,17,12
2021-05-30T23:59:59+02:00,29,33,15387,14291,27456,26087,35173,37808,55739,60947,77530,78858,64267,70177,47454,57781,13455,23040,5420,4939,9073,10077,10598,15196,14276,22565,18838,23203,29663,33529,35303,43494,10643,18136,456147,225169,61668,34126,179497,37474,8183,17,12
2021-05-29T23:59:59+02:00,27,32,14990,13893,26603,25267,33412,36214,54260,59653,76941,78291,64116,70029,47401,57728,13448,23026,5386,4863,9011,9966,10509,15083,14170,22420,18708,23067,29633,33506,35297,43486,10642,18133,446007,224700,61637,34126,179492,36875,8178,17,12
2021-05-28T23:59:59+02:00,24,31,14579,13487,25784,24519,31561,34449,52089,57649,75886,77296,63911,69779,47349,57651,13438,23003,5301,4746,8838,9820,10358,14915,14012,22188,18501,22765,29564,33460,35280,43470,10641,18129,434029,224048,61167,34120,179404,35951,7868,17,12
2021-05-27T23:59:59+02:00,20,27,13954,13017,24720,23797,30316,33523,50484,56277,72791,74317,63473,69242,47214,57489,13414,22949,5187,4507,8510,9485,9960,14490,13574,21557,18001,22170,29345,33256,35171,43358,10619,18101,421890,223422,59214,34049,178780,32696,7123,17,12
2021-05-26T23:59:59+02:00,19,25,13465,12587,23808,23147,29400,32829,49396,55352,69834,71129,62861,68633,47079,57319,13384,22903,5101,4342,8255,9171,9663,14103,13218,20958,17566,21573,29154,33089,35073,43254,10593,18051,411075,222821,57039,33931,178284,29656,6755,17,12
2021-05-25T23:59:59+02:00,19,21,13121,12287,23231,22743,28351,31975,46801,53121,67570,69004,62510,68266,46966,57170,13367,22852,5018,4218,8047,8914,9409,13732,12905,20438,17188,21026,28997,32937,34989,43152,10567,17996,399239,222280,55974,33850,177665,26921,6480,17,12
2021-05-24T23:59:59+02:00,18,20,12822,12006,22731,22361,27735,31526,44181,50690,65117,66817,62203,67968,46856,57045,13334,22797,4946,4113,7797,8684,9093,13355,12578,19927,16803,20470,28855,32799,34915,43081,10545,17950,387593,221717,55492,33787,177001,24281,6124,17,12
2021-05-23T23:59:59+02:00,18,20,12761,11936,22636,22278,27655,31450,43925,50462,64532,66268,62124,67880,46831,57027,13332,22795,4926,4098,7760,8654,9035,13324,12500,19867,16729,20416,28846,32787,34912,43075,10545,17949,385394,221447,55412,33781,176989,24075,6118,17,12
2021-05-22T23:59:59+02:00,18,20,12537,11697,22315,21975,26652,30562,42092,48880,63678,65530,61963,67689,46765,56936,13322,22772,4910,4043,7733,8592,8995,13261,12470,19785,16701,20352,28836,32777,34908,43069,10544,17948,376909,221363,55401,33781,176984,23686,6092,17,12
2021-05-21T23:59:59+02:00,18,19,12232,11444,21745,21537,25844,29877,39706,46990,61708,63866,61702,67418,46681,56848,13307,22747,4891,4015,7679,8504,8928,13173,12392,19691,16628,20268,28820,32752,34901,43059,10542,17947,366516,221166,54343,33767,176794,23236,6019,17,12
2021-05-20T23:59:59+02:00,17,19,11611,10866,20627,20651,24705,28857,38202,45713,59369,61800,60884,66519,46482,56592,13273,22692,4610,3835,7279,8211,8489,12777,11939,19181,16212,19748,28699,32657,34850,43008,10538,17937,356055,220770,51992,33659,175518,20242,5297,17,12
2021-05-19T23:59:59+02:00,17,19,11172,10553,19840,20106,23859,28263,37303,45030,56144,58169,60193,65816,46373,56458,13251,22645,4457,3669,7024,7967,8212,12447,11612,18754,15843,19325,28601,32544,34808,42934,10528,17922,345627,220293,50379,33546,174381,17999,4807,17,12
2021-05-18T23:59:59+02:00,17,19,10839,10267,19267,19655,23218,27707,35905,43807,54738,57045,59824,65394,46244,56296,13226,22620,4349,3544,6778,7735,7955,12165,11380,18358,15498,18896,28518,32455,34778,42895,10524,17915,340276,220010,48541,33469,172901,15909,4353,17,12
2021-05-17T23:59:59+02:00,16,18,10619,10085,18835,19370,22790,27400,34705,42812,53433,56014,59577,65148,46181,56197,13210,22587,4277,3457,6570,7517,7704,11874,11124,17964,15190,18493,28428,32369,34754,42854,10518,17902,336218,219729,47556,33402,171385,14041,3821,17,12
2021-05-16T23:59:59+02:00,16,17,10429,9953,18541,19169,22455,27161,34069,42354,52196,54845,59383,64984,46145,56143,13199,22567,4209,3381,6352,7352,7412,11621,10858,17612,14897,18130,28364,32307,34738,42836,10511,17898,333791,219488,46680,33341,169763,12273,3375,17,11
2021-05-15T23:59:59+02:00,16,17,10331,9852,18390,19023,22287,27021,33684,41985,51802,54470,59267,64836,46097,56098,13196,22551,4168,3346,6268,7287,7318,11518,10756,17493,14789,18000,28270,32189,34647,42743,10507,17893,331400,218399,46679,33339,169628,12254,3199,17,11
2021-05-14T23:59:59+02:00,15,17,10047,9643,17957,18783,21888,26737,31329,40214,49656,52618,59050,64610,46049,56015,13180,22529,4038,3263,5982,7125,7010,11293,10408,17145,14444,17672,27697,31484,34527,42550,10489,17864,322260,215103,46626,33335,169015,12133,2419,17,11
2021-05-13T23:59:59+02:00,15,17,9585,9266,17164,18220,21016,26059,30210,39231,47416,50447,58204,63639,45840,55732,13141,22457,3534,3065,5645,6871,6698,10986,10001,16757,14069,17239,26802,30288,34105,42037,10458,17802,313773,210523,44763,32783,166997,10939,2111,15,11
2021-05-12T23:59:59+02:00,15,17,9292,9075,16732,17964,20547,25775,29682,38845,44418,46808,57630,62999,45756,55620,13123,22432,3393,2977,5416,6760,6420,10841,9719,16549,13831,16976,26158,29471,33941,41842,10432,17768,304618,207506,43939,32760,166705,10771,1455,13,11
2021-05-11T23:59:59+02:00,15,15,8850,8791,15960,17449,19687,25159,27941,37400,42487,45307,57252,62552,45671,55485,13103,22404,3274,2846,5186,6418,6119,10427,9357,15989,13393,16420,24734,27805,33433,41220,10381,17683,299130,201549,40881,32577,164218,9272,1286,13,10
2021-05-10T23:59:59+02:00,15,14,8588,8638,15447,17199,19058,24844,26950,36718,41030,44162,56993,62280,45592,55382,13082,22375,3165,2718,4955,6187,5863,10103,9029,15513,13030,16002,23688,26477,32947,40634,10346,17625,295865,196906,39974,32551,161543,7852,973,12,8
2021-05-09T23:59:59+02:00,15,14,8429,8554,15139,17016,18681,24594,26282,36293,39249,42504,56697,62002,45539,55324,13074,22357,3045,2664,4775,6050,5694,9930,8833,15308,12862,15828,23414,26145,32803,40459,10336,17610,292913,195714,39602,32510,158537,6833,699,12,8
2021-05-08T23:59:59+02:00,15,14,8355,8479,14962,16871,18472,24397,26056,36055,39018,42315,56570,61853,45503,55287,13071,22347,3038,2646,4742,6014,5651,9884,8756,15244,12776,15758,23046,25719,32520,40148,10328,17594,291364,194528,39149,31806,158416,6831,699,12,8
2021-05-07T23:59:59+02:00,14,13,8181,8381,14639,16691,18091,24165,25635,35770,38569,41937,56297,61501,45454,55241,13066,22337,2734,2512,4392,5829,5382,9623,8444,14934,12384,15362,21954,24348,31876,39319,10300,17544,288853,191087,38722,30313,158090,5232,305,12,8
2021-05-06T23:59:59+02:00,13,13,7528,8019,13745,16093,17040,23319,24298,34661,36422,40276,55170,60182,45212,54936,13031,22271,2607,2399,4219,5633,5173,9313,8101,14492,11952,14908,20649,22669,31025,38315,10249,17433,278231,185480,37445,29356,156273,4033,268,12,8
2021-05-05T23:59:59+02:00,11,13,6989,7712,12961,15542,16016,22555,22919,33637,34602,38791,53334,58148,44896,54591,12998,22205,2517,2339,4045,5475,4985,9101,7756,14153,11587,14552,19263,20889,29837,36903,10209,17331,266801,179370,36530,28188,154488,3295,89,12,8
2021-05-04T23:59:59+02:00,11,12,6800,7617,12604,15372,15533,22284,22279,33293,33641,38097,52479,57188,44775,54465,12980,22164,2461,2268,3892,5305,4811,8845,7418,13746,11160,14092,17614,18967,28746,35576,10115,17211,263051,172571,35666,27259,152831,2362,35,11,8
2021-05-03T23:59:59+02:00,11,12,6653,7470,12229,15156,15028,21975,21571,32889,32492,37208,52181,56872,44679,54358,12965,22132,2402,2197,3799,5125,4672,8610,7202,13398,10839,13684,16413,17475,27869,34478,10051,17104,259769,167018,35207,26908,150869,1367,25,11,8
2021-05-02T23:59:59+02:00,11,12,6573,7380,12020,14984,14734,21742,21096,32569,31342,36262,51898,56582,44617,54268,12949,22101,2389,2190,3778,5093,4643,8574,7136,13327,10757,13595,16102,17082,27573,34173,10039,17092,257346,165461,35137,26798,148622,1262,24,11,6
2021-05-01T23:59:59+02:00,11,12,6555,7355,11958,14939,14657,21683,20997,32496,31215,36170,51892,56566,44613,54267,12947,22099,2386,2181,3755,5076,4601,8549,7099,13290,10697,13540,15904,16859,27457,34036,10036,17082,256789,164495,35137,26771,148471,1260,24,11,6
2021-04-30T23:59:59+02:00,11,12,6518,7317,11868,14850,14552,21567,20802,32310,30977,35980,51620,56207,44568,54213,12942,22087,2357,2160,3693,5014,4507,8441,6948,13105,10422,13276,15096,15834,26590,32965,9995,16994,255019,161299,35095,24888,148253,1189,23,11,6
2021-04-29T23:59:59+02:00,11,12,6314,7194,11548,14663,14200,21331,20284,32024,30223,35490,50973,55382,44477,54098,12918,22012,2320,2114,3601,4925,4382,8305,6754,12888,10148,12991,14125,14602,25287,31423,9934,16902,251860,155610,35002,24142,146259,929,22,11,6
2021-04-28T23:59:59+02:00,11,12,6047,7029,11172,14331,13712,20867,19649,31421,29057,34363,48312,52392,44186,53774,12855,21934,2281,2074,3532,4865,4267,8190,6594,12704,9902,12772,12986,13125,23801,29548,9873,16799,241958,149657,34877,22939,144268,709,10,11,6
2021-04-27T23:59:59+02:00,11,12,5945,6937,11023,14211,13512,20706,19371,31211,28497,33978,48106,52172,44130,53724,12847,21912,2239,2040,3441,4771,4174,8081,6429,12520,9624,12496,11778,11564,22150,27395,9797,16654,240597,142858,34830,21755,142857,532,10,11,6
2021-04-26T23:59:59+02:00,11,12,5897,6893,10906,14146,13353,20586,19144,31001,27668,33409,47769,51807,44078,53660,12838,21883,2216,2012,3388,4728,4111,8011,6327,12388,9436,12321,10863,10407,20872,25648,9739,16568,239885,137590,34806,21017,140349,422,10,11,4
2021-04-25T23:59:59+02:00,11,12,5851,6846,10803,14051,13193,20434,18900,30718,26909,32672,47272,51295,43995,53561,12824,21864,2189,2001,3358,4709,4093,7992,6294,12348,9379,12261,10702,10215,20630,25325,9729,16554,238192,136736,34765,20674,138233,363,10,11,4
2021-04-24T23:59:59+02:00,11,12,5830,6798,10728,13967,13097,20293,18769,30544,26747,32494,47172,51172,43902,53467,12820,21859,2182,1991,3334,4682,4054,7946,6222,12275,9249,12144,10545,10034,20498,25194,9713,16536,236734,136214,34749,20034,138178,345,10,11,4
2021-04-23T23:59:59+02:00,11,12,5766,6706,10598,13768,12899,20041,18463,30170,26355,32133,46228,50039,43748,53222,12798,21827,2164,1970,3292,4647,4006,7891,6128,12186,9084,12016,10278,9736,20174,24775,9664,16456,232352,135092,34693,19035,137718,334,10,11,4
2021-04-22T23:59:59+02:00,11,12,5663,6591,10390,13573,12549,19710,17955,29698,25727,31541,44498,47887,43176,52492,12752,21726,2150,1959,3252,4595,3930,7817,6000,12086,8826,11851,9848,9329,19722,24186,9614,16378,226116,132976,34583,18258,135231,302,10,11,4
2021-04-21T23:59:59+02:00,11,11,5567,6453,10161,13371,12221,19397,17453,29204,25012,30813,40231,43027,42701,51957,12686,21622,2138,1950,3217,4559,3875,7759,5922,11993,8651,11691,9519,8946,19222,23596,9555,16283,214030,131336,34517,17254,133330,279,10,11,4
2021-04-20T23:59:59+02:00,11,11,5488,6363,9968,13156,11947,19134,17033,28796,24460,30252,38476,41017,42049,51182,12616,21484,2113,1937,3178,4533,3809,7714,5791,11897,8480,11563,9236,8626,18753,22932,9458,16142,207823,129977,34427,15953,131173,225,10,10,4
2021-04-19T23:59:59+02:00,11,10,5408,6285,9809,13029,11746,18929,16671,28415,23918,29784,36922,39227,41461,50456,12560,21395,2097,1919,3143,4499,3769,7670,5752,11827,8397,11472,9000,8343,18350,22366,9412,16052,202805,128292,34371,15564,128842,205,10,8,4
2021-04-18T23:59:59+02:00,11,9,5346,6234,9679,12946,11548,18792,16393,28217,23515,29473,35617,37865,41113,50050,12528,21333,2085,1903,3114,4478,3743,7654,5707,11781,8346,11423,8900,8252,18197,22178,9399,16029,201273,127806,34332,15176,125046,200,10,8,4
2021-04-17T23:59:59+02:00,11,9,5340,6218,9644,12915,11503,18752,16316,28151,23451,29415,35308,37527,41006,49953,12522,21322,2075,1895,3087,4466,3685,7609,5636,11730,8260,11372,8790,8143,18094,22062,9378,16016,200048,127007,34323,15086,124974,198,10,8,4
2021-04-16T23:59:59+02:00,11,9,5277,6179,9555,12855,11370,18642,16107,27992,23107,29070,34230,36269,40599,49433,12502,21289,1942,1807,2861,4288,3328,7294,4874,11203,6781,10287,6308,6116,16301,20389,9188,15719,195914,117779,34239,10704,124325,196,10,8,4
2021-04-15T23:59:59+02:00,11,9,5210,6088,9355,12685,11074,18394,15611,27599,22417,28472,32332,33951,39558,48224,12426,21125,1897,1775,2796,4224,3211,7175,4656,11023,6406,9976,5849,5719,15710,19705,9002,15390,190100,114664,34188,9654,120235,189,10,8,4
2021-04-14T23:59:59+02:00,11,8,5149,6042,9187,12556,10855,18217,15210,27286,21771,27992,30409,31701,38342,46808,12352,20940,1816,1720,2713,4158,3102,7083,4452,10857,6101,9725,5368,5306,15126,19017,8800,15042,183736,112049,34051,8197,117031,133,10,8,4
2021-04-13T23:59:59+02:00,11,8,5101,5988,9050,12426,10676,18048,14870,27012,21249,27527,28312,29254,37085,45216,12212,20736,1771,1704,2675,4115,3047,7022,4321,10716,5831,9515,5028,5001,14679,18568,8668,14843,176863,110633,33987,6828,113913,36,10,8,4
2021-04-12T23:59:59+02:00,10,8,5040,5940,8941,12289,10473,17900,14550,26732,20708,27071,26274,26986,35929,43752,12085,20539,1737,1661,2645,4096,3021,6969,4261,10649,5727,9415,4868,4857,14381,18199,8557,14644,171155,109796,33912,5850,110142,34,10,8,4
2021-04-11T23:59:59+02:00,10,8,5001,5897,8850,12210,10315,17799,14287,26555,20285,26747,25077,25700,35224,42968,11997,20392,1728,1655,2624,4076,2999,6944,4228,10603,5641,9348,4777,4803,14266,18077,8519,14593,169376,109599,33842,5246,106086,29,10,8,4
2021-04-10T23:59:59+02:00,10,8,4990,5883,8809,12184,10260,17764,14219,26506,20189,26667,24763,25326,34881,42549,11990,20371,1723,1650,2615,4067,2985,6928,4199,10574,5584,9309,4699,4724,14140,17915,8473,14509,168165,108812,33122,5246,106064,29,10,8,4
2021-04-09T23:59:59+02:00,10,8,4943,5852,8724,12106,10138,17641,14051,26330,19929,26426,23933,24175,33930,41345,11957,20298,1695,1620,2561,4032,2913,6866,4048,10461,5333,9084,4281,4351,13579,17203,8247,14145,164816,105147,31613,5238,105352,29,7,8,4
2021-04-08T23:59:59+02:00,10,8,4866,5787,8577,11995,9924,17465,13655,26017,19326,25958,22232,22197,32249,39383,11811,20064,1665,1604,2507,3985,2832,6780,3900,10323,5040,8820,3829,3927,12594,15960,7777,13387,159076,100183,30708,4718,101725,24,7,8,4
2021-04-07T23:59:59+02:00,10,7,4819,5735,8396,11919,9696,17316,13335,25790,18858,25599,20421,20085,30494,37126,11696,19853,1632,1588,2453,3933,2771,6700,3791,10177,4852,8630,3568,3638,11911,15154,7408,12842,153042,96882,29534,4148,98564,13,7,8,4
2021-04-06T23:59:59+02:00,10,7,4772,5690,8252,11807,9535,17151,13018,25524,18341,25214,18570,18024,28579,34639,11501,19511,1598,1569,2430,3907,2738,6663,3726,10133,4771,8541,3461,3515,11435,14509,7128,12436,146220,94584,28578,3959,95332,12,7,8,4
2021-04-05T23:59:59+02:00,10,7,4741,5648,8156,11718,9397,17051,12807,25313,17941,24867,16845,16090,26954,32495,11357,19289,1578,1558,2400,3888,2709,6615,3683,10074,4686,8426,3351,3408,11097,14141,6972,12157,140814,93196,28143,3530,91716,12,7,6,4
2021-04-04T23:59:59+02:00,10,7,4733,5642,8148,11707,9384,17038,12782,25293,17913,24842,16713,15916,26758,32248,11348,19276,1577,1557,2398,3885,2707,6612,3681,10071,4682,8423,3341,3395,11086,14129,6970,12149,140094,93117,28051,3530,91603,12,6,4,4
2021-04-03T23:59:59+02:00,10,7,4729,5634,8134,11699,9364,17018,12743,25262,17835,24780,16633,15827,26713,32191,11343,19269,1574,1555,2389,3877,2689,6598,3657,10043,4600,8368,3223,3280,11004,14055,6964,12139,139567,92469,28023,3530,91591,12,6,4,4
2021-04-02T23:59:59+02:00,10,7,4703,5614,8077,11645,9301,16950,12604,25156,17601,24580,16182,15350,26238,31619,11311,19216,1572,1546,2376,3871,2682,6582,3636,10011,4531,8275,3154,3212,10767,13756,6812,11938,138366,91179,26615,3526,91173,12,6,4,4
2021-04-01T23:59:59+02:00,9,7,4660,5553,7965,11504,9170,16790,12331,24871,17155,24181,15434,14625,25483,30661,11186,19035,1555,1524,2345,3839,2660,6552,3596,9972,4463,8210,3043,3084,9839,12643,6203,11092,136135,87186,25951,3422,88526,10,4,4,4
2021-03-31T23:59:59+02:00,9,7,4451,5473,7855,11382,9030,16625,12113,24595,16804,23816,14738,13863,24651,29654,11081,18843,1546,1519,2331,3819,2634,6524,3548,9923,4392,8139,2953,2994,9269,11948,5840,10597,134342,84768,24497,3196,86143,10,4,4,4
2021-03-30T23:59:59+02:00,9,7,4420,5420,7783,11255,8944,16467,11951,24405,16527,23507,14146,13221,23895,28677,10944,18602,1532,1509,2311,3794,2608,6495,3508,9858,4324,8068,2829,2849,8687,11295,5490,10111,132869,82461,23287,2799,84016,6,4,4,4
2021-03-29T23:59:59+02:00,9,7,4379,5362,7683,11143,8837,16305,11793,24133,16201,23161,13605,12624,23136,27706,10791,18357,1514,1496,2292,3778,2587,6466,3473,9802,4260,7993,2776,2781,8400,10910,5300,9802,131035,81082,22537,2540,81652,6,4,4,4
2021-03-28T23:59:59+02:00,9,7,4345,5277,7598,11036,8760,16153,11658,23903,15943,22888,13281,12315,22570,27016,10617,18078,1505,1491,2270,3764,2573,6437,3433,9752,4222,7936,2728,2730,8322,10806,5257,9737,130537,80742,22018,2213,78891,6,4,4,4
2021-03-27T23:59:59+01:00,9,7,4331,5266,7572,11006,8694,16082,11558,23807,15801,22772,13075,12102,22370,26806,10582,18049,1504,1489,2267,3762,2572,6436,3420,9729,4211,7914,2718,2723,8266,10741,5223,9697,129657,80451,21375,2213,78849,6,4,4,4
2021-03-26T23:59:59+01:00,9,7,4288,5197,7463,10875,8519,15899,11226,23508,15192,22267,12160,11284,21588,25972,10441,17826,1499,1475,2262,3741,2559,6413,3403,9703,4170,7877,2688,2684,8089,10524,5106,9530,125637,79614,19778,2099,78298,6,4,4,4
2021-03-25T23:59:59+01:00,9,6,4229,5038,7302,10597,8276,15496,10843,22887,14554,21569,11491,10625,20723,24906,10129,17291,1479,1461,2230,3715,2524,6374,3366,9655,4100,7796,2554,2546,7115,9276,4501,8625,122377,75444,19005,1864,74582,6,3,4,4
2021-03-24T23:59:59+01:00,9,6,4153,4897,7164,10312,8062,15083,10581,22343,14086,20963,10889,10066,19793,23821,9806,16730,1458,1431,2204,3678,2479,6338,3324,9592,4022,7697,2455,2447,6472,8516,4120,8046,119792,72825,17820,1448,71147,5,1,4,4
2021-03-23T23:59:59+01:00,9,6,4113,4803,7057,10078,7909,14745,10324,21840,13686,20472,10425,9624,19074,22971,9496,16269,1446,1413,2178,3657,2458,6311,3263,9538,3930,7623,2362,2345,5746,7590,3675,7359,118336,69766,16718,1123,67843,5,0,4,4
2021-03-22T23:59:59+01:00,9,6,4061,4723,6930,9837,7750,14425,10068,21376,13337,19975,10034,9268,18511,22262,9309,15929,1437,1406,2169,3643,2446,6295,3240,9515,3900,7590,2301,2294,5294,6986,3328,6870,117455,67672,16321,1036,64030,5,0,4,4
2021-03-21T23:59:59+01:00,9,6,4014,4618,6798,9572,7582,14070,9845,20837,12996,19451,9714,8990,17982,21659,9119,15622,1434,1403,2168,3632,2443,6288,3234,9506,3890,7576,2287,2275,5177,6854,3270,6769,117260,67164,15927,1036,59693,5,0,4,4
2021-03-20T23:59:59+01:00,9,6,4003,4596,6763,9518,7524,13999,9761,20732,12892,19362,9627,8896,17847,21486,9069,15535,1431,1399,2164,3629,2438,6283,3221,9496,3871,7566,2252,2243,4854,6481,3086,6528,116440,65900,15832,1036,59349,5,0,4,4
2021-03-19T23:59:59+01:00,8,6,3829,4455,6473,9266,7083,13576,8849,20002,11166,18035,6782,6557,15618,19291,8717,14974,1427,1395,2159,3623,2426,6270,3209,9472,3821,7520,2185,2202,4485,6009,2824,6213,107182,64230,11131,1004,56370,5,0,4,4
2021-03-18T23:59:59+01:00,8,5,3724,4322,6296,8957,6818,13137,8458,19346,10527,17298,6074,5904,14405,17824,8210,14160,1423,1389,2135,3596,2408,6234,3179,9429,3780,7485,2139,2168,4066,5481,2543,5804,102087,62358,10128,896,53254,4,0,4,4
2021-03-17T23:59:59+01:00,8,5,3647,4248,6164,8813,6651,12959,8164,19036,10127,16906,5669,5521,13589,16894,7817,13585,1413,1377,2119,3577,2378,6201,3148,9400,3743,7449,2083,2109,3660,5035,2294,5421,98862,60640,8447,762,52490,4,0,4,4
2021-03-16T23:59:59+01:00,7,5,3569,4113,6012,8542,6445,12591,7850,18452,9582,16250,5149,5068,12777,15933,7487,13095,1404,1368,2110,3560,2363,6187,3133,9380,3717,7423,2055,2073,3142,4396,1960,4915,96554,58424,7046,758,49323,3,0,4,4
2021-03-15T23:59:59+01:00,7,5,3522,3965,5827,8265,6227,12182,7576,17880,9146,15626,4835,4787,12124,15190,7224,12638,1404,1358,2094,3545,2343,6162,3115,9332,3693,7384,2019,2023,2780,3937,1676,4523,95064,56640,6076,744,45882,3,0,4,4
2021-03-14T23:59:59+01:00,7,5,3476,3833,5600,7936,5942,11738,7271,17161,8685,14875,4522,4515,11834,14934,7179,12539,1397,1352,2078,3516,2328,6112,3097,9274,3676,7345,2012,2012,2702,3830,1624,4439,94946,56241,5471,550,41631,2,0,4,4
2021-03-13T23:59:59+01:00,7,5,3460,3793,5561,7825,5883,11622,7190,17021,8542,14725,4370,4366,11742,14848,7173,12528,1397,1352,2078,3516,2327,6112,3096,9273,3675,7345,2009,2004,2650,3775,1590,4385,94258,56031,5471,550,40928,2,0,4,4
2021-03-12T23:59:59+01:00,7,5,3442,3721,5505,7689,5821,11475,7106,16797,8407,14492,4263,4270,11472,14525,7019,12313,1397,1352,2074,3510,2326,6104,3092,9267,3674,7339,2007,2002,2564,3665,1510,4299,92841,55629,5463,550,40021,2,0,4,4
2021-03-11T23:59:59+01:00,7,5,3364,3526,5297,7391,5590,11056,6768,16132,7976,13855,3928,3936,10401,13271,6372,11412,1392,1349,2064,3497,2307,6079,3069,9233,3650,7307,1978,1977,2326,3403,1360,4081,88676,54552,5046,517,36561,2,0,4,4
2021-03-10T23:59:59+01:00,7,5,3268,3408,5084,7121,5377,10700,6498,15586,7641,13310,3708,3709,9760,12479,5988,10879,1388,1338,2037,3459,2277,5989,3021,9112,3592,7189,1935,1901,2110,3166,1231,3893,86216,53353,4677,282,33631,2,0,4,4
2021-03-09T23:59:59+01:00,6,5,3194,3278,4929,6932,5183,10421,6269,15154,7343,12807,3525,3504,9132,11777,5616,10362,1381,1328,2001,3399,2246,5887,2960,8968,3525,7108,1906,1875,1836,2850,1063,3648,83953,51943,4423,35,31057,2,0,4,4
2021-03-08T23:59:59+01:00,6,5,3128,3119,4703,6667,4946,10068,6010,14643,6981,12219,3326,3312,8745,11334,5419,10050,1378,1309,1987,3321,2215,5794,2921,8822,3492,7015,1891,1853,1636,2619,945,3458,82486,50622,4062,33,28129,0,0,4,4
2021-03-07T23:59:59+01:00,6,5,3096,3060,4629,6555,4863,9955,5905,14480,6865,12074,3276,3270,8661,11229,5381,9983,1372,1304,1980,3309,2207,5767,2914,8783,3480,6996,1883,1841,1580,2552,893,3391,82136,50218,3897,33,27256,0,0,4,4
2021-03-06T23:59:59+01:00,6,5,3082,3002,4585,6465,4829,9892,5847,14366,6817,11965,3252,3247,8605,11163,5347,9940,1370,1291,1975,3295,2195,5740,2911,8755,3469,6977,1875,1817,1553,2528,888,3382,81820,49987,3897,33,26694,0,0,4,4
2021-03-05T23:59:59+01:00,6,5,3058,2909,4527,6356,4767,9793,5784,14215,6717,11812,3208,3192,8421,10933,5228,9768,1361,1258,1945,3240,2171,5633,2869,8621,3425,6839,1832,1772,1489,2457,866,3356,80922,49100,3889,33,25884,0,0,4,4
2021-03-04T23:59:59+01:00,4,5,3005,2716,4368,6117,4549,9483,5578,13795,6406,11423,3030,3016,7407,9644,4610,8856,1341,1208,1907,3117,2141,5450,2823,8344,3369,6607,1762,1682,1453,2408,862,3338,76782,47779,3619,32,23607,0,0,4,4
2021-03-03T23:59:59+01:00,3,5,2966,2644,4227,5926,4384,9215,5376,13418,6153,11003,2909,2886,6763,8875,4217,8254,1329,1170,1880,3045,2119,5339,2791,8167,3316,6449,1693,1638,1412,2338,842,3285,74074,46781,3390,32,21756,0,0,4,3
2021-03-02T23:59:59+01:00,3,5,2905,2555,4043,5710,4176,8942,5178,13043,5886,10629,2763,2729,5997,7911,3755,7549,1296,1127,1853,2973,2095,5200,2742,7895,3267,6251,1622,1578,1348,2259,822,3242,70917,45538,2944,32,19914,0,0,4,3
2021-03-01T23:59:59+01:00,3,4,2865,2493,3877,5559,3989,8722,4990,12721,5648,10242,2663,2615,5508,7257,3403,7044,1290,1091,1830,2872,2068,5007,2701,7645,3207,6015,1579,1542,1300,2200,796,3203,68769,44314,2645,32,18185,0,0,4,3
2021-02-28T23:59:59+01:00,3,4,2824,2444,3719,5441,3768,8532,4807,12471,5461,9937,2606,2543,5385,7101,3341,6943,1286,1086,1826,2858,2059,4983,2694,7609,3197,5998,1571,1535,1294,2191,794,3193,68292,44143,2427,31,16607,0,0,4,3
2021-02-27T23:59:59+01:00,3,3,2809,2379,3693,5361,3734,8463,4773,12381,5426,9863,2565,2509,5056,6714,3145,6693,1279,1078,1819,2846,2046,4948,2675,7544,3181,5942,1553,1526,1288,2180,791,3192,66986,43858,2427,30,16153,0,0,4,3
2021-02-26T23:59:59+01:00,3,3,2789,2338,3653,5277,3669,8361,4712,12273,5341,9775,2488,2456,4679,6233,2876,6370,1220,1028,1769,2737,1997,4767,2621,7270,3108,5731,1492,1475,1265,2158,777,3183,65196,42570,2302,29,15794,0,0,4,2
2021-02-25T23:59:59+01:00,3,3,2615,2229,3469,5096,3487,8138,4508,11987,5122,9501,2401,2391,4230,5681,2588,5949,1204,971,1738,2629,1944,4493,2550,6876,3013,5445,1448,1432,1245,2143,775,3174,63340,41056,1980,26,14074,0,0,4,1
2021-02-24T23:59:59+01:00,3,3,2460,2091,3279,4904,3339,7932,4311,11733,4903,9253,2264,2272,3777,5171,2331,5556,1189,942,1715,2543,1910,4354,2490,6619,2961,5239,1417,1401,1227,2123,771,3155,61577,40039,1511,18,12490,0,0,4,1
2021-02-23T23:59:59+01:00,3,3,2323,1953,3100,4676,3184,7701,4140,11460,4721,9007,2178,2178,3224,4506,1993,5044,1175,894,1684,2448,1871,4161,2422,6320,2863,4979,1360,1346,1198,2080,758,3130,59378,38676,1164,14,10848,0,0,4,1
2021-02-22T23:59:59+01:00,3,3,2283,1902,3015,4583,3114,7593,4046,11274,4614,8882,2128,2137,2860,4044,1707,4658,1163,835,1652,2322,1828,3915,2346,5926,2737,4681,1298,1291,1175,2047,752,3109,57707,37074,1080,4,10055,0,0,4,1
2021-02-21T23:59:59+01:00,3,3,2247,1870,2964,4514,3032,7479,3965,11128,4548,8765,2114,2114,2776,3930,1652,4570,1159,817,1635,2269,1803,3806,2313,5771,2674,4557,1266,1268,1165,2033,745,3096,57276,36374,1047,4,9347,0,0,4,1
2021-02-20T23:59:59+01:00,3,3,2236,1867,2942,4501,3016,7443,3939,11095,4527,8744,2111,2106,2722,3873,1617,4515,1159,814,1635,2267,1802,3797,2312,5766,2673,4553,1265,1265,1164,2030,744,3095,57061,36338,1046,4,9149,0,0,4,1
2021-02-19T23:59:59+01:00,2,3,2224,1854,2906,4449,2991,7355,3894,11013,4473,8681,2103,2100,2634,3760,1537,4422,1107,805,1596,2259,1792,3788,2302,5745,2664,4541,1259,1254,1153,2025,739,3088,56649,36114,1015,4,8733,0,0,4,1
2021-02-18T23:59:59+01:00,2,3,2092,1758,2749,4264,2867,7156,3757,10726,4333,8478,2071,2066,2394,3494,1385,4200,1028,770,1521,2161,1743,3665,2230,5587,2608,4454,1245,1234,1148,2011,729,3070,55592,35201,948,4,7251,0,0,4,1
2021-02-17T23:59:59+01:00,2,3,2048,1709,2657,4131,2758,6942,3604,10385,4192,8236,2014,1983,2175,3265,1261,4013,874,707,1412,2035,1668,3475,2136,5363,2535,4283,1211,1189,1123,1966,714,3030,54531,33719,803,3,6040,0,0,4,1
2021-02-16T23:59:59+01:00,2,3,1875,1596,2483,3924,2619,6667,3443,10031,4016,7929,1970,1956,1900,2946,1091,3761,847,685,1340,1960,1600,3333,2042,5191,2438,4152,1150,1142,1065,1876,682,2937,53205,32439,767,2,4236,0,0,4,1
2021-02-15T23:59:59+01:00,2,3,1841,1540,2395,3755,2541,6394,3320,9664,3901,7660,1944,1928,1685,2708,970,3575,829,672,1311,1914,1559,3265,1987,5019,2375,4052,1085,1102,1001,1786,663,2844,52111,31464,754,1,2957,0,0,4,1
2021-02-14T23:59:59+01:00,2,3,1752,1509,2350,3693,2499,6304,3250,9561,3855,7582,1933,1918,1628,2649,920,3516,814,662,1294,1889,1532,3242,1953,4978,2350,3997,1075,1093,994,1776,660,2832,51779,31141,725,1,2416,0,0,4,1
2021-02-13T23:59:59+01:00,2,3,1751,1497,2340,3686,2493,6290,3246,9545,3848,7572,1925,1898,1605,2629,917,3506,814,662,1294,1889,1532,3242,1953,4978,2350,3997,1075,1093,994,1776,660,2832,51625,31141,725,1,2399,0,0,4,1
2021-02-12T23:59:59+01:00,2,3,1671,1411,2241,3574,2413,6116,3141,9307,3726,7307,1878,1841,1542,2557,894,3479,808,655,1282,1867,1517,3223,1945,4947,2334,3977,1070,1088,993,1757,660,2802,50685,30926,725,0,1689,0,0,4,1
2021-02-11T23:59:59+01:00,2,3,1468,1273,2059,3359,2285,5824,2989,8874,3567,6961,1806,1739,1500,2496,880,3456,780,604,1187,1687,1392,2949,1806,4588,2171,3691,1020,1027,951,1686,627,2671,49291,28838,684,0,562,0,0,4,1
2021-02-10T23:59:59+01:00,2,3,1372,1224,1971,3232,2217,5651,2907,8596,3456,6730,1735,1691,1455,2429,864,3399,566,520,965,1462,1253,2641,1621,4126,1968,3313,903,900,830,1435,548,2355,48125,25407,644,0,161,0,0,4,1
2021-02-09T23:59:59+01:00,2,3,1337,1174,1934,3140,2190,5470,2840,8255,3386,6471,1662,1629,1394,2369,847,3362,303,383,747,1199,1066,2266,1411,3589,1719,2861,735,736,662,1148,438,1909,46867,21173,515,0,80,0,0,3,1
2021-02-08T23:59:59+01:00,2,3,1330,1139,1903,3021,2152,5248,2788,7975,3327,6235,1621,1595,1349,2314,831,3342,267,342,645,1044,960,2048,1251,3198,1522,2545,632,617,558,969,381,1659,45748,18639,345,0,79,0,0,3,1
2021-02-07T23:59:59+01:00,2,3,1303,1123,1874,2969,2127,5166,2759,7872,3285,6170,1605,1579,1334,2295,820,3327,233,286,597,954,900,1893,1159,2973,1424,2373,592,597,537,936,371,1630,45466,17457,144,0,0,0,0,3,0
2021-02-06T23:59:59+01:00,2,3,1298,1117,1868,2957,2118,5138,2746,7828,3274,6125,1592,1571,1329,2285,817,3326,214,252,575,917,872,1827,1117,2856,1367,2291,576,579,530,936,371,1630,45247,16912,144,0,0,0,0,3,0
2021-02-05T23:59:59+01:00,2,3,1237,1065,1819,2846,2066,4942,2687,7532,3197,5909,1529,1517,1310,2259,809,3319,198,223,540,870,838,1747,1078,2739,1314,2192,542,555,519,912,361,1605,43901,16235,144,0,0,0,0,3,0
2021-02-04T23:59:59+01:00,2,3,1225,1001,1778,2697,1995,4630,2604,7088,3097,5583,1484,1484,1292,2243,806,3311,170,169,467,753,739,1608,968,2500,1201,1977,495,503,476,858,343,1492,42285,14721,36,0,0,0,0,2,0
2021-02-03T23:59:59+01:00,2,3,1207,972,1748,2616,1956,4484,2537,6826,3045,5366,1447,1451,1263,2208,788,3282,139,140,393,641,623,1371,823,2122,1004,1687,378,369,341,644,240,1131,41163,12048,36,0,0,0,0,2,0
2021-02-02T23:59:59+01:00,2,3,1190,916,1716,2516,1913,4261,2464,6494,2938,5093,1394,1405,1240,2178,779,3258,118,116,316,520,520,1136,678,1792,814,1377,280,269,263,472,188,847,39722,9708,36,0,0,0,0,2,0
2021-02-01T23:59:59+01:00,1,3,1177,856,1681,2391,1863,4015,2387,6101,2816,4797,1327,1323,1209,2132,768,3233,85,76,216,349,347,741,430,1155,478,858,174,164,152,279,100,494,38042,6098,36,0,0,0,0,2,0
2021-01-31T23:59:59+01:00,1,3,1172,838,1664,2333,1839,3892,2355,5918,2749,4678,1296,1300,1198,2117,761,3221,74,70,183,279,270,575,341,902,396,691,148,148,144,271,96,480,37300,5068,33,0,0,0,0,2,0
2021-01-30T23:59:59+01:00,1,3,1172,835,1663,2328,1837,3881,2353,5907,2746,4668,1295,1296,1197,2116,761,3220,70,63,151,232,242,507,306,784,353,616,147,141,139,267,96,479,37245,4593,32,0,0,0,0,2,0
2021-01-29T23:59:59+01:00,1,3,1119,826,1624,2321,1826,3874,2345,5893,2738,4656,1291,1293,1193,2116,761,3220,62,45,114,177,198,353,249,635,309,488,136,132,127,256,93,479,37069,3853,30,0,0,0,0,1,0
2021-01-28T23:59:59+01:00,1,3,1044,801,1566,2261,1793,3805,2298,5822,2705,4602,1279,1281,1186,2110,752,3206,40,20,72,105,129,206,154,380,201,291,103,101,102,205,83,432,36487,2624,27,0,0,0,0,1,0
2021-01-27T23:59:59+01:00,1,3,894,750,1475,2185,1726,3690,2226,5692,2647,4477,1251,1237,1162,2071,740,3174,29,12,62,86,104,162,122,323,174,247,95,84,91,186,79,401,35382,2257,18,0,0,0,0,1,0
2021-01-26T23:59:59+01:00,1,3,880,731,1410,2111,1663,3560,2139,5520,2559,4366,1196,1197,1116,2000,716,3125,28,11,59,83,100,156,118,309,173,237,93,79,84,165,68,355,34280,2118,12,0,0,0,0,1,0
2021-01-25T23:59:59+01:00,1,3,867,710,1378,2051,1632,3463,2094,5354,2502,4276,1145,1172,1069,1943,698,3066,26,11,56,83,97,154,117,307,172,237,92,78,83,164,66,352,33420,2095,3,0,0,0,0,1,0
2021-01-24T23:59:59+01:00,1,3,864,709,1372,2040,1627,3446,2086,5328,2491,4244,1141,1166,1064,1936,697,3061,26,11,56,83,96,153,117,307,172,236,92,78,83,164,66,352,33272,2092,3,0,0,0,0,1,0
2021-01-23T23:59:59+01:00,1,3,864,709,1372,2040,1627,3446,2086,5328,2491,4244,1141,1166,1064,1936,697,3061,26,11,56,83,96,153,117,307,171,236,92,78,83,164,66,352,33272,2091,3,0,0,0,0,1,0
2021-01-22T23:59:59+01:00,1,3,864,699,1358,2018,1611,3422,2073,5294,2475,4224,1139,1161,1063,1913,696,3028,26,11,56,83,96,153,117,307,170,236,92,78,83,164,66,352,33038,2090,3,0,0,0,0,1,0
2021-01-21T23:59:59+01:00,1,3,833,662,1280,1863,1512,3232,1976,5022,2367,4026,1100,1102,1032,1833,658,2901,24,10,52,78,88,145,107,278,156,213,79,70,74,144,54,300,31399,1872,3,0,0,0,0,1,0
2021-01-20T23:59:59+01:00,1,3,630,563,1086,1644,1378,2958,1799,4618,2164,3689,975,984,914,1604,593,2631,22,10,51,74,85,144,99,265,145,194,69,64,69,122,45,268,28230,1726,3,0,0,0,0,1,0
2021-01-19T23:59:59+01:00,1,3,343,417,835,1387,1177,2618,1564,4089,1904,3240,808,816,750,1331,495,2226,18,7,36,52,56,78,73,178,101,131,52,49,48,91,34,207,24001,1211,2,0,0,0,0,1,0
2021-01-18T23:59:59+01:00,1,3,301,376,723,1199,1056,2364,1372,3592,1665,2860,680,667,605,1087,421,1841,7,3,11,17,19,27,24,50,25,46,12,11,13,33,7,61,20811,366,1,0,0,0,0,1,0
2021-01-17T23:59:59+01:00,1,3,260,321,657,1105,978,2193,1275,3317,1550,2649,635,638,578,1031,400,1783,0,0,1,0,2,2,2,1,2,2,1,4,1,0,0,1,19373,19,1,0,0,0,0,0,0
2021-01-16T23:59:59+01:00,1,3,243,289,641,1072,954,2130,1234,3207,1499,2576,619,621,571,1031,400,1782,0,0,0,0,1,2,1,1,1,2,0,1,1,0,0,1,18872,11,1,0,0,0,0,0,0
2021-01-15T23:59:59+01:00,1,3,228,256,612,1024,927,2052,1199,3091,1447,2480,588,595,564,1010,393,1770,0,0,0,0,0,0,0,0,0,0,0,0,0,0,0,0,18240,0,0,0,0,0,0,0,0
2021-01-14T23:59:59+01:00,1,2,198,204,552,902,838,1909,1106,2868,1332,2297,544,552,526,966,387,1728,0,0,0,0,0,0,0,0,0,0,0,0,0,0,0,0,16912,0,0,0,0,0,0,0,0
2021-01-13T23:59:59+01:00,1,2,166,185,503,833,766,1783,1008,2635,1178,2074,431,435,399,761,289,1331,0,0,0,0,0,0,0,0,0,0,0,0,0,0,0,0,14780,0,0,0,0,0,0,0,0
2021-01-12T23:59:59+01:00,1,2,144,164,471,764,716,1628,918,2432,1071,1840,342,327,308,541,207,943,0,0,0,0,0,0,0,0,0,0,0,0,0,0,0,0,12819,0,0,0,0,0,0,0,0
2021-01-11T23:59:59+01:00,0,1,115,127,395,634,626,1375,754,1974,845,1454,212,190,169,313,109,546,0,0,0,0,0,0,0,0,0,0,0,0,0,0,0,0,9839,0,0,0,0,0,0,0,0
2021-01-10T23:59:59+01:00,0,1,89,92,305,458,471,995,547,1447,621,1058,175,167,157,300,104,533,0,0,0,0,0,0,0,0,0,0,0,0,0,0,0,0,7520,0,0,0,0,0,0,0,0
2021-01-09T23:59:59+01:00,0,1,78,84,259,395,401,863,480,1230,545,900,168,157,152,295,104,531,0,0,0,0,0,0,0,0,0,0,0,0,0,0,0,0,6643,0,0,0,0,0,0,0,0
2021-01-08T23:59:59+01:00,0,1,65,64,186,287,304,584,365,932,439,681,160,152,136,283,102,531,0,0,0,0,0,0,0,0,0,0,0,0,0,0,0,0,5272,0,0,0,0,0,0,0,0
2021-01-07T23:59:59+01:00,0,0,46,24,78,121,137,230,164,419,222,339,116,121,123,251,98,504,0,0,0,0,0,0,0,0,0,0,0,0,0,0,0,0,2993,0,0,0,0,0,0,0,0
2021-01-06T23:59:59+01:00,0,0,32,17,69,92,116,180,136,342,193,275,97,93,97,205,83,429,0,0,0,0,0,0,0,0,0,0,0,0,0,0,0,0,2456,0,0,0,0,0,0,0,0
2021-01-05T23:59:59+01:00,0,0,29,12,59,87,106,166,121,327,179,253,96,88,95,198,81,411,0,0,0,0,0,0,0,0,0,0,0,0,0,0,0,0,2308,0,0,0,0,0,0,0,0
2021-01-04T23:59:59+01:00,0,0,26,11,56,84,98,157,116,312,177,241,95,85,88,184,71,380,0,0,0,0,0,0,0,0,0,0,0,0,0,0,0,0,2181,0,0,0,0,0,0,0,0
2021-01-03T23:59:59+01:00,0,0,26,11,56,84,98,157,116,312,177,241,95,85,87,183,71,380,0,0,0,0,0,0,0,0,0,0,0,0,0,0,0,0,2179,0,0,0,0,0,0,0,0
2021-01-02T23:59:59+01:00,0,0,26,11,56,84,98,157,116,312,176,241,95,85,87,183,71,380,0,0,0,0,0,0,0,0,0,0,0,0,0,0,0,0,2178,0,0,0,0,0,0,0,0
2021-01-01T23:59:59+01:00,0,0,26,11,56,84,98,157,116,312,174,240,95,85,87,183,71,380,0,0,0,0,0,0,0,0,0,0,0,0,0,0,0,0,2175,0,0,0,0,0,0,0,0
2020-12-31T23:59:59+01:00,0,0,26,11,56,84,98,157,116,312,174,240,95,85,87,183,71,380,0,0,0,0,0,0,0,0,0,0,0,0,0,0,0,0,2175,0,0,0,0,0,0,0,0
2020-12-30T23:59:59+01:00,0,0,25,11,56,83,97,154,116,311,174,240,95,85,87,183,71,380,0,0,0,0,0,0,0,0,0,0,0,0,0,0,0,0,2168,0,0,0,0,0,0,0,0
2020-12-29T23:59:59+01:00,0,0,18,8,41,59,74,91,86,216,127,188,73,73,65,151,56,304,0,0,0,0,0,0,0,0,0,0,0,0,0,0,0,0,1630,0,0,0,0,0,0,0,0
2020-12-28T23:59:59+01:00,0,0,8,5,17,28,31,45,40,111,53,101,30,40,37,91,29,175,0,0,0,0,0,0,0,0,0,0,0,0,0,0,0,0,841,0,0,0,0,0,0,0,0
2020-12-27T23:59:59+01:00,0,0,2,2,4,5,7,11,10,23,6,22,5,7,6,25,3,48,0,0,0,0,0,0,0,0,0,0,0,0,0,0,0,0,186,0,0,0,0,0,0,0,0
