Datum,<24_1_m,<24_1_w,25-34_1_m,25-34_1_w,35-44_1_m,35-44_1_w,45-54_1_m,45-54_1_w,55-64_1_m,55-64_1_w,65-74_1_m,65-74_1_w,75-84_1_m,75-84_1_w,>84_1_m,>84_1_w,<24_2_m,<24_2_w,25-34_2_m,25-34_2_w,35-44_2_m,35-44_2_w,45-54_2_m,45-54_2_w,55-64_2_m,55-64_2_w,65-74_2_m,65-74_2_w,75-84_2_m,75-84_2_w,>84_2_m,>84_2_w,bp_1,bp_2,mo_1,mo_2,az_1,az_2,ja
2021-06-15T23:59:59+02:00,33946,32143,44810,41107,57138,58802,82176,84819,91310,91891,64257,70826,46564,57417,11171,20147,8900,9059,14368,15047,16790,22384,22993,32430,27290,31204,41571,46810,38039,46790,9518,17109,626774,266063,66726,37178,178968,81005,16056
2021-06-14T23:59:59+02:00,32208,30452,43182,39599,55603,57275,81182,83811,90706,91345,64038,70623,46482,57313,11155,20112,8692,8873,13995,14726,16281,21950,22310,31844,26685,30657,41221,46423,37676,46363,9424,16938,614025,263487,66680,36779,178942,78353,15439
2021-06-13T23:59:59+02:00,31981,30245,42798,39274,55163,56852,80852,83523,90542,91178,63964,70552,46450,57264,11145,20090,8538,8682,13729,14440,15925,21545,21862,31352,26183,30173,40854,46035,37240,45818,9287,16706,611614,261444,66549,36713,178915,75417,14795
2021-06-12T23:59:59+02:00,30192,28394,41691,38241,54525,56170,80323,83029,90022,90676,63829,70396,46388,57193,11137,20073,8485,8619,13605,14332,15787,21436,21684,31213,26083,30087,40840,46023,37232,45811,9287,16706,602086,260683,66546,36713,178910,75097,14737
2021-06-11T23:59:59+02:00,28320,26650,40342,37028,53362,55019,79344,82182,89488,90141,63631,70185,46333,57098,11118,20043,8414,8505,13438,14168,15573,21237,21421,30969,25819,29816,40554,45680,37148,45702,9276,16683,590329,258837,66472,36568,178900,74415,14583
2021-06-10T23:59:59+02:00,27146,25463,39060,35795,51821,53608,78074,81007,87937,88657,63339,69845,46218,56937,11098,20000,8097,8240,12920,13740,14948,20678,20654,30206,25079,29181,39893,44869,36806,45291,9192,16533,577571,255485,66028,36537,178851,70750,13555
2021-06-09T23:59:59+02:00,26606,25025,38417,35247,50687,52560,76877,79865,87435,88202,63240,69724,46171,56857,11085,19975,7774,7876,12296,13132,14183,19849,19754,29170,24028,27946,37434,42132,36293,44688,9069,16323,570585,245285,65635,36475,178811,67245,12942
2021-06-08T23:59:59+02:00,24854,23338,36763,33840,48590,50591,74778,77980,86110,86847,62959,69375,46051,56725,11061,19936,7610,7665,11917,12795,13715,19364,19135,28546,23524,27463,37163,41892,36009,44328,8986,16187,553342,243690,65374,36402,178783,63908,12299
2021-06-07T23:59:59+02:00,23650,22193,35107,32398,46307,48600,72732,76148,85282,86111,62768,69140,45986,56600,11044,19907,7427,7478,11487,12448,13164,18891,18404,27920,22938,26914,36860,41591,35599,43854,8906,16024,538273,241739,65205,36339,178733,60065,11762
2021-06-06T23:59:59+02:00,23432,22015,34707,32087,45690,48036,72145,75695,85110,85972,62723,69085,45971,56572,11040,19897,7284,7272,11165,12036,12746,18325,17767,27115,22273,26151,36413,41144,35161,43326,8783,15801,535195,239351,64884,36293,178683,55703,11415
2021-06-05T23:59:59+02:00,21975,20562,33354,30791,44563,46968,71585,75176,84600,85484,62641,68989,45929,56529,11034,19887,7225,7195,11068,11885,12626,18179,17596,26913,22126,25994,36366,41085,35143,43306,8781,15796,525214,238800,64884,35878,178574,55211,11395
2021-06-04T23:59:59+02:00,20572,19230,32004,29453,43052,45490,70235,73901,83881,84795,62493,68813,45863,56445,11021,19864,7107,7033,10889,11683,12409,17926,17221,26530,21625,25535,35488,40263,34872,43047,8769,15774,512402,237016,64819,35558,178566,52272,11325
2021-06-03T23:59:59+02:00,19816,18542,30984,28588,41563,44211,68470,72360,81717,82571,62171,68451,45743,56300,11007,19832,6922,6794,10577,11353,12099,17442,16758,25891,21104,24972,34851,39533,34716,42868,8743,15729,498751,234743,64142,35177,178524,49523,10909
2021-06-02T23:59:59+02:00,19448,18186,30674,28328,40830,43525,66810,70931,80943,81906,62051,68306,45693,56229,11004,19819,6793,6690,10407,11206,11875,17233,16480,25570,20584,24414,31805,36124,34519,42669,8723,15679,491370,226165,64141,34854,178522,49102,10650
2021-06-01T23:59:59+02:00,18499,17415,29152,27202,38424,41374,63201,67729,78853,79913,61770,67987,45573,56061,10977,19769,6484,6369,9888,10773,11347,16651,15805,24785,19914,23720,31497,35861,34345,42497,8700,15624,473394,224803,62595,34367,178465,45645,9445
2021-05-31T23:59:59+02:00,17840,16867,28198,26492,36256,39563,59727,64634,77142,78472,61478,67668,45447,55908,10949,19728,6295,6117,9479,10424,10927,16144,15266,24111,19334,23069,31232,35637,34180,42328,8671,15573,457680,224156,61887,33982,178403,42250,8399
2021-05-30T23:59:59+02:00,17665,16717,27929,26273,35765,39108,59014,64032,76893,78257,61428,67616,45423,55877,10945,19718,6176,5886,9130,10079,10538,15636,14809,23316,18844,22348,30598,34981,33985,42154,8653,15526,454748,223725,61453,33902,178357,36930,8102
2021-05-29T23:59:59+02:00,17223,16280,26992,25368,33967,37500,57654,62840,76335,77695,61308,67500,45373,55831,10942,19705,6137,5795,9068,9972,10447,15523,14695,23168,18722,22220,30579,34967,33980,42147,8652,15523,444644,223266,61420,33902,178352,36330,8097
2021-05-28T23:59:59+02:00,16764,15830,26110,24548,31987,35603,55615,61009,75355,76720,61156,67314,45328,55762,10933,19686,6038,5663,8908,9828,10294,15356,14536,22932,18520,21928,30532,34943,33965,42134,8651,15520,432713,222646,60954,33897,178263,35415,7790
2021-05-27T23:59:59+02:00,16026,15297,25060,23834,30736,34648,53964,59591,72308,73746,60844,66923,45210,55607,10913,19642,5894,5388,8575,9514,9905,14939,14099,22268,18060,21403,30343,34766,33862,42035,8634,15494,420642,222037,59012,33831,177646,32262,7049
2021-05-26T23:59:59+02:00,15440,14812,24175,23177,29831,33966,52799,58618,69267,70438,60468,66538,45090,55450,10886,19609,5788,5184,8311,9211,9618,14534,13731,21658,17649,20856,30175,34610,33771,41941,8612,15451,409873,221451,56844,33715,177151,29238,6696
2021-05-25T23:59:59+02:00,15046,14460,23612,22782,28659,33016,49975,56158,67293,68585,60218,66275,44990,55309,10874,19566,5697,5041,8089,8952,9376,14162,13409,21111,17281,20361,30037,34482,33698,41842,8593,15405,398077,220939,55781,33637,176532,26532,6428
2021-05-24T23:59:59+02:00,14689,14136,23124,22408,28044,32551,46879,53272,65325,66863,59961,66013,44891,55188,10846,19520,5613,4914,7830,8725,9056,13775,13086,20596,16921,19840,29923,34374,33634,41778,8574,15365,386466,220423,55302,33575,175867,23931,6075
2021-05-23T23:59:59+02:00,14618,14060,23030,22323,27972,32476,46586,52996,64770,66344,59890,65950,44871,55171,10844,19519,5590,4894,7792,8700,8996,13736,13011,20540,16856,19789,29917,34365,33631,41773,8574,15364,384271,220163,55225,33569,175855,23727,6069
2021-05-22T23:59:59+02:00,14364,13805,22719,21995,26827,31483,44758,51447,64062,65714,59743,65769,44815,55088,10835,19500,5569,4833,7768,8640,8958,13676,12978,20452,16832,19736,29911,34354,33626,41769,8574,15363,375820,220086,55211,33569,175849,23340,6044
2021-05-21T23:59:59+02:00,14018,13506,22134,21559,25928,30749,42173,49380,62392,64274,59551,65565,44740,55004,10823,19482,5545,4794,7712,8555,8895,13596,12901,20354,16760,19658,29901,34338,33620,41759,8572,15362,365496,219904,54151,33556,175659,22890,5972
2021-05-20T23:59:59+02:00,13303,12856,20996,20684,24818,29744,40599,48028,60060,62187,58890,64845,44564,54771,10797,19434,5220,4587,7308,8267,8491,13199,12431,19823,16384,19208,29799,34265,33576,41712,8570,15354,355096,219521,51853,33450,174374,19970,5253
2021-05-19T23:59:59+02:00,12802,12487,20197,20141,23970,29149,39709,47333,56545,58241,58571,64539,44471,54642,10779,19394,5045,4400,7068,8017,8204,12872,12085,19379,16046,18818,29720,34164,33536,41642,8562,15344,344715,219061,50241,33341,173251,17737,4763
2021-05-18T23:59:59+02:00,12425,12153,19617,19695,23337,28580,38143,45983,55327,57253,58248,64162,44353,54499,10758,19373,4927,4249,6815,7789,7956,12582,11842,18986,15722,18406,29657,34103,33507,41609,8559,15337,339393,218788,48413,33268,171788,15678,4312
2021-05-17T23:59:59+02:00,12166,11935,19187,19422,22906,28271,36781,44847,54193,56365,58049,63954,44295,54404,10746,19345,4846,4142,6597,7571,7705,12289,11588,18604,15425,18024,29590,34044,33487,41572,8553,15325,335362,218519,47441,33202,170280,13858,3783
2021-05-16T23:59:59+02:00,11949,11776,18890,19222,22575,28024,36086,44345,52971,55208,57938,63854,44260,54355,10737,19326,4766,4058,6361,7402,7438,12035,11313,18243,15161,17714,29539,33999,33472,41553,8546,15322,332946,218281,46567,33144,168668,12162,3335
2021-05-15T23:59:59+02:00,11843,11661,18731,19079,22412,27882,35646,43925,52623,54876,57836,63729,44220,54310,10734,19313,4720,4016,6271,7335,7347,11927,11215,18128,15056,17590,29438,33876,33398,41474,8542,15318,330563,217204,46567,33143,168532,12146,3158
2021-05-14T23:59:59+02:00,11526,11431,18305,18841,22018,27604,32886,41823,50871,53317,57684,63575,44173,54238,10722,19294,4570,3924,5978,7164,7043,11698,10866,17774,14707,17263,28904,33176,33284,41318,8529,15292,321491,213938,46514,33139,167918,12028,2385
2021-05-13T23:59:59+02:00,11006,10995,17491,18279,21145,26920,31752,40816,48573,51039,56982,62803,43991,53980,10691,19230,4011,3700,5663,6910,6744,11393,10454,17391,14311,16793,28009,31988,32924,40874,8503,15242,313046,209384,44657,32588,165910,10858,2080
2021-05-12T23:59:59+02:00,10671,10768,17064,18030,20670,26636,31218,40420,45282,47023,56754,62586,43912,53878,10677,19210,3849,3601,5432,6804,6472,11244,10170,17180,14058,16497,27399,31208,32783,40715,8480,15211,303918,206420,43835,32566,165621,10692,1425
2021-05-11T23:59:59+02:00,10179,10450,16266,17496,19825,26019,29247,38844,43573,45629,56458,62230,43832,53756,10662,19185,3705,3444,5205,6456,6169,10829,9802,16593,13587,15922,25992,29546,32338,40175,8442,15137,298456,200487,40779,32388,163148,9199,1268
2021-05-10T23:59:59+02:00,9873,10275,15744,17242,19213,25699,28191,38103,42166,44507,56282,62036,43761,53656,10644,19161,3582,3294,4972,6218,5920,10517,9468,16099,13188,15481,24965,28203,31911,39682,8411,15087,295215,195869,39875,32364,160495,7797,968
2021-05-09T23:59:59+02:00,9681,10182,15453,17053,18827,25454,27470,37631,40311,42766,56152,61910,43717,53602,10637,19145,3442,3232,4795,6080,5760,10342,9276,15886,13012,15317,24690,27872,31792,39525,8403,15078,292284,194688,39505,32325,157509,6796,693
2021-05-08T23:59:59+02:00,9588,10089,15277,16914,18618,25243,27239,37393,40088,42579,56039,61788,43684,53563,10634,19137,3432,3210,4761,6046,5716,10293,9194,15820,12914,15234,24299,27419,31555,39262,8396,15063,290737,193504,39054,31623,157389,6794,693
2021-05-07T23:59:59+02:00,9388,9977,14936,16730,18249,25009,26823,37104,39656,42198,55778,61469,43644,53516,10629,19130,3094,3049,4413,5872,5461,10017,8861,15513,12491,14788,23191,26019,31001,38546,8374,15026,288244,190085,38627,30133,157065,5198,300
2021-05-06T23:59:59+02:00,8667,9574,14034,16098,17176,24149,25424,35966,37516,40466,54793,60314,43429,53234,10598,19078,2947,2922,4242,5664,5251,9703,8491,15063,12049,14292,21839,24300,30272,37683,8331,14927,277640,184531,37354,29177,155259,4005,263
2021-05-05T23:59:59+02:00,8069,9219,13233,15542,16141,23358,23977,34925,35686,38884,53123,58462,43154,52929,10571,19020,2839,2850,4070,5510,5055,9478,8132,14704,11682,13898,20335,22405,29275,36481,8299,14843,266273,178486,36445,28015,153491,3271,84
2021-05-04T23:59:59+02:00,7847,9108,12873,15363,15626,23086,23334,34567,34687,38127,52385,57609,43042,52806,10560,18986,2768,2767,3916,5338,4874,9217,7787,14269,11219,13392,18622,20408,28308,35329,8226,14745,262547,171723,35582,27087,151845,2343,32
2021-05-03T23:59:59+02:00,7664,8937,12481,15153,15114,22767,22622,34144,33534,37216,52166,57362,42950,52711,10551,18957,2699,2685,3821,5157,4729,8967,7563,13906,10882,12971,17369,18837,27533,34363,8172,14655,259291,166191,35123,26738,149893,1358,22
2021-05-02T23:59:59+02:00,7576,8826,12254,14989,14803,22534,22137,33812,32341,36218,51984,57150,42894,52631,10536,18929,2686,2676,3799,5124,4699,8928,7494,13832,10794,12869,17029,18432,27287,34095,8160,14645,256882,164644,35052,26627,147659,1257,21
2021-05-01T23:59:59+02:00,7550,8798,12196,14936,14723,22481,22041,33738,32224,36131,51979,57140,42891,52630,10534,18927,2679,2666,3778,5107,4658,8901,7451,13797,10734,12804,16822,18199,27189,33980,8157,14635,256336,163681,35052,26600,147510,1255,21
2021-04-30T23:59:59+02:00,7507,8752,12099,14854,14611,22357,21841,33566,31991,35918,51728,56812,42848,52579,10530,18918,2644,2641,3717,5040,4561,8793,7296,13596,10430,12526,15924,17054,26447,33059,8126,14562,254587,160490,35009,24721,147295,1185,20
2021-04-29T23:59:59+02:00,7270,8614,11794,14665,14250,22117,21308,33266,31232,35387,51146,56065,42763,52468,10512,18854,2603,2586,3618,4947,4432,8655,7099,13383,10147,12226,14794,15619,25333,31747,8073,14479,251443,154814,34918,23978,145330,929,20
2021-04-28T23:59:59+02:00,6970,8424,11407,14328,13774,21640,20678,32646,29911,34083,48648,53289,42509,52173,10463,18788,2562,2540,3546,4885,4319,8536,6926,13190,9892,11995,13463,13888,24069,30164,8029,14393,241573,148901,34800,22777,143350,711,8
2021-04-27T23:59:59+02:00,6856,8322,11250,14202,13588,21487,20384,32430,29352,33677,48483,53111,42458,52124,10457,18770,2517,2498,3448,4796,4232,8423,6742,12990,9607,11697,12036,12059,22656,28315,7968,14276,240235,142126,34754,21592,141954,534,8
2021-04-26T23:59:59+02:00,6800,8274,11137,14133,13423,21369,20145,32200,28498,33071,48204,52810,42409,52068,10452,18743,2494,2465,3394,4755,4166,8350,6634,12853,9409,11505,10950,10663,21584,26827,7918,14205,239535,136889,34728,20851,139465,424,8
2021-04-25T23:59:59+02:00,6748,8221,11027,14034,13266,21215,19885,31905,27671,32281,47805,52369,42336,51982,10439,18726,2465,2453,3364,4736,4148,8328,6600,12812,9347,11447,10763,10434,21372,26543,7913,14193,237851,136035,34685,20510,137366,365,8
2021-04-24T23:59:59+02:00,6721,8163,10948,13952,13174,21068,19747,31733,27514,32108,47700,52245,42261,51903,10435,18722,2458,2443,3338,4705,4107,8283,6520,12734,9216,11326,10605,10255,21253,26420,7901,14177,236404,135515,34669,19871,137313,347,8
2021-04-23T23:59:59+02:00,6648,8057,10812,13749,12978,20810,19423,31356,27107,31722,46803,51139,42115,51698,10420,18692,2440,2421,3293,4671,4055,8225,6421,12638,9050,11191,10313,9924,20965,26039,7860,14113,232048,134402,34613,18873,136860,336,8
2021-04-22T23:59:59+02:00,6533,7934,10587,13534,12632,20472,18886,30868,26430,31051,45106,49011,41619,51068,10383,18609,2422,2401,3247,4623,3980,8146,6295,12537,8774,11023,9850,9465,20565,25504,7822,14052,225829,132298,34503,18096,134383,304,8
2021-04-21T23:59:59+02:00,6428,7774,10349,13333,12286,20146,18374,30360,25497,30058,41061,44409,41193,50595,10328,18515,2411,2389,3203,4590,3932,8088,6206,12440,8600,10865,9482,9042,20114,24964,7773,13969,213770,130678,34437,17097,132491,285,8
2021-04-20T23:59:59+02:00,6331,7672,10145,13117,12007,19878,17947,29930,24878,29428,39326,42402,40625,49922,10268,18394,2386,2373,3160,4565,3866,8041,6066,12347,8440,10734,9172,8658,19660,24355,7700,13852,207576,129338,34349,15797,130337,232,8
2021-04-19T23:59:59+02:00,6244,7585,9986,12986,11795,19676,17553,29508,24285,28903,37818,40627,40106,49288,10220,18319,2369,2351,3124,4532,3823,7994,6028,12280,8354,10641,8894,8314,19294,23847,7666,13774,202573,127657,34295,15406,128023,214,8
2021-04-18T23:59:59+02:00,6167,7523,9857,12909,11601,19527,17263,29307,23829,28516,36557,39324,39797,48916,10195,18271,2356,2331,3093,4513,3796,7977,5982,12233,8304,10594,8786,8199,19153,23683,7653,13755,201052,127172,34258,15018,124241,210,8
2021-04-17T23:59:59+02:00,6160,7506,9820,12876,11558,19483,17180,29243,23752,28444,36259,38988,39702,48837,10190,18261,2344,2321,3067,4497,3731,7935,5908,12180,8225,10543,8675,8086,19056,23579,7635,13743,199830,126380,34249,14929,124172,208,8
2021-04-16T23:59:59+02:00,6093,7455,9735,12826,11428,19358,16961,29090,23343,28019,35230,37763,39343,48393,10174,18234,2195,2216,2844,4326,3366,7609,5101,11615,6691,9429,6219,6066,17471,22066,7482,13499,195729,117363,34165,10618,123543,206,8
2021-04-15T23:59:59+02:00,6013,7354,9530,12644,11118,19105,16440,28691,22608,27327,33318,35433,38454,47337,10107,18095,2147,2178,2780,4261,3246,7491,4858,11417,6329,9119,5743,5661,16894,21366,7332,13225,189932,114269,34112,9571,119522,199,8
2021-04-14T23:59:59+02:00,5936,7296,9362,12519,10881,18913,16023,28354,21908,26774,31331,33118,37417,46099,10045,17938,2056,2114,2702,4198,3134,7399,4643,11241,6005,8868,5263,5237,16321,20656,7162,12933,183576,111667,33973,8114,116357,143,8
2021-04-13T23:59:59+02:00,5877,7230,9221,12389,10702,18739,15659,28058,21318,26210,29182,30603,36293,44684,9931,17773,2007,2095,2665,4159,3077,7333,4505,11088,5736,8663,4919,4916,15865,20201,7065,12773,176705,110264,33910,6749,113246,46,8
2021-04-12T23:59:59+02:00,5805,7174,9102,12250,10495,18583,15318,27762,20705,25676,27128,28278,35268,43381,9826,17609,1973,2053,2636,4140,3053,7275,4434,11019,5633,8569,4763,4770,15557,19810,6976,12608,171005,109441,33836,5775,109511,45,8
2021-04-11T23:59:59+02:00,5758,7126,9011,12171,10332,18479,15031,27569,20238,25297,25931,26997,34645,42669,9759,17488,1963,2046,2613,4119,3034,7249,4398,10975,5549,8502,4666,4717,15445,19686,6945,12563,169231,109249,33767,5173,105495,40,8
2021-04-10T23:59:59+02:00,5739,7109,8977,12147,10273,18443,14961,27520,20139,25208,25574,26578,34358,42307,9752,17467,1958,2041,2604,4108,3018,7233,4365,10947,5490,8458,4590,4639,15316,19519,6908,12489,168024,108462,33046,5173,105474,40,8
2021-04-09T23:59:59+02:00,5681,7075,8894,12063,10148,18321,14787,27327,19863,24954,24633,25281,33554,41278,9727,17409,1925,2009,2552,4070,2939,7171,4203,10820,5233,8227,4167,4257,14747,18783,6722,12182,164679,104795,31540,5166,104770,40,6
2021-04-08T23:59:59+02:00,5597,7001,8743,11946,9924,18141,14370,27005,19236,24430,22778,23128,32088,39560,9608,17210,1890,1989,2495,4021,2861,7085,4041,10669,4932,7957,3699,3810,13718,17466,6336,11556,158944,99848,30635,4636,101180,35,6
2021-04-07T23:59:59+02:00,5534,6938,8567,11875,9694,17981,14034,26757,18733,24034,20797,20755,30575,37625,9515,17034,1853,1972,2441,3966,2797,7006,3927,10507,4745,7748,3428,3528,12997,16616,6027,11084,152926,96546,29464,4066,98052,24,6
2021-04-06T23:59:59+02:00,5474,6886,8425,11769,9533,17809,13680,26478,18196,23596,18754,18430,28902,35440,9358,16749,1815,1951,2415,3940,2764,6965,3862,10463,4664,7660,3324,3402,12478,15925,5796,10737,146115,94254,28511,3878,94847,23,6
2021-04-05T23:59:59+02:00,5434,6839,8331,11676,9396,17710,13443,26251,17748,23205,16897,16289,27499,33557,9236,16565,1789,1939,2388,3921,2736,6915,3818,10401,4573,7546,3215,3290,12124,15528,5662,10495,140720,92863,28077,3448,91273,23,6
2021-04-04T23:59:59+02:00,5426,6834,8323,11662,9379,17701,13421,26228,17716,23181,16740,16087,27329,33341,9231,16554,1788,1937,2387,3919,2734,6912,3816,10397,4567,7544,3207,3277,12112,15517,5660,10487,140001,92784,27984,3448,91162,23,6
2021-04-03T23:59:59+02:00,5422,6826,8308,11652,9357,17682,13375,26195,17644,23115,16659,16001,27289,33285,9227,16550,1785,1933,2376,3913,2715,6896,3787,10371,4488,7479,3081,3164,12042,15452,5655,10477,139475,92137,27956,3448,91150,23,6
2021-04-02T23:59:59+02:00,5393,6804,8254,11595,9286,17612,13224,26082,17405,22901,16183,15469,26862,32788,9202,16505,1782,1923,2365,3907,2705,6881,3760,10330,4422,7393,3012,3094,11768,15132,5545,10303,138279,90849,26547,3444,90733,23,6
2021-04-01T23:59:59+02:00,5339,6726,8138,11458,9153,17445,12939,25784,16945,22499,15389,14684,26186,31904,9104,16356,1757,1891,2342,3885,2677,6850,3724,10291,4353,7328,2888,2956,10750,13890,5042,9599,136052,86858,25883,3339,88110,22,4
2021-03-31T23:59:59+02:00,5117,6629,8024,11347,9019,17278,12706,25485,16595,22137,14642,13858,25425,30969,9022,16200,1744,1885,2329,3862,2655,6824,3670,10236,4282,7263,2799,2866,10114,13118,4756,9192,134264,84454,24430,3115,85755,22,4
2021-03-30T23:59:59+02:00,5083,6560,7947,11220,8938,17126,12540,25287,16305,21810,14015,13148,24710,30070,8913,15998,1730,1870,2311,3843,2629,6798,3627,10171,4213,7184,2675,2728,9481,12402,4473,8775,132799,82158,23218,2729,83649,19,4
2021-03-29T23:59:59+02:00,5037,6488,7838,11113,8830,16957,12371,24995,15965,21468,13435,12471,24001,29178,8791,15791,1718,1860,2294,3829,2613,6770,3591,10114,4157,7114,2623,2662,9157,11979,4328,8514,130970,80789,22465,2511,81290,19,4
2021-03-28T23:59:59+02:00,4995,6392,7750,11007,8759,16798,12223,24759,15696,21193,13097,12128,23441,28502,8652,15556,1709,1855,2280,3814,2604,6746,3552,10068,4118,7059,2580,2614,9075,11866,4290,8461,130472,80456,21945,2213,78527,18,4
2021-03-27T23:59:59+01:00,4981,6378,7723,10976,8687,16724,12120,24657,15548,21075,12889,11911,23257,28309,8624,15529,1708,1853,2277,3812,2602,6745,3539,10041,4107,7041,2571,2606,9010,11794,4265,8429,129595,80165,21302,2213,78487,18,4
2021-03-26T23:59:59+01:00,4931,6294,7603,10857,8512,16523,11763,24333,14914,20555,11955,11083,22536,27521,8517,15345,1700,1835,2273,3794,2589,6720,3517,10015,4065,7004,2548,2570,8804,11550,4178,8291,125595,79332,19704,2099,77939,18,4
2021-03-25T23:59:59+01:00,4865,6109,7430,10569,8264,16109,11350,23691,14296,19882,11257,10407,21673,26437,8273,14899,1678,1817,2242,3767,2553,6686,3479,9962,3990,6921,2410,2437,7761,10169,3684,7566,122343,75236,18931,1865,74234,18,3
2021-03-24T23:59:59+01:00,4781,5940,7279,10277,8059,15693,11072,23138,13832,19306,10628,9827,20758,25331,8000,14415,1654,1785,2215,3731,2511,6646,3423,9890,3924,6828,2306,2338,7059,9318,3370,7085,119757,72616,17746,1448,70831,17,2
2021-03-23T23:59:59+01:00,4735,5824,7165,10046,7905,15344,10800,22614,13428,18836,10160,9375,20008,24451,7762,14032,1640,1767,2191,3709,2488,6619,3363,9832,3832,6755,2210,2238,6266,8283,3002,6521,118314,69578,16646,1120,67524,17,1
2021-03-22T23:59:59+01:00,4674,5728,7034,9798,7741,15020,10527,22135,13081,18358,9773,9014,19440,23722,7612,13744,1628,1758,2184,3694,2474,6606,3341,9806,3794,6722,2158,2188,5756,7603,2717,6114,117439,67492,16248,1033,63713,17,1
2021-03-21T23:59:59+01:00,4620,5594,6900,9529,7576,14648,10288,21586,12747,17877,9442,8730,18920,23109,7455,13478,1625,1753,2183,3685,2471,6600,3334,9794,3784,6711,2142,2168,5623,7454,2675,6031,117245,66987,15854,1033,59399,12,1
2021-03-20T23:59:59+01:00,4609,5568,6864,9468,7513,14585,10195,21476,12646,17789,9359,8636,18782,22933,7414,13401,1622,1750,2179,3682,2466,6594,3321,9784,3759,6702,2109,2132,5262,7046,2532,5829,116422,65723,15759,1033,59056,12,1
2021-03-19T23:59:59+01:00,4409,5400,6576,9219,7035,14146,9214,20698,10837,16384,6483,6269,16741,20854,7123,12931,1616,1746,2174,3674,2455,6582,3309,9756,3700,6657,2045,2093,4842,6525,2326,5564,107166,64050,11059,1001,56093,12,1
2021-03-18T23:59:59+01:00,4289,5230,6382,8916,6779,13683,8801,20020,10193,15673,5769,5607,15499,19323,6705,12252,1609,1737,2154,3646,2437,6544,3277,9719,3659,6623,2006,2061,4359,5929,2111,5226,102069,62193,10056,893,52995,10,1
2021-03-17T23:59:59+01:00,4198,5140,6257,8776,6603,13505,8498,19677,9784,15295,5363,5221,14660,18347,6375,11756,1597,1722,2139,3627,2406,6512,3242,9690,3622,6585,1952,2004,3913,5429,1908,4901,98841,60479,8376,759,52237,10,1
2021-03-16T23:59:59+01:00,4107,4982,6101,8507,6392,13114,8159,19091,9245,14662,4849,4764,13826,17352,6110,11341,1588,1713,2130,3611,2389,6500,3230,9668,3594,6557,1923,1966,3323,4719,1653,4480,96537,58280,6976,755,49088,8,1
2021-03-15T23:59:59+01:00,4038,4806,5908,8233,6182,12680,7871,18513,8810,14064,4551,4488,13144,16588,5894,10938,1587,1703,2115,3595,2368,6474,3208,9615,3571,6519,1889,1916,2917,4217,1426,4141,95048,56514,6008,741,45652,6,0
2021-03-14T23:59:59+01:00,3980,4637,5654,7913,5918,12208,7535,17767,8374,13366,4236,4229,12877,16345,5857,10853,1579,1693,2098,3565,2353,6422,3191,9554,3554,6489,1881,1905,2833,4100,1382,4067,94934,56114,5402,547,41413,5,0
2021-03-13T23:59:59+01:00,3964,4600,5616,7813,5859,12113,7451,17639,8243,13224,4082,4089,12797,16269,5852,10842,1578,1693,2098,3565,2352,6422,3190,9553,3553,6489,1876,1896,2774,4039,1357,4020,94248,55903,5402,547,40803,5,0
2021-03-12T23:59:59+01:00,3939,4511,5567,7678,5791,11968,7363,17400,8113,13016,3975,3992,12492,15925,5742,10655,1578,1693,2094,3558,2350,6414,3187,9546,3552,6485,1874,1894,2666,3910,1297,3956,92833,55502,5394,547,39900,5,0
2021-03-11T23:59:59+01:00,3834,4266,5353,7417,5562,11520,7007,16705,7696,12436,3642,3645,11333,14556,5203,9901,1572,1688,2084,3545,2330,6391,3165,9508,3527,6454,1847,1870,2402,3620,1175,3769,88660,54428,4967,514,36449,5,0
2021-03-10T23:59:59+01:00,3724,4124,5134,7149,5345,11144,6730,16130,7370,11947,3439,3428,10625,13686,4897,9461,1565,1669,2059,3506,2301,6304,3113,9378,3471,6344,1806,1799,2160,3355,1074,3610,86203,53231,4601,279,33529,4,0
2021-03-09T23:59:59+01:00,3642,3972,4963,6961,5160,10857,6494,15671,7069,11473,3270,3248,9941,12919,4594,9015,1555,1653,2025,3446,2268,6199,3044,9232,3412,6273,1779,1773,1858,3000,936,3409,83937,51826,4347,32,30965,4,0
2021-03-08T23:59:59+01:00,3566,3790,4730,6700,4919,10485,6226,15149,6711,10903,3084,3081,9529,12441,4442,8749,1552,1629,2008,3365,2238,6106,3002,9087,3384,6190,1764,1750,1635,2746,840,3244,82469,50510,3986,30,28050,0,0
2021-03-07T23:59:59+01:00,3531,3719,4652,6588,4829,10369,6127,14987,6598,10773,3035,3036,9444,12330,4410,8693,1544,1623,2003,3353,2229,6076,2995,9049,3372,6176,1758,1737,1567,2669,801,3188,82126,50110,3818,30,27177,0,0
2021-03-06T23:59:59+01:00,3513,3648,4608,6505,4791,10298,6069,14871,6552,10678,3017,3015,9379,12256,4386,8659,1542,1607,1996,3341,2219,6048,2992,9021,3361,6156,1750,1716,1536,2645,799,3180,81811,49879,3818,30,26616,0,0
2021-03-05T23:59:59+01:00,3484,3543,4544,6404,4732,10193,6002,14710,6452,10535,2983,2972,9169,11995,4296,8517,1532,1566,1967,3284,2192,5940,2950,8885,3319,6022,1708,1678,1471,2574,780,3157,80915,48995,3810,30,25806,0,0
2021-03-04T23:59:59+01:00,3415,3324,4372,6165,4531,9881,5777,14268,6151,10182,2809,2805,8066,10551,3782,7773,1509,1508,1932,3161,2164,5745,2902,8616,3264,5806,1641,1594,1439,2528,776,3142,76776,47698,3539,29,23537,0,0
2021-03-03T23:59:59+01:00,3366,3242,4229,5973,4366,9607,5559,13884,5915,9786,2688,2693,7369,9690,3455,7270,1495,1465,1904,3085,2142,5635,2871,8435,3208,5661,1574,1550,1399,2456,758,3095,74060,46704,3321,29,21711,0,0
2021-03-02T23:59:59+01:00,3304,3134,4037,5768,4168,9330,5358,13496,5660,9434,2555,2552,6529,8612,3071,6692,1460,1416,1876,3012,2115,5481,2825,8160,3158,5483,1504,1491,1338,2377,741,3059,70911,45467,2916,29,19873,0,0
2021-03-01T23:59:59+01:00,3261,3056,3858,5616,3992,9106,5169,13172,5426,9058,2467,2457,5981,7881,2781,6271,1452,1373,1855,2901,2084,5293,2780,7885,3103,5279,1463,1461,1291,2316,717,3024,68760,44248,2646,29,18146,0,0
2021-02-28T23:59:59+01:00,3211,2999,3681,5499,3790,8902,4976,12911,5245,8774,2423,2395,5843,7712,2735,6188,1447,1367,1852,2888,2073,5267,2775,7850,3093,5264,1455,1454,1285,2306,715,3017,68287,44079,2427,29,16570,0,0
2021-02-27T23:59:59+01:00,3192,2922,3655,5423,3759,8835,4939,12815,5207,8712,2384,2354,5473,7293,2583,5978,1440,1357,1842,2876,2062,5222,2755,7791,3078,5213,1440,1446,1277,2296,714,3016,66980,43797,2427,28,16117,0,0
2021-02-26T23:59:59+01:00,3167,2866,3610,5341,3701,8734,4878,12704,5114,8633,2311,2304,5044,6761,2371,5705,1371,1291,1797,2775,2014,5031,2696,7506,3006,5030,1383,1405,1255,2273,701,3008,65185,42515,2302,27,15757,0,0
2021-02-25T23:59:59+01:00,2978,2735,3422,5163,3522,8508,4661,12399,4909,8385,2232,2254,4533,6139,2150,5355,1354,1228,1760,2663,1969,4727,2618,7114,2915,4786,1343,1365,1238,2258,699,2999,63327,41012,1980,24,14038,0,0
2021-02-24T23:59:59+01:00,2795,2575,3251,4968,3364,8310,4457,12116,4699,8173,2103,2138,4045,5572,1939,5025,1333,1191,1740,2583,1931,4570,2561,6852,2863,4605,1317,1338,1219,2238,697,2981,61564,40002,1510,17,12456,0,0
2021-02-23T23:59:59+01:00,2639,2413,3073,4736,3218,8083,4272,11838,4527,7945,2021,2052,3421,4834,1682,4598,1318,1136,1709,2482,1890,4364,2489,6553,2765,4368,1266,1287,1195,2197,684,2957,59373,38646,1160,14,10819,0,0
2021-02-22T23:59:59+01:00,2589,2352,2990,4643,3144,7975,4177,11645,4422,7831,1982,2013,3006,4329,1453,4266,1304,1069,1675,2345,1844,4105,2407,6160,2641,4098,1213,1239,1174,2169,679,2935,57712,37053,1076,4,10029,0,0
2021-02-21T23:59:59+01:00,2550,2315,2934,4567,3067,7859,4090,11490,4362,7734,1967,1991,2916,4206,1407,4189,1298,1046,1659,2287,1816,3989,2372,6004,2583,3987,1181,1223,1166,2153,672,2922,57280,36354,1043,4,9321,0,0
2021-02-20T23:59:59+01:00,2538,2311,2912,4552,3051,7825,4060,11456,4346,7715,1962,1982,2855,4143,1381,4141,1298,1043,1659,2285,1814,3979,2372,5999,2582,3984,1180,1220,1165,2149,671,2922,57065,36318,1042,4,9123,0,0
2021-02-19T23:59:59+01:00,2522,2294,2879,4497,3021,7737,4016,11370,4293,7661,1956,1977,2745,4010,1321,4071,1238,1033,1628,2278,1803,3966,2363,5977,2571,3974,1176,1212,1153,2144,667,2915,56652,36094,1011,4,8707,0,0
2021-02-18T23:59:59+01:00,2367,2179,2736,4316,2898,7532,3870,11073,4165,7487,1930,1945,2477,3713,1198,3881,1146,984,1562,2186,1753,3843,2288,5812,2522,3902,1163,1195,1150,2129,657,2899,55595,35187,944,4,7228,0,0
2021-02-17T23:59:59+01:00,2314,2119,2645,4182,2787,7311,3711,10713,4035,7272,1879,1874,2237,3454,1097,3722,980,902,1455,2068,1685,3641,2193,5580,2450,3757,1134,1152,1124,2083,642,2862,54532,33705,799,3,6021,0,0
2021-02-16T23:59:59+01:00,2113,1988,2487,3971,2648,7020,3547,10345,3871,7013,1838,1848,1933,3095,958,3515,947,875,1386,1988,1610,3494,2096,5400,2360,3647,1074,1101,1069,1991,610,2777,53204,32423,763,2,4223,0,0
2021-02-15T23:59:59+01:00,2074,1920,2400,3806,2570,6736,3419,9965,3766,6782,1814,1821,1692,2830,862,3357,928,858,1355,1939,1571,3420,2037,5231,2295,3549,1012,1060,1004,1904,595,2689,52112,31446,750,1,2952,0,0
2021-02-14T23:59:59+01:00,1981,1882,2356,3745,2524,6641,3354,9859,3720,6716,1805,1813,1623,2763,825,3306,913,848,1336,1911,1544,3399,2006,5186,2271,3498,1002,1050,997,1893,592,2680,51780,31125,721,1,2412,0,0
2021-02-13T23:59:59+01:00,1980,1867,2345,3740,2519,6626,3350,9844,3713,6704,1797,1795,1597,2743,824,3297,913,848,1336,1911,1544,3399,2006,5186,2271,3498,1002,1050,997,1893,592,2680,51625,31125,721,1,2395,0,0
2021-02-12T23:59:59+01:00,1887,1767,2253,3627,2437,6449,3242,9604,3597,6446,1753,1753,1535,2671,803,3273,905,840,1324,1890,1531,3378,1996,5156,2256,3480,998,1045,996,1870,592,2654,50689,30910,721,1,1687,0,0
2021-02-11T23:59:59+01:00,1659,1609,2083,3414,2310,6137,3088,9175,3445,6129,1687,1659,1492,2616,792,3253,874,771,1221,1712,1409,3097,1855,4774,2100,3240,951,985,954,1792,564,2533,49306,28831,680,1,562,0,0
2021-02-10T23:59:59+01:00,1552,1547,1998,3284,2247,5967,2992,8893,3346,5913,1618,1614,1448,2547,777,3201,626,660,1018,1492,1266,2776,1664,4284,1911,2916,834,863,829,1531,497,2233,48143,25400,640,0,161,0,0
2021-02-09T23:59:59+01:00,1512,1485,1964,3194,2216,5772,2927,8543,3275,5684,1544,1555,1390,2487,764,3171,343,496,808,1226,1074,2396,1447,3729,1666,2508,681,695,653,1220,400,1817,46892,21159,511,0,80,0,0
2021-02-08T23:59:59+01:00,1502,1439,1935,3063,2174,5549,2874,8244,3217,5484,1506,1527,1346,2431,748,3155,299,437,702,1068,971,2171,1275,3321,1478,2226,580,584,549,1023,348,1590,45775,18622,340,0,79,0,0
2021-02-07T23:59:59+01:00,1471,1417,1907,3015,2148,5463,2841,8145,3179,5423,1493,1513,1332,2411,736,3142,262,375,653,974,910,2006,1186,3096,1380,2073,543,565,529,991,340,1562,45497,17445,139,0,0,0,0
2021-02-06T23:59:59+01:00,1466,1409,1899,3003,2140,5431,2828,8103,3168,5382,1482,1505,1325,2402,735,3141,241,338,629,935,882,1939,1144,2976,1326,1994,527,553,523,991,340,1562,45280,16900,139,0,0,0,0
2021-02-05T23:59:59+01:00,1395,1341,1855,2898,2088,5219,2761,7800,3095,5189,1424,1460,1307,2377,728,3135,224,302,592,894,847,1852,1105,2857,1273,1901,494,533,515,966,330,1540,43933,16225,139,0,0,0,0
2021-02-04T23:59:59+01:00,1382,1263,1808,2748,2022,4880,2670,7351,2999,4914,1384,1429,1290,2361,725,3126,191,233,513,777,755,1710,991,2606,1163,1711,452,488,475,907,313,1432,42321,14717,31,0,0,0,0
2021-02-03T23:59:59+01:00,1358,1226,1780,2669,1982,4712,2603,7080,2948,4725,1349,1399,1259,2324,712,3101,156,194,433,658,635,1463,839,2225,978,1445,332,359,344,687,217,1075,41196,12040,31,0,0,0,0
2021-02-02T23:59:59+01:00,1340,1163,1748,2562,1935,4478,2528,6744,2837,4479,1308,1356,1237,2295,703,3078,133,159,349,536,526,1211,686,1883,796,1170,245,259,268,502,168,807,39760,9698,31,0,0,0,0
2021-02-01T23:59:59+01:00,1323,1093,1710,2424,1882,4215,2450,6354,2720,4204,1244,1285,1211,2255,693,3053,97,99,237,367,349,781,426,1216,467,727,151,156,162,307,87,461,38085,6090,31,0,0,0,0
2021-01-31T23:59:59+01:00,1317,1070,1693,2360,1855,4092,2416,6165,2663,4099,1214,1268,1202,2239,687,3041,83,88,198,295,277,610,336,938,388,598,127,142,155,299,83,448,37350,5065,31,0,0,0,0
2021-01-30T23:59:59+01:00,1317,1067,1692,2355,1852,4079,2415,6154,2660,4091,1213,1264,1201,2237,687,3041,78,76,164,245,248,540,301,815,349,536,126,136,150,296,83,447,37295,4590,30,0,0,0,0
2021-01-29T23:59:59+01:00,1256,1058,1661,2348,1840,4070,2408,6142,2651,4079,1210,1262,1197,2237,687,3041,69,56,122,186,205,377,246,662,307,426,118,127,138,287,80,447,37119,3853,28,0,0,0,0
2021-01-28T23:59:59+01:00,1168,1027,1616,2292,1806,4000,2359,6063,2620,4035,1199,1251,1192,2231,678,3027,44,27,77,111,130,219,154,389,205,259,87,101,112,231,73,408,36539,2627,25,0,0,0,0
2021-01-27T23:59:59+01:00,1005,964,1526,2225,1744,3877,2291,5924,2561,3925,1175,1209,1167,2192,666,2999,32,19,66,87,105,175,123,333,179,218,79,85,102,209,70,379,35433,2261,17,0,0,0,0
2021-01-26T23:59:59+01:00,986,938,1464,2147,1676,3737,2200,5745,2480,3837,1119,1166,1124,2122,643,2953,31,18,63,84,101,168,119,318,178,210,77,81,93,185,61,335,34326,2122,11,0,0,0,0
2021-01-25T23:59:59+01:00,971,911,1431,2084,1644,3633,2147,5587,2429,3750,1070,1140,1076,2070,628,2897,29,18,60,84,98,165,118,317,176,209,77,81,92,184,59,332,33466,2099,2,0,0,0,0
2021-01-24T23:59:59+01:00,968,909,1424,2071,1639,3616,2139,5561,2417,3720,1067,1132,1071,2065,627,2892,29,18,60,84,97,164,118,317,176,208,77,81,92,184,59,332,33316,2096,2,0,0,0,0
2021-01-23T23:59:59+01:00,968,909,1424,2071,1639,3616,2139,5561,2417,3720,1067,1132,1070,2065,627,2892,29,18,60,84,97,164,118,317,175,208,77,81,92,184,59,332,33315,2095,2,0,0,0,0
2021-01-22T23:59:59+01:00,967,899,1407,2046,1627,3590,2123,5529,2405,3702,1065,1128,1069,2036,626,2865,29,18,60,84,97,164,118,317,174,208,77,81,92,184,59,332,33082,2094,2,0,0,0,0
2021-01-21T23:59:59+01:00,931,848,1327,1892,1533,3400,2021,5233,2301,3532,1027,1071,1034,1947,594,2749,27,17,54,79,90,155,109,286,160,188,64,73,82,161,47,284,31438,1876,2,0,0,0,0
2021-01-20T23:59:59+01:00,698,725,1146,1678,1396,3110,1842,4813,2103,3238,906,953,915,1708,538,2492,26,17,53,74,87,155,101,269,149,172,55,66,74,136,41,252,28259,1727,2,0,0,0,0
2021-01-19T23:59:59+01:00,388,553,903,1421,1188,2765,1602,4266,1850,2827,751,783,748,1413,452,2117,21,12,35,51,60,85,74,182,104,117,41,50,54,103,30,192,24026,1211,1,0,0,0,0
2021-01-18T23:59:59+01:00,336,489,790,1231,1065,2496,1398,3745,1615,2493,628,643,602,1144,383,1761,8,6,11,17,22,30,23,50,24,39,10,10,14,34,6,60,20819,364,0,0,0,0,0
2021-01-17T23:59:59+01:00,292,425,720,1135,990,2321,1301,3460,1500,2303,588,613,572,1088,367,1705,1,0,0,0,3,3,1,0,2,2,1,4,0,0,0,1,19380,18,0,0,0,0,0
2021-01-16T23:59:59+01:00,273,391,703,1099,965,2258,1260,3347,1452,2233,572,601,566,1088,367,1704,0,0,0,0,2,3,0,0,1,2,0,1,0,0,0,1,18879,10,0,0,0,0,0
2021-01-15T23:59:59+01:00,258,349,672,1060,937,2170,1225,3231,1400,2142,544,579,560,1066,360,1695,0,0,0,0,0,0,0,0,0,0,0,0,0,0,0,0,18248,0,0,0,0,0,0
2021-01-14T23:59:59+01:00,224,281,606,941,854,2021,1129,3003,1285,1979,506,541,526,1018,355,1658,0,0,0,0,0,0,0,0,0,0,0,0,0,0,0,0,16927,0,0,0,0,0,0
2021-01-13T23:59:59+01:00,189,256,555,868,782,1888,1022,2761,1137,1770,384,427,406,807,263,1267,0,0,0,0,0,0,0,0,0,0,0,0,0,0,0,0,14782,0,0,0,0,0,0
2021-01-12T23:59:59+01:00,165,230,522,796,727,1721,931,2544,1032,1571,299,315,315,573,187,899,0,0,0,0,0,0,0,0,0,0,0,0,0,0,0,0,12827,0,0,0,0,0,0
2021-01-11T23:59:59+01:00,134,179,443,657,633,1460,756,2054,804,1232,178,185,177,339,97,513,0,0,0,0,0,0,0,0,0,0,0,0,0,0,0,0,9841,0,0,0,0,0,0
2021-01-10T23:59:59+01:00,102,125,345,481,472,1060,542,1494,596,903,152,166,165,324,92,503,0,0,0,0,0,0,0,0,0,0,0,0,0,0,0,0,7522,0,0,0,0,0,0
2021-01-09T23:59:59+01:00,90,116,296,410,402,914,473,1270,525,772,147,158,160,320,92,501,0,0,0,0,0,0,0,0,0,0,0,0,0,0,0,0,6646,0,0,0,0,0,0
2021-01-08T23:59:59+01:00,74,91,215,292,304,632,360,959,428,587,140,150,144,311,90,501,0,0,0,0,0,0,0,0,0,0,0,0,0,0,0,0,5278,0,0,0,0,0,0
2021-01-07T23:59:59+01:00,50,32,86,126,136,246,163,434,226,301,104,123,132,279,87,477,0,0,0,0,0,0,0,0,0,0,0,0,0,0,0,0,3002,0,0,0,0,0,0
2021-01-06T23:59:59+01:00,35,24,75,95,117,192,137,355,196,243,82,96,108,228,74,407,0,0,0,0,0,0,0,0,0,0,0,0,0,0,0,0,2464,0,0,0,0,0,0
2021-01-05T23:59:59+01:00,32,19,64,89,106,179,122,339,184,224,81,91,106,221,72,389,0,0,0,0,0,0,0,0,0,0,0,0,0,0,0,0,2318,0,0,0,0,0,0
2021-01-04T23:59:59+01:00,29,18,61,85,98,170,117,321,182,215,80,89,97,204,64,360,0,0,0,0,0,0,0,0,0,0,0,0,0,0,0,0,2190,0,0,0,0,0,0
2021-01-03T23:59:59+01:00,29,18,61,85,98,170,117,321,182,215,80,89,96,203,64,360,0,0,0,0,0,0,0,0,0,0,0,0,0,0,0,0,2188,0,0,0,0,0,0
2021-01-02T23:59:59+01:00,29,18,61,85,98,170,117,321,181,215,80,89,96,203,64,360,0,0,0,0,0,0,0,0,0,0,0,0,0,0,0,0,2187,0,0,0,0,0,0
2021-01-01T23:59:59+01:00,29,18,61,85,98,170,117,321,179,214,80,89,96,203,64,360,0,0,0,0,0,0,0,0,0,0,0,0,0,0,0,0,2184,0,0,0,0,0,0
2020-12-31T23:59:59+01:00,29,18,61,85,98,170,117,321,179,214,80,89,96,203,64,360,0,0,0,0,0,0,0,0,0,0,0,0,0,0,0,0,2184,0,0,0,0,0,0
2020-12-30T23:59:59+01:00,28,18,61,83,97,168,117,320,179,214,80,89,96,203,64,360,0,0,0,0,0,0,0,0,0,0,0,0,0,0,0,0,2177,0,0,0,0,0,0
2020-12-29T23:59:59+01:00,23,12,42,59,76,102,86,226,131,166,61,75,73,169,51,287,0,0,0,0,0,0,0,0,0,0,0,0,0,0,0,0,1639,0,0,0,0,0,0
2020-12-28T23:59:59+01:00,9,7,19,28,34,51,40,119,49,85,28,43,43,99,25,167,0,0,0,0,0,0,0,0,0,0,0,0,0,0,0,0,846,0,0,0,0,0,0
2020-12-27T23:59:59+01:00,3,4,3,4,10,14,8,24,5,18,5,6,6,25,3,49,0,0,0,0,0,0,0,0,0,0,0,0,0,0,0,0,187,0,0,0,0,0,0
