Datum,<15_m,<15_w,15-24_1_m,15-24_1_w,25-34_1_m,25-34_1_w,35-44_1_m,35-44_1_w,45-54_1_m,45-54_1_w,55-64_1_m,55-64_1_w,65-74_1_m,65-74_1_w,75-84_1_m,75-84_1_w,>84_1_m,>84_1_w,<24_2_m,<24_2_w,25-34_2_m,25-34_2_w,35-44_2_m,35-44_2_w,45-54_2_m,45-54_2_w,55-64_2_m,55-64_2_w,65-74_2_m,65-74_2_w,75-84_2_m,75-84_2_w,>84_2_m,>84_2_w,bp_1,bp_2,mo_1,mo_2,az_1,az_2,ja,unb_1,unb_2
2021-07-18T23:59:59+02:00,5450,4914,48031,45427,57148,52687,67206,67968,88468,90967,100820,100538,70549,76901,49967,61280,14028,24152,24217,22970,38138,35401,51060,52624,74551,77738,81417,82927,64575,70769,47395,57909,13373,22895,752002,583758,68306,63811,180776,147249,25398,19,46
2021-07-17T23:59:59+02:00,5425,4878,47938,45353,57079,52625,67146,67914,88413,90909,100778,100519,70542,76886,49962,61276,14028,24151,22836,21506,36752,34112,49818,51442,73957,77191,80787,82334,64449,70622,47329,57848,13364,22877,751469,572932,68304,63796,180774,147117,25256,19,46
2021-07-16T23:59:59+02:00,5323,4801,47701,45124,56957,52523,67031,67803,88278,90816,100676,100419,70500,76838,49941,61257,14022,24144,21591,20262,35465,32884,48380,50135,72965,76269,80096,81687,64234,70405,47251,57751,13346,22845,750053,561425,68304,63738,180771,146918,25007,19,46
2021-07-15T23:59:59+02:00,5185,4674,47318,44809,56756,52329,66846,67627,88070,90620,100495,100254,70404,76737,49896,61186,14012,24116,20999,19768,34554,32199,47164,49211,71808,75370,77966,79575,63641,69815,47112,57580,13327,22785,748027,552186,68290,62746,180727,145094,24271,19,46
2021-07-14T23:59:59+02:00,4814,4348,46730,44238,56528,52066,66645,67427,87861,90380,100280,100058,70297,76629,49831,61104,14001,24092,20800,19628,34303,32048,46804,48914,71285,74986,77305,79047,63322,69540,47031,57496,13306,22750,744607,550437,68276,62566,180677,143205,23750,19,46
2021-07-13T23:59:59+02:00,4727,4271,46539,44086,56371,51923,66486,67284,87710,90259,100144,99940,70226,76568,49794,61061,13997,24081,20258,19106,33290,31250,45211,47477,69555,73355,75722,77508,62949,69152,46903,57330,13277,22703,743314,539691,68262,61816,180610,141603,23262,19,46
2021-07-12T23:59:59+02:00,4666,4195,46359,43897,56224,51786,66333,67162,87540,90123,99993,99807,70151,76486,49758,61011,13990,24063,19784,18674,32503,30631,43562,46036,67198,71285,73842,76014,62420,68569,46762,57169,13249,22655,742089,528658,68240,61262,180519,139038,22678,18,46
2021-07-11T23:59:59+02:00,4661,4191,46287,43846,56167,51736,66284,67128,87481,90074,99924,99748,70114,76444,49748,60996,13988,24049,19581,18527,32166,30385,43121,45664,66743,70932,73071,75322,62023,68194,46694,57081,13234,22623,741953,526898,68233,60940,180457,136589,22205,18,46
2021-07-10T23:59:59+02:00,4534,4055,46005,43537,55984,51544,66139,66957,87352,89937,99826,99645,70059,76386,49728,60970,13985,24040,19025,17974,31225,29521,41389,44092,65276,69666,72443,74708,61860,68045,46641,57029,13227,22609,739880,516349,68229,60924,180447,136557,22109,18,46
2021-07-09T23:59:59+02:00,4407,3941,45732,43284,55816,51355,65984,66800,87202,89777,99696,99542,70009,76314,49692,60929,13980,24028,18430,17402,30257,28568,39436,42169,62989,67549,71284,73570,61589,67723,46566,56905,13210,22584,737858,502698,68218,60542,180441,136152,21953,18,46
2021-07-08T23:59:59+02:00,4378,3916,45601,43177,55700,51240,65856,66700,87084,89657,99577,99445,69960,76262,49673,60892,13972,24015,17493,16599,28866,27532,37730,40731,60866,65740,67947,70439,60708,66755,46326,56565,13168,22489,737163,487508,68162,58489,180372,133589,21390,18,46
2021-07-07T23:59:59+02:00,4368,3911,45536,43135,55626,51198,65775,66661,87030,89619,99534,99395,69945,76240,49664,60874,13968,24004,16529,15745,27495,26530,36221,39507,59257,64293,64748,66989,59700,65719,46090,56246,13119,22417,736885,472284,68120,56612,180320,131460,21140,18,46
2021-07-06T23:59:59+02:00,4314,3866,45394,43012,55499,51058,65673,66554,86929,89534,99457,99313,69907,76183,49646,60846,13965,23991,15758,15002,26421,25624,34394,37810,55872,61283,62113,64552,58950,64933,45818,55912,13078,22315,735786,454489,68102,55799,180267,129340,20968,18,46
2021-07-05T23:59:59+02:00,4256,3822,45220,42841,55358,50966,65559,66447,86815,89443,99374,99221,69844,76119,49625,60819,13962,23977,15100,14377,25472,24815,33185,36685,52789,58319,59356,62096,58114,64127,45569,55602,13033,22238,734638,438482,68076,55454,180193,126875,20743,18,44
2021-07-04T23:59:59+02:00,4248,3816,45175,42816,55298,50940,65521,66426,86777,89413,99342,99193,69822,76100,49619,60804,13957,23967,14896,14178,25036,24467,32590,36160,52126,57797,58379,61232,57454,63498,45387,55401,13014,22191,734470,434418,68046,55250,180125,124204,20575,18,42
2021-07-03T23:59:59+02:00,4032,3641,44641,42252,54981,50571,65232,66154,86531,89156,99148,98994,69749,76028,49596,60758,13953,23956,14610,13858,24685,24117,31615,35246,50392,56251,57515,60495,57282,63304,45320,55317,13002,22166,730690,425869,68031,55237,180120,124162,20514,18,42
2021-07-02T23:59:59+02:00,3725,3355,43992,41664,54659,50241,64952,65857,86262,88910,98913,98772,69645,75916,49545,60689,13947,23939,14215,13435,24001,23532,30469,34197,47787,54113,55398,58717,56891,62882,45162,55162,12986,22129,726388,413565,68015,54193,180107,123432,20456,17,15
2021-07-01T23:59:59+02:00,3587,3246,43640,41314,54460,50074,64799,65700,86114,88775,98765,98658,69579,75847,49515,60656,13939,23924,13528,12745,22717,22449,28805,32686,45791,52373,52909,56453,55476,61317,44667,54547,12914,22001,724289,400090,67955,51890,180063,119621,20268,17,15
2021-06-30T23:59:59+02:00,3576,3230,43372,41120,54280,49950,64688,65613,86028,88714,98699,98610,69553,75824,49503,60633,13935,23915,12773,12127,21550,21547,27218,31319,43955,50650,49288,52515,54153,59992,44311,54109,12858,21873,723180,384348,67916,50001,180043,116193,20087,17,15
2021-06-29T23:59:59+02:00,3360,3011,42461,40279,53680,49360,64260,65190,85624,88262,98353,98283,69426,75675,49446,60563,13916,23884,12175,11522,20756,20786,25877,30120,41341,48256,47431,50975,53187,58886,43905,53573,12764,21721,717229,372377,67865,48497,180029,112818,19893,17,15
2021-06-28T23:59:59+02:00,3142,2832,41499,39273,53024,48718,63806,64811,85241,87875,98022,97941,69290,75515,49381,60463,13898,23861,11676,11074,20109,20199,24923,29226,39257,46322,45809,49621,52084,57843,43543,53068,12685,21601,711087,362940,67761,47482,180020,109147,19707,17,15
2021-06-27T23:59:59+02:00,3137,2829,41466,39243,52983,48687,63771,64780,85189,87840,97973,97915,69273,75504,49372,60449,13893,23859,11484,10883,19789,19882,24348,28671,38240,45485,44659,48532,51061,56840,43110,52564,12603,21466,710898,358392,67740,47044,179984,104858,19524,17,15
2021-06-26T23:59:59+02:00,2657,2356,40069,37872,52248,47938,63217,64217,84703,87325,97551,97484,69082,75328,49299,60344,13874,23836,11371,10785,19622,19733,24153,28461,37767,45049,44297,48186,50948,56697,43064,52517,12598,21451,702168,355487,67717,47039,179984,104840,19514,17,15
2021-06-25T23:59:59+02:00,2253,2023,39215,37053,51899,47579,62889,63893,84424,87014,97299,97219,68979,75215,49253,60284,13859,23814,11068,10476,19243,19311,23636,27849,35080,42759,42123,46284,50611,56320,42966,52388,12574,21421,697100,343978,67588,46594,179978,104197,19481,17,15
2021-06-24T23:59:59+02:00,2199,1974,38727,36596,51552,47250,62679,63692,84194,86823,97115,97068,68898,75151,49218,60239,13853,23798,10468,9896,18183,18444,22222,26606,32984,40926,39696,43996,49135,54684,42397,51689,12457,21218,694188,331158,67569,43994,179956,100659,19296,17,15
2021-06-23T23:59:59+02:00,2187,1951,38503,36362,51390,47090,62575,63591,84101,86730,97043,96984,68867,75120,49201,60217,13852,23788,10015,9468,17559,17898,21293,25766,31063,39317,35746,39560,47847,53330,42013,51185,12377,21052,692993,315744,67542,43375,179942,97365,19058,17,15
2021-06-22T23:59:59+02:00,2111,1889,37519,35422,50646,46418,62100,63152,83731,86329,96681,96674,68721,74982,49135,60137,13839,23756,9543,9023,16698,17216,20080,24700,27950,36552,33451,37696,46896,52362,41605,50628,12237,20818,686889,303631,67503,40639,179933,94302,18900,17,15
2021-06-21T23:59:59+02:00,1965,1750,36159,34187,49628,45545,61385,62496,83238,85858,96243,96273,68552,74812,49071,60043,13827,23723,9231,8732,16241,16856,19448,24214,26213,35001,31930,36408,45857,51289,41153,50081,12132,20628,678929,296334,67480,40000,179918,90675,18411,17,15
2021-06-20T23:59:59+02:00,1954,1742,36075,34135,49491,45433,61255,62369,83161,85804,96176,96215,68518,74784,49056,60025,13827,23712,9084,8630,16026,16686,19129,23956,25395,34346,30997,35462,45663,51089,41122,50029,12123,20608,678328,292548,67445,39413,179901,90347,18041,17,15
2021-06-19T23:59:59+02:00,1592,1443,34461,32586,48585,44615,60770,61864,82694,85329,95771,95862,68368,74621,48991,59944,13812,23688,9044,8554,15927,16565,19011,23806,25291,34190,30872,35324,45568,50993,41104,50004,12119,20598,669630,291226,67432,39410,179896,90314,18021,17,15
2021-06-18T23:59:59+02:00,1399,1270,32809,30993,47377,43429,59837,60953,81897,84586,95156,95287,68151,74404,48902,59805,13796,23658,8969,8467,15773,16416,18827,23621,25043,33954,30588,35008,45278,50650,41019,49929,12106,20584,658516,289077,67309,39294,179895,89891,17972,17,14
2021-06-17T23:59:59+02:00,1323,1212,31879,30150,46510,42728,59038,60111,81161,83939,94751,94909,68014,74260,48860,59730,13781,23629,8433,8101,15089,15862,18006,22800,23942,32835,29112,33660,43957,49155,40534,49319,11987,20396,651609,280179,67201,38474,179862,87241,17296,17,14
2021-06-16T23:59:59+02:00,1240,1148,31185,29450,45716,41983,58121,59246,80390,83174,94336,94535,67878,74100,48804,59640,13762,23603,7942,7783,14477,15355,17245,22086,22816,31892,27944,32562,42078,47056,39992,48745,11879,20211,644581,270552,67086,37876,179846,84856,16781,17,14
2021-06-15T23:59:59+02:00,1098,1030,29307,27655,43968,40452,56542,57610,79009,81861,93586,93869,67592,73809,48695,59482,13729,23538,7765,7654,14178,15118,16885,21790,22301,31518,27425,32139,41146,46045,39612,48329,11756,19991,629661,267526,67043,37374,179811,82452,16300,17,14
2021-06-14T23:59:59+02:00,1006,917,27766,26180,42368,38940,54897,55969,77916,80757,92892,93246,67340,73569,48599,59359,13709,23494,7580,7480,13804,14791,16365,21354,21620,30940,26756,31548,40767,45625,39230,47881,11625,19787,616467,264893,66989,36965,179783,79625,15668,17,14
2021-06-13T23:59:59+02:00,982,892,27564,25998,41985,38611,54360,55452,77570,80453,92701,93056,67251,73489,48562,59303,13694,23469,7439,7310,13540,14499,15985,20963,21195,30453,26229,31051,40371,45223,38772,47317,11446,19502,613772,262830,66858,36898,179753,76573,14992,17,14
2021-06-12T23:59:59+02:00,854,777,26033,24399,40815,37527,53687,54718,77042,79959,92153,92533,67096,73311,48493,59226,13681,23448,7393,7259,13420,14391,15852,20855,21014,30308,26114,30956,40354,45207,38764,47308,11446,19501,604203,262064,66855,36896,179745,76248,14932,17,14
2021-06-11T23:59:59+02:00,740,668,24411,22867,39458,36337,52466,53512,76073,79108,91575,91957,66861,73077,48432,59119,13662,23413,7336,7169,13250,14214,15643,20666,20745,30054,25852,30707,40046,44833,38680,47194,11429,19472,592428,260200,66779,36751,179736,75561,14776,17,14
2021-06-10T23:59:59+02:00,640,581,23418,21853,38239,35162,50874,52018,74757,77920,89969,90417,66507,72684,48307,58946,13636,23359,7056,6947,12733,13783,15016,20102,19987,29306,25065,30038,39352,43975,38330,46780,11317,19289,579556,256787,66308,36717,179687,71851,13719,17,14
2021-06-09T23:59:59+02:00,570,532,22970,21462,37582,34642,49765,50983,73519,76727,89378,89915,66384,72542,48258,58861,13621,23329,6784,6636,12138,13181,14238,19298,19076,28289,24088,28885,36795,41079,37765,46137,11169,19049,572418,246530,65852,36643,179647,68327,13106,17,13
2021-06-08T23:59:59+02:00,465,421,21462,19994,35975,33282,47663,49028,71385,74795,87913,88441,66072,72156,48125,58702,13589,23285,6654,6461,11766,12819,13763,18816,18476,27691,23538,28357,36513,40826,37476,45772,11061,18893,555096,244909,65576,36568,179617,64957,12447,17,13
2021-06-07T23:59:59+02:00,350,328,20461,19010,34431,31945,45389,47007,69253,72920,86937,87590,65851,71893,48051,58566,13569,23250,6502,6299,11348,12472,13227,18340,17749,27105,22909,27763,36193,40521,37058,45292,10948,18697,539915,242937,65406,36504,179562,61080,11901,17,13
2021-06-06T23:59:59+02:00,327,307,20279,18865,34040,31663,44784,46444,68637,72440,86728,87422,65795,71834,48040,58538,13562,23238,6369,6131,11028,12062,12801,17771,17118,26300,22216,26960,35727,40050,36579,44740,10792,18429,536819,240514,65084,36457,179517,56595,11506,17,13
2021-06-05T23:59:59+02:00,255,242,19030,17581,32700,30444,43556,45266,68063,71920,86198,86912,65704,71732,47992,58490,13555,23226,6319,6053,10925,11913,12678,17604,16953,26098,22050,26779,35666,39971,36557,44715,10790,18424,526804,239934,65084,36043,179475,56031,11486,17,13
2021-06-04T23:59:59+02:00,174,174,17833,16426,31386,29150,42001,43770,66720,70605,85387,86162,65518,71518,47917,58400,13539,23198,6218,5911,10752,11708,12462,17357,16601,25715,21534,26342,34784,39127,36243,44417,10773,18401,513959,238124,65018,35718,179468,53085,11416,17,13
2021-06-03T23:59:59+02:00,119,121,17194,15851,30402,28326,40546,42485,64951,69077,83136,83882,65094,71066,47789,58238,13521,23160,6050,5705,10450,11357,12149,16901,16158,25061,20993,25765,34121,38342,36070,44215,10740,18351,500193,235831,64325,35336,179425,50261,10998,17,13
2021-06-02T23:59:59+02:00,91,78,16854,15543,30095,28067,39880,41868,63366,67692,82198,83082,64954,70904,47729,58155,13518,23145,5939,5613,10280,11206,11929,16692,15867,24759,20655,25376,30895,34734,35845,43993,10711,18297,492718,227205,64324,35010,179423,49836,10737,17,13
2021-06-01T23:59:59+02:00,37,43,16066,14877,28608,26983,37536,39823,59823,64526,79778,80772,64604,70541,47601,57970,13485,23091,5663,5328,9767,10776,11403,16108,15208,23979,19917,24626,30552,34439,35647,43815,10683,18235,474494,225751,62772,34515,179354,46351,9527,17,12
2021-05-31T23:59:59+02:00,29,35,15497,14400,27674,26288,35573,38161,56389,61505,77749,79070,64270,70185,47458,57795,13452,23038,5502,5113,9361,10415,10977,15635,14676,23301,19292,23920,30266,34189,35467,43621,10647,18178,458736,225090,62061,34131,179288,42870,8466,17,12
2021-05-30T23:59:59+02:00,28,32,15351,14274,27395,26062,35122,37755,55679,60887,77428,78796,64211,70129,47433,57760,13448,23028,5400,4923,9034,10049,10569,15152,14230,22506,18769,23152,29592,33476,35241,43427,10625,18117,455770,224646,61628,34051,179244,37403,8159,17,12
2021-05-29T23:59:59+02:00,27,31,14954,13876,26543,25241,33364,36162,54200,59595,76838,78229,64061,69981,47380,57707,13441,23014,5366,4847,8973,9939,10481,15040,14124,22361,18640,23016,29562,33453,35235,43419,10624,18114,445638,224181,61597,34051,179238,36805,8154,17,12
2021-05-28T23:59:59+02:00,23,30,14543,13470,25727,24493,31516,34398,52029,57591,75783,77234,63856,69732,47328,57630,13431,22991,5281,4730,8803,9793,10330,14872,13967,22128,18436,22717,29493,33407,35218,43403,10623,18110,433666,223538,61127,34045,179150,35880,7845,17,12
2021-05-27T23:59:59+02:00,19,26,13918,13000,24663,23771,30272,33472,50426,56218,72692,74255,63418,69196,47193,57468,13407,22937,5167,4492,8476,9458,9933,14447,13530,21498,17937,22122,29276,33203,35109,43291,10601,18082,421531,222916,59175,33974,178527,32627,7101,17,12
2021-05-26T23:59:59+02:00,18,24,13429,12570,23753,23121,29357,32778,49338,55294,69736,71070,62806,68587,47058,57298,13377,22892,5082,4327,8221,9144,9638,14061,13175,20902,17505,21525,29085,33036,35011,43187,10575,18033,410721,222319,57001,33856,178032,29593,6735,17,12
2021-05-25T23:59:59+02:00,18,21,13086,12271,23176,22717,28310,31924,46742,53065,67472,68947,62455,68220,46945,57149,13360,22841,5002,4206,8017,8888,9384,13691,12864,20385,17131,20981,28928,32885,34928,43086,10549,17978,398894,221800,55936,33777,177412,26862,6460,17,12
2021-05-24T23:59:59+02:00,17,20,12789,11990,22676,22335,27694,31475,44124,50635,65024,66761,62149,67923,46835,57024,13327,22786,4929,4101,7770,8660,9072,13314,12540,19877,16747,20429,28786,32747,34854,43015,10528,17933,387257,221245,55455,33715,176751,24234,6104,17,12
2021-05-23T23:59:59+02:00,17,20,12730,11920,22581,22252,27615,31399,43868,50407,64439,66212,62070,67835,46810,57006,13325,22784,4909,4086,7733,8630,9014,13283,12462,19818,16675,20375,28777,32735,34851,43009,10528,17932,385060,220977,55376,33709,176739,24029,6098,17,12
2021-05-22T23:59:59+02:00,17,20,12506,11681,22261,21949,26612,30512,42036,48826,63585,65474,61909,67644,46744,56915,13315,22761,4893,4031,7706,8568,8974,13220,12432,19736,16648,20311,28767,32725,34847,43003,10527,17931,376579,220894,55365,33709,176734,23640,6072,17,12
2021-05-21T23:59:59+02:00,17,19,12201,11428,21692,21511,25805,29828,39651,46940,61618,63810,61649,67373,46660,56827,13300,22736,4874,4003,7653,8481,8908,13136,12354,19643,16575,20228,28751,32700,34840,42993,10525,17930,366197,220704,54307,33696,176544,23190,6000,17,12
2021-05-20T23:59:59+02:00,16,19,11580,10852,20578,20625,24667,28811,38148,45663,59281,61746,60833,66475,46461,56571,13266,22681,4593,3824,7255,8189,8469,12742,11902,19133,16160,19709,28631,32606,34789,42942,10521,17920,355748,220312,51957,33588,175271,20201,5280,17,12
2021-05-19T23:59:59+02:00,16,19,11142,10539,19792,20081,23822,28218,37249,44980,56059,58120,60144,65774,46352,56437,13244,22634,4440,3658,7000,7946,8192,12412,11576,18707,15791,19287,28536,32493,34747,42868,10511,17905,345327,219837,50345,33476,174143,17962,4790,17,12
2021-05-18T23:59:59+02:00,16,19,10813,10253,19221,19629,23184,27662,35853,43757,54658,57002,59778,65353,46224,56275,13219,22609,4333,3533,6755,7715,7935,12131,11345,18316,15446,18859,28453,32404,34717,42829,10507,17898,339986,219557,48507,33399,172678,15879,4337,17,12
2021-05-17T23:59:59+02:00,15,18,10594,10071,18789,19344,22757,27356,34657,42764,53354,55972,59532,65107,46161,56176,13203,22576,4262,3446,6547,7498,7686,11841,11089,17922,15138,18456,28364,32318,34693,42788,10501,17885,335932,219278,47521,33332,171170,14014,3806,17,12
2021-05-16T23:59:59+02:00,15,17,10406,9939,18497,19143,22422,27116,34022,42306,52120,54803,59339,64943,46125,56122,13192,22556,4194,3371,6329,7333,7394,11589,10823,17571,14846,18093,28300,32256,34677,42770,10494,17881,333506,219036,46645,33272,169555,12250,3360,17,11
2021-05-15T23:59:59+02:00,15,17,10308,9838,18346,18998,22254,26976,33637,41937,51726,54428,59223,64795,46077,56077,13189,22540,4153,3336,6245,7268,7299,11486,10724,17453,14738,17964,28207,32138,34586,42677,10490,17876,331117,217950,46644,33271,169419,12232,3184,17,11
2021-05-14T23:59:59+02:00,14,17,10025,9630,17914,18759,21855,26692,31285,40167,49582,52576,59006,64569,46029,55995,13173,22518,4025,3254,5960,7107,6992,11263,10379,17108,14395,17638,27635,31433,34466,42485,10472,17847,321987,214671,46591,33267,168805,12112,2406,17,11
2021-05-13T23:59:59+02:00,14,17,9564,9255,17122,18196,20986,26015,30166,39186,47344,50408,58161,63600,45820,55712,13134,22446,3523,3058,5623,6853,6681,10959,9973,16723,14021,17206,26744,30239,34044,41973,10441,17785,313507,210103,44728,32715,166795,10924,2101,15,11
2021-05-12T23:59:59+02:00,14,17,9271,9065,16690,17940,20519,25731,29639,38800,44346,46769,57588,62961,45736,55600,13116,22421,3382,2970,5394,6742,6403,10814,9692,16515,13783,16943,26103,29423,33879,41780,10415,17751,304356,207091,43904,32692,166504,10757,1445,14,11
2021-05-11T23:59:59+02:00,14,15,8830,8782,15920,17425,19659,25117,27899,37355,42419,45270,57211,62515,45651,55465,13096,22394,3263,2839,5167,6401,6102,10401,9333,15956,13344,16387,24683,27760,33372,41159,10364,17666,298872,201145,40847,32511,164027,9261,1277,14,10
2021-05-10T23:59:59+02:00,14,14,8571,8629,15411,17176,19034,24802,26911,36674,40967,44126,56953,62244,45574,55362,13075,22366,3154,2711,4938,6171,5851,10078,9008,15480,12983,15969,23637,26434,32887,40574,10329,17608,295610,196511,39940,32485,161369,7843,971,13,8
2021-05-09T23:59:59+02:00,14,14,8414,8545,15105,16993,18659,24553,26243,36251,39191,42473,56658,61965,45521,55304,13067,22348,3034,2657,4758,6034,5682,9905,8812,15275,12815,15796,23363,26103,32743,40399,10319,17593,292666,195321,39569,32444,158373,6824,697,13,8
2021-05-08T23:59:59+02:00,14,14,8341,8470,14928,16848,18450,24356,26017,36013,38960,42283,56531,61816,45485,55267,13064,22338,3027,2639,4725,5998,5639,9859,8735,15211,12729,15726,22996,25678,32462,40089,10311,17577,291117,194138,39116,31742,158252,6822,697,13,8
2021-05-07T23:59:59+02:00,13,13,8167,8373,14605,16668,18070,24126,25596,35729,38512,41906,56258,61464,45436,55220,13059,22328,2723,2505,4375,5814,5371,9598,8424,14901,12338,15331,21904,24312,31821,39261,10283,17527,288612,190708,38689,30251,157926,5224,303,13,8
2021-05-06T23:59:59+02:00,12,13,7515,8011,13713,16070,17019,23281,24260,34622,36366,40245,55132,60147,45193,54914,13024,22262,2596,2392,4201,5618,5163,9288,8081,14460,11907,14879,20605,22635,30971,38261,10232,17417,277994,185118,37411,29295,156115,4025,266,13,8
2021-05-05T23:59:59+02:00,10,13,6976,7705,12930,15518,15996,22516,22882,33599,34548,38764,53296,58116,44878,54569,12991,22196,2507,2332,4027,5461,4975,9076,7736,14123,11544,14523,19220,20856,29786,36850,10192,17315,266567,179012,36495,28131,154341,3291,87,13,8
2021-05-04T23:59:59+02:00,10,12,6787,7610,12573,15349,15513,22247,22244,33256,33592,38071,52445,57159,44758,54443,12973,22155,2451,2261,3874,5291,4801,8820,7398,13716,11118,14064,17574,18935,28697,35524,10098,17195,262825,172222,35633,27202,152694,2358,33,12,8
2021-05-03T23:59:59+02:00,10,12,6640,7465,12199,15134,15009,21938,21539,32853,32447,37182,52148,56843,44662,54336,12958,22124,2392,2190,3783,5112,4660,8585,7183,13370,10799,13656,16375,17443,27821,34427,10034,17088,259550,166676,35174,26851,150740,1366,23,12,8
2021-05-02T23:59:59+02:00,10,12,6562,7375,11991,14962,14716,21705,21066,32534,31300,36238,51865,56553,44600,54248,12942,22093,2379,2183,3762,5080,4631,8549,7118,13299,10717,13567,16064,17050,27525,34122,10022,17076,257133,165120,35103,26741,148502,1261,22,12,6
2021-05-01T23:59:59+02:00,10,12,6544,7350,11929,14917,14639,21646,20968,32462,31174,36146,51859,56537,44596,54247,12940,22091,2376,2174,3739,5063,4589,8524,7081,13262,10657,13512,15866,16827,27409,33985,10019,17066,256579,164154,35103,26714,148351,1259,22,12,6
2021-04-30T23:59:59+02:00,10,12,6505,7312,11839,14830,14534,21533,20773,32281,30936,35957,51587,56178,44551,54193,12935,22079,2348,2154,3677,5001,4495,8416,6930,13079,10383,13249,15058,15802,26543,32915,9978,16979,254817,160966,35061,24832,148134,1188,21,12,6
2021-04-29T23:59:59+02:00,10,12,6301,7189,11522,14643,14182,21297,20255,31993,30182,35470,50941,55353,44460,54079,12912,22006,2311,2108,3585,4912,4370,8281,6737,12863,10110,12964,14087,14572,25241,31373,9917,16887,251665,155281,34969,24087,146141,930,20,12,6
2021-04-28T23:59:59+02:00,10,12,6035,7024,11146,14313,13694,20835,19622,31390,29019,34343,48280,52363,44170,53755,12849,21928,2272,2068,3516,4852,4256,8166,6577,12679,9863,12747,12951,13095,23757,29502,9856,16785,241771,149340,34846,22884,144152,710,8,11,6
2021-04-27T23:59:59+02:00,10,12,5933,6932,10997,14193,13497,20676,19346,31179,28460,33960,48075,52142,44114,53705,12841,21906,2230,2034,3425,4758,4163,8057,6412,12495,9585,12471,11743,11535,22105,27352,9780,16640,240415,142544,34799,21700,142745,533,8,11,6
2021-04-26T23:59:59+02:00,10,12,5885,6888,10884,14128,13338,20556,19120,30970,27633,33390,47738,51777,44062,53640,12832,21877,2209,2005,3373,4715,4099,7986,6310,12364,9397,12297,10829,10378,20829,25607,9722,16554,239706,137282,34775,20963,140240,423,8,11,4
2021-04-25T23:59:59+02:00,10,12,5839,6841,10781,14033,13180,20404,18878,30687,26876,32654,47241,51265,43979,53541,12818,21858,2182,1994,3343,4696,4081,7967,6277,12324,9340,12237,10668,10186,20588,25284,9712,16540,238017,136428,34734,20621,138127,364,8,11,4
2021-04-24T23:59:59+02:00,10,12,5818,6793,10706,13949,13084,20264,18748,30513,26714,32476,47142,51142,43886,53447,12814,21853,2175,1984,3319,4669,4042,7921,6205,12251,9210,12120,10511,10005,20457,25153,9696,16522,236562,135906,34718,19982,138072,346,8,11,4
2021-04-23T23:59:59+02:00,10,12,5754,6702,10576,13751,12886,20012,18443,30141,26323,32117,46198,50012,43732,53202,12792,21821,2158,1964,3277,4635,3994,7866,6111,12162,9045,11992,10244,9707,20133,24735,9648,16442,232188,134788,34662,18984,137615,335,8,11,4
2021-04-22T23:59:59+02:00,10,12,5652,6587,10369,13556,12537,19682,17935,29669,25696,31526,44471,47860,43159,52472,12746,21720,2145,1953,3237,4583,3919,7792,5983,12062,8787,11827,9815,9300,19682,24146,9598,16364,225958,132676,34552,18207,135130,303,8,11,4
2021-04-21T23:59:59+02:00,10,11,5558,6449,10141,13354,12208,19370,17433,29175,24981,30797,40209,43004,42684,51937,12680,21616,2133,1944,3202,4547,3863,7735,5906,11970,8612,11667,9486,8917,19184,23562,9539,16269,213881,131044,34486,17204,133231,281,8,11,4
2021-04-20T23:59:59+02:00,10,11,5479,6359,9948,13140,11935,19108,17013,28766,24430,30236,38456,40996,42031,51162,12610,21478,2108,1931,3163,4522,3797,7690,5775,11874,8442,11539,9204,8597,18715,22899,9442,16128,207682,129689,34396,15903,131072,227,8,10,4
2021-04-19T23:59:59+02:00,10,10,5399,6281,9791,13013,11736,18904,16651,28385,23889,29768,36902,39207,41443,50437,12554,21389,2092,1913,3128,4488,3757,7647,5736,11805,8361,11448,8968,8315,18312,22333,9396,16038,202669,128008,34342,15514,128742,208,8,8,4
2021-04-18T23:59:59+02:00,10,9,5337,6230,9661,12930,11538,18767,16373,28188,23486,29457,35597,37846,41095,50031,12522,21327,2080,1897,3099,4467,3731,7631,5691,11759,8310,11399,8868,8224,18159,22145,9383,16015,201138,127522,34303,15126,124947,203,8,8,4
2021-04-17T23:59:59+02:00,10,9,5331,6214,9626,12899,11493,18727,16297,28122,23422,29399,35289,37509,40988,49934,12516,21316,2070,1889,3072,4455,3673,7586,5620,11709,8225,11349,8759,8116,18056,22029,9362,16002,199915,126728,34294,15036,124876,201,8,8,4
2021-04-16T23:59:59+02:00,10,9,5269,6175,9539,12840,11361,18617,16088,27964,23079,29054,34212,36254,40582,49414,12496,21283,1938,1802,2850,4278,3320,7274,4863,11186,6762,10271,6299,6110,16276,20370,9173,15706,195793,117581,34210,10691,124227,199,8,8,4
2021-04-15T23:59:59+02:00,10,9,5202,6085,9339,12670,11065,18369,15592,27572,22389,28456,32315,33937,39541,48206,12420,21119,1893,1770,2785,4214,3205,7155,4646,11006,6390,9962,5839,5715,15687,19686,8988,15378,189983,114477,34159,9643,120138,192,8,8,4
2021-04-14T23:59:59+02:00,10,8,5141,6039,9170,12541,10846,18191,15192,27259,21744,27977,30395,31688,38325,46791,12346,20934,1812,1715,2702,4148,3096,7064,4445,10841,6086,9711,5360,5304,15103,18998,8786,15030,183618,111872,34022,8186,116941,136,8,8,4
2021-04-13T23:59:59+02:00,10,8,5093,5984,9032,12411,10667,18022,14852,26985,21221,27512,28298,29240,37068,45199,12206,20731,1767,1699,2666,4106,3041,7003,4315,10700,5817,9502,5021,4999,14657,18549,8654,14831,176742,110463,33958,6818,113823,39,8,8,4
2021-04-12T23:59:59+02:00,9,8,5032,5936,8924,12275,10465,17874,14533,26706,20681,27056,26261,26974,35912,43736,12079,20534,1734,1657,2638,4087,3015,6950,4255,10633,5714,9402,4861,4855,14359,18180,8543,14632,171038,109630,33885,5841,110056,37,8,8,4
2021-04-11T23:59:59+02:00,9,8,4993,5893,8834,12196,10307,17773,14272,26530,20258,26732,25064,25689,35207,42952,11992,20387,1725,1651,2617,4067,2993,6925,4222,10588,5628,9335,4770,4801,14244,18058,8505,14580,169260,109434,33815,5236,106005,32,8,8,4
2021-04-10T23:59:59+02:00,9,8,4982,5879,8793,12170,10252,17739,14204,26481,20162,26652,24750,25315,34864,42533,11985,20366,1720,1646,2608,4058,2979,6909,4193,10559,5571,9296,4692,4722,14118,17896,8459,14496,168050,108647,33095,5236,105983,32,8,8,4
2021-04-09T23:59:59+02:00,9,8,4936,5849,8708,12092,10130,17616,14038,26306,19903,26411,23919,24164,33914,41329,11952,20293,1692,1616,2554,4023,2907,6848,4043,10446,5320,9071,4273,4348,13558,17184,8233,14132,164704,104982,31588,5229,105271,32,6,8,4
2021-04-08T23:59:59+02:00,9,8,4859,5784,8561,11982,9916,17439,13642,25993,19301,25943,22219,22186,32232,39367,11806,20059,1662,1600,2500,3976,2826,6762,3895,10308,5029,8808,3821,3923,12576,15944,7763,13375,158965,100027,30683,4709,101644,27,6,8,4
2021-04-07T23:59:59+02:00,9,7,4812,5731,8381,11906,9688,17290,13322,25766,18833,25583,20410,20075,30479,37110,11691,19849,1629,1584,2446,3924,2765,6681,3786,10162,4841,8619,3561,3635,11894,15139,7394,12830,152932,96728,29511,4142,98485,15,6,8,4
2021-04-06T23:59:59+02:00,9,7,4765,5687,8237,11794,9527,17127,13005,25501,18316,25198,18559,18015,28564,34624,11496,19507,1595,1565,2424,3898,2732,6644,3721,10118,4762,8531,3454,3512,11418,14496,7114,12424,146114,94435,28555,3954,95255,14,6,8,4
2021-04-05T23:59:59+02:00,9,7,4734,5645,8141,11705,9389,17027,12793,25290,17917,24852,16836,16081,26939,32482,11352,19285,1575,1554,2394,3879,2703,6596,3679,10059,4677,8415,3344,3405,11081,14128,6958,12145,140712,93048,28120,3525,91640,14,6,6,4
2021-04-04T23:59:59+02:00,9,7,4726,5639,8133,11694,9376,17014,12768,25270,17889,24827,16704,15907,26743,32235,11343,19272,1574,1553,2392,3876,2701,6593,3677,10056,4673,8412,3334,3392,11070,14116,6956,12137,139992,92969,28028,3525,91527,14,5,4,4
2021-04-03T23:59:59+02:00,9,7,4722,5632,8119,11686,9356,16994,12729,25239,17811,24765,16624,15818,26698,32177,11338,19265,1571,1551,2383,3868,2683,6579,3653,10028,4591,8357,3216,3277,10988,14043,6950,12127,139465,92322,28000,3525,91515,14,5,4,4
2021-04-02T23:59:59+02:00,9,7,4697,5612,8062,11632,9293,16926,12590,25133,17577,24565,16173,15341,26223,31606,11306,19212,1569,1542,2370,3862,2676,6563,3632,9996,4522,8265,3147,3209,10751,13744,6798,11927,138265,91034,26593,3521,91097,14,5,4,4
2021-04-01T23:59:59+02:00,8,7,4654,5551,7950,11491,9162,16766,12317,24848,17132,24166,15425,14616,25469,30648,11181,19031,1552,1521,2339,3830,2654,6533,3592,9957,4454,8200,3036,3081,9823,12632,6190,11081,136037,87045,25929,3417,88449,11,3,4,4
2021-03-31T23:59:59+02:00,8,7,4445,5471,7840,11369,9022,16601,12099,24572,16781,23801,14729,13855,24637,29641,11076,18839,1543,1516,2325,3810,2629,6505,3544,9910,4384,8131,2946,2992,9253,11937,5828,10588,134244,84634,24475,3194,86067,11,3,4,4
2021-03-30T23:59:59+02:00,8,7,4414,5418,7768,11242,8937,16443,11937,24382,16504,23492,14137,13212,23882,28665,10939,18598,1529,1506,2305,3785,2603,6475,3503,9845,4314,8060,2823,2846,8674,11284,5481,10105,132772,82332,23265,2797,83941,7,3,4,4
2021-03-29T23:59:59+02:00,8,7,4373,5360,7669,11130,8831,16282,11779,24110,16179,23147,13596,12615,23124,27694,10786,18353,1511,1493,2286,3769,2582,6446,3468,9789,4251,7986,2770,2778,8387,10899,5292,9797,130942,80956,22516,2539,81578,7,3,4,4
2021-03-28T23:59:59+02:00,8,7,4339,5275,7584,11023,8754,16130,11645,23881,15922,22874,13272,12306,22558,27004,10612,18074,1502,1488,2264,3755,2568,6417,3428,9739,4213,7930,2722,2727,8310,10795,5249,9732,130445,80618,21998,2212,78818,7,3,4,4
2021-03-27T23:59:59+01:00,8,7,4325,5264,7558,10993,8689,16059,11545,23785,15780,22758,13066,12093,22359,26794,10577,18045,1501,1486,2261,3753,2567,6416,3415,9716,4202,7908,2712,2720,8254,10730,5215,9692,129566,80327,21356,2212,78776,7,3,4,4
2021-03-26T23:59:59+01:00,8,7,4282,5195,7450,10863,8514,15877,11213,23486,15173,22254,12153,11278,21578,25961,10436,17822,1496,1472,2256,3732,2554,6393,3398,9690,4161,7871,2682,2681,8077,10513,5098,9525,125556,79490,19760,2098,78227,7,3,4,4
2021-03-25T23:59:59+01:00,8,6,4223,5036,7289,10585,8271,15474,10831,22865,14535,21558,11484,10619,20713,24895,10124,17287,1476,1458,2224,3706,2520,6355,3361,9642,4091,7789,2548,2543,7106,9268,4494,8622,122299,75329,18987,1864,74511,7,2,4,4
2021-03-24T23:59:59+01:00,8,6,4149,4896,7154,10302,8057,15062,10571,22322,14070,20952,10882,10060,19783,23812,9801,16726,1455,1428,2198,3669,2475,6320,3321,9579,4013,7690,2449,2444,6465,8509,4113,8043,119720,72715,17803,1448,71085,6,1,4,4
2021-03-23T23:59:59+01:00,8,6,4109,4802,7048,10068,7904,14724,10315,21819,13670,20461,10418,9618,19064,22962,9491,16265,1443,1410,2172,3648,2454,6294,3260,9525,3923,7616,2357,2342,5739,7585,3669,7357,118267,69664,16701,1123,67780,6,0,4,4
2021-03-22T23:59:59+01:00,8,6,4057,4722,6922,9827,7745,14404,10060,21355,13324,19965,10027,9262,18501,22252,9304,15925,1434,1403,2163,3634,2442,6278,3237,9502,3894,7583,2296,2291,5287,6982,3323,6869,117388,67575,16304,1036,63970,6,0,4,4
2021-03-21T23:59:59+01:00,8,6,4011,4617,6791,9562,7579,14049,9838,20818,12984,19441,9707,8984,17972,21649,9114,15618,1431,1400,2162,3623,2439,6271,3231,9493,3884,7569,2282,2272,5170,6850,3265,6768,117194,67067,15910,1036,59640,6,0,4,4
2021-03-20T23:59:59+01:00,8,6,4000,4594,6756,9508,7521,13978,9754,20713,12880,19351,9620,8890,17837,21476,9064,15531,1428,1396,2158,3620,2434,6266,3218,9483,3865,7559,2247,2240,4847,6477,3081,6527,116373,65803,15815,1036,59295,6,0,4,4
2021-03-19T23:59:59+01:00,8,6,3826,4453,6466,9256,7080,13558,8842,19984,11155,18026,6778,6553,15612,19284,8712,14970,1424,1392,2153,3614,2422,6253,3206,9460,3815,7513,2180,2199,4478,6005,2819,6212,107122,64134,11122,1004,56321,6,0,4,4
2021-03-18T23:59:59+01:00,8,5,3721,4320,6289,8947,6815,13118,8452,19329,10516,17289,6070,5901,14399,17818,8205,14157,1420,1386,2128,3587,2404,6217,3176,9414,3772,7475,2135,2165,4060,5478,2539,5803,102029,62258,10119,896,53207,4,0,4,4
2021-03-17T23:59:59+01:00,8,5,3644,4246,6158,8803,6649,12940,8157,19019,10117,16897,5665,5518,13584,16888,7812,13582,1410,1374,2112,3568,2374,6185,3145,9387,3735,7439,2079,2107,3656,5033,2290,5420,98805,60547,8439,762,52444,4,0,4,4
2021-03-16T23:59:59+01:00,7,5,3566,4111,6007,8532,6442,12573,7843,18437,9572,16241,5145,5065,12772,15926,7482,13092,1401,1365,2103,3552,2359,6171,3130,9367,3709,7413,2051,2071,3138,4394,1958,4915,96496,58335,7039,758,49279,3,0,4,4
2021-03-15T23:59:59+01:00,7,5,3519,3964,5822,8255,6224,12164,7569,17865,9137,15617,4831,4784,12120,15183,7219,12634,1401,1355,2087,3537,2339,6146,3112,9319,3685,7374,2015,2021,2778,3935,1674,4524,95008,56554,6070,744,45837,3,0,4,4
2021-03-14T23:59:59+01:00,7,5,3473,3832,5595,7926,5939,11721,7264,17146,8676,14866,4518,4512,11830,14927,7174,12535,1394,1349,2071,3508,2324,6096,3094,9261,3668,7335,2008,2010,2700,3828,1622,4440,94890,56155,5465,550,41587,2,0,4,4
2021-03-13T23:59:59+01:00,7,5,3458,3792,5556,7818,5880,11609,7184,17007,8534,14717,4366,4363,11738,14842,7168,12524,1394,1349,2071,3508,2323,6096,3093,9260,3667,7335,2005,2002,2648,3773,1588,4386,94203,55945,5465,550,40896,2,0,4,4
2021-03-12T23:59:59+01:00,7,5,3440,3720,5500,7682,5818,11462,7101,16783,8400,14485,4259,4267,11468,14519,7014,12309,1394,1349,2067,3502,2322,6088,3089,9254,3666,7329,2003,2000,2562,3663,1508,4300,92788,55543,5457,550,39990,2,0,4,4
2021-03-11T23:59:59+01:00,7,5,3362,3525,5292,7384,5588,11044,6763,16120,7970,13848,3924,3933,10397,13265,6367,11408,1389,1346,2057,3489,2303,6063,3066,9220,3643,7297,1974,1975,2325,3402,1358,4082,88625,54469,5041,517,36532,2,0,4,4
2021-03-10T23:59:59+01:00,7,5,3267,3407,5080,7114,5375,10689,6493,15575,7635,13305,3705,3706,9756,12473,5983,10875,1385,1335,2031,3451,2273,5973,3018,9099,3585,7179,1931,1899,2109,3165,1229,3894,86166,53271,4674,282,33606,2,0,4,4
2021-03-09T23:59:59+01:00,6,5,3193,3277,4925,6925,5181,10410,6265,15144,7337,12802,3522,3501,9128,11772,5611,10358,1378,1325,1996,3391,2242,5871,2957,8955,3518,7098,1902,1873,1835,2849,1061,3649,83905,51862,4420,35,31033,2,0,4,4
2021-03-08T23:59:59+01:00,6,5,3127,3118,4699,6660,4944,10057,6006,14634,6975,12214,3323,3309,8741,11329,5415,10046,1375,1307,1982,3313,2211,5779,2919,8810,3485,7005,1887,1851,1635,2618,943,3459,82439,50545,4059,33,28106,0,0,4,4
2021-03-07T23:59:59+01:00,6,5,3095,3059,4625,6548,4861,9944,5901,14472,6860,12069,3273,3267,8658,11224,5377,9979,1369,1302,1975,3301,2203,5752,2912,8771,3473,6986,1879,1839,1579,2551,891,3392,82090,50141,3895,33,27234,0,0,4,4
2021-03-06T23:59:59+01:00,6,5,3081,3001,4581,6459,4827,9881,5843,14358,6812,11960,3249,3244,8602,11158,5343,9936,1367,1289,1970,3287,2191,5725,2909,8743,3462,6967,1871,1815,1552,2527,886,3383,81774,49910,3895,33,26673,0,0,4,4
2021-03-05T23:59:59+01:00,6,5,3057,2908,4523,6350,4765,9782,5780,14207,6712,11807,3205,3189,8418,10928,5224,9764,1358,1256,1940,3232,2167,5618,2867,8609,3418,6829,1829,1770,1488,2456,864,3357,80876,49024,3887,33,25863,0,0,4,4
2021-03-04T23:59:59+01:00,4,5,3004,2715,4364,6112,4546,9473,5574,13787,6401,11417,3027,3013,7404,9640,4607,8852,1338,1206,1903,3109,2137,5436,2821,8334,3362,6598,1759,1681,1452,2408,860,3339,76736,47710,3617,32,23588,0,0,4,4
2021-03-03T23:59:59+01:00,3,5,2965,2643,4223,5921,4381,9206,5372,13410,6148,10997,2906,2883,6760,8871,4214,8250,1326,1168,1876,3038,2115,5328,2789,8158,3309,6441,1690,1637,1411,2338,840,3286,74028,46718,3389,32,21737,0,0,4,3
2021-03-02T23:59:59+01:00,3,5,2904,2554,4039,5705,4173,8935,5175,13035,5881,10623,2760,2726,5994,7908,3752,7546,1293,1125,1849,2966,2091,5190,2740,7885,3260,6243,1619,1577,1347,2259,821,3243,70876,45476,2943,32,19895,0,0,4,3
2021-03-01T23:59:59+01:00,3,4,2864,2491,3873,5554,3986,8715,4987,12713,5643,10237,2660,2612,5505,7254,3401,7042,1287,1090,1826,2865,2064,4999,2700,7635,3201,6007,1576,1541,1299,2200,795,3204,68729,44257,2645,32,18166,0,0,4,3
2021-02-28T23:59:59+01:00,3,4,2823,2442,3715,5436,3767,8526,4804,12463,5456,9933,2603,2540,5382,7098,3339,6941,1283,1085,1822,2851,2055,4975,2693,7599,3191,5990,1568,1534,1293,2191,793,3194,68254,44086,2427,31,16590,0,0,4,3
2021-02-27T23:59:59+01:00,3,3,2808,2377,3689,5356,3733,8457,4770,12373,5421,9860,2562,2506,5053,6711,3143,6691,1276,1077,1815,2839,2042,4940,2674,7534,3175,5934,1550,1525,1287,2180,790,3193,66948,43801,2427,30,16137,0,0,4,3
2021-02-26T23:59:59+01:00,3,3,2788,2336,3649,5272,3668,8355,4709,12265,5336,9772,2486,2453,4676,6230,2874,6368,1217,1028,1765,2730,1993,4759,2620,7260,3102,5723,1489,1474,1264,2158,776,3184,65157,42514,2302,29,15780,0,0,4,2
2021-02-25T23:59:59+01:00,3,3,2614,2227,3464,5091,3486,8131,4507,11979,5118,9498,2399,2388,4227,5678,2586,5947,1201,971,1734,2622,1940,4487,2548,6866,3008,5437,1445,1431,1244,2143,774,3175,63300,41002,1980,26,14062,0,0,4,1
2021-02-24T23:59:59+01:00,3,3,2459,2089,3274,4899,3338,7925,4310,11727,4899,9250,2262,2270,3777,5169,2329,5554,1186,943,1711,2536,1906,4348,2488,6610,2956,5231,1415,1400,1226,2123,770,3156,61543,39988,1511,18,12479,0,0,4,1
2021-02-23T23:59:59+01:00,3,3,2322,1951,3096,4671,3183,7694,4139,11454,4717,9004,2176,2176,3224,4504,1992,5042,1172,895,1680,2441,1867,4156,2420,6311,2858,4971,1358,1345,1197,2080,757,3131,59345,38626,1164,14,10838,0,0,4,1
2021-02-22T23:59:59+01:00,3,3,2282,1900,3011,4578,3113,7586,4045,11269,4610,8879,2126,2135,2860,4043,1706,4657,1160,836,1648,2315,1824,3912,2344,5919,2733,4673,1296,1290,1174,2047,751,3109,57676,37028,1080,4,10046,0,0,4,1
2021-02-21T23:59:59+01:00,3,3,2246,1868,2960,4509,3031,7472,3964,11123,4544,8762,2112,2112,2776,3929,1651,4569,1156,818,1631,2262,1799,3802,2311,5764,2670,4549,1264,1267,1164,2033,744,3096,57245,36327,1047,4,9338,0,0,4,1
2021-02-20T23:59:59+01:00,3,3,2235,1865,2938,4496,3015,7436,3938,11090,4523,8741,2109,2104,2722,3872,1616,4514,1156,815,1631,2260,1798,3793,2310,5759,2669,4545,1263,1264,1163,2030,743,3095,57030,36291,1046,4,9140,0,0,4,1
2021-02-19T23:59:59+01:00,2,3,2223,1852,2902,4444,2990,7348,3893,11008,4469,8678,2101,2098,2634,3759,1536,4421,1104,806,1592,2252,1788,3784,2300,5738,2660,4533,1257,1253,1152,2025,738,3088,56618,36067,1015,4,8724,0,0,4,1
2021-02-18T23:59:59+01:00,2,3,2091,1756,2745,4260,2866,7149,3756,10721,4330,8475,2069,2064,2395,3494,1384,4199,1025,771,1517,2154,1739,3662,2228,5580,2604,4446,1243,1233,1147,2011,728,3070,55564,35155,948,4,7243,0,0,4,1
2021-02-17T23:59:59+01:00,2,3,2047,1707,2653,4126,2757,6935,3603,10380,4189,8233,2012,1981,2176,3265,1260,4012,871,708,1408,2029,1664,3472,2134,5356,2531,4275,1209,1188,1122,1966,713,3030,54502,33674,803,3,6032,0,0,4,1
2021-02-16T23:59:59+01:00,2,3,1874,1594,2480,3919,2618,6660,3442,10026,4013,7926,1968,1954,1901,2946,1090,3760,844,686,1336,1955,1596,3330,2039,5185,2434,4144,1148,1141,1064,1876,681,2937,53176,32395,767,2,4229,0,0,4,1
2021-02-15T23:59:59+01:00,2,3,1840,1539,2393,3751,2540,6387,3320,9660,3899,7657,1942,1927,1686,2708,969,3574,826,673,1307,1909,1555,3262,1984,5013,2371,4044,1083,1101,1000,1786,662,2844,52085,31420,754,1,2954,0,0,4,1
2021-02-14T23:59:59+01:00,2,3,1751,1508,2348,3689,2499,6297,3250,9557,3853,7579,1931,1917,1629,2649,919,3515,811,663,1290,1884,1529,3239,1950,4973,2346,3989,1073,1092,993,1776,659,2832,51753,31099,725,1,2414,0,0,4,1
2021-02-13T23:59:59+01:00,2,3,1750,1496,2338,3682,2493,6283,3246,9541,3846,7569,1923,1897,1606,2629,916,3505,811,663,1290,1884,1529,3239,1950,4973,2346,3989,1073,1092,993,1776,659,2832,51599,31099,725,1,2397,0,0,4,1
2021-02-12T23:59:59+01:00,2,3,1670,1410,2239,3570,2413,6110,3141,9303,3724,7304,1877,1841,1543,2557,893,3478,805,656,1278,1863,1514,3220,1942,4942,2330,3969,1068,1087,992,1757,659,2802,50662,30884,725,1,1687,0,0,4,1
2021-02-11T23:59:59+01:00,2,3,1467,1272,2057,3355,2285,5818,2989,8872,3565,6959,1805,1740,1501,2497,879,3456,777,605,1184,1684,1389,2947,1803,4584,2167,3683,1018,1026,951,1686,626,2671,49272,28801,684,1,562,0,0,4,1
2021-02-10T23:59:59+01:00,2,3,1371,1223,1970,3228,2217,5646,2907,8595,3453,6728,1734,1692,1456,2430,863,3399,563,521,962,1460,1251,2639,1618,4122,1965,3306,901,900,830,1435,547,2355,48108,25376,644,0,161,0,0,4,1
2021-02-09T23:59:59+01:00,2,3,1336,1173,1933,3136,2190,5466,2840,8253,3383,6470,1661,1630,1395,2370,847,3362,300,384,744,1197,1064,2264,1408,3586,1718,2854,733,736,662,1148,437,1909,46852,21145,515,0,80,0,0,3,1
2021-02-08T23:59:59+01:00,2,3,1329,1139,1902,3016,2152,5244,2788,7972,3324,6234,1620,1596,1350,2315,831,3342,264,342,643,1043,958,2046,1248,3196,1521,2538,630,617,558,969,380,1659,45733,18613,344,0,79,0,0,3,1
2021-02-07T23:59:59+01:00,2,3,1301,1123,1873,2964,2126,5162,2759,7869,3282,6169,1604,1580,1335,2296,820,3327,231,286,595,953,899,1891,1156,2971,1424,2367,590,597,537,936,370,1630,45449,17435,143,0,0,0,0,3,0
2021-02-06T23:59:59+01:00,2,3,1296,1117,1867,2952,2117,5134,2746,7825,3271,6124,1591,1572,1330,2286,817,3326,212,252,573,916,871,1825,1114,2854,1367,2285,574,579,530,936,370,1630,45230,16890,143,0,0,0,0,3,0
2021-02-05T23:59:59+01:00,2,3,1235,1065,1818,2841,2065,4938,2687,7529,3194,5908,1528,1518,1311,2260,809,3319,196,223,538,869,837,1746,1075,2737,1314,2186,540,555,519,912,360,1605,43884,16214,143,0,0,0,0,3,0
2021-02-04T23:59:59+01:00,2,3,1223,1001,1777,2692,1994,4628,2602,7085,3094,5582,1483,1485,1293,2244,806,3311,168,169,465,752,738,1607,966,2499,1202,1971,493,503,476,858,342,1492,42268,14703,35,0,0,0,0,2,0
2021-02-03T23:59:59+01:00,2,3,1205,972,1746,2611,1955,4482,2535,6823,3042,5363,1446,1452,1264,2209,788,3282,137,140,392,640,622,1371,821,2121,1005,1685,378,369,341,644,239,1131,41143,12038,35,0,0,0,0,2,0
2021-02-02T23:59:59+01:00,2,3,1188,916,1714,2511,1912,4259,2461,6491,2935,5089,1394,1406,1241,2179,778,3258,116,116,315,519,519,1136,677,1791,815,1377,280,269,263,472,188,847,39700,9702,35,0,0,0,0,2,0
2021-02-01T23:59:59+01:00,1,3,1175,856,1679,2386,1862,4013,2384,6098,2816,4793,1327,1324,1210,2133,767,3233,83,76,215,348,346,741,429,1154,478,858,174,164,152,279,100,494,38023,6091,35,0,0,0,0,2,0
2021-01-31T23:59:59+01:00,1,3,1170,838,1662,2328,1838,3890,2352,5915,2749,4674,1296,1301,1199,2118,760,3221,72,70,182,278,269,575,340,901,396,691,148,148,144,271,96,480,37281,5061,32,0,0,0,0,2,0
2021-01-30T23:59:59+01:00,1,3,1170,835,1661,2323,1836,3879,2350,5904,2746,4664,1295,1297,1198,2117,760,3220,68,63,150,231,241,507,305,783,353,616,147,141,139,267,96,479,37226,4586,31,0,0,0,0,2,0
2021-01-29T23:59:59+01:00,1,3,1117,826,1622,2316,1825,3872,2342,5890,2738,4652,1291,1294,1194,2117,760,3220,60,45,113,176,197,353,248,634,309,488,136,132,127,256,93,479,37050,3846,29,0,0,0,0,1,0
2021-01-28T23:59:59+01:00,1,3,1042,801,1564,2256,1792,3803,2295,5819,2705,4598,1279,1282,1187,2111,751,3206,38,20,72,104,128,206,153,379,201,291,103,101,102,205,83,432,36468,2618,26,0,0,0,0,1,0
2021-01-27T23:59:59+01:00,1,3,892,750,1473,2181,1725,3688,2223,5689,2647,4473,1251,1238,1163,2072,739,3174,27,12,62,85,103,162,121,322,174,247,95,84,91,186,79,401,35364,2251,17,0,0,0,0,1,0
2021-01-26T23:59:59+01:00,1,3,878,731,1408,2108,1662,3558,2136,5517,2559,4362,1196,1198,1117,2001,715,3125,26,11,59,82,99,156,117,308,173,237,93,79,84,165,68,355,34263,2112,11,0,0,0,0,1,0
2021-01-25T23:59:59+01:00,1,3,865,710,1376,2048,1631,3461,2091,5351,2502,4272,1145,1173,1070,1944,697,3066,24,11,56,82,96,154,116,306,172,237,92,78,83,164,66,352,33403,2089,2,0,0,0,0,1,0
2021-01-24T23:59:59+01:00,1,3,862,709,1370,2037,1626,3444,2083,5325,2491,4240,1141,1167,1065,1937,696,3061,24,11,56,82,95,153,116,306,172,236,92,78,83,164,66,352,33255,2086,2,0,0,0,0,1,0
2021-01-23T23:59:59+01:00,1,3,862,709,1370,2037,1626,3444,2083,5325,2491,4240,1141,1167,1064,1937,696,3061,24,11,56,82,95,153,116,306,171,236,92,78,83,164,66,352,33254,2085,2,0,0,0,0,1,0
2021-01-22T23:59:59+01:00,1,3,862,699,1356,2015,1610,3420,2070,5291,2475,4220,1139,1162,1063,1914,695,3028,24,11,56,82,95,153,116,306,170,236,92,78,83,164,66,352,33020,2084,2,0,0,0,0,1,0
2021-01-21T23:59:59+01:00,1,3,831,662,1279,1860,1511,3231,1973,5019,2367,4022,1099,1103,1032,1833,657,2901,22,10,52,77,87,145,106,277,156,213,79,70,74,144,54,300,31381,1866,2,0,0,0,0,1,0
2021-01-20T23:59:59+01:00,1,3,628,563,1085,1642,1377,2957,1796,4614,2164,3685,974,984,914,1604,592,2631,21,10,51,73,84,144,99,264,145,194,69,64,69,122,45,268,28211,1722,2,0,0,0,0,1,0
2021-01-19T23:59:59+01:00,1,3,341,417,834,1385,1176,2618,1561,4087,1905,3236,807,816,750,1331,494,2226,17,7,36,52,55,78,73,177,101,131,52,49,48,91,34,207,23986,1208,1,0,0,0,0,1,0
2021-01-18T23:59:59+01:00,1,3,298,376,722,1197,1054,2364,1369,3590,1666,2856,679,668,605,1087,420,1841,7,3,11,17,19,27,24,50,25,46,12,11,13,33,7,61,20795,366,0,0,0,0,0,1,0
2021-01-17T23:59:59+01:00,1,3,257,321,656,1103,977,2193,1272,3315,1551,2645,634,638,578,1031,399,1783,0,0,1,0,2,2,2,1,2,2,1,4,1,0,0,1,19357,19,0,0,0,0,0,0,0
2021-01-16T23:59:59+01:00,1,3,240,289,640,1070,953,2130,1231,3205,1500,2572,618,621,571,1031,399,1782,0,0,0,0,1,2,1,1,1,2,0,1,1,0,0,1,18856,11,0,0,0,0,0,0,0
2021-01-15T23:59:59+01:00,1,3,226,256,611,1023,926,2052,1196,3089,1448,2476,587,595,564,1010,392,1770,0,0,0,0,0,0,0,0,0,0,0,0,0,0,0,0,18225,0,0,0,0,0,0,0,0
2021-01-14T23:59:59+01:00,1,2,196,204,551,901,837,1909,1104,2866,1333,2293,543,552,526,966,386,1728,0,0,0,0,0,0,0,0,0,0,0,0,0,0,0,0,16898,0,0,0,0,0,0,0,0
2021-01-13T23:59:59+01:00,1,2,164,185,502,832,765,1783,1006,2634,1179,2071,430,435,398,761,288,1331,0,0,0,0,0,0,0,0,0,0,0,0,0,0,0,0,14767,0,0,0,0,0,0,0,0
2021-01-12T23:59:59+01:00,1,2,142,164,471,763,715,1628,917,2432,1072,1840,341,327,308,541,207,943,0,0,0,0,0,0,0,0,0,0,0,0,0,0,0,0,12814,0,0,0,0,0,0,0,0
2021-01-11T23:59:59+01:00,0,1,113,127,395,633,625,1375,753,1974,845,1454,211,190,169,313,109,546,0,0,0,0,0,0,0,0,0,0,0,0,0,0,0,0,9833,0,0,0,0,0,0,0,0
2021-01-10T23:59:59+01:00,0,1,87,92,305,457,470,995,546,1447,621,1058,174,167,157,300,104,533,0,0,0,0,0,0,0,0,0,0,0,0,0,0,0,0,7514,0,0,0,0,0,0,0,0
2021-01-09T23:59:59+01:00,0,1,76,84,259,394,400,863,479,1230,545,900,167,157,152,295,104,531,0,0,0,0,0,0,0,0,0,0,0,0,0,0,0,0,6637,0,0,0,0,0,0,0,0
2021-01-08T23:59:59+01:00,0,1,63,64,186,286,303,584,364,932,439,681,159,152,136,283,102,531,0,0,0,0,0,0,0,0,0,0,0,0,0,0,0,0,5266,0,0,0,0,0,0,0,0
2021-01-07T23:59:59+01:00,0,0,44,24,78,120,136,230,163,419,222,339,116,121,123,251,98,504,0,0,0,0,0,0,0,0,0,0,0,0,0,0,0,0,2988,0,0,0,0,0,0,0,0
2021-01-06T23:59:59+01:00,0,0,30,17,69,91,115,180,135,342,193,275,97,93,97,205,83,429,0,0,0,0,0,0,0,0,0,0,0,0,0,0,0,0,2451,0,0,0,0,0,0,0,0
2021-01-05T23:59:59+01:00,0,0,27,12,59,86,105,166,120,327,179,253,96,88,95,198,81,411,0,0,0,0,0,0,0,0,0,0,0,0,0,0,0,0,2303,0,0,0,0,0,0,0,0
2021-01-04T23:59:59+01:00,0,0,24,11,56,83,97,157,115,312,177,241,95,85,88,184,71,380,0,0,0,0,0,0,0,0,0,0,0,0,0,0,0,0,2176,0,0,0,0,0,0,0,0
2021-01-03T23:59:59+01:00,0,0,24,11,56,83,97,157,115,312,177,241,95,85,87,183,71,380,0,0,0,0,0,0,0,0,0,0,0,0,0,0,0,0,2174,0,0,0,0,0,0,0,0
2021-01-02T23:59:59+01:00,0,0,24,11,56,83,97,157,115,312,176,241,95,85,87,183,71,380,0,0,0,0,0,0,0,0,0,0,0,0,0,0,0,0,2173,0,0,0,0,0,0,0,0
2021-01-01T23:59:59+01:00,0,0,24,11,56,83,97,157,115,312,174,240,95,85,87,183,71,380,0,0,0,0,0,0,0,0,0,0,0,0,0,0,0,0,2170,0,0,0,0,0,0,0,0
2020-12-31T23:59:59+01:00,0,0,24,11,56,83,97,157,115,312,174,240,95,85,87,183,71,380,0,0,0,0,0,0,0,0,0,0,0,0,0,0,0,0,2170,0,0,0,0,0,0,0,0
2020-12-30T23:59:59+01:00,0,0,23,11,56,82,96,154,115,311,174,240,95,85,87,183,71,380,0,0,0,0,0,0,0,0,0,0,0,0,0,0,0,0,2163,0,0,0,0,0,0,0,0
2020-12-29T23:59:59+01:00,0,0,18,8,41,59,73,91,85,216,127,188,73,73,65,151,56,304,0,0,0,0,0,0,0,0,0,0,0,0,0,0,0,0,1628,0,0,0,0,0,0,0,0
2020-12-28T23:59:59+01:00,0,0,8,5,17,28,31,45,39,111,53,101,30,40,37,91,29,175,0,0,0,0,0,0,0,0,0,0,0,0,0,0,0,0,840,0,0,0,0,0,0,0,0
2020-12-27T23:59:59+01:00,0,0,2,2,4,5,7,11,10,23,6,22,5,7,6,25,3,48,0,0,0,0,0,0,0,0,0,0,0,0,0,0,0,0,186,0,0,0,0,0,0,0,0
