Datum,0,<15_1_m,<15_1_w,15-24_1_m,15-24_1_w,25-34_1_m,25-34_1_w,35-44_1_m,35-44_1_w,45-54_1_m,45-54_1_w,55-64_1_m,55-64_1_w,65-74_1_m,65-74_1_w,75-84_1_m,75-84_1_w,>84_1_m,>84_1_w,<15_2_m,<15_2_w,15-24_2_m,15-24_2_w,25-34_2_m,25-34_2_w,35-44_2_m,35-44_2_w,45-54_2_m,45-54_2_w,55-64_2_m,55-64_2_w,65-74_2_m,65-74_2_w,75-84_2_m,75-84_2_w,>84_2_m,>84_2_w,bp_1,bp_2,mo_1,mo_2,az_1,az_2,ja,unb_1,unb_2,0
2021/12/14,0,27037,25284,70037,64711,76519,71934,83837,84215,103798,105346,113308,111942,76312,83060,53245,65767,15530,27074,13910,13019,64007,59591,71243,66294,79019,79083,99193,100319,109348,107959,74411,80804,51976,63925,14907,25698,945917,873446,77519,72060,182989,176528,52574,82,98,0
2021/12/13,0,26707,25015,69949,64625,76434,71835,83772,84132,103742,105274,113229,111840,76251,82980,53202,65689,15510,26991,13729,12843,63802,59436,71027,66080,78879,78932,99032,100183,109206,107824,74364,80742,51941,63868,14895,25664,944328,871324,77347,71942,182988,176528,52555,82,98,0
2021/12/12,0,26319,24681,69881,64549,76350,71728,83705,84048,103681,105201,113180,111762,76206,82919,53168,65627,15491,26948,13540,12633,63627,59254,70818,65874,78697,78784,98880,100043,109091,107686,74312,80666,51906,63824,14882,25639,942796,869232,77173,71770,182988,176528,52528,82,98,0
2021/12/11,0,26096,24464,69820,64494,76301,71660,83659,83995,103657,105169,113159,111727,76187,82904,53155,65615,15488,26937,13370,12518,63479,59140,70671,65725,78587,78682,98781,99969,109014,107625,74286,80640,51896,63806,14878,25630,941900,867825,77117,71723,182988,176528,52523,82,98,0
2021/12/10,0,25581,23991,69739,64406,76228,71564,83593,83922,103607,105116,113126,111667,76163,82863,53145,65582,15475,26929,13174,12343,63249,58953,70479,65527,78420,78500,98639,99826,108924,107519,74248,80600,51881,63784,14873,25624,940249,865773,76983,71647,182988,176528,52517,82,98,0
2021/12/09,0,24900,23348,69634,64300,76114,71437,83508,83815,103531,105021,113054,111574,76121,82805,53114,65527,15460,26895,12867,12041,62921,58649,70197,65200,78165,78263,98414,99580,108749,107328,74185,80516,51844,63729,14869,25598,937954,862562,76755,71430,182988,176524,52501,82,98,0
2021/12/08,0,24593,23065,69554,64213,76043,71351,83443,83741,103474,104941,113002,111514,76101,82779,53098,65500,15449,26868,12707,11901,62716,58477,69989,64992,78002,78099,98240,99447,108628,107212,74138,80451,51827,63685,14862,25580,936662,860550,76622,71286,182988,176524,52495,82,98,0
2021/12/07,0,24103,22615,69480,64161,75991,71279,83397,83693,103420,104902,112964,111462,76079,82750,53085,65481,15443,26855,12560,11789,62551,58347,69808,64824,77865,77995,98134,99333,108531,107142,74116,80414,51812,63662,14859,25571,935190,858966,76535,71241,182988,176524,52484,82,98,0
2021/12/06,0,23619,22121,69413,64096,75924,71203,83338,83606,103367,104829,112913,111385,76047,82706,53067,65436,15436,26823,12367,11610,62324,58148,69570,64573,77655,77798,97974,99142,108386,107012,74045,80339,51784,63622,14849,25556,933548,856528,76361,71135,182988,176524,52469,82,98,0
2021/12/05,0,23216,21754,69357,64047,75855,71131,83282,83542,103317,104784,112866,111330,76010,82664,53047,65401,15426,26795,12265,11513,62124,57972,69366,64388,77471,77620,97841,98996,108279,106886,73999,80288,51766,63595,14844,25537,932189,854695,76226,70983,182988,176517,52457,82,98,0
2021/12/04,0,22906,21463,69317,64007,75818,71084,83255,83510,103291,104754,112849,111301,76001,82644,53041,65390,15425,26789,12206,11451,61955,57843,69198,64276,77355,77506,97731,98915,108196,106833,73977,80269,51756,63583,14842,25535,931290,853414,76151,70946,182988,176517,52452,82,98,0
2021/12/03,0,22023,20586,69245,63941,75774,71002,83201,83443,103251,104698,112804,111254,75971,82601,53027,65368,15415,26772,12055,11317,61707,57621,68987,64050,77168,77311,97566,98768,108062,106708,73950,80231,51742,63561,14837,25528,928932,851262,76043,70843,182987,176516,52450,82,98,0
2021/12/02,0,21086,19738,69142,63850,75671,70868,83122,83354,103178,104626,112751,111172,75937,82541,52996,65324,15406,26733,11856,11115,61425,57353,68715,63758,76872,77045,97342,98539,107893,106535,73908,80186,51714,63512,14827,25500,926283,848387,75820,70653,182987,176516,52441,82,98,0
2021/12/01,0,20601,19302,69070,63794,75604,70784,83055,83276,103122,104557,112691,111116,75898,82490,52971,65287,15396,26709,11740,11009,61226,57219,68511,63555,76691,76890,97179,98410,107768,106426,73859,80136,51697,63481,14821,25482,924650,846524,75687,70526,182986,176516,52436,82,98,0
2021/11/30,0,20065,18771,68995,63721,75522,70658,82984,83190,103057,104474,112628,111033,75854,82423,52947,65238,15385,26665,11642,10904,61013,57050,68294,63322,76481,76703,97006,98254,107620,106291,73810,80075,51676,63447,14817,25467,922757,844418,75476,70413,182985,176515,52428,82,98,0
2021/11/29,0,19357,18106,68924,63653,75428,70557,82909,83114,102993,104396,112552,110955,75821,82369,52929,65192,15375,26630,11566,10806,60796,56906,68071,63132,76276,76537,96847,98117,107494,106162,73758,80019,51645,63410,14811,25451,920597,842460,75298,70328,182983,176500,52418,82,98,0
2021/11/28,0,18753,17604,68850,63596,75332,70454,82846,83046,102929,104334,112486,110885,75790,82330,52914,65147,15368,26608,11493,10749,60640,56789,67894,62989,76104,76411,96706,98017,107403,106077,73727,79982,51627,63389,14804,25436,918811,841008,75112,70226,182974,176495,52410,82,98,0
2021/11/27,0,18098,16983,68778,63554,75278,70390,82787,83006,102890,104298,112459,110860,75774,82312,52907,65132,15361,26602,11452,10702,60532,56694,67756,62880,76000,76336,96618,97945,107346,106042,73714,79968,51622,63381,14802,25433,917120,840067,75001,70154,182974,176495,52409,82,98,0
2021/11/26,0,17185,16046,68669,63444,75206,70298,82725,82922,102813,104228,112414,110804,75749,82288,52896,65113,15357,26584,11370,10617,60358,56545,67578,62737,75841,76199,96485,97803,107264,105956,73696,79944,51609,63369,14798,25429,914549,838587,74851,70018,182973,176492,52403,82,98,0
2021/11/25,0,16294,15292,68537,63320,75080,70132,82605,82807,102717,104115,112324,110708,75707,82228,52879,65076,15348,26571,11274,10517,60149,56389,67356,62557,75688,76026,96329,97658,107159,105848,73667,79908,51597,63350,14795,25421,911849,836858,74566,69849,182966,176492,52391,82,98,0
2021/11/24,0,15890,14913,68434,63242,74978,70012,82499,82704,102631,104025,112249,110621,75662,82171,52856,65036,15335,26546,11206,10451,59986,56261,67172,62401,75547,75906,96196,97539,107052,105762,73636,79862,51573,63327,14789,25408,910114,835362,74382,69748,182963,176489,52377,82,98,0
2021/11/23,0,15611,14667,68308,63100,74854,69844,82350,82564,102513,103906,112140,110508,75616,82089,52818,64983,15315,26516,11121,10394,59851,56147,66979,62240,75377,75781,96059,97427,106946,105672,73598,79823,51556,63297,14781,25393,908285,833832,74128,69664,182961,176488,52360,82,98,0
2021/11/22,0,15351,14453,68158,62979,74703,69681,82225,82443,102401,103769,112031,110387,75547,82021,52784,64934,15305,26478,11069,10335,59676,56035,66791,62097,75226,75678,95949,97295,106844,105592,73558,79775,51532,63266,14776,25382,906468,832353,73918,69604,182961,176486,52335,82,98,0
2021/11/21,0,15068,14165,68030,62867,74551,69528,82107,82349,102297,103657,111939,110294,75500,81965,52757,64899,15289,26445,11044,10298,59585,55960,66669,62010,75123,75595,95852,97216,106788,105534,73529,79745,51511,63244,14772,25373,904727,831433,73742,69520,182955,176483,52314,82,98,0
2021/11/20,0,14803,13931,67903,62757,74421,69391,81984,82258,102214,103579,111861,110202,75476,81930,52745,64872,15283,26435,11029,10283,59541,55898,66608,61959,75067,75550,95797,97167,106742,105499,73520,79730,51507,63239,14770,25372,903147,830900,73667,69489,182954,176483,52308,82,98,0
2021/11/19,0,14467,13581,67644,62567,74227,69191,81827,82091,102080,103411,111749,110085,75420,81886,52720,64840,15275,26418,10968,10216,59381,55791,66464,61834,74924,75423,95665,97057,106634,105424,73496,79696,51493,63217,14766,25366,900716,829500,73549,69443,182954,176483,52291,82,98,0
2021/11/18,0,14155,13292,67361,62283,73995,68924,81604,81860,101899,103221,111610,109939,75363,81803,52690,64790,15267,26399,10876,10145,59216,55655,66264,61671,74773,75290,95512,96933,106502,105344,73460,79633,51476,63192,14761,25354,897912,827876,73382,69362,182954,176483,52238,82,98,0
2021/11/17,0,13969,13112,67163,62109,73756,68705,81434,81696,101716,103086,111478,109813,75307,81742,52662,64736,15252,26373,10817,10088,59065,55533,66113,61532,74641,75169,95371,96827,106394,105273,73425,79584,51450,63161,14758,25335,895742,826461,73259,69314,182952,176477,52186,82,98,0
2021/11/16,0,13768,12932,66929,61904,73503,68448,81209,81479,101529,102930,111345,109690,75245,81674,52628,64674,15237,26344,10769,10036,58938,55428,65975,61399,74513,75058,95255,96733,106309,105203,73387,79544,51430,63133,14752,25318,893221,825185,73184,69280,182952,176476,52141,82,98,0
2021/11/15,0,13608,12768,66667,61688,73247,68172,80988,81261,101336,102733,111205,109554,75191,81622,52608,64644,15225,26319,10724,9999,58833,55333,65866,61295,74414,74972,95187,96656,106234,105130,73348,79504,51411,63107,14745,25309,890727,824143,73099,69253,182941,176474,52099,82,98,0
2021/11/14,0,13334,12520,66270,61376,72918,67853,80707,81026,101112,102515,111046,109427,75134,81565,52585,64608,15218,26297,10671,9939,58696,55221,65759,61197,74309,74859,95095,96575,106157,105054,73297,79465,51392,63091,14740,25300,887567,822975,72994,69231,182937,176470,52043,82,98,0
2021/11/13,0,13192,12376,65964,61137,72664,67622,80486,80837,100945,102336,110918,109345,75100,81528,52568,64588,15213,26292,10651,9916,58625,55153,65694,61141,74262,74812,95030,96530,106133,105020,73288,79453,51387,63088,14740,25298,885244,822419,72943,69217,182937,176470,52017,82,98,0
2021/11/12,0,13026,12197,65618,60851,72381,67383,80262,80619,100768,102132,110791,109223,75077,81493,52556,64565,15210,26289,10618,9872,58510,55044,65572,61047,74149,74723,94935,96449,106075,104980,73268,79431,51378,63077,14736,25290,882677,821414,72869,69184,182936,176469,51989,82,98,0
2021/11/11,0,12789,11966,65194,60515,72020,67032,79916,80311,100519,101884,110598,109047,75024,81418,52526,64525,15204,26274,10532,9791,58358,54911,65444,60934,74036,74599,94840,96342,105977,104900,73231,79385,51361,63051,14725,25278,879256,820051,72676,69152,182932,176467,51927,82,98,0
2021/11/10,0,12647,11842,64941,60267,71711,66730,79668,80093,100334,101717,110455,108908,74965,81342,52493,64483,15197,26259,10472,9740,58250,54798,65310,60802,73927,74503,94729,96248,105899,104836,73198,79337,51340,63029,14720,25271,876722,818892,72600,69129,182924,176455,51835,82,98,0
2021/11/09,0,12491,11682,64527,59976,71310,66400,79369,79828,100069,101480,110250,108762,74897,81286,52470,64439,15191,26243,10412,9685,58126,54670,65191,60677,73836,74398,94635,96154,105816,104764,73156,79298,51314,63001,14713,25250,873513,817701,72534,69116,182911,176440,51741,82,98,0
2021/11/08,0,12377,11569,64151,59728,70932,66092,79080,79586,99828,101280,110100,108614,74842,81225,52449,64391,15186,26223,10363,9651,58015,54575,65106,60557,73750,74301,94540,96055,105746,104701,73126,79254,51299,62971,14709,25234,870673,816667,72449,69090,182897,176435,51663,82,98,0
2021/11/07,0,12293,11491,63859,59523,70635,65832,78802,79401,99628,101126,109972,108496,74806,81164,52429,64369,15182,26211,10325,9603,57906,54502,65023,60463,73661,74232,94459,95989,105684,104645,73106,79230,51287,62951,14707,25225,868450,815848,72345,69061,182886,176424,51567,82,98,0
2021/11/06,0,12188,11392,63665,59312,70395,65601,78621,79254,99454,100961,109866,108407,74790,81141,52417,64360,15180,26208,10310,9593,57855,54465,64979,60412,73635,74204,94431,95959,105665,104623,73093,79219,51283,62947,14706,25223,866501,815484,72317,69060,182885,176422,51538,82,98,0
2021/11/05,0,12045,11267,63419,59103,70137,65347,78391,79037,99287,100788,109753,108301,74757,81114,52410,64349,15179,26206,10269,9549,57771,54413,64912,60349,73578,74153,94384,95906,105622,104585,73077,79201,51275,62938,14706,25220,864401,814882,72143,69018,182883,176419,51491,82,98,0
2021/11/04,0,11958,11167,63181,58910,69846,65106,78181,78833,99086,100622,109624,108182,74717,81081,52399,64330,15174,26182,10206,9481,57640,54332,64823,60241,73485,74069,94314,95834,105562,104520,73046,79175,51251,62914,14698,25204,862386,813922,71959,68979,182879,176413,51383,82,98,0
2021/11/03,0,11875,11109,62958,58754,69614,64928,77992,78691,98930,100509,109519,108115,74694,81055,52384,64313,15170,26172,10141,9428,57515,54209,64710,60118,73391,73985,94228,95766,105505,104470,73018,79142,51231,62888,14690,25188,860767,812869,71878,68958,182878,176412,51286,82,98,0
2021/11/02,0,11796,11031,62730,58590,69318,64705,77767,78525,98737,100356,109396,108015,74673,81019,52370,64288,15164,26160,10081,9360,57362,54110,64600,60000,73287,73905,94135,95687,105446,104402,72982,79101,51223,62862,14682,25171,858827,811782,71791,68939,182876,176408,51169,82,98,0
2021/11/01,0,11702,10949,62455,58405,69051,64506,77559,78374,98562,100219,109287,107928,74647,80996,52359,64268,15159,26150,10013,9290,57230,54003,64466,59901,73197,73802,94061,95615,105388,104349,72947,79069,51210,62831,14675,25150,856973,810737,71713,68898,182855,176405,51059,81,98,0
2021/10/31,0,11691,10937,62421,58387,69022,64480,77526,78346,98543,100205,109273,107920,74645,80996,52359,64268,15159,26149,9996,9272,57211,53990,64453,59885,73185,73789,94057,95610,105383,104345,72947,79067,51210,62830,14674,25150,856764,810624,71699,68892,182853,176405,51035,81,98,0
2021/10/30,0,11685,10933,62406,58369,68996,64462,77506,78327,98527,100193,109265,107918,74643,80996,52359,64268,15158,26148,9993,9272,57196,53980,64445,59882,73172,73780,94050,95604,105380,104344,72947,79066,51209,62830,14674,25149,856630,810574,71690,68886,182853,176405,51010,81,98,0
2021/10/29,0,11619,10873,62219,58250,68786,64311,77321,78204,98357,100065,109155,107859,74619,80982,52348,64252,15154,26140,9961,9245,57085,53899,64354,59805,73109,73717,93977,95556,105339,104321,72930,79048,51204,62818,14670,25143,855139,809919,71647,68858,182851,176405,50901,81,98,0
2021/10/28,0,11533,10801,61994,58091,68533,64112,77113,78045,98159,99906,109052,107773,74594,80939,52333,64241,15149,26132,9903,9193,56928,53746,64220,59692,73007,73620,93906,95474,105257,104252,72906,79016,51192,62805,14666,25133,853348,808851,71581,68828,182847,176391,50748,81,98,0
2021/10/27,0,11462,10715,61829,57935,68331,63955,76949,77916,98030,99805,108978,107718,74574,80905,52326,64225,15147,26119,9842,9136,56810,53627,64112,59592,72904,73531,93834,95409,105198,104217,72883,78985,51179,62782,14662,25118,851999,807895,71459,68804,182844,176383,50641,81,98,0
2021/10/26,0,11376,10616,61686,57778,68151,63789,76790,77807,97915,99703,108896,107660,74546,80880,52311,64200,15138,26098,9781,9061,56660,53509,64006,59473,72827,73458,93754,95344,105152,104172,72860,78961,51156,62755,14655,25110,850582,806900,71398,68777,182838,176373,50546,81,98,0
2021/10/25,0,11350,10596,61629,57728,68100,63748,76742,77763,97879,99682,108874,107642,74537,80868,52310,64195,15135,26097,9757,9038,56599,53467,63970,59443,72798,73420,93727,95326,105134,104155,72858,78956,51154,62751,14655,25108,850152,806551,71388,68773,182838,176373,50521,81,98,0
2021/10/24,0,11307,10556,61518,57650,67999,63655,76661,77688,97801,99635,108838,107613,74523,80854,52304,64193,15133,26096,9708,8998,56522,53388,63891,59361,72732,73370,93676,95271,105104,104115,72834,78940,51145,62741,14652,25106,849468,805927,71337,68760,182838,176364,50405,81,98,0
2021/10/23,0,11303,10553,61508,57638,67982,63639,76648,77674,97787,99627,108833,107608,74522,80853,52304,64193,15132,26096,9703,8996,56513,53374,63877,59353,72725,73356,93667,95264,105101,104111,72832,78938,51145,62739,14652,25105,849383,805856,71322,68752,182837,176363,50382,81,98,0
2021/10/22,0,11240,10505,61350,57526,67802,63506,76508,77554,97658,99525,108757,107557,74505,80834,52300,64185,15131,26091,9649,8948,56395,53276,63794,59273,72651,73284,93598,95208,105064,104083,72815,78920,51140,62729,14652,25105,848188,805115,71244,68720,182836,176361,50290,81,98,0
2021/10/21,0,11162,10426,61191,57404,67638,63374,76367,77420,97533,99431,108667,107488,74477,80806,52288,64158,15127,26080,9575,8844,56264,53140,63666,59143,72568,73181,93500,95124,105007,104033,72780,78886,51130,62706,14647,25098,846855,803978,71210,68696,182835,176359,50161,81,98,0
2021/10/20,0,11121,10376,61090,57304,67529,63264,76274,77332,97449,99369,108617,107449,74463,80787,52276,64150,15123,26073,9492,8784,56132,53002,63559,59037,72493,73065,93430,95065,104938,103977,72754,78854,51118,62681,14644,25089,845956,802896,71188,68671,182831,176356,50093,81,98,0
2021/10/19,0,11070,10324,61021,57230,67450,63177,76199,77264,97397,99331,108577,107414,74438,80770,52263,64128,15112,26056,9408,8697,55992,52889,63443,58923,72407,72970,93348,94966,104871,103907,72704,78808,51100,62643,14637,25069,845223,801656,71164,68646,182828,176354,50028,81,98,0
2021/10/18,0,11023,10277,60942,57155,67366,63106,76138,77199,97346,99276,108535,107368,74422,80751,52257,64104,15108,26040,9355,8647,55876,52746,63316,58786,72315,72872,93264,94865,104813,103850,72663,78771,51073,62615,14626,25052,844492,800456,71139,68633,182828,176343,49975,81,98,0
2021/10/17,0,10995,10251,60894,57116,67328,63069,76107,77173,97306,99238,108524,107342,74412,80741,52253,64092,15104,26034,9299,8600,55782,52666,63236,58692,72249,72786,93208,94811,104772,103807,72636,78740,51061,62588,14620,25034,844116,799632,71134,68608,182822,176322,49927,81,98,0
2021/10/16,0,10991,10246,60888,57112,67319,63060,76100,77169,97299,99236,108523,107339,74411,80741,52253,64091,15104,26034,9292,8595,55778,52652,63230,58686,72244,72782,93205,94806,104770,103803,72635,78738,51061,62588,14620,25034,844070,799585,71130,68600,182822,176322,49914,81,98,0
2021/10/15,0,10953,10200,60795,57049,67258,62995,76038,77107,97247,99183,108484,107317,74400,80726,52251,64089,15102,26032,9244,8546,55658,52532,63153,58612,72175,72709,93136,94745,104722,103760,72618,78719,51051,62571,14619,25030,843445,798757,71109,68554,182822,176321,49870,81,98,0
2021/10/14,0,10905,10136,60686,56954,67193,62897,75973,77031,97183,99122,108447,107267,74385,80707,52239,64075,15098,26026,9138,8463,55491,52398,63036,58482,72105,72610,93030,94654,104662,103691,72583,78686,51029,62538,14609,25016,842666,797510,71088,68529,182812,176307,49777,81,98,0
2021/10/13,0,10848,10094,60595,56870,67128,62803,75904,76961,97122,99083,108395,107226,74365,80687,52225,64059,15095,26016,9071,8402,55356,52268,62933,58353,72008,72513,92952,94566,104584,103616,72545,78652,51009,62504,14598,24996,841911,796323,71074,68517,182809,176287,49701,81,98,0
2021/10/12,0,10789,10042,60487,56783,67028,62720,75835,76904,97077,99030,108356,107193,74341,80663,52217,64047,15089,26007,8996,8341,55223,52116,62824,58232,71922,72404,92895,94480,104511,103549,72505,78604,50985,62473,14593,24977,841123,795122,71064,68497,182806,176279,49634,81,98,0
2021/10/11,0,10735,9993,60387,56718,66937,62622,75757,76834,97014,98975,108301,107148,74315,80634,52200,64020,15074,25988,8935,8285,55100,51987,62698,58099,71843,72292,92817,94404,104435,103483,72459,78558,50956,62437,14580,24955,840287,793934,71043,68479,182798,176270,49542,81,98,0
2021/10/10,0,10705,9964,60326,56676,66877,62575,75716,76790,96981,98943,108273,107127,74303,80623,52197,64014,15069,25978,8883,8243,54999,51870,62605,57973,71757,72207,92743,94320,104374,103431,72428,78528,50935,62415,14574,24943,839871,792947,71034,68469,182792,176256,49458,81,98,0
2021/10/09,0,10704,9960,60316,56668,66864,62568,75710,76784,96975,98934,108267,107125,74303,80619,52197,64014,15069,25977,8871,8235,54981,51854,62594,57956,71746,72196,92736,94314,104366,103427,72425,78527,50935,62415,14574,24943,839809,792837,71028,68463,182791,176253,49444,81,98,0
2021/10/08,0,10653,9910,60220,56573,66790,62488,75650,76716,96925,98887,108232,107098,74293,80611,52190,64002,15064,25976,8829,8184,54878,51763,62517,57892,71678,72130,92687,94259,104338,103395,72417,78516,50928,62409,14572,24941,839113,792170,71002,68432,182789,176241,49392,81,98,0
2021/10/07,0,10589,9841,60068,56461,66697,62391,75562,76617,96848,98831,108168,107043,74267,80588,52179,63990,15057,25969,8721,8090,54746,51618,62411,57763,71567,72019,92598,94166,104252,103331,72365,78478,50904,62384,14560,24930,838151,790928,70989,68398,182788,176224,49256,81,97,0
2021/10/06,0,10533,9800,59929,56362,66611,62308,75482,76553,96787,98783,108121,106999,74247,80565,52162,63968,15054,25954,8646,8020,54605,51454,62317,57627,71471,71911,92494,94079,104163,103248,72327,78435,50879,62350,14550,24916,837301,789651,70977,68391,182786,176207,49146,81,97,0
2021/10/05,0,10466,9728,59791,56238,66510,62208,75401,76480,96710,98719,108073,106944,74225,80538,52153,63939,15048,25943,8559,7940,54422,51283,62200,57479,71358,71794,92385,93975,104092,103177,72273,78391,50855,62311,14542,24904,836349,788273,70962,68362,182783,176196,49012,81,97,0
2021/10/04,0,10405,9676,59639,56116,66368,62089,75295,76386,96610,98637,108009,106890,74203,80507,52133,63906,15044,25924,8484,7879,54248,51098,62084,57325,71225,71663,92302,93870,103992,103090,72238,78336,50811,62272,14532,24884,835220,786821,70949,68355,182778,176178,48882,81,97,0
2021/10/03,0,10362,9637,59584,56031,66298,62035,75235,76347,96578,98606,107975,106849,74191,80489,52124,63894,15043,25917,8426,7836,54130,50983,62000,57234,71139,71562,92236,93796,103926,103002,72204,78307,50792,62239,14525,24880,834709,785851,70944,68350,182766,176151,48768,81,97,0
2021/10/02,0,10356,9635,59574,56016,66281,62022,75224,76332,96573,98601,107973,106846,74190,80489,52123,63892,15043,25917,8421,7832,54116,50972,61988,57225,71136,71552,92232,93793,103924,102993,72201,78307,50791,62237,14524,24880,834625,785780,70934,68343,182766,176150,48754,81,97,0
2021/10/01,0,10301,9579,59416,55916,66201,61932,75143,76264,96519,98547,107914,106811,74174,80466,52112,63879,15042,25913,8359,7769,53999,50862,61931,57159,71089,71503,92176,93738,103889,102958,72188,78300,50786,62225,14522,24875,833778,785105,70915,68316,182764,176147,48663,81,97,0
2021/09/30,0,10227,9493,59272,55762,66064,61798,75039,76171,96410,98453,107823,106746,74145,80428,52097,63854,15038,25896,8279,7694,53850,50729,61830,57050,70995,71418,92090,93651,103816,102891,72152,78256,50765,62190,14522,24864,832634,784090,70886,68293,182760,176136,48426,81,97,0
2021/09/29,0,10149,9436,59121,55630,65945,61680,74952,76075,96310,98362,107759,106689,74107,80383,52089,63824,15033,25885,8200,7608,53693,50575,61716,56913,70898,71311,91995,93554,103720,102823,72101,78211,50740,62139,14515,24854,831600,782887,70858,68262,182757,176117,48203,81,97,0
2021/09/28,0,10063,9354,58982,55477,65778,61539,74847,75988,96202,98275,107676,106624,74055,80341,52069,63796,15026,25868,8125,7538,53547,50424,61577,56796,70803,71193,91917,93474,103644,102745,72061,78173,50717,62106,14511,24842,830431,781828,70845,68243,182753,176106,47919,81,97,0
2021/09/27,0,10003,9302,58827,55317,65636,61412,74754,75884,96097,98168,107585,106571,74009,80297,52050,63769,15020,25848,8059,7472,53395,50293,61450,56663,70711,71087,91814,93376,103557,102693,72013,78126,50696,62070,14504,24823,829381,780838,70821,68227,182748,176060,47580,81,97,0
2021/09/26,0,9961,9261,58741,55231,65550,61327,74695,75808,96032,98111,107538,106534,73983,80272,52039,63744,15013,25835,8012,7430,53296,50183,61361,56582,70633,70997,91745,93299,103502,102661,71984,78098,50674,62046,14498,24812,828739,780090,70804,68220,182730,176024,47382,81,97,0
2021/09/25,0,9952,9249,58724,55210,65534,61316,74684,75799,96025,98103,107529,106530,73983,80271,52038,63743,15013,25835,8011,7419,53271,50173,61347,56563,70620,70990,91739,93293,103491,102659,71984,78096,50674,62042,14498,24812,828658,780011,70797,68216,182728,176023,47335,81,97,0
2021/09/24,0,9900,9193,58614,55085,65436,61214,74592,75707,95937,98028,107470,106489,73955,80249,52030,63733,15012,25825,7957,7363,53164,50065,61271,56485,70547,70919,91667,93232,103418,102609,71958,78078,50663,62026,14493,24802,827766,779216,70780,68208,182722,176016,47180,81,97,0
2021/09/23,0,9808,9101,58376,54896,65259,61056,74467,75562,95791,97891,107361,106378,73911,80213,52010,63693,15000,25806,7890,7286,52983,49931,61150,56348,70430,70804,91547,93124,103325,102535,71922,78032,50645,62002,14480,24788,826351,778188,70727,68179,182718,175997,46761,81,97,0
2021/09/22,0,9725,9041,58189,54747,65096,60910,74352,75436,95663,97790,107261,106320,73868,80165,51984,63651,14980,25778,7815,7223,52839,49779,61026,56226,70339,70707,91455,93016,103262,102482,71880,77982,50614,61964,14466,24774,825092,777188,70705,68154,182710,175983,46427,81,97,0
2021/09/21,0,9655,8953,58041,54591,64948,60762,74212,75299,95524,97671,107169,106230,73834,80106,51967,63627,14972,25756,7722,7139,52691,49619,60907,56096,70237,70600,91349,92912,103167,102389,71841,77937,50588,61923,14457,24749,823805,776013,70689,68142,182706,175976,46095,81,97,0
2021/09/20,0,9594,8892,57903,54449,64789,60628,74093,75148,95397,97579,107080,106136,73772,80061,51941,63591,14959,25736,7665,7083,52574,49483,60784,55979,70128,70492,91249,92821,103090,102313,71788,77893,50564,61874,14450,24731,822597,775038,70675,68124,182699,175947,45755,81,97,0
2021/09/19,0,9542,8852,57786,54365,64682,60511,74005,75044,95325,97479,107018,106066,73756,80036,51928,63572,14957,25725,7628,7042,52466,49369,60693,55866,70035,70398,91182,92749,103012,102246,71756,77860,50543,61843,14445,24725,821820,774266,70656,68109,182687,175922,45464,81,97,0
2021/09/18,0,9525,8835,57759,54336,64646,60479,73977,75019,95309,97456,107007,106045,73753,80035,51925,63569,14957,25724,7619,7029,52436,49335,60661,55842,70014,70378,91162,92733,103000,102226,71753,77857,50543,61842,14444,24723,821596,774074,70646,68100,182687,175921,45405,81,97,0
2021/09/17,0,9438,8756,57586,54186,64516,60351,73853,74898,95203,97352,106923,105973,73718,80002,51913,63551,14950,25717,7556,6968,52269,49222,60537,55731,69922,70287,91079,92653,102927,102168,71720,77820,50528,61812,14435,24716,820442,773125,70602,68081,182685,175913,45134,81,97,0
2021/09/16,0,9360,8681,57376,54032,64338,60165,73673,74727,95052,97219,106767,105862,73648,79944,51890,63509,14943,25702,7492,6903,52105,49097,60394,55606,69795,70173,90968,92551,102822,102088,71675,77772,50507,61774,14428,24703,818965,772160,70583,68062,182662,175880,44654,81,97,0
2021/09/15,0,9267,8600,57170,53811,64156,59962,73493,74546,94906,97065,106621,105728,73588,79877,51846,63460,14933,25681,7433,6844,51946,48930,60267,55468,69669,70069,90865,92471,102716,102000,71629,77712,50473,61737,14418,24692,817206,771072,70565,68045,182658,175869,44256,81,97,0
2021/09/14,0,9159,8493,56980,53578,63974,59775,73344,74369,94774,96909,106495,105628,73515,79813,51817,63410,14917,25661,7358,6765,51776,48730,60113,55325,69547,69948,90757,92342,102622,101907,71578,77651,50445,61693,14410,24679,815443,769733,70554,68031,182637,175833,43952,80,97,0
2021/09/13,0,9097,8426,56766,53371,63818,59579,73185,74198,94626,96757,106361,105497,73462,79763,51778,63363,14897,25631,7312,6711,51614,48565,59989,55190,69464,69854,90637,92254,102528,101834,71534,77610,50417,61653,14400,24668,813756,768683,70543,68019,182622,175806,43629,80,97,0
2021/09/12,0,9051,8398,56642,53284,63727,59482,73107,74110,94553,96688,106297,105429,73434,79739,51764,63341,14892,25624,7265,6665,51480,48453,59887,55088,69387,69775,90562,92189,102455,101764,71497,77579,50402,61627,14395,24656,813027,767865,70526,68006,182605,175781,43379,80,95,0
2021/09/11,0,9045,8389,56626,53262,63708,59465,73094,74097,94545,96674,106292,105424,73433,79738,51764,63341,14892,25624,7258,6659,51461,48434,59866,55075,69371,69764,90552,92174,102452,101759,71492,77577,50402,61627,14395,24654,812947,767814,70517,67962,182602,175779,43322,80,95,0
2021/09/10,0,8973,8328,56466,53116,63592,59346,72989,73991,94427,96556,106216,105361,73396,79702,51749,63315,14888,25619,7226,6634,51335,48367,59801,55012,69311,69716,90488,92117,102416,101719,71471,77561,50393,61617,14391,24649,811827,767348,70484,67907,182596,175776,43098,80,95,0
2021/09/09,0,8902,8263,56267,52922,63426,59161,72830,73847,94277,96416,106092,105267,73337,79639,51718,63281,14884,25606,7160,6572,51148,48199,59646,54876,69178,69589,90367,92010,102302,101627,71428,77516,50364,61587,14385,24633,810465,766277,70463,67857,182577,175754,42604,79,95,0
2021/09/08,0,8816,8186,56086,52750,63274,58978,72683,73695,94115,96285,105998,105160,73272,79579,51690,63225,14879,25591,7084,6503,50973,48035,59522,54735,69054,69441,90241,91899,102217,101525,71372,77458,50341,61546,14381,24617,809061,765120,70436,67805,182541,175729,42195,79,95,0
2021/09/07,0,8728,8126,55930,52594,63157,58838,72566,73561,94011,96183,105893,105061,73220,79531,51663,63185,14871,25571,7006,6449,50804,47871,59391,54590,68927,69322,90135,91783,102117,101425,71324,77409,50319,61520,14376,24598,807813,763891,70430,67793,182537,175707,41880,79,95,0
2021/09/06,0,8666,8060,55784,52426,63017,58681,72457,73429,93908,96072,105811,104972,73168,79483,51632,63155,14860,25555,6940,6393,50655,47731,59252,54441,68813,69201,90054,91689,102021,101337,71275,77362,50297,61491,14369,24588,806591,762774,70404,67751,182505,175683,41606,79,95,0
2021/09/05,0,8637,8022,55717,52333,62952,58620,72409,73371,93862,96021,105783,104928,73147,79461,51622,63135,14853,25548,6890,6342,50565,47646,59187,54376,68749,69140,90008,91633,101978,101286,71255,77334,50284,61474,14363,24579,806070,762151,70395,67741,182483,175660,41442,79,95,0
2021/09/04,0,8630,8017,55697,52324,62942,58607,72401,73363,93855,96017,105780,104922,73146,79460,51622,63135,14853,25548,6886,6337,50551,47631,59172,54360,68744,69132,90000,91628,101974,101282,71254,77332,50283,61474,14363,24579,806007,762086,70392,67736,182482,175658,41407,79,95,0
2021/09/03,0,8564,7949,55565,52237,62870,58511,72321,73282,93776,95952,105710,104862,73116,79427,51603,63104,14846,25538,6827,6285,50436,47537,59093,54293,68685,69061,89939,91567,101910,101230,71226,77298,50262,61451,14360,24570,805087,761313,70385,67716,182473,175649,41257,79,95,0
2021/09/02,0,8468,7852,55375,52080,62745,58402,72227,73152,93654,95836,105605,104777,73059,79371,51571,63056,14835,25518,6732,6196,50213,47364,58948,54172,68580,68947,89806,91463,101793,101135,71169,77251,50238,61423,14353,24554,803947,760168,70340,67673,182459,175597,40804,79,95,0
2021/09/01,0,8392,7759,55222,51932,62613,58270,72139,73027,93561,95748,105527,104706,73021,79328,51548,63019,14828,25500,6646,6087,50038,47154,58823,54032,68500,68835,89703,91360,101687,101041,71129,77208,50213,61382,14346,24538,802831,758934,70316,67633,182445,175547,40514,79,94,0
2021/08/31,0,8284,7667,55058,51776,62505,58152,72058,72923,93474,95664,105442,104628,72977,79285,51526,62989,14818,25486,6531,5969,49830,46951,58703,53889,68383,68709,89605,91254,101578,100961,71085,77155,50193,61346,14334,24522,801739,757572,70308,67615,182435,175522,40195,79,94,0
2021/08/30,0,8208,7587,54884,51614,62393,58023,71943,72806,93349,95536,105324,104533,72927,79242,51509,62956,14797,25463,6434,5884,49633,46737,58577,53749,68283,68596,89488,91144,101465,100853,71034,77118,50166,61317,14320,24505,800555,756365,70268,67548,182403,175465,39831,79,94,0
2021/08/29,0,8166,7540,54792,51534,62331,57941,71875,72757,93295,95472,105277,104499,72907,79220,51494,62941,14791,25454,6380,5835,49515,46633,58486,53649,68213,68519,89430,91084,101404,100800,71010,77102,50152,61304,14314,24502,800019,755710,70266,67537,182393,175420,39571,79,94,0
2021/08/28,0,8148,7526,54754,51497,62300,57921,71846,72739,93277,95455,105263,104487,72902,79218,51492,62937,14791,25454,6374,5831,49478,46614,58460,53633,68190,68505,89410,91062,101397,100787,71004,77098,50150,61302,14314,24502,799810,755562,70265,67531,182391,175420,39504,79,94,0
2021/08/27,0,8063,7448,54571,51359,62188,57781,71748,72617,93153,95334,105152,104401,72857,79167,51469,62901,14779,25448,6339,5791,49354,46529,58381,53552,68108,68433,89330,90996,101340,100738,70969,77065,50136,61291,14312,24502,798488,754861,70260,67525,182379,175414,39272,79,94,0
2021/08/26,0,7999,7374,54415,51210,62072,57666,71649,72509,93049,95205,105045,104319,72815,79117,51446,62881,14774,25434,6289,5751,49191,46371,58261,53444,68011,68339,89225,90915,101271,100670,70928,77030,50112,61269,14307,24493,797440,754035,70249,67485,182369,175381,38882,79,94,0
2021/08/25,0,7935,7320,54270,51060,61960,57512,71542,72393,92939,95103,104944,104237,72759,79066,51418,62844,14761,25419,6220,5669,48995,46179,58133,53300,67893,68215,89107,90802,101173,100580,70871,76982,50086,61230,14301,24478,796427,752892,70223,67448,182358,175346,38434,79,94,0
2021/08/24,0,7823,7231,54129,50853,61833,57376,71433,72260,92822,94983,104839,104140,72706,79018,51383,62801,14753,25404,6138,5579,48777,45959,57995,53129,67783,68077,89005,90708,101081,100498,70833,76929,50061,61207,14297,24462,795015,751498,70206,67426,182348,175324,38178,79,92,0
2021/08/23,0,7760,7157,53958,50681,61704,57250,71319,72148,92695,94876,104740,104042,72654,78957,51349,62759,14746,25393,6078,5524,48596,45787,57873,52999,67675,67979,88900,90616,100992,100422,70793,76878,50034,61168,14293,24450,793817,750476,70176,67401,182333,175267,37821,79,92,0
2021/08/22,0,7732,7131,53873,50602,61651,57184,71279,72093,92652,94834,104695,104012,72635,78941,51340,62747,14745,25387,6040,5486,48477,45676,57782,52905,67600,67916,88830,90558,100949,100380,70763,76854,50019,61150,14290,24443,793385,749792,70168,67393,182313,175216,37625,78,92,0
2021/08/21,0,7726,7128,53848,50587,61633,57173,71263,72079,92639,94816,104684,104002,72630,78939,51340,62746,14745,25386,6036,5482,48456,45658,57762,52897,67581,67896,88811,90543,100939,100371,70761,76851,50019,61149,14290,24443,793313,749695,70126,67375,182309,175210,37573,78,92,0
2021/08/20,0,7695,7091,53756,50510,61558,57113,71192,72016,92574,94754,104632,103965,72605,78911,51328,62720,14736,25375,6011,5462,48364,45582,57687,52834,67514,67841,88754,90483,100880,100333,70738,76829,50012,61133,14281,24439,792767,749176,70054,67362,182306,175187,37361,78,91,0
2021/08/19,0,7629,7011,53623,50385,61414,56998,71074,71907,92460,94665,104536,103875,72556,78854,51298,62679,14727,25355,5984,5435,48227,45478,57567,52742,67423,67762,88661,90403,100781,100268,70705,76800,49992,61109,14277,24430,791728,748520,70017,67325,182289,175140,36968,78,91,0
2021/08/18,0,7554,6954,53481,50246,61287,56889,70961,71813,92351,94577,104434,103791,72498,78801,51263,62643,14717,25334,5950,5392,48111,45352,57446,52645,67328,67686,88545,90313,100706,100194,70661,76762,49973,61085,14271,24413,790729,747802,69987,67295,182278,175089,36556,78,91,0
2021/08/17,0,7471,6873,53318,50082,61183,56765,70844,71689,92244,94472,104327,103691,72445,78758,51235,62616,14709,25322,5900,5353,47919,45173,57315,52503,67204,67580,88413,90218,100599,100098,70605,76713,49947,61063,14264,24401,789639,746759,69965,67259,182273,175036,36123,78,91,0
2021/08/16,0,7397,6810,53188,49952,61087,56652,70742,71595,92152,94367,104234,103591,72402,78707,51205,62573,14701,25314,5876,5317,47779,45053,57204,52433,67107,67496,88316,90132,100515,100003,70562,76673,49923,61036,14257,24396,788768,746126,69917,67213,182258,174967,35682,78,90,0
2021/08/15,0,7346,6770,53109,49870,61016,56580,70677,71532,92092,94315,104178,103540,72365,78677,51196,62556,14697,25305,5855,5299,47673,44958,57111,52341,67037,67434,88238,90068,100459,99953,70524,76638,49907,61015,14252,24384,788278,745640,69903,67180,182244,174885,35352,78,89,0
2021/08/14,0,7324,6754,53036,49802,60968,56535,70642,71485,92055,94275,104139,103504,72344,78669,51187,62545,14695,25302,5779,5245,47437,44686,56943,52152,66883,67279,88103,89946,100344,99846,70475,76595,49896,60992,14248,24379,787795,743810,69897,67174,182244,174874,35281,78,89,0
2021/08/13,0,7283,6718,52925,49707,60882,56454,70590,71416,91979,94217,104089,103459,72321,78646,51175,62534,14693,25295,5551,5030,46934,44189,56700,51882,66653,67023,87831,89691,100147,99640,70388,76494,49857,60932,14242,24358,787038,740326,69892,67163,182244,174799,35165,78,89,0
2021/08/12,0,7252,6691,52827,49638,60824,56375,70515,71366,91909,94158,104027,103412,72287,78612,51161,62518,14691,25281,5331,4855,46437,43744,56424,51573,66395,66798,87573,89469,99807,99366,70278,76358,49803,60868,14231,24330,786604,737269,69866,67137,182228,174344,34802,78,88,0
2021/08/11,0,7185,6622,52661,49467,60695,56254,70431,71271,91800,94053,103928,103303,72226,78546,51130,62477,14685,25265,5054,4572,45759,43127,56050,51189,66136,66502,87278,89204,99471,98998,70138,76211,49744,60767,14220,24301,785419,733149,69845,67106,182219,173906,34472,78,88,0
2021/08/10,0,7108,6538,52463,49282,60548,56133,70322,71148,91674,93923,103806,103197,72173,78488,51099,62446,14677,25256,4832,4331,44804,42228,55378,50528,65641,66045,86815,88720,98981,98543,69938,76011,49651,60669,14200,24263,784054,726881,69836,67073,182211,173401,34135,78,88,0
2021/08/09,0,7064,6491,52352,49190,60471,56058,70266,71087,91606,93851,103735,103137,72130,78452,51093,62430,14673,25248,4592,4112,43798,41171,54661,49843,65166,65611,86368,88283,98467,98075,69758,75787,49570,60546,14175,24225,783487,720425,69767,67021,182199,172838,33836,78,88,0
2021/08/08,0,7018,6450,52287,49120,60431,56025,70226,71061,91549,93802,103682,103097,72110,78429,51079,62409,14667,25243,4577,4099,43742,41108,54601,49794,65096,65568,86293,88222,98398,98023,69732,75756,49549,60520,14167,24218,783195,720120,69760,67004,182185,172753,33498,78,88,0
2021/08/07,0,6979,6409,52176,48992,60353,55948,70170,70996,91480,93739,103632,103050,72093,78412,51070,62403,14667,25242,4265,3788,42776,40091,54049,49225,64664,65160,85916,87825,98076,97676,69588,75611,49493,60438,14150,24200,782403,713756,69756,66984,182185,172745,33420,78,86,0
2021/08/06,0,6936,6348,52043,48863,60279,55882,70105,70915,91400,93663,103572,102992,72069,78389,51059,62385,14665,25238,3956,3566,42094,39474,53802,48956,64437,64916,85679,87603,97849,97472,69504,75520,49451,60398,14144,24186,781535,710127,69751,66899,182183,172608,33287,78,86,0
2021/08/05,0,6825,6241,51788,48640,60101,55693,69963,70769,91240,93516,103430,102855,72008,78326,51031,62345,14652,25219,3763,3395,41260,38783,53284,48497,64067,64561,85220,87201,97224,96952,69317,75336,49385,60300,14125,24156,779912,705578,69698,66847,182148,171480,32835,78,86,0
2021/08/04,0,6736,6155,51594,48407,59954,55513,69854,70617,91103,93399,103312,102740,71947,78262,51005,62299,14641,25190,3389,3040,40413,38000,52913,48091,63746,64238,84848,86871,96810,96544,69152,75165,49308,60204,14108,24122,778503,700981,69662,66822,182135,170694,32379,78,86,0
2021/08/03,0,6663,6098,51424,48272,59828,55385,69760,70525,91001,93300,103214,102658,71893,78226,50985,62273,14633,25175,3259,2938,39410,37058,52110,47404,63202,63702,84330,86385,96096,95913,68909,74948,49216,60086,14087,24079,777459,694716,69653,66798,182128,169508,32024,78,86,0
2021/08/02,0,6615,6055,51288,48131,59736,55306,69676,70456,90946,93225,103133,102596,71852,78183,50964,62252,14626,25162,3090,2760,38140,35906,51147,46594,62485,63114,83725,85816,95295,95212,68655,74690,49128,59953,14067,24040,776757,687097,69605,66744,182099,168197,31693,77,86,0
2021/08/01,0,6573,6000,51117,47969,59583,55190,69584,70341,90836,93135,103045,102503,71810,78146,50942,62212,14621,25146,3066,2742,37955,35773,50985,46494,62351,63018,83547,85672,94843,94809,68537,74579,49087,59904,14056,24020,775703,686434,69576,66684,182081,166889,31345,77,86,0
2021/07/31,0,6530,5966,51022,47849,59527,55117,69534,70297,90797,93105,103018,102478,71799,78134,50934,62207,14621,25143,2662,2361,36347,34261,50075,45627,61818,62452,83042,85156,94363,94374,68350,74374,49007,59808,14038,23987,775090,677283,69572,66672,182081,166774,31287,77,86,0
2021/07/30,0,6494,5914,50872,47710,59442,55036,69465,70236,90725,93025,102962,102440,71782,78110,50925,62183,14618,25139,2386,2132,34895,32858,49102,44673,61086,61758,82358,84532,93679,93795,68115,74138,48902,59658,14019,23956,774326,667744,69547,66660,182075,166470,31082,77,86,0
2021/07/29,0,6379,5795,50442,47343,59224,54761,69273,70045,90537,92837,102799,102303,71706,78027,50892,62128,14603,25121,2309,2065,34159,32244,48474,44219,60679,61398,81931,84182,92905,93119,67918,73980,48839,59571,13999,23925,772001,663854,69493,66512,182032,164823,30641,77,86,0
2021/07/28,0,6307,5732,50189,47150,59091,54607,69145,69948,90406,92713,102690,102209,71650,77970,50865,62088,14594,25104,2285,2045,33833,31949,48150,43977,60445,61173,81749,84010,92665,92918,67844,73913,48806,59538,13986,23915,770685,662128,69457,66423,182005,164302,30263,77,85,0
2021/07/27,0,6254,5685,50028,47006,58948,54510,69051,69858,90304,92603,102583,102133,71605,77917,50835,62055,14586,25091,2144,1930,32364,30556,46873,42886,59604,60373,81141,83475,91635,92064,67566,73626,48718,59412,13954,23875,769778,653444,69430,66348,181981,162503,29816,76,85,0
2021/07/26,0,6231,5656,49909,46920,58849,54420,68971,69803,90217,92542,102518,102081,71564,77881,50813,62035,14580,25082,2010,1814,30994,29308,45555,41753,58499,59381,80427,82841,90467,91033,67255,73352,48628,59294,13929,23833,769243,644351,69360,66250,181943,160207,29480,75,85,0
2021/07/25,0,6211,5639,49796,46814,58760,54352,68907,69744,90152,92486,102456,102032,71531,77845,50793,62012,14576,25072,1994,1806,30784,29150,45280,41550,58234,59143,80149,82629,89499,90177,67048,73176,48558,59221,13917,23810,768827,643122,69349,66127,181916,157751,29040,74,85,0
2021/07/24,0,6176,5610,49678,46723,58691,54289,68859,69687,90106,92440,102415,101991,71526,77838,50790,62009,14575,25068,1735,1587,29195,27569,44139,40473,57538,58430,79531,82051,88853,89607,66868,72985,48488,59119,13903,23786,768217,633092,69340,66109,181908,157612,28960,74,84,0
2021/07/23,0,6091,5523,49501,46545,58596,54184,68749,69582,90000,92336,102325,101894,71490,77782,50769,61978,14571,25062,1506,1367,27503,26056,42879,39384,56604,57539,78838,81430,88147,88944,66599,72711,48409,59018,13882,23756,766833,622530,69336,65942,181888,157141,28875,74,84,0
2021/07/22,0,5951,5407,49205,46257,58397,53977,68577,69411,89814,92183,102167,101760,71423,77699,50727,61927,14560,25043,1422,1313,26682,25232,41969,38576,55657,56707,78090,80799,86477,87432,66224,72312,48298,58888,13851,23704,764885,614034,69291,65432,181854,155674,28409,74,84,0
2021/07/21,0,5674,5124,48672,45730,58092,53660,68347,69128,89534,91936,101899,101494,71294,77567,50668,61862,14551,25017,1390,1287,26426,25007,41544,38294,55209,56315,77716,80511,85666,86828,66054,72184,48242,58822,13833,23679,761272,612041,69264,65155,181832,153892,27835,74,84,0
2021/07/20,0,5597,5049,48389,45451,57919,53451,68173,68980,89354,91781,101733,101350,71218,77499,50629,61815,14542,24989,1299,1202,25249,23862,40253,37258,53867,55106,76808,79733,84300,85480,65747,71841,48133,58686,13805,23633,759588,601633,69257,64994,181787,152310,27241,74,84,0
2021/07/19,0,5517,4963,48065,45127,57694,53242,68007,68775,89167,91601,101584,101189,71145,77417,50586,61764,14533,24960,1218,1140,24423,23023,38940,36140,52132,53606,75532,78672,83186,84497,65453,71584,48033,58568,13780,23593,757782,591569,69247,64845,181759,150520,26502,74,84,0
2021/07/18,0,5509,4962,47988,45068,57595,53162,67931,68698,89070,91533,101510,101121,71108,77375,50561,61732,14531,24948,1203,1134,24280,22922,38667,35917,51794,53307,75279,78474,82280,83726,65261,71405,47978,58496,13775,23571,757486,590488,69222,64681,181719,148287,25929,74,84,0
2021/07/17,0,5482,4925,47889,44991,57521,53100,67867,68641,89010,91470,101465,101102,71099,77360,50556,61725,14531,24947,1009,946,22899,21466,37286,34614,50546,52111,74671,77915,81644,83128,65131,71257,47911,58434,13766,23551,756919,579611,69217,64654,181710,148147,25789,74,84,0
2021/07/16,0,5379,4846,47647,44760,57393,52990,67746,68527,88871,91373,101358,100999,71052,77309,50533,61706,14525,24941,813,784,21649,20233,35992,33375,49087,50790,73660,76979,80941,82466,64910,71034,47829,58333,13747,23519,755452,567987,69215,64589,181703,147942,25539,74,84,0
2021/07/15,0,5236,4717,47246,44439,57182,52797,67551,68340,88656,91173,101169,100831,70954,77207,50484,61632,14516,24912,754,741,21045,19730,35058,32671,47848,49837,72470,76059,78780,80330,64310,70433,47688,58154,13728,23456,753386,558616,69196,63548,181658,146093,24751,74,84,0
2021/07/14,0,4864,4392,46654,43863,56948,52530,67346,68136,88442,90929,100953,100633,70846,77097,50416,61549,14504,24888,736,724,20843,19584,34793,32512,47473,49533,71930,75667,78110,79793,63986,70153,47605,58071,13705,23420,749934,556790,69177,63358,181605,144185,24223,74,82,0
2021/07/13,0,4773,4312,46457,43708,56785,52369,67183,67986,88286,90801,100806,100505,70773,77034,50378,61502,14500,24872,707,685,20283,19046,33761,31690,45848,48074,70157,73998,76501,78231,63609,69761,47475,57900,13676,23368,748569,545827,69160,62582,181531,142560,23719,74,82,0
2021/07/12,0,4708,4233,46271,43515,56630,52225,67028,67860,88115,90664,100650,100367,70698,76946,50340,61446,14493,24854,683,664,19811,18614,32967,31066,44186,46616,67775,71922,74604,76724,63079,69175,47331,57737,13647,23316,747293,534709,69136,62014,181431,139982,23131,74,81,0
2021/07/11,0,4703,4230,46200,43460,56565,52175,66974,67821,88052,90610,100578,100306,70661,76903,50330,61431,14490,24840,675,659,19601,18470,32614,30815,43735,46238,67316,71561,73822,76027,62678,68796,47260,57648,13631,23283,747136,532903,69124,61689,181365,137506,22650,74,81,0
2021/07/10,0,4577,4095,45913,43153,56380,51976,66827,67646,87918,90471,100476,100199,70605,76846,50309,61404,14487,24831,643,627,19039,17919,31670,29957,41986,44655,65831,70278,73186,75407,62511,68644,47207,57596,13624,23269,745036,522285,69118,61673,181353,137458,22552,74,81,0
2021/07/09,0,4448,3977,45642,42900,56215,51778,66664,67481,87765,90305,100340,100094,70552,76773,50272,61363,14482,24819,596,578,18454,17349,30702,28994,40030,42723,63538,68152,72026,74266,62236,68318,47131,57470,13606,23243,742979,508599,69102,61292,181347,137052,22388,74,81,0
2021/07/08,0,4419,3951,45501,42788,56089,51655,66535,67380,87637,90183,100220,99995,70497,76720,50251,61325,14471,24805,549,534,17515,16551,29302,27958,38310,41269,61406,66327,68661,71110,61337,67343,46886,57125,13561,23147,742250,493338,69043,59214,181276,134465,21793,74,81,0
2021/07/07,0,4407,3945,45434,42746,56002,51600,66448,67336,87581,90144,100176,99944,70480,76697,50241,61307,14467,24795,471,481,16559,15701,27915,26942,36783,40035,59784,64869,65427,67632,60316,66297,46647,56802,13511,23074,741935,478035,68996,57299,181224,132308,21523,74,81,0
2021/07/06,0,4355,3896,45289,42615,55868,51458,66343,67227,87474,90051,100093,99859,70441,76636,50223,61280,14464,24781,404,417,15793,14966,26835,26036,34935,38321,56381,61842,62769,65168,59558,65506,46373,56467,13471,22971,740792,460136,68973,56474,181167,130172,21350,73,81,0
2021/07/05,0,4292,3851,45104,42440,55716,51353,66216,67115,87354,89957,100005,99762,70378,76572,50201,61252,14461,24765,370,365,15130,14347,25885,25224,33699,37186,53284,58865,59993,62701,58717,64689,46118,56155,13426,22893,739588,444055,68929,56121,181089,127676,21116,73,79,0
2021/07/04,0,4284,3844,45055,42406,55647,51316,66170,67086,87314,89925,99973,99734,70354,76551,50195,61237,14455,24754,351,345,14926,14143,25440,24863,33094,36657,52619,58336,59005,61838,58049,64055,45934,55950,13407,22843,739384,439961,68895,55918,181019,124967,20930,73,79,0
2021/07/03,0,4064,3665,44523,41845,55327,50940,65874,66805,87065,89665,99773,99536,70281,76479,50172,61191,14451,24742,333,329,14636,13820,25083,24506,32117,35736,50874,56786,58137,61100,57875,63857,45866,55865,13395,22818,735581,431381,68876,55898,181013,124919,20856,73,79,0
2021/07/02,0,3753,3378,43871,41248,55000,50598,65586,66500,86792,89415,99538,99311,70178,76365,50120,61121,14445,24725,306,292,14218,13373,24380,23887,30957,34669,48240,54616,55997,59311,57477,63426,45706,55705,13379,22781,731241,418849,68855,54845,181000,124182,20777,72,67,0
2021/07/01,0,3615,3268,43516,40897,54796,50420,65426,66336,86635,89273,99383,99191,70109,76297,50089,61087,14438,24710,262,251,13526,12694,23076,22799,29277,33154,46221,52870,53499,57030,56051,61853,45211,55088,13305,22653,729100,405310,68788,52526,180951,120342,20576,72,66,0
2021/06/30,0,3604,3251,43251,40701,54614,50282,65304,66233,86544,89209,99311,99139,70081,76274,50077,61065,14434,24699,200,212,12783,12094,21912,21897,27686,31782,44368,51153,49863,53064,54716,60513,44855,54647,13249,22524,727945,389542,68732,50620,180931,116896,20394,72,66,0
2021/06/29,0,3389,3031,42333,39872,54004,49673,64863,65792,86128,88755,98962,98811,69956,76125,50020,60994,14414,24668,171,160,12185,11493,21109,21127,26313,30575,41744,48738,47988,51514,53742,59404,44447,54111,13154,22371,721946,377494,68678,49093,180915,113515,20180,72,64,0
2021/06/28,0,3171,2847,41377,38879,53335,49020,64398,65397,85746,88361,98629,98467,69816,75964,49955,60894,14396,24644,128,128,11684,11044,20447,20538,25344,29676,39650,46794,46359,50145,52638,58358,44086,53605,13074,22248,715775,368003,68564,48054,180904,109843,19982,72,64,0
2021/06/27,0,3166,2844,41340,38843,53286,48981,64356,65360,85693,88325,98576,98439,69796,75950,49946,60880,14391,24640,110,111,11491,10851,20122,20224,24765,29114,38623,45940,45193,49053,51607,57345,43651,53097,12992,22104,715546,363402,68534,47610,180868,105524,19793,72,64,0
2021/06/26,0,2684,2370,39948,37483,52565,48242,63804,64796,85205,87805,98151,98006,69606,75774,49873,60776,14372,24617,100,100,11376,10748,19954,20070,24565,28897,38146,45501,44823,48699,51492,57199,43604,53048,12987,22090,706851,360445,68505,47605,180868,105503,19782,72,64,0
2021/06/25,0,2279,2034,39104,36677,52212,47882,63475,64471,84925,87493,97902,97740,69502,75657,49826,60714,14358,24595,76,82,11075,10437,19572,19642,24033,28272,35462,43192,42635,46782,51153,56819,43505,52916,12963,22059,701796,348857,68368,47158,180861,104846,19750,72,64,0
2021/06/24,0,2225,1981,38614,36216,51863,47558,63254,64256,84688,87298,97716,97583,69420,75591,49791,60668,14352,24580,63,59,10480,9854,18508,18754,22605,27017,33357,41350,40199,44487,49670,55164,42934,52214,12846,21856,698846,335954,68338,44558,180840,101284,19559,72,62,0
2021/06/23,0,2212,1957,38382,35988,51695,47386,63136,64144,84587,87200,97639,97498,69389,75560,49771,60647,14348,24568,36,33,10026,9419,17879,18193,21671,26153,31414,39712,36234,40014,48370,53801,42548,51706,12764,21689,697598,320389,68301,43926,180824,97970,19315,70,62,0
2021/06/22,0,2133,1896,37395,35064,50941,46707,62651,63695,84212,86788,97272,97185,69239,75417,49704,60566,14335,24535,13,18,9559,8989,17006,17500,20442,25069,28286,36950,33929,38129,47412,52824,42138,51146,12623,21454,691445,308201,68254,41182,180811,94887,19156,70,61,0
2021/06/21,0,1986,1757,36049,33853,49920,45840,61928,63030,83713,86316,96832,96778,69068,75246,49638,60471,14324,24500,9,11,9241,8696,16544,17136,19816,24587,26539,35384,32388,36834,46356,51743,41685,50594,12517,21262,683501,300828,68220,40539,180796,91249,18665,68,61,0
2021/06/20,0,1975,1748,35961,33800,49770,45712,61784,62889,83632,86254,96757,96715,69034,75218,49623,60453,14324,24488,8,10,9091,8593,16326,16964,19500,24326,25722,34731,31447,35878,46160,51540,41654,50542,12508,21241,682831,297037,68176,39943,180778,90915,18285,68,61,0
2021/06/19,0,1607,1448,34352,32253,48871,44896,61299,62384,83162,85779,96351,96363,68887,75052,49556,60372,14309,24464,7,9,9050,8520,16222,16841,19381,24172,25617,34573,31317,35734,46064,51444,41636,50517,12504,21231,674145,295696,68157,39940,180771,90877,18265,68,61,0
2021/06/18,0,1409,1274,32713,30673,47663,43707,60358,61464,82355,85030,95738,95786,68668,74830,49467,60234,14293,24434,7,9,8976,8434,16061,16684,19190,23977,25364,34332,31031,35413,45767,51096,41550,50440,12491,21217,663025,293489,68022,39822,180770,90455,18212,68,61,0
2021/06/17,0,1334,1216,31793,29839,46800,43003,59551,60613,81611,84381,95326,95403,68527,74685,49426,60156,14279,24405,7,9,8437,8068,15369,16129,18358,23145,24255,33205,29552,34052,44439,49589,41063,49830,12371,21028,656108,284534,67906,38991,180739,87793,17528,68,60,0
2021/06/16,0,1251,1152,31104,29143,45996,42253,58632,59734,80832,83609,94902,95025,68392,74525,49368,60064,14259,24378,7,8,7947,7745,14747,15609,17575,22419,23114,32244,28372,32938,42538,47463,40510,49249,12263,20842,649050,274756,67779,38388,180720,85384,17003,68,59,0
2021/06/15,0,1109,1033,29217,27371,44248,40739,57037,58101,79445,82288,94140,94351,68104,74231,49254,59907,14226,24313,7,6,7776,7619,14433,15367,17207,22115,22592,31857,27832,32507,41598,46444,40123,48821,12139,20621,634123,271663,67730,37881,180681,82948,16513,68,59,0
2021/06/14,0,1016,919,27672,25908,42640,39222,55384,56451,78344,81175,93445,93722,67855,73987,49160,59784,14206,24268,6,5,7594,7445,14055,15029,16676,21668,21898,31273,27149,31913,41211,46020,39739,48367,12008,20415,620895,268970,67672,37465,180652,80105,15873,67,58,0
2021/06/13,0,992,894,27471,25728,42255,38884,54834,55924,77997,80865,93252,93532,67765,73907,49123,59725,14191,24243,6,5,7453,7277,13781,14735,16286,21266,21465,30779,26608,31408,40813,45615,39272,47799,11828,20128,618175,266863,67530,37392,180624,77024,15187,67,58,0
2021/06/12,0,863,780,25962,24144,41103,37812,54160,55191,77468,80370,92701,93006,67609,73730,49055,59648,14178,24222,6,5,7405,7227,13654,14623,16151,21150,21282,30629,26486,31301,40794,45598,39262,47788,11828,20127,608673,266065,67524,37388,180618,76683,15122,66,58,0
2021/06/11,0,750,671,24351,22630,39754,36624,52932,53981,76498,79519,92126,92430,67375,73496,48993,59540,14159,24187,6,5,7350,7134,13478,14431,15931,20953,21008,30369,26212,31040,40488,45222,39177,47673,11810,20098,596940,264155,67443,37242,180609,75971,14959,66,58,0
2021/06/10,0,648,582,23354,21628,38535,35447,51324,52477,75178,78323,90517,90883,67019,73100,48867,59366,14134,24133,6,5,7068,6911,12949,13996,15286,20380,20245,29618,25414,30361,39782,44361,38823,47254,11696,19913,584053,260675,66951,37207,180558,72240,13888,66,58,0
2021/06/09,0,578,532,22902,21242,37874,34926,50218,51432,73932,77130,89923,90378,66893,72953,48816,59280,14119,24102,6,5,6796,6602,12358,13391,14497,19565,19326,28595,24426,29199,37214,41441,38256,46609,11546,19675,576883,250346,66492,37134,180521,68701,13269,66,57,0
2021/06/08,0,472,421,21385,19792,36272,33559,48103,49470,71794,75193,88449,88897,66577,72569,48680,59119,14086,24058,6,5,6664,6430,11969,13012,14008,19076,18721,27989,23863,28661,36927,41185,37965,46242,11438,19518,559530,248671,66212,37052,180489,65300,12600,66,56,0
2021/06/07,0,356,327,20380,18825,34729,32227,45830,47447,69657,73309,87471,88049,66353,72301,48606,58984,14066,24021,6,5,6509,6269,11544,12656,13464,18592,17992,27402,23227,28063,36607,40881,37545,45761,11325,19319,544353,246666,66036,36983,180435,61413,12049,66,56,0
2021/06/06,0,333,306,20199,18677,34335,31943,45221,46875,69036,72823,87258,87883,66296,72239,48594,58957,14059,24009,6,5,6378,6096,11217,12242,13032,18018,17350,26590,22529,27254,36139,40405,37062,45208,11168,19049,541231,244209,65709,36929,180388,56905,11650,66,55,0
2021/06/05,0,261,241,18959,17419,33018,30731,43995,45699,68460,72304,86725,87373,66205,72137,48546,58909,14052,23997,6,5,6326,6012,11112,12074,12903,17838,17177,26380,22358,27059,36073,40326,37040,45184,11166,19044,531261,243593,65708,36516,180372,56295,11625,66,54,0
2021/06/04,0,180,171,17772,16273,31713,29446,42441,44199,67119,70987,85918,86620,66018,71925,48471,58817,14036,23968,6,5,6222,5873,10931,11863,12686,17580,16821,25995,21837,26618,35179,39468,36724,44884,11149,19022,518453,241739,65642,36188,180365,53334,11549,66,53,0
2021/06/03,0,125,118,17135,15702,30727,28617,40978,42898,65340,69453,83670,84338,65593,71470,48343,58655,14018,23930,6,5,6049,5662,10619,11507,12365,17110,16364,25331,21283,26034,34511,38674,36549,44680,11116,18972,504667,239384,64941,35800,180326,50491,11111,66,51,0
2021/06/02,0,96,75,16793,15392,30413,28351,40310,42275,63749,68059,82730,83535,65451,71305,48283,58574,14015,23915,6,4,5931,5569,10439,11345,12132,16892,16068,25021,20933,25635,31262,35049,36321,44458,11087,18919,497150,230663,64938,35467,180324,50046,10844,66,51,0
2021/06/01,0,38,40,16006,14725,28911,27249,37942,40210,60173,64878,80300,81213,65099,70940,48155,58384,13981,23862,6,4,5657,5293,9912,10915,11591,16295,15396,24223,20198,24872,30920,34750,36124,44280,11058,18857,478787,229189,63378,34961,180259,46535,9617,65,49,0
2021/05/31,0,30,32,15444,14251,27968,26544,35984,38546,56731,61847,78267,79510,64766,70583,48011,58209,13949,23810,6,3,5493,5089,9502,10549,11159,15809,14856,23535,19570,24165,30634,34495,35939,44087,11023,18800,463016,228491,62653,34573,180194,43047,8554,65,49,0
2021/05/30,0,28,29,15300,14122,27680,26307,35533,38135,56017,61230,77944,79235,64704,70525,47986,58174,13945,23799,6,3,5391,4894,9173,10187,10745,15320,14400,22731,19034,23388,29951,33775,35712,43895,11001,18737,460027,228014,62214,34491,180147,37555,8240,65,43,0
2021/05/29,0,26,28,14903,13730,26831,25497,33776,36547,54534,59932,77353,78670,64554,70374,47933,58121,13938,23785,6,3,5358,4821,9104,10070,10650,15199,14288,22579,18900,23247,29922,33752,35706,43887,11000,18734,449909,227512,62181,34491,180143,36946,8234,65,43,0
2021/05/28,0,23,27,14498,13334,26017,24754,31928,34787,52365,57924,76302,77674,64349,70122,47881,58044,13928,23762,6,3,5273,4707,8925,9925,10490,15024,14123,22339,18687,22943,29852,33702,35689,43870,10999,18729,437969,226823,61712,34484,180052,36016,7921,65,42,0
2021/05/27,0,19,22,13869,12867,24946,24033,30674,33859,50752,56547,73199,74690,63906,69583,47747,57882,13905,23706,6,3,5160,4474,8590,9584,10084,14586,13674,21702,18178,22342,29627,33496,35578,43756,10978,18700,425804,226154,59747,34412,179421,32741,7169,65,42,0
2021/05/26,0,18,20,13384,12447,24030,23385,29748,33155,49663,55620,70239,71495,63291,68970,47612,57712,13874,23660,6,3,5072,4312,8334,9269,9778,14195,13315,21099,17744,21740,29430,33328,35480,43650,10951,18648,414973,225528,57564,34293,178922,29692,6799,65,42,0
2021/05/25,0,18,15,13045,12150,23449,22979,28692,32291,47060,53377,67977,69368,62939,68604,47498,57563,13856,23606,6,3,4991,4191,8117,9005,9524,13817,13002,20576,17355,21186,29268,33170,35396,43544,10924,18593,403111,224951,56494,34210,178297,26947,6520,65,40,0
2021/05/24,0,17,14,12745,11869,22946,22598,28069,31836,44441,50944,65515,67175,62629,68305,47387,57437,13820,23549,6,3,4920,4082,7866,8771,9200,13431,12672,20061,16966,20624,29122,33029,35321,43472,10900,18545,391446,224353,56005,34144,177627,24302,6153,65,39,0
2021/05/23,0,17,14,12683,11802,22849,22513,27989,31756,44182,50716,64926,66626,62549,68217,47362,57419,13818,23547,6,3,4899,4067,7829,8739,9138,13396,12591,19997,16886,20565,29112,33013,35317,43464,10900,18543,389237,224052,55924,34136,177613,24093,6147,64,37,0
2021/05/22,0,17,14,12459,11564,22531,22205,26983,30867,42346,49139,64070,65884,62386,68026,47296,57327,13808,23523,6,3,4883,4012,7801,8673,9094,13329,12559,19910,16856,20495,29101,33003,35313,43458,10899,18542,380744,223957,55913,34136,177608,23691,6116,64,37,0
2021/05/21,0,17,13,12157,11310,21954,21757,26164,30174,39957,47246,62095,64213,62123,67752,47212,57239,13793,23497,6,3,4864,3984,7745,8586,9027,13241,12482,19816,16780,20408,29085,32977,35306,43447,10897,18541,370292,223755,54855,34121,177418,23238,6044,64,37,0
2021/05/20,0,16,13,11548,10738,20829,20857,25009,29146,38450,45968,59746,62138,61303,66852,47011,56977,13759,23441,6,3,4589,3807,7342,8299,8582,12842,12027,19303,16357,19884,28964,32878,35255,43391,10893,18531,359780,223337,52499,34010,176133,20244,5325,64,37,0
2021/05/19,0,16,13,11103,10424,20042,20300,24158,28543,37544,45282,56509,58497,60611,66148,46903,56842,13736,23394,6,3,4436,3649,7086,8052,8302,12510,11692,18869,15984,19462,28864,32765,35212,43315,10882,18516,349281,222840,50880,33891,175004,18000,4838,62,36,0
2021/05/18,0,16,13,10776,10139,19457,19848,23500,27976,36132,44048,55088,57362,60237,65720,46772,56681,13711,23368,6,3,4331,3522,6839,7815,8037,12224,11455,18463,15635,19026,28777,32671,35182,43273,10878,18509,343857,222536,49022,33808,173525,15888,4378,62,36,0
2021/05/17,0,15,12,10556,9963,19018,19557,23063,27663,34932,43057,53771,56320,59985,65472,46708,56582,13695,23334,6,3,4261,3436,6631,7596,7785,11930,11198,18068,15322,18618,28682,32581,35157,43231,10872,18495,339767,222229,48028,33739,172005,14025,3843,60,36,0
2021/05/16,0,15,11,10365,9833,18725,19353,22728,27420,34291,42595,52532,55149,59791,65306,46671,56528,13684,23314,6,3,4193,3361,6414,7431,7496,11675,10926,17713,15026,18253,28616,32519,35141,43213,10865,18491,337320,221969,47145,33677,170391,12264,3396,59,36,0
2021/05/15,0,15,11,10269,9733,18572,19205,22557,27274,33908,42228,52134,54769,59675,65159,46623,56482,13681,23298,6,3,4152,3325,6329,7364,7402,11572,10824,17593,14920,18122,28522,32401,35047,43121,10861,18486,334914,220875,47144,33674,170257,12245,3220,58,36,0
2021/05/14,0,14,11,9986,9531,18143,18965,22153,26983,31561,40448,49984,52911,59453,64930,46575,56396,13664,23277,6,3,4024,3243,6041,7198,7095,11346,10476,17240,14571,17794,27948,31695,34924,42929,10842,18458,325753,217570,47091,33668,169646,12121,2438,57,36,0
2021/05/13,0,14,11,9522,9164,17346,18398,21284,26299,30442,39457,47735,50740,58602,63952,46364,56112,13625,23203,6,3,3525,3050,5700,6943,6782,11035,10063,16850,14195,17356,27043,30495,34497,42407,10811,18398,317239,212951,45227,33110,167619,10932,2130,55,36,0
2021/05/12,0,14,11,9232,8971,16911,18138,20807,26008,29911,39072,44735,47092,58028,63310,46280,55998,13607,23178,6,3,3386,2962,5467,6832,6501,10888,9781,16641,13957,17089,26395,29670,34331,42214,10785,18364,308038,209916,44410,33083,167326,10763,1474,55,36,0
2021/05/11,0,14,11,8798,8697,16138,17618,19940,25387,28171,37627,42795,45586,57651,62861,46196,55863,13586,23150,6,3,3264,2833,5233,6489,6203,10474,9413,16081,13518,16528,24971,27999,33820,41586,10734,18276,302532,203928,41354,32899,164843,9263,1305,55,36,0
2021/05/10,0,14,10,8537,8545,15625,17361,19309,25064,27177,36935,41333,44438,57383,62586,46117,55758,13565,23119,6,2,3154,2706,5003,6250,5947,10150,9087,15603,13153,16103,23922,26667,33331,41001,10698,18218,299216,199267,40447,32869,162171,7841,988,54,36,0
2021/05/09,0,14,10,8381,8460,15321,17177,18927,24805,26507,36505,39550,42770,57086,62307,46061,55700,13557,23099,6,2,3033,2650,4822,6108,5777,9974,8887,15395,12982,15928,23645,26333,33185,40827,10688,18203,296234,198061,40066,32825,159173,6811,712,52,36,0
2021/05/08,0,14,10,8305,8387,15138,17031,18717,24605,26278,36264,39313,42572,56958,62156,46023,55663,13554,23088,6,2,3025,2629,4791,6072,5733,9928,8810,15328,12895,15858,23274,25905,32899,40513,10680,18187,294656,196870,39609,32109,159048,6808,712,51,36,0
2021/05/07,0,13,10,8135,8288,14809,16846,18324,24367,25851,35975,38853,42190,56682,61801,45974,55615,13547,23078,6,2,2726,2494,4442,5885,5462,9668,8494,15016,12499,15460,22174,24524,32248,39677,10652,18137,292102,193393,39176,30608,158714,5215,316,50,34,0
2021/05/06,0,12,10,7486,7930,13909,16241,17265,23510,24502,34861,36706,40523,55553,60480,45729,55309,13512,23011,6,2,2600,2382,4268,5687,5250,9361,8149,14575,12064,15002,20865,22847,31395,38666,10598,18023,281438,187762,37890,29646,156892,4021,279,50,32,0
2021/05/05,0,10,10,6949,7622,13123,15695,16220,22746,23113,33832,34875,39028,53707,58437,45408,54963,13478,22945,6,2,2514,2325,4092,5531,5058,9149,7800,14234,11693,14642,19473,21063,30198,37247,10558,17920,269957,181616,36962,28468,155092,3289,100,50,32,0
2021/05/04,0,10,9,6759,7530,12753,15518,15728,22473,22466,33486,33911,38325,52853,57474,45285,54836,13460,22904,6,2,2460,2255,3937,5359,4881,8895,7456,13823,11267,14181,17820,19129,29095,35912,10462,17800,266164,174775,36091,27527,153429,2360,47,49,31,0
2021/05/03,0,10,8,6613,7381,12373,15297,15217,22159,21753,33078,32756,37433,52550,57154,45189,54727,13445,22872,6,2,2400,2187,3843,5179,4740,8660,7237,13474,10947,13772,16615,17630,28214,34807,10397,17692,262847,169190,35628,27177,151457,1369,35,48,31,0
2021/05/02,0,10,8,6533,7290,12159,15126,14915,21924,21274,32756,31602,36482,52266,56864,45127,54636,13427,22841,6,2,2385,2180,3821,5146,4709,8624,7170,13403,10861,13678,16302,17233,27916,34502,10385,17678,260400,167613,35553,27063,149206,1262,34,47,29,0
2021/05/01,0,10,8,6515,7265,12095,15075,14834,21861,21171,32684,31475,36385,52260,56849,45123,54635,13425,22839,6,2,2382,2172,3797,5129,4668,8600,7132,13366,10800,13622,16104,17010,27801,34365,10382,17668,259821,166647,35552,27036,149055,1260,34,47,29,0
2021/04/30,0,10,8,6477,7227,12002,14981,14728,21740,20975,32496,31233,36193,51989,56489,45078,54582,13419,22827,6,2,2353,2151,3735,5067,4571,8489,6982,13184,10521,13357,15288,15984,26931,33292,10341,17580,258031,163436,35508,25145,148835,1191,33,47,29,0
2021/04/29,0,10,8,6272,7100,11681,14794,14369,21498,20453,32205,30477,35700,51340,55661,44987,54463,13393,22747,6,2,2315,2105,3643,4978,4447,8353,6790,12964,10243,13067,14312,14749,25623,31740,10278,17483,254830,157718,35412,24393,146837,928,32,47,27,0
2021/04/28,0,10,8,6009,6935,11299,14450,13872,21031,19808,31600,29308,34565,48672,52652,44693,54138,13330,22669,6,2,2277,2063,3573,4915,4331,8238,6628,12781,9991,12847,13166,13267,24131,29859,10215,17380,244858,151730,35285,23186,144843,711,18,45,25,0
2021/04/27,0,10,8,5906,6844,11143,14326,13670,20865,19521,31386,28744,34177,48463,52428,44637,54084,13321,22647,6,2,2235,2028,3482,4822,4238,8129,6463,12595,9707,12571,11948,11698,22471,27698,10136,17234,243458,144888,35238,22000,143422,534,18,44,23,0
2021/04/26,0,10,8,5857,6802,11020,14258,13507,20739,19292,31174,27906,33608,48124,52057,44583,54018,13312,22618,6,2,2213,2001,3427,4777,4175,8062,6359,12462,9519,12395,11029,10538,21190,25935,10075,17143,242707,139597,35210,21250,140916,423,18,42,20,0
2021/04/25,0,10,8,5812,6755,10913,14160,13343,20581,19042,30887,27143,32866,47627,51546,44499,53921,13298,22598,6,2,2188,1991,3395,4757,4156,8041,6326,12420,9461,12334,10867,10344,20948,25611,10065,17129,240983,138740,35165,20898,138802,365,18,41,20,0
2021/04/24,0,10,8,5790,6707,10832,14066,13243,20435,18907,30707,26979,32681,47524,51423,44406,53825,13294,22593,6,2,2181,1980,3370,4729,4117,7994,6255,12348,9330,12217,10710,10163,20814,25480,10049,17111,239481,138215,35147,20257,138743,346,18,41,20,0
2021/04/23,0,10,8,5729,6618,10698,13866,13037,20179,18591,30326,26575,32319,46576,50284,44252,53580,13271,22561,6,2,2163,1958,3328,4692,4067,7940,6161,12256,9166,12089,10443,9862,20488,25060,10000,17028,235063,137087,35088,19249,138270,335,18,41,20,0
2021/04/22,0,10,8,5628,6505,10486,13667,12683,19840,18075,29852,25941,31721,44845,48128,43683,52850,13225,22462,5,2,2149,1947,3287,4639,3990,7865,6031,12157,8907,11926,10009,9456,20030,24467,9950,16950,228792,134954,34975,18473,135783,303,18,41,19,0
2021/04/21,0,10,7,5530,6370,10256,13465,12350,19525,17569,29354,25222,30987,40562,43256,43206,52315,13158,22357,5,2,2136,1938,3250,4602,3934,7807,5949,12064,8731,11766,9677,9071,19529,23874,9884,16852,216645,133301,34912,17458,133883,279,18,41,15,0
2021/04/20,0,10,7,5452,6279,10058,13243,12071,19257,17145,28943,24662,30415,38807,41239,42550,51535,13087,22217,5,2,2111,1925,3209,4578,3868,7763,5818,11965,8559,11639,9393,8751,19056,23203,9787,16712,210381,131929,34821,16157,131716,225,18,41,15,0
2021/04/19,0,10,6,5372,6203,9898,13113,11863,19047,16783,28560,24115,29941,37250,39446,41957,50814,13032,22129,5,2,2095,1908,3173,4543,3827,7717,5778,11894,8476,11547,9155,8466,18647,22636,9740,16619,205339,130227,34763,15764,129378,204,18,41,15,0
2021/04/18,0,10,5,5310,6154,9764,13027,11661,18907,16501,28361,23703,29626,35934,38080,41603,50407,12998,22065,5,2,2082,1893,3146,4521,3800,7701,5733,11847,8423,11497,9057,8377,18494,22449,9727,16593,203776,129739,34720,15376,125561,199,18,41,15,0
2021/04/17,0,10,5,5304,6138,9730,12996,11614,18867,16423,28293,23639,29567,35621,37738,41494,50309,12992,22054,5,2,2072,1885,3118,4508,3741,7656,5663,11794,8335,11445,8945,8266,18388,22331,9706,16580,202545,128925,34710,15284,125480,198,18,41,15,0
2021/04/16,0,10,5,5239,6098,9643,12934,11477,18755,16209,28131,23287,29218,34536,36471,41081,49784,12972,22020,5,2,1939,1798,2889,4325,3380,7334,4887,11253,6836,10347,6404,6179,16561,20622,9510,16280,198369,119495,34620,10830,124824,195,17,40,14,0
2021/04/15,0,10,5,5172,6008,9438,12760,11178,18509,15711,27737,22592,28613,32633,34156,40033,48575,12890,21853,5,2,1896,1765,2821,4258,3260,7212,4669,11070,6458,10036,5944,5779,15970,19936,9318,15945,192528,116351,34566,9777,120724,186,17,38,13,0
2021/04/14,0,10,5,5110,5963,9271,12633,10959,18332,15306,27419,21937,28129,30700,31904,38814,47152,12815,21667,5,2,1811,1710,2738,4189,3147,7118,4465,10905,6148,9786,5466,5364,15386,19246,9114,15590,186132,113714,34425,8317,117514,129,17,38,13,0
2021/04/13,0,10,5,5062,5909,9133,12503,10779,18164,14961,27142,21413,27667,28591,29448,37548,45551,12672,21460,5,2,1768,1692,2701,4146,3091,7055,4331,10765,5878,9573,5125,5061,14935,18795,8978,15385,179212,112286,34358,6936,114394,34,17,37,13,0
2021/04/12,0,10,5,4997,5860,9025,12363,10572,18017,14639,26860,20872,27210,26549,27175,36387,44085,12542,21259,5,2,1733,1648,2670,4124,3062,7000,4272,10697,5775,9472,4959,4914,14633,18427,8866,15185,173486,111433,34277,5948,110610,33,17,37,13,0
2021/04/11,0,10,5,4961,5817,8931,12283,10412,17915,14374,26682,20445,26886,25342,25883,35682,43299,12453,21108,5,2,1724,1642,2647,4103,3037,6971,4237,10650,5688,9404,4866,4858,14517,18301,8827,15133,171692,111219,34203,5337,106540,27,16,37,13,0
2021/04/10,0,10,5,4949,5802,8889,12255,10355,17881,14306,26631,20347,26805,25027,25507,35334,42879,12446,21087,5,2,1720,1636,2637,4094,3023,6954,4207,10619,5628,9365,4788,4781,14387,18135,8780,15047,170475,110416,33476,5336,106511,27,16,37,13,0
2021/04/09,0,10,5,4902,5770,8804,12175,10229,17756,14137,26456,20085,26558,24184,24352,34378,41667,12413,21013,4,2,1692,1607,2581,4059,2951,6893,4057,10509,5371,9139,4371,4405,13816,17418,8552,14678,167095,106726,31958,5327,105793,27,12,36,13,0
2021/04/08,0,10,5,4828,5705,8657,12067,10014,17584,13737,26140,19481,26084,22472,22356,32679,39690,12263,20776,4,2,1662,1591,2526,4013,2867,6808,3909,10372,5078,8875,3910,3977,12819,16171,8066,13914,161310,101723,31050,4793,102141,23,12,35,13,0
2021/04/07,0,10,4,4781,5651,8472,11986,9788,17435,13418,25911,19007,25722,20659,20237,30917,37427,12145,20560,4,2,1629,1575,2470,3959,2806,6726,3802,10227,4887,8685,3644,3685,12126,15363,7689,13354,155252,98380,29869,4215,98967,14,11,31,13,0
2021/04/06,0,10,4,4732,5605,8329,11874,9628,17268,13099,25643,18486,25334,18802,18165,28985,34932,11942,20215,4,2,1594,1556,2445,3933,2772,6686,3738,10182,4804,8591,3532,3560,11648,14712,7401,12939,148388,96049,28903,4014,95722,13,11,29,12,0
2021/04/05,0,10,4,4701,5564,8234,11783,9490,17170,12886,25431,18084,24989,17075,16234,27357,32775,11794,19987,4,2,1572,1544,2413,3915,2743,6637,3695,10123,4716,8475,3419,3451,11305,14342,7244,12656,142963,94647,28469,3574,92098,12,11,27,12,0
2021/04/04,0,10,4,4694,5558,8225,11772,9476,17153,12860,25410,18056,24964,16943,16058,27161,32529,11785,19973,4,2,1570,1543,2411,3912,2740,6633,3693,10119,4711,8472,3410,3440,11294,14330,7240,12648,142240,94565,28376,3574,91981,12,9,25,12,0
2021/04/03,0,10,4,4690,5550,8210,11765,9456,17133,12821,25378,17978,24899,16863,15968,27114,32472,11780,19966,4,2,1567,1541,2402,3904,2722,6619,3670,10091,4628,8417,3293,3325,11212,14255,7234,12638,141708,93917,28347,3574,91968,12,9,25,12,0
2021/04/02,0,10,4,4665,5530,8150,11712,9391,17064,12681,25271,17740,24697,16410,15491,26637,31895,11748,19911,4,2,1565,1532,2387,3899,2715,6603,3649,10058,4558,8324,3222,3256,10975,13952,7082,12435,140491,92616,26933,3570,91549,12,9,25,11,0
2021/04/01,0,9,4,4622,5469,8039,11568,9261,16904,12406,24984,17294,24296,15657,14764,25878,30930,11621,19728,4,2,1548,1512,2358,3867,2692,6575,3611,10020,4491,8258,3106,3123,10038,12832,6466,11584,138242,88593,26266,3464,88893,11,9,24,10,0
2021/03/31,0,9,4,4410,5391,7926,11444,9119,16737,12186,24705,16937,23931,14959,13998,25041,29919,11510,19529,4,2,1539,1507,2343,3847,2664,6546,3561,9972,4417,8186,3014,3033,9461,12127,6101,11085,136432,86145,24800,3235,86493,11,8,22,10,0
2021/03/30,0,9,4,4379,5339,7850,11317,9033,16580,12026,24515,16651,23619,14358,13351,24282,28931,11371,19284,4,2,1525,1497,2322,3823,2638,6516,3520,9907,4350,8115,2887,2885,8867,11465,5748,10588,134939,83806,23583,2829,84347,6,8,22,10,0
2021/03/29,0,9,4,4339,5286,7750,11205,8925,16414,11862,24240,16321,23271,13814,12751,23516,27951,11211,19035,4,2,1505,1484,2303,3807,2615,6488,3486,9847,4286,8039,2834,2817,8575,11077,5559,10275,133082,82409,22820,2570,81972,6,8,22,10,0
2021/03/28,0,9,4,4303,5202,7663,11097,8844,16259,11725,24010,16060,22997,13485,12440,22942,27257,11035,18749,4,2,1495,1477,2281,3791,2600,6459,3447,9797,4249,7980,2786,2766,8496,10971,5514,10207,132574,82058,22292,2241,79185,5,8,22,10,0
2021/03/27,0,9,4,4289,5191,7636,11065,8777,16185,11626,23914,15912,22881,13281,12227,22739,27043,11000,18720,4,2,1494,1475,2278,3789,2599,6458,3430,9770,4239,7957,2776,2759,8438,10907,5479,10167,131685,81757,21646,2241,79138,5,8,22,10,0
2021/03/26,0,9,4,4245,5123,7526,10927,8602,15999,11288,23607,15299,22376,12357,11396,21947,26194,10853,18491,2,2,1489,1461,2273,3768,2585,6434,3413,9744,4198,7921,2746,2720,8255,10688,5358,9995,127605,80904,20031,2126,78579,5,7,21,10,0
2021/03/25,0,9,3,4190,4961,7362,10648,8356,15591,10903,22981,14654,21676,11684,10733,21076,25124,10534,17946,2,2,1469,1448,2240,3743,2550,6396,3376,9697,4127,7839,2611,2580,7275,9424,4740,9075,124309,76687,19248,1886,74848,5,6,20,10,0
2021/03/24,0,9,3,4114,4821,7225,10358,8138,15178,10638,22432,14182,21066,11078,10172,20139,24031,10201,17379,2,2,1448,1419,2213,3706,2506,6359,3333,9632,4048,7739,2510,2483,6623,8656,4353,8493,121696,74046,18053,1463,71394,3,3,18,10,0
2021/03/23,0,9,3,4074,4730,7119,10117,7983,14836,10374,21926,13780,20573,10610,9731,19413,23179,9886,16912,2,2,1437,1401,2187,3685,2486,6331,3273,9578,3954,7663,2415,2382,5893,7725,3900,7798,120226,70964,16947,1133,68062,3,2,18,10,0
2021/03/22,0,9,3,4021,4652,6990,9876,7823,14513,10114,21458,13429,20072,10217,9374,18841,22471,9692,16564,2,1,1428,1394,2180,3671,2474,6315,3249,9555,3924,7629,2354,2331,5436,7114,3537,7304,119327,68840,16543,1043,64229,3,2,18,10,0
2021/03/21,0,9,3,3974,4551,6857,9614,7655,14152,9891,20916,13086,19545,9898,9095,18304,21870,9502,16248,2,1,1425,1390,2179,3660,2470,6307,3243,9546,3914,7615,2340,2312,5319,6982,3479,7203,119117,68329,16146,1043,59887,3,2,18,10,0
2021/03/20,0,9,3,3963,4531,6819,9558,7597,14077,9807,20804,12979,19455,9811,9001,18163,21692,9451,16161,2,1,1422,1385,2175,3656,2465,6302,3229,9536,3894,7605,2305,2280,4992,6610,3289,6961,118280,67051,16050,1043,59531,3,2,18,10,0
2021/03/19,0,8,3,3789,4390,6528,9305,7155,13649,8894,20072,11247,18127,6943,6646,15904,19486,9090,15596,2,1,1418,1381,2170,3649,2453,6290,3216,9510,3842,7559,2238,2239,4616,6136,3020,6636,108961,65352,11321,1010,56530,3,2,18,9,0
2021/03/18,0,8,2,3685,4259,6352,8999,6885,13210,8504,19413,10609,17388,6222,5993,14680,18014,8571,14768,2,1,1414,1375,2146,3622,2435,6254,3187,9468,3803,7526,2193,2205,4193,5603,2738,6220,103812,63468,10314,903,53417,3,2,17,9,0
2021/03/17,0,8,2,3606,4185,6222,8851,6713,13033,8206,19103,10205,16997,5814,5607,13858,17085,8170,14179,2,1,1404,1362,2130,3602,2405,6222,3156,9440,3766,7489,2138,2145,3783,5157,2486,5832,100557,61737,8622,769,52646,3,2,17,9,0
2021/03/16,0,8,2,3529,4053,6065,8579,6505,12663,7893,18517,9656,16341,5285,5151,13038,16119,7831,13679,2,1,1395,1353,2121,3584,2389,6207,3140,9421,3741,7463,2111,2108,3263,4516,2145,5319,98218,59500,7209,765,49468,3,2,17,9,0
2021/03/15,0,8,2,3480,3908,5874,8304,6286,12250,7619,17942,9221,15716,4968,4866,12378,15376,7567,13218,2,1,1395,1343,2104,3569,2369,6183,3121,9371,3717,7424,2074,2057,2894,4053,1858,4921,96717,57696,6226,747,46022,3,1,17,9,0
2021/03/14,0,8,2,3434,3776,5645,7975,5995,11803,7309,17225,8758,14963,4644,4591,12088,15119,7518,13119,2,1,1388,1338,2088,3540,2356,6134,3103,9312,3699,7385,2067,2046,2816,3945,1805,4834,96590,57293,5610,553,41754,3,1,17,9,0
2021/03/13,0,8,2,3417,3733,5604,7858,5933,11681,7223,17077,8609,14806,4492,4440,11997,15033,7512,13108,2,1,1388,1338,2088,3540,2355,6134,3102,9310,3698,7385,2063,2038,2763,3889,1771,4779,95894,57080,5610,553,41011,2,1,17,8,0
2021/03/12,0,8,2,3397,3663,5546,7718,5873,11529,7136,16849,8473,14572,4385,4343,11724,14707,7355,12890,2,1,1388,1338,2084,3534,2354,6126,3097,9304,3696,7380,2061,2036,2675,3778,1687,4690,94464,56667,5601,553,40088,2,1,16,8,0
2021/03/11,0,8,2,3319,3470,5336,7424,5641,11110,6795,16181,8034,13930,4038,4005,10644,13442,6695,11978,2,1,1382,1336,2073,3521,2336,6101,3074,9269,3673,7347,2030,2010,2435,3512,1530,4469,90246,55572,5164,520,36627,2,1,14,6,0
2021/03/10,0,8,2,3223,3352,5118,7152,5425,10746,6524,15635,7692,13382,3813,3776,9994,12649,6307,11441,2,1,1377,1325,2047,3483,2306,6011,3026,9146,3616,7227,1986,1933,2219,3275,1397,4273,87765,54355,4788,286,33671,2,1,14,6,0
2021/03/09,0,7,2,3150,3224,4948,6966,5221,10462,6292,15201,7395,12872,3629,3569,9358,11945,5927,10913,2,1,1370,1314,2013,3423,2275,5908,2964,9004,3548,7145,1956,1907,1938,2957,1225,4026,85469,52929,4521,38,31076,2,1,14,6,0
2021/03/08,0,7,2,3084,3068,4718,6702,4978,10108,6030,14687,7033,12285,3428,3376,8964,11502,5729,10597,2,1,1367,1296,1999,3345,2244,5810,2926,8858,3515,7050,1940,1884,1735,2725,1101,3831,83988,51588,4151,34,28145,0,1,13,6,0
2021/03/07,0,7,2,3051,3009,4646,6586,4894,9996,5925,14522,6915,12136,3376,3328,8875,11393,5688,10529,2,1,1361,1291,1993,3333,2236,5785,2919,8819,3503,7031,1932,1872,1680,2657,1050,3762,83624,51186,3972,34,27268,0,1,13,6,0
2021/03/06,0,6,2,3037,2952,4603,6495,4856,9929,5864,14402,6866,12024,3352,3305,8818,11327,5653,10486,2,1,1359,1278,1988,3319,2224,5758,2916,8791,3492,7012,1922,1848,1652,2633,1044,3753,83296,50951,3972,34,26695,0,1,13,6,0
2021/03/05,0,6,2,3014,2863,4544,6383,4792,9831,5801,14249,6763,11871,3307,3250,8632,11099,5530,10309,2,1,1350,1244,1956,3263,2199,5652,2876,8657,3448,6874,1878,1802,1588,2563,1021,3725,82387,50059,3964,34,25882,0,0,13,6,0
2021/03/04,0,4,2,2962,2675,4385,6145,4571,9516,5594,13832,6450,11482,3131,3074,7609,9802,4897,9390,2,1,1331,1195,1919,3140,2167,5470,2830,8380,3390,6641,1806,1712,1551,2511,1016,3707,78212,48730,3690,33,23606,0,0,13,6,0
2021/03/03,0,3,2,2923,2604,4244,5956,4403,9248,5390,13453,6193,11063,3005,2941,6959,9023,4498,8779,2,1,1319,1159,1892,3067,2145,5359,2800,8200,3337,6483,1738,1669,1509,2441,996,3652,75475,47731,3446,33,21753,0,0,13,5,0
2021/03/02,0,3,2,2863,2514,4055,5739,4198,8977,5193,13073,5924,10687,2856,2778,6191,8058,4026,8067,2,1,1286,1117,1865,2995,2121,5217,2750,7927,3288,6285,1663,1609,1442,2361,972,3602,72295,46466,2990,33,19906,0,0,13,4,0
2021/03/01,0,3,1,2824,2451,3892,5589,4012,8758,5004,12754,5686,10294,2753,2663,5696,7401,3660,7555,2,1,1280,1081,1842,2894,2095,5022,2709,7677,3228,6049,1620,1573,1392,2300,942,3559,70122,45229,2682,33,18179,0,0,13,4,0
2021/02/28,0,3,1,2782,2403,3735,5471,3789,8569,4823,12503,5499,9988,2696,2589,5574,7245,3598,7454,2,1,1276,1076,1837,2881,2086,4998,2702,7641,3218,6032,1611,1566,1386,2291,939,3549,69642,45056,2460,32,16607,0,0,13,4,0
2021/02/27,0,3,1,2769,2342,3709,5390,3755,8494,4789,12408,5464,9913,2655,2555,5240,6858,3397,7202,2,1,1269,1068,1830,2869,2073,4963,2683,7576,3202,5976,1593,1556,1380,2280,937,3548,68322,44771,2460,31,16149,0,0,13,4,0
2021/02/26,0,3,1,2749,2301,3667,5301,3689,8391,4726,12297,5377,9825,2578,2502,4855,6375,3118,6868,2,1,1212,1018,1780,2764,2024,4782,2627,7301,3129,5766,1532,1505,1357,2258,923,3539,66499,43486,2333,30,15779,0,0,12,4,0
2021/02/25,0,3,1,2578,2196,3480,5118,3503,8164,4523,12008,5157,9550,2489,2436,4405,5819,2829,6439,2,1,1196,961,1749,2656,1969,4508,2558,6905,3034,5479,1486,1462,1336,2243,920,3530,64629,41964,2006,27,14051,0,0,12,4,0
2021/02/24,0,3,1,2424,2063,3290,4922,3357,7958,4326,11753,4935,9299,2352,2316,3946,5307,2567,6041,1,1,1181,932,1726,2570,1933,4368,2498,6649,2981,5272,1455,1428,1318,2222,916,3507,62850,40935,1528,19,12470,0,0,12,4,0
2021/02/23,0,3,1,2295,1924,3114,4698,3204,7720,4151,11481,4749,9049,2261,2222,3389,4642,2221,5521,1,1,1166,884,1692,2475,1894,4177,2430,6349,2883,5013,1397,1371,1289,2178,900,3480,60628,39560,1175,16,10830,0,0,12,4,0
2021/02/22,0,3,1,2255,1873,3030,4605,3134,7611,4057,11294,4641,8924,2209,2181,3018,4174,1933,5132,1,1,1154,825,1660,2349,1851,3931,2354,5954,2757,4715,1334,1318,1266,2144,892,3455,58940,37951,1088,6,10035,0,0,12,4,0
2021/02/21,0,3,1,2219,1842,2978,4536,3054,7498,3976,11149,4573,8807,2194,2158,2933,4059,1877,5043,1,1,1151,807,1643,2297,1824,3824,2321,5798,2694,4589,1303,1295,1256,2130,885,3440,58504,37249,1055,6,9329,0,0,12,4,0
2021/02/20,0,3,1,2207,1839,2955,4523,3038,7462,3950,11116,4552,8785,2190,2150,2879,4002,1842,4988,1,1,1151,804,1643,2295,1823,3815,2320,5793,2693,4585,1302,1292,1255,2127,884,3439,58288,37213,1054,6,9129,0,0,11,4,0
2021/02/19,0,2,1,2195,1825,2919,4471,3013,7376,3905,11034,4498,8722,2182,2144,2788,3888,1757,4894,1,1,1101,795,1604,2287,1812,3806,2310,5772,2685,4572,1296,1281,1244,2122,879,3432,57866,36991,1022,5,8715,0,0,11,4,0
2021/02/18,0,2,1,2065,1730,2761,4289,2889,7177,3767,10748,4360,8515,2148,2110,2545,3617,1599,4670,1,1,1022,759,1532,2188,1762,3683,2237,5614,2628,4487,1282,1260,1237,2107,865,3414,56790,36071,955,4,7238,0,0,10,4,0
2021/02/17,0,2,1,2021,1682,2669,4157,2779,6964,3615,10407,4219,8271,2089,2026,2327,3388,1471,4477,1,1,870,694,1420,2065,1685,3492,2140,5387,2555,4314,1247,1214,1209,2062,849,3369,55718,34567,809,3,6028,0,0,10,4,0
2021/02/16,0,2,1,1851,1573,2495,3948,2638,6689,3453,10053,4042,7965,2044,1999,2044,3068,1297,4224,1,1,844,671,1350,1986,1615,3351,2045,5213,2458,4180,1183,1167,1143,1969,814,3265,54376,33250,773,2,4227,0,0,10,4,0
2021/02/15,0,2,1,1816,1519,2407,3776,2561,6415,3331,9685,3927,7695,2018,1970,1825,2827,1171,4031,1,1,826,659,1321,1940,1572,3282,1987,5040,2394,4078,1115,1126,1071,1877,792,3160,53265,32237,757,1,2945,0,0,10,4,0
2021/02/14,0,2,1,1728,1489,2359,3715,2519,6320,3260,9581,3881,7617,2007,1960,1767,2767,1121,3971,1,1,811,649,1305,1917,1545,3258,1953,4999,2368,4022,1105,1115,1064,1868,789,3148,52925,31914,729,1,2401,0,0,10,3,0
2021/02/13,0,2,1,1727,1477,2349,3708,2513,6306,3257,9565,3874,7607,1998,1940,1743,2747,1117,3961,1,1,811,649,1305,1917,1545,3258,1953,4999,2368,4022,1105,1115,1064,1868,789,3148,52768,31914,729,1,2385,0,0,10,3,0
2021/02/12,0,2,1,1648,1390,2249,3595,2434,6133,3152,9327,3750,7340,1950,1882,1679,2676,1093,3932,1,1,804,641,1294,1894,1531,3240,1945,4968,2352,4002,1100,1110,1063,1849,789,3117,51823,31698,729,0,1671,0,0,10,3,0
2021/02/11,0,2,1,1452,1255,2067,3382,2306,5841,3001,8892,3592,6992,1877,1779,1637,2612,1073,3909,1,1,775,594,1200,1713,1403,2962,1805,4606,2185,3711,1046,1046,1019,1771,748,2974,50422,29559,687,0,552,0,0,9,1,0
2021/02/10,0,2,1,1359,1208,1982,3255,2237,5669,2919,8613,3481,6760,1807,1732,1589,2545,1054,3846,1,1,564,510,977,1484,1260,2652,1618,4146,1981,3328,926,918,886,1512,656,2633,49244,26052,648,0,159,0,0,8,1,0
2021/02/09,0,2,1,1324,1159,1948,3162,2209,5484,2852,8273,3411,6502,1732,1670,1527,2484,1035,3804,1,1,302,379,761,1216,1074,2274,1412,3605,1731,2871,760,756,712,1205,522,2127,47974,21708,518,0,80,0,0,7,1,0
2021/02/08,0,2,1,1317,1124,1916,3045,2172,5261,2800,7994,3352,6266,1688,1635,1477,2429,1018,3782,1,1,266,340,657,1062,969,2058,1253,3213,1533,2555,658,636,610,1017,450,1841,46847,19119,346,0,79,0,0,7,1,0
2021/02/07,0,2,1,1291,1108,1886,2992,2146,5179,2770,7891,3310,6200,1672,1619,1462,2410,1006,3767,1,1,232,285,609,972,908,1902,1163,2985,1435,2383,617,616,588,983,440,1811,46560,17931,145,0,0,0,0,7,0,0
2021/02/06,0,2,1,1286,1102,1880,2980,2137,5151,2757,7847,3299,6155,1659,1611,1457,2400,1003,3766,1,1,213,254,586,933,881,1837,1119,2867,1378,2300,601,597,581,983,440,1811,46341,17383,145,0,0,0,0,7,0,0
2021/02/05,0,2,1,1227,1050,1831,2874,2085,4955,2696,7551,3222,5939,1596,1556,1440,2376,995,3760,1,1,196,220,550,881,845,1756,1082,2747,1325,2200,567,573,569,959,428,1786,45004,16686,145,0,0,0,0,7,0,0
2021/02/04,0,2,1,1215,987,1790,2727,2013,4643,2614,7104,3122,5610,1551,1522,1423,2359,990,3749,1,1,166,168,476,763,746,1616,969,2508,1211,1985,520,520,521,903,407,1666,43379,15147,37,0,0,0,0,6,0,0
2021/02/03,0,2,1,1197,958,1760,2646,1974,4495,2548,6842,3070,5395,1514,1490,1393,2324,971,3719,1,1,137,140,401,647,629,1378,823,2128,1012,1693,400,384,376,682,287,1258,42256,12377,37,0,0,0,0,6,0,0
2021/02/02,0,2,1,1179,902,1725,2545,1933,4275,2475,6510,2964,5123,1460,1442,1368,2293,961,3694,1,1,114,115,325,524,523,1139,678,1797,822,1384,299,280,295,500,225,946,40810,9968,37,0,0,0,0,5,0,0
2021/02/01,0,1,1,1166,842,1690,2421,1881,4030,2398,6119,2842,4827,1392,1358,1338,2247,948,3665,0,0,82,76,224,354,351,746,431,1160,480,863,186,170,172,299,126,562,39124,6282,37,0,0,0,0,5,0,0
2021/01/31,0,1,1,1162,824,1673,2364,1856,3908,2366,5935,2775,4706,1361,1335,1327,2231,941,3649,0,0,72,70,190,282,273,577,342,906,398,696,160,155,160,290,122,548,38376,5241,34,0,0,0,0,5,0,0
2021/01/30,0,1,1,1162,821,1672,2359,1854,3897,2364,5924,2772,4696,1360,1331,1326,2230,941,3648,0,0,69,63,158,235,245,509,307,788,355,621,159,148,155,286,122,547,38321,4767,33,0,0,0,0,5,0,0
2021/01/29,0,1,1,1111,812,1633,2351,1843,3890,2356,5909,2764,4685,1356,1328,1322,2230,941,3648,0,0,61,45,120,180,201,353,251,641,310,493,148,139,144,276,119,546,38145,4027,31,0,0,0,0,5,0,0
2021/01/28,0,1,1,1035,786,1577,2288,1809,3821,2309,5837,2731,4633,1344,1316,1312,2224,929,3634,0,0,39,20,77,107,132,207,156,385,202,296,115,106,118,221,107,496,37554,2784,28,0,0,0,0,5,0,0
2021/01/27,0,1,1,888,733,1482,2212,1741,3707,2236,5708,2673,4507,1314,1270,1283,2185,913,3598,0,0,30,13,63,89,106,163,122,326,175,250,107,88,105,201,103,459,36429,2400,19,0,0,0,0,4,0,0
2021/01/26,0,1,1,874,713,1418,2137,1679,3577,2148,5536,2584,4395,1255,1230,1233,2111,888,3537,0,0,29,12,60,86,102,157,118,311,174,240,104,82,98,180,92,409,35299,2254,14,0,0,0,0,4,0,0
2021/01/25,0,1,1,862,692,1389,2078,1645,3480,2102,5367,2527,4303,1201,1205,1178,2052,870,3471,0,0,27,12,57,86,99,155,117,309,173,240,103,81,97,179,90,406,34415,2231,5,0,0,0,0,4,0,0
2021/01/24,0,1,1,859,691,1383,2067,1640,3463,2094,5342,2515,4271,1197,1197,1173,2045,869,3465,0,0,27,12,57,86,98,154,117,309,173,239,103,81,97,179,90,405,34265,2227,5,0,0,0,0,3,0,0
2021/01/23,0,1,1,859,691,1383,2067,1639,3463,2094,5342,2515,4271,1197,1197,1173,2045,869,3465,0,0,27,12,57,86,98,154,117,309,172,239,103,81,97,179,90,405,34265,2226,4,0,0,0,0,3,0,0
2021/01/22,0,1,1,858,682,1370,2044,1624,3439,2081,5308,2499,4251,1195,1192,1172,2022,868,3431,0,0,27,12,57,86,98,154,117,309,171,239,103,81,97,179,90,405,34031,2225,4,0,0,0,0,3,0,0
2021/01/21,0,1,1,826,646,1293,1888,1522,3246,1985,5036,2389,4051,1154,1132,1143,1952,830,3310,0,0,25,11,53,81,90,145,107,280,157,216,89,72,86,155,74,345,32401,1986,3,0,0,0,0,1,0,0
2021/01/20,0,1,1,625,548,1099,1669,1384,2973,1806,4629,2184,3709,1025,1013,1013,1711,753,3007,0,0,23,11,52,77,87,144,99,267,146,197,78,65,80,130,62,307,29146,1825,3,0,0,0,0,1,0,0
2021/01/19,0,1,1,340,406,850,1408,1180,2625,1570,4099,1919,3257,851,843,842,1422,630,2564,0,0,19,8,37,53,58,79,73,180,103,134,58,50,52,96,47,238,24805,1285,2,0,0,0,0,1,0,0
2021/01/18,0,1,1,299,370,736,1218,1062,2371,1377,3599,1676,2876,710,691,681,1166,526,2119,0,0,8,4,12,18,20,27,24,52,25,47,13,11,13,33,11,72,21477,390,1,0,0,0,0,1,0,0
2021/01/17,0,1,1,257,318,670,1123,982,2198,1278,3326,1562,2664,664,660,652,1107,498,2052,0,0,0,0,1,0,3,2,2,1,2,2,1,4,1,0,0,1,20012,20,1,0,0,0,0,0,0,0
2021/01/16,0,1,1,240,288,653,1087,959,2136,1236,3216,1511,2590,648,642,644,1107,498,2051,0,0,0,0,0,0,1,2,1,1,1,2,0,1,1,0,0,1,19507,11,1,0,0,0,0,0,0,0
2021/01/15,0,1,1,224,254,623,1034,932,2058,1203,3098,1459,2493,617,616,637,1086,491,2039,0,0,0,0,0,0,0,0,0,0,0,0,0,0,0,0,0,0,18866,0,0,0,0,0,0,0,0,0
2021/01/14,0,1,1,193,206,562,913,843,1915,1108,2876,1344,2307,572,572,597,1040,484,1993,0,0,0,0,0,0,0,0,0,0,0,0,0,0,0,0,0,0,17527,0,0,0,0,0,0,0,0,0
2021/01/13,0,1,1,164,184,512,839,770,1789,1009,2639,1189,2082,456,453,454,823,368,1551,0,0,0,0,0,0,0,0,0,0,0,0,0,0,0,0,0,0,15284,0,0,0,0,0,0,0,0,0
2021/01/12,0,1,1,140,164,481,769,718,1632,920,2436,1080,1850,366,344,354,590,270,1114,0,0,0,0,0,0,0,0,0,0,0,0,0,0,0,0,0,0,13230,0,0,0,0,0,0,0,0,0
2021/01/11,0,0,0,112,127,404,640,628,1378,757,1978,847,1461,228,203,203,358,153,673,0,0,0,0,0,0,0,0,0,0,0,0,0,0,0,0,0,0,10150,0,0,0,0,0,0,0,0,0
2021/01/10,0,0,0,87,92,313,461,472,1000,548,1450,623,1065,190,179,186,344,147,659,0,0,0,0,0,0,0,0,0,0,0,0,0,0,0,0,0,0,7816,0,0,0,0,0,0,0,0,0
2021/01/09,0,0,0,77,84,266,399,401,867,481,1233,547,908,183,169,181,339,147,657,0,0,0,0,0,0,0,0,0,0,0,0,0,0,0,0,0,0,6939,0,0,0,0,0,0,0,0,0
2021/01/08,0,0,0,64,64,193,289,303,585,368,936,440,689,175,164,164,327,145,657,0,0,0,0,0,0,0,0,0,0,0,0,0,0,0,0,0,0,5563,0,0,0,0,0,0,0,0,0
2021/01/07,0,0,0,45,25,83,124,140,231,165,422,222,344,130,128,145,277,131,602,0,0,0,0,0,0,0,0,0,0,0,0,0,0,0,0,0,0,3214,0,0,0,0,0,0,0,0,0
2021/01/06,0,0,0,33,18,71,95,119,180,137,345,193,279,111,99,116,227,112,517,0,0,0,0,0,0,0,0,0,0,0,0,0,0,0,0,0,0,2652,0,0,0,0,0,0,0,0,0
2021/01/05,0,0,0,30,13,60,91,108,166,121,329,179,256,109,94,115,220,109,499,0,0,0,0,0,0,0,0,0,0,0,0,0,0,0,0,0,0,2499,0,0,0,0,0,0,0,0,0
2021/01/04,0,0,0,27,12,57,88,100,158,116,314,177,244,108,90,108,206,99,461,0,0,0,0,0,0,0,0,0,0,0,0,0,0,0,0,0,0,2365,0,0,0,0,0,0,0,0,0
2021/01/03,0,0,0,27,12,57,88,100,158,116,314,177,244,108,90,107,205,99,461,0,0,0,0,0,0,0,0,0,0,0,0,0,0,0,0,0,0,2363,0,0,0,0,0,0,0,0,0
2021/01/02,0,0,0,27,12,57,88,100,158,116,314,176,244,108,90,107,205,99,461,0,0,0,0,0,0,0,0,0,0,0,0,0,0,0,0,0,0,2362,0,0,0,0,0,0,0,0,0
2021/01/01,0,0,0,27,12,57,88,100,158,116,314,174,243,108,90,107,205,99,461,0,0,0,0,0,0,0,0,0,0,0,0,0,0,0,0,0,0,2359,0,0,0,0,0,0,0,0,0
2020/12/31,0,0,0,27,12,57,88,100,158,116,314,174,243,108,90,107,205,99,461,0,0,0,0,0,0,0,0,0,0,0,0,0,0,0,0,0,0,2359,0,0,0,0,0,0,0,0,0
2020/12/30,0,0,0,26,12,57,87,99,155,116,313,174,243,108,90,107,205,99,461,0,0,0,0,0,0,0,0,0,0,0,0,0,0,0,0,0,0,2352,0,0,0,0,0,0,0,0,0
2020/12/29,0,0,0,20,9,42,60,76,91,86,218,128,191,83,77,78,171,80,373,0,0,0,0,0,0,0,0,0,0,0,0,0,0,0,0,0,0,1783,0,0,0,0,0,0,0,0,0
2020/12/28,0,0,0,9,6,18,30,31,45,40,113,53,103,36,42,40,98,43,211,0,0,0,0,0,0,0,0,0,0,0,0,0,0,0,0,0,0,918,0,0,0,0,0,0,0,0,0
2020/12/27,0,0,0,2,2,4,5,7,11,10,24,6,23,6,7,7,25,5,56,0,0,0,0,0,0,0,0,0,0,0,0,0,0,0,0,0,0,200,0,0,0,0,0,0,0,0,0
