Datum,<15_1_m,<15_1_w,15-24_1_m,15-24_1_w,25-34_1_m,25-34_1_w,35-44_1_m,35-44_1_w,45-54_1_m,45-54_1_w,55-64_1_m,55-64_1_w,65-74_1_m,65-74_1_w,75-84_1_m,75-84_1_w,>84_1_m,>84_1_w,<15_2_m,<15_2_w,15-24_2_m,15-24_2_w,25-34_2_m,25-34_2_w,35-44_2_m,35-44_2_w,45-54_2_m,45-54_2_w,55-64_2_m,55-64_2_w,65-74_2_m,65-74_2_w,75-84_2_m,75-84_2_w,>84_2_m,>84_2_w,bp_1,bp_2,mo_1,mo_2,az_1,az_2,ja,unb_1,unb_2
2021-12-01T23:59:59+01:00,20565,19274,68995,63736,75479,70660,82919,83166,103022,104481,112609,111041,75845,82436,52955,65264,15392,26696,11728,10996,61174,57174,68409,63440,76588,76790,97075,98343,107678,106355,73785,80069,51669,63446,14812,25468,923745,845722,75614,70472,182922,176424,52305,64,76
2021-11-30T23:59:59+01:00,20043,18759,68922,63666,75401,70537,82851,83083,102959,104404,112548,110965,75802,82369,52932,65219,15381,26658,11634,10895,60968,57008,68204,63217,76386,76612,96912,98191,107537,106223,73736,80009,51648,63414,14809,25456,921920,843700,75412,70362,182921,176424,52297,64,76
2021-11-29T23:59:59+01:00,19339,18098,68851,63598,75308,70437,82776,83006,102898,104327,112472,110890,75769,82316,52915,65174,15371,26624,11559,10798,60755,56865,67985,63028,76183,76450,96754,98056,107412,106095,73685,79953,51617,63380,14803,25440,919780,841770,75234,70275,182919,176410,52287,64,76
2021-11-28T23:59:59+01:00,18735,17596,68780,63542,75213,70335,82713,82938,102834,104267,112407,110821,75738,82278,52900,65129,15364,26602,11487,10741,60599,56747,67811,62888,76013,76326,96615,97957,107323,106012,73655,79916,51599,63359,14796,25425,918003,840335,75050,70173,182910,176406,52279,64,76
2021-11-27T23:59:59+01:00,18080,16975,68708,63500,75159,70271,82654,82898,102795,104232,112380,110797,75722,82260,52893,65114,15358,26596,11446,10695,60491,56653,67674,62780,75910,76252,96528,97886,107266,105977,73642,79902,51594,63352,14794,25422,916314,839402,74940,70102,182910,176406,52278,64,76
2021-11-26T23:59:59+01:00,17167,16038,68599,63390,75087,70180,82591,82814,102716,104162,112334,110741,75697,82236,52882,65095,15354,26578,11366,10612,60318,56504,67494,62639,75754,76117,96396,97744,107184,105892,73625,79878,51581,63341,14790,25418,913741,837936,74789,69966,182909,176403,52272,64,76
2021-11-25T23:59:59+01:00,16277,15285,68466,63266,74961,70014,82472,82699,102620,104048,112243,110643,75655,82176,52865,65058,15345,26565,11270,10513,60113,56349,67272,62459,75600,75946,96240,97601,107080,105785,73596,79843,51569,63322,14787,25410,911038,836219,74505,69797,182902,176403,52260,64,76
2021-11-24T23:59:59+01:00,15874,14904,68363,63189,74860,69895,82365,82595,102534,103958,112168,110556,75610,82119,52842,65017,15332,26539,11204,10448,59954,56223,67091,62304,75460,75828,96107,97483,106973,105699,73565,79797,51545,63299,14781,25397,909301,834740,74322,69697,182899,176400,52245,64,76
2021-11-23T23:59:59+01:00,15592,14660,68237,63047,74737,69728,82217,82457,102416,103839,112060,110443,75564,82037,52804,64964,15312,26508,11120,10391,59819,56110,66899,62145,75289,75704,95970,97371,106867,105610,73527,79758,51528,63269,14773,25382,907474,833215,74069,69613,182897,176399,52229,64,76
2021-11-22T23:59:59+01:00,15332,14447,68088,62926,74586,69566,82093,82337,102304,103703,111953,110322,75495,81967,52769,64915,15302,26471,11069,10332,59645,55998,66711,62004,75138,75602,95861,97239,106765,105530,73487,79709,51503,63238,14768,25371,905664,831740,73859,69554,182897,176397,52203,64,76
2021-11-21T23:59:59+01:00,15051,14159,67961,62814,74434,69413,81976,82243,102203,103591,111862,110229,75448,81911,52742,64880,15286,26440,11044,10295,59555,55923,66590,61918,75036,75519,95766,97161,106709,105471,73459,79679,51482,63216,14764,25362,903934,830827,73682,69470,182891,176394,52182,64,76
2021-11-20T23:59:59+01:00,14785,13927,67835,62704,74305,69277,81853,82152,102120,103513,111784,110137,75424,81875,52730,64853,15280,26430,11029,10280,59510,55861,66529,61868,74980,75475,95711,97113,106662,105436,73450,79664,51478,63211,14762,25361,902357,830296,73607,69438,182890,176394,52176,64,76
2021-11-19T23:59:59+01:00,14450,13577,67577,62514,74112,69078,81695,81986,101986,103346,111673,110021,75368,81831,52706,64821,15272,26413,10967,10213,59351,55756,66385,61743,74838,75349,95579,97003,106553,105361,73426,79631,51464,63189,14758,25355,899934,828900,73489,69392,182890,176394,52159,64,76
2021-11-18T23:59:59+01:00,14138,13287,67295,62232,73881,68811,81476,81754,101807,103158,111534,109875,75311,81748,52676,64771,15264,26394,10875,10142,59186,55619,66187,61580,74687,75219,95426,96880,106421,105281,73390,79568,51447,63164,14753,25343,897135,827280,73326,69311,182890,176394,52107,64,76
2021-11-17T23:59:59+01:00,13954,13107,67100,62058,73641,68593,81306,81590,101624,103024,111403,109750,75256,81687,52648,64717,15249,26368,10816,10085,59036,55497,66036,61441,74555,75098,95285,96774,106313,105210,73354,79518,51421,63133,14750,25324,894972,825864,73205,69263,182888,176388,52055,64,76
2021-11-16T23:59:59+01:00,13753,12927,66870,61853,73388,68337,81083,81377,101439,102870,111270,109628,75195,81619,52614,64655,15234,26339,10767,10033,58909,55391,65898,61308,74426,74988,95169,96679,106228,105140,73318,79478,51401,63105,14744,25307,892464,824588,73135,69229,182888,176387,52009,64,76
2021-11-15T23:59:59+01:00,13592,12762,66611,61639,73133,68060,80863,81162,101249,102674,111132,109492,75141,81569,52594,64625,15222,26314,10722,9996,58804,55296,65790,61207,74327,74902,95101,96601,106153,105067,73278,79438,51382,63079,14737,25298,889984,823548,73051,69202,182877,176385,51967,64,76
2021-11-14T23:59:59+01:00,13320,12513,66214,61331,72805,67741,80583,80930,101026,102457,110973,109364,75084,81513,52572,64589,15215,26292,10669,9936,58667,55185,65683,61111,74222,74790,95010,96520,106076,104991,73227,79399,51363,63063,14732,25289,886838,822384,72945,69180,182873,176382,51911,64,76
2021-11-13T23:59:59+01:00,13178,12370,65910,61092,72553,67511,80363,80741,100859,102279,110846,109282,75050,81476,52555,64570,15210,26287,10649,9913,58596,55116,65617,61056,74175,74743,94945,96475,106053,104957,73218,79387,51358,63060,14732,25287,884524,821828,72894,69164,182872,176382,51887,64,76
2021-11-12T23:59:59+01:00,13014,12191,65567,60806,72272,67273,80141,80523,100683,102076,110719,109160,75027,81441,52543,64546,15207,26284,10616,9869,58482,55007,65495,60963,74063,74654,94850,96394,105996,104918,73199,79365,51349,63049,14728,25279,881967,820828,72820,69131,182871,176381,51860,64,76
2021-11-11T23:59:59+01:00,12777,11962,65145,60472,71913,66927,79797,80216,100434,101831,110527,108984,74975,81367,52513,64507,15201,26269,10530,9789,58329,54874,65367,60849,73951,74531,94755,96287,105898,104838,73162,79319,51333,63023,14717,25267,878567,819467,72629,69099,182867,176379,51798,64,76
2021-11-10T23:59:59+01:00,12636,11840,64890,60224,71603,66627,79551,79999,100249,101664,110384,108844,74916,81292,52479,64466,15194,26254,10470,9738,58221,54761,65234,60717,73843,74435,94644,96194,105820,104774,73129,79271,51311,63001,14712,25260,876036,818310,72555,69076,182859,176367,51706,64,76
2021-11-09T23:59:59+01:00,12480,11680,64479,59933,71206,66299,79256,79734,99989,101426,110179,108699,74848,81235,52456,64422,15188,26238,10410,9683,58097,54633,65116,60592,73752,74330,94550,96099,105737,104702,73086,79232,51285,62973,14705,25239,872845,817119,72488,69063,182847,176352,51611,64,76
2021-11-08T23:59:59+01:00,12369,11567,64108,59687,70833,65995,78971,79494,99750,101227,110031,108554,74795,81174,52435,64375,15183,26218,10361,9649,57986,54539,65031,60473,73666,74233,94456,96001,105667,104639,73056,79188,51269,62943,14701,25223,870035,816088,72409,69037,182833,176347,51533,64,76
2021-11-07T23:59:59+01:00,12287,11489,63815,59484,70541,65734,78694,79309,99550,101075,109906,108438,74759,81113,52415,64355,15179,26206,10323,9601,57878,54466,64948,60379,73576,74164,94374,95935,105607,104582,73037,79164,51257,62923,14699,25214,867829,815268,72304,69009,182822,176336,51438,64,76
2021-11-06T23:59:59+01:00,12181,11390,63621,59273,70301,65503,78513,79161,99377,100910,109800,108350,74743,81090,52403,64346,15177,26203,10309,9591,57827,54429,64904,60328,73550,74136,94346,95906,105587,104560,73024,79153,51253,62919,14698,25212,865880,814905,72276,69008,182821,176334,51409,64,76
2021-11-05T23:59:59+01:00,12041,11267,63379,59066,70047,65255,78291,78950,99214,100741,109688,108248,74711,81063,52396,64335,15176,26201,10270,9547,57743,54378,64839,60266,73493,74086,94303,95855,105545,104523,73008,79135,51245,62910,14698,25209,863826,814316,72103,68966,182819,176331,51364,64,76
2021-11-04T23:59:59+01:00,11954,11167,63141,58872,69758,65014,78084,78747,99013,100576,109559,108131,74671,81031,52386,64316,15171,26177,10207,9479,57613,54297,64750,60158,73400,74003,94234,95783,105485,104458,72979,79109,51222,62886,14690,25193,861817,813361,71922,68927,182815,176325,51257,64,76
2021-11-03T23:59:59+01:00,11871,11109,62919,58716,69531,64838,77896,78605,98857,100464,109455,108064,74648,81006,52371,64299,15167,26167,10142,9426,57488,54175,64637,60035,73306,73919,94149,95715,105428,104409,72951,79077,51202,62860,14682,25177,860210,812312,71841,68906,182814,176324,51160,64,76
2021-11-02T23:59:59+01:00,11792,11031,62691,58552,69236,64616,77671,78440,98665,100311,109332,107964,74626,80970,52357,64273,15162,26155,10082,9358,57334,54076,64527,59919,73202,73839,94056,95636,105370,104341,72915,79036,51194,62833,14674,25160,858271,811228,71758,68887,182812,176320,51041,64,76
2021-11-01T23:59:59+01:00,11698,10949,62417,58369,68972,64420,77466,78293,98493,100178,109221,107877,74601,80948,52346,64252,15157,26145,10014,9288,57202,53969,64393,59822,73113,73737,93982,95563,105312,104288,72879,79003,51181,62802,14667,25139,856437,810186,71681,68843,182791,176317,50932,63,76
2021-10-31T23:59:59+01:00,11687,10937,62384,58352,68945,64395,77438,78268,98475,100166,109209,107869,74599,80948,52346,64252,15157,26144,9997,9270,57183,53955,64380,59806,73102,73724,93978,95558,105307,104284,72879,79001,51181,62801,14666,25139,856245,810072,71667,68837,182789,176317,50909,63,76
2021-10-30T23:59:59+02:00,11681,10933,62369,58334,68919,64377,77418,78249,98459,100154,109201,107867,74597,80948,52346,64252,15156,26143,9993,9270,57168,53945,64372,59803,73090,73715,93971,95552,105304,104283,72879,79000,51180,62801,14666,25138,856111,810022,71658,68831,182789,176317,50884,63,76
2021-10-29T23:59:59+02:00,11615,10873,62182,58216,68709,64226,77233,78126,98289,100026,109091,107808,74573,80934,52335,64236,15152,26135,9961,9243,57057,53865,64282,59727,73027,73652,93898,95504,105264,104260,72862,78982,51175,62789,14662,25132,854620,809370,71615,68803,182787,176317,50776,63,76
2021-10-28T23:59:59+02:00,11529,10801,61957,58057,68456,64027,77025,77969,98091,99868,108987,107722,74548,80891,52320,64225,15147,26127,9903,9191,56901,53714,64150,59615,72926,73555,93829,95425,105182,104191,72838,78950,51163,62776,14658,25122,852833,808314,71547,68773,182783,176303,50623,63,76
2021-10-27T23:59:59+02:00,11459,10715,61793,57901,68255,63870,76862,77842,97962,99767,108913,107668,74528,80858,52313,64209,15145,26114,9842,9134,56783,53596,64042,59516,72823,73467,93757,95360,105123,104156,72815,78919,51150,62753,14654,25107,851492,807360,71425,68749,182780,176296,50516,63,76
2021-10-26T23:59:59+02:00,11373,10616,61650,57744,68075,63704,76703,77733,97847,99664,108831,107610,74501,80834,52297,64185,15135,26093,9781,9059,56634,53478,63937,59400,72747,73396,93682,95295,105077,104111,72792,78895,51127,62726,14647,25099,850075,806378,71364,68722,182774,176286,50421,63,76
2021-10-25T23:59:59+02:00,11348,10596,61593,57694,68024,63663,76656,77690,97811,99643,108809,107592,74492,80822,52296,64180,15132,26092,9757,9036,56573,53436,63901,59371,72719,73358,93655,95277,105060,104094,72790,78890,51125,62722,14647,25097,849648,806032,71354,68718,182774,176286,50396,63,76
2021-10-24T23:59:59+02:00,11305,10556,61482,57616,67923,63573,76575,77616,97733,99596,108773,107563,74478,80808,52290,64178,15130,26091,9708,8996,56497,53357,63824,59289,72654,73309,93604,95223,105030,104054,72766,78874,51116,62712,14644,25095,848967,805413,71303,68705,182774,176277,50281,63,76
2021-10-23T23:59:59+02:00,11301,10553,61473,57604,67906,63557,76562,77602,97719,99588,108768,107558,74477,80807,52290,64178,15129,26091,9703,8994,56488,53343,63811,59281,72647,73295,93595,95216,105027,104050,72764,78872,51116,62710,14644,25094,848883,805343,71288,68697,182773,176276,50258,63,76
2021-10-22T23:59:59+02:00,11238,10505,61316,57492,67727,63424,76423,77482,97590,99486,108691,107507,74460,80788,52286,64170,15128,26086,9649,8946,56371,53246,63728,59201,72573,73223,93526,95160,104989,104023,72747,78854,51111,62700,14644,25094,847690,804605,71211,68665,182772,176274,50165,63,76
2021-10-21T23:59:59+02:00,11160,10426,61157,57370,67563,63292,76282,77349,97465,99391,108601,107438,74432,80759,52274,64142,15123,26075,9575,8842,56240,53110,63601,59072,72491,73120,93428,95075,104932,103973,72712,78819,51101,62676,14638,25087,846358,803471,71177,68641,182771,176272,50032,63,76
2021-10-20T23:59:59+02:00,11119,10376,61056,57270,67457,63183,76190,77262,97380,99329,108551,107399,74418,80740,52262,64134,15119,26068,9492,8782,56108,52972,63494,58966,72416,73005,93358,95016,104863,103917,72686,78787,51089,62651,14635,25077,845464,802389,71155,68616,182767,176269,49964,63,76
2021-10-19T23:59:59+02:00,11068,10324,60987,57196,67378,63096,76115,77194,97328,99291,108511,107364,74393,80723,52249,64111,15108,26052,9408,8695,55968,52859,63379,58853,72330,72910,93276,94917,104796,103847,72636,78741,51071,62613,14628,25057,844731,801152,71131,68590,182764,176267,49899,63,76
2021-10-18T23:59:59+02:00,11021,10277,60908,57121,67295,63025,76054,77129,97277,99237,108469,107318,74377,80704,52243,64087,15104,26036,9355,8645,55852,52717,63252,58716,72238,72812,93192,94817,104739,103790,72595,78704,51044,62585,14617,25040,844002,799955,71106,68577,182764,176256,49846,63,76
2021-10-17T23:59:59+02:00,10993,10251,60861,57082,67258,62988,76023,77104,97237,99199,108458,107292,74367,80694,52240,64075,15100,26030,9299,8598,55758,52637,63173,58622,72173,72727,93136,94763,104701,103748,72568,78673,51032,62558,14611,25022,843630,799138,71101,68552,182758,176235,49798,63,76
2021-10-16T23:59:59+02:00,10989,10246,60855,57078,67249,62979,76016,77100,97230,99197,108457,107289,74366,80694,52240,64074,15100,26030,9292,8593,55754,52623,63167,58616,72168,72723,93133,94758,104699,103744,72567,78671,51032,62558,14611,25022,843584,799091,71097,68544,182758,176235,49785,63,76
2021-10-15T23:59:59+02:00,10951,10200,60762,57015,67188,62914,75954,77039,97179,99144,108418,107267,74355,80679,52238,64072,15098,26028,9244,8544,55634,52504,63090,58542,72099,72650,93064,94697,104651,103701,72550,78652,51022,62541,14610,25018,842961,798264,71076,68498,182758,176234,49741,63,76
2021-10-14T23:59:59+02:00,10903,10136,60653,56920,67123,62816,75889,76964,97115,99083,108381,107218,74340,80660,52227,64058,15094,26022,9138,8461,55468,52371,62973,58412,72029,72551,92959,94606,104591,103633,72515,78619,51000,62508,14600,25004,842185,797021,71055,68473,182748,176220,49648,63,76
2021-10-13T23:59:59+02:00,10846,10094,60562,56836,67058,62722,75820,76894,97055,99044,108330,107177,74320,80640,52212,64041,15090,26012,9071,8400,55333,52241,62870,58283,71932,72454,92882,94519,104513,103558,72477,78585,50980,62474,14589,24984,841429,795836,71041,68461,182745,176200,49572,63,76
2021-10-12T23:59:59+02:00,10787,10042,60454,56749,66958,62640,75751,76837,97010,98991,108292,107144,74296,80617,52204,64029,15084,26003,8996,8339,55200,52089,62761,58162,71847,72345,92825,94434,104440,103491,72437,78538,50956,62443,14584,24965,840643,794637,71031,68441,182742,176192,49506,63,76
2021-10-11T23:59:59+02:00,10733,9993,60356,56685,66867,62544,75673,76768,96948,98936,108238,107099,74270,80588,52187,64002,15069,25984,8935,8283,55077,51960,62635,58029,71768,72233,92747,94358,104364,103425,72391,78493,50927,62407,14571,24943,839813,793450,71011,68423,182735,176183,49414,63,76
2021-10-10T23:59:59+02:00,10703,9964,60295,56643,66807,62498,75632,76724,96915,98904,108210,107078,74258,80577,52184,63996,15064,25974,8883,8241,54976,51843,62542,57903,71683,72149,92673,94274,104303,103373,72360,78463,50906,62385,14565,24931,839398,792465,71002,68413,182729,176169,49330,63,76
2021-10-09T23:59:59+02:00,10702,9961,60285,56635,66794,62491,75626,76718,96909,98895,108204,107076,74258,80573,52184,63996,15064,25973,8871,8233,54958,51827,62532,57887,71672,72138,92666,94268,104295,103369,72357,78462,50906,62385,14565,24931,839337,792357,70996,68407,182728,176166,49316,63,76
2021-10-08T23:59:59+02:00,10651,9911,60189,56540,66720,62411,75566,76650,96860,98849,108169,107049,74248,80565,52177,63984,15059,25972,8829,8182,54855,51736,62455,57823,71604,72072,92617,94214,104267,103337,72349,78451,50899,62379,14563,24929,838643,791691,70970,68376,182726,176154,49264,63,76
2021-10-07T23:59:59+02:00,10587,9842,60038,56429,66627,62314,75478,76551,96784,98794,108105,106994,74223,80543,52167,63972,15052,25965,8721,8088,54723,51591,62350,57694,71493,71961,92529,94121,104181,103273,72297,78414,50876,62354,14551,24918,837686,790451,70957,68342,182725,176137,49130,63,75
2021-10-06T23:59:59+02:00,10531,9801,59899,56331,66541,62233,75398,76487,96723,98747,108058,106950,74204,80520,52150,63950,15049,25950,8646,8018,54583,51428,62256,57558,71397,71854,92425,94034,104092,103190,72259,78371,50851,62320,14541,24904,836840,789176,70945,68335,182723,176120,49021,63,75
2021-10-05T23:59:59+02:00,10464,9729,59761,56207,66441,62134,75317,76414,96646,98684,108011,106895,74182,80493,52141,63921,15043,25939,8559,7938,54401,51257,62140,57411,71284,71737,92316,93930,104021,103119,72205,78327,50827,62281,14533,24892,835892,787801,70930,68306,182720,176109,48887,63,75
2021-10-04T23:59:59+02:00,10403,9676,59609,56085,66299,62015,75212,76321,96547,98602,107947,106841,74160,80462,52121,63888,15039,25920,8484,7877,54227,51072,62024,57257,71151,71607,92233,93825,103921,103032,72170,78272,50783,62242,14523,24872,834765,786350,70917,68299,182715,176091,48757,63,75
2021-10-03T23:59:59+02:00,10360,9637,59555,56000,66230,61962,75153,76282,96515,98571,107913,106800,74148,80444,52112,63876,15038,25913,8426,7834,54110,50957,61941,57166,71065,71506,92167,93751,103855,102945,72136,78243,50764,62209,14516,24868,834257,785382,70912,68294,182703,176064,48644,63,75
2021-10-02T23:59:59+02:00,10354,9635,59545,55985,66214,61949,75144,76267,96510,98566,107911,106797,74147,80444,52111,63874,15038,25913,8421,7830,54096,50946,61929,57157,71062,71496,92163,93748,103853,102936,72133,78243,50763,62207,14515,24868,834176,785311,70902,68287,182703,176063,48630,63,75
2021-10-01T23:59:59+02:00,10299,9579,59387,55885,66135,61859,75063,76200,96456,98512,107852,106761,74131,80421,52100,63861,15037,25909,8359,7767,53979,50837,61873,57091,71015,71448,92108,93693,103818,102903,72120,78236,50758,62195,14513,24863,833329,784641,70883,68260,182701,176060,48540,63,75
2021-09-30T23:59:59+02:00,10225,9493,59243,55730,65998,61726,74960,76108,96348,98418,107761,106695,74102,80383,52085,63836,15033,25892,8279,7692,53831,50705,61772,56982,70921,71364,92023,93606,103745,102837,72084,78192,50737,62160,14513,24852,832185,783629,70854,68237,182697,176049,48305,63,75
2021-09-29T23:59:59+02:00,10147,9436,59092,55598,65879,61608,74874,76013,96248,98327,107696,106638,74064,80338,52077,63807,15028,25881,8200,7606,53674,50552,61659,56845,70824,71257,91928,93510,103649,102769,72034,78148,50712,62109,14506,24842,831153,782431,70826,68206,182694,176030,48082,63,75
2021-09-28T23:59:59+02:00,10061,9354,58953,55447,65715,61467,74768,75927,96141,98241,107613,106573,74012,80296,52057,63779,15021,25864,8125,7537,53528,50401,61522,56728,70730,71140,91851,93432,103573,102691,71994,78110,50689,62077,14502,24830,829986,781375,70813,68187,182690,176020,47803,63,75
2021-09-27T23:59:59+02:00,10001,9302,58798,55288,65573,61340,74675,75823,96036,98135,107522,106520,73966,80252,52038,63752,15015,25844,8059,7471,53376,50271,61395,56595,70638,71033,91748,93335,103486,102639,71945,78063,50668,62041,14495,24811,828936,780384,70789,68171,182685,175973,47466,63,75
2021-09-26T23:59:59+02:00,9959,9261,58712,55202,65488,61255,74617,75747,95972,98078,107475,106483,73941,80227,52027,63727,15008,25831,8012,7429,53277,50161,61306,56514,70560,70943,91679,93259,103431,102607,71916,78035,50646,62017,14489,24800,828296,779637,70772,68164,182669,175937,47268,63,75
2021-09-25T23:59:59+02:00,9950,9249,58695,55181,65472,61244,74606,75738,95965,98070,107466,106479,73941,80226,52026,63726,15008,25831,8011,7418,53252,50151,61292,56495,70547,70936,91673,93253,103420,102605,71916,78033,50646,62013,14489,24800,828215,779558,70765,68160,182667,175936,47221,63,75
2021-09-24T23:59:59+02:00,9898,9193,58585,55057,65375,61143,74515,75646,95879,97996,107407,106438,73913,80204,52018,63716,15007,25821,7957,7362,53146,50043,61216,56419,70474,70865,91602,93192,103347,102555,71890,78015,50635,61997,14484,24790,827330,778766,70748,68152,182661,175930,47066,63,75
2021-09-23T23:59:59+02:00,9806,9101,58348,54868,65198,60986,74391,75501,95734,97860,107298,106327,73868,80168,51998,63676,14995,25802,7890,7286,52965,49908,61095,56282,70358,70750,91482,93084,103254,102481,71855,77969,50617,61973,14471,24776,825919,777740,70695,68123,182657,175911,46647,63,75
2021-09-22T23:59:59+02:00,9723,9041,58161,54720,65037,60841,74276,75375,95606,97759,107198,106269,73825,80120,51972,63635,14975,25774,7815,7223,52821,49756,60972,56162,70267,70653,91390,92976,103191,102428,71813,77919,50586,61935,14457,24762,824665,776743,70673,68098,182649,175897,46313,63,75
2021-09-21T23:59:59+02:00,9653,8953,58013,54565,64891,60694,74137,75239,95468,97641,107106,106178,73791,80061,51955,63611,14967,25752,7722,7139,52673,49596,60854,56032,70166,70547,91284,92872,103096,102335,71774,77874,50560,61894,14448,24737,823383,775569,70657,68086,182645,175890,45983,63,75
2021-09-20T23:59:59+02:00,9592,8892,57875,54423,64733,60560,74018,75088,95341,97550,107017,106084,73729,80017,51929,63575,14954,25732,7665,7083,52556,49461,60732,55915,70057,70439,91184,92782,103019,102259,71721,77830,50536,61845,14441,24719,822176,774595,70643,68068,182638,175861,45645,63,75
2021-09-19T23:59:59+02:00,9540,8852,57758,54339,64626,60443,73931,74985,95269,97450,106955,106013,73712,79992,51916,63556,14952,25721,7628,7042,52448,49347,60641,55802,69965,70345,91117,92710,102940,102191,71688,77797,50515,61814,14436,24713,821402,773824,70624,68053,182626,175836,45351,63,75
2021-09-18T23:59:59+02:00,9523,8835,57731,54310,64591,60412,73903,74960,95253,97427,106944,105992,73709,79991,51913,63553,14952,25720,7619,7029,52418,49313,60610,55778,69944,70325,91097,92694,102928,102171,71685,77794,50515,61813,14435,24711,821179,773632,70614,68044,182626,175835,45293,63,75
2021-09-17T23:59:59+02:00,9436,8756,57558,54161,64461,60284,73779,74839,95148,97324,106860,105920,73674,79958,51901,63535,14945,25713,7556,6968,52251,49202,60486,55667,69852,70234,91014,92614,102855,102113,71652,77757,50500,61783,14426,24704,820027,772684,70570,68025,182624,175827,45023,63,75
2021-09-16T23:59:59+02:00,9358,8681,57348,54007,64285,60098,73600,74668,94998,97191,106705,105810,73604,79900,51878,63493,14938,25698,7492,6903,52087,49077,60343,55542,69725,70120,90903,92512,102750,102033,71607,77709,50479,61745,14419,24691,818555,771719,70552,68006,182601,175794,44543,63,75
2021-09-15T23:59:59+02:00,9265,8600,57142,53786,64103,59895,73420,74487,94852,97037,106560,105677,73544,79833,51834,63444,14928,25677,7433,6844,51928,48910,60216,55404,69599,70016,90800,92432,102644,101945,71561,77649,50445,61708,14409,24680,816798,770631,70534,67989,182597,175783,44145,63,75
2021-09-14T23:59:59+02:00,9157,8493,56952,53553,63921,59709,73272,74310,94720,96881,106434,105577,73471,79769,51805,63394,14912,25657,7358,6765,51758,48710,60062,55261,69477,69895,90692,92303,102550,101852,71510,77588,50417,61664,14401,24667,815037,769292,70523,67975,182576,175747,43841,62,75
2021-09-13T23:59:59+02:00,9095,8426,56738,53347,63766,59513,73113,74139,94572,96729,106300,105446,73418,79719,51766,63347,14892,25627,7312,6711,51597,48546,59939,55127,69394,69802,90574,92215,102456,101779,71466,77547,50389,61624,14391,24656,813350,768247,70512,67963,182561,175720,43520,62,75
2021-09-12T23:59:59+02:00,9049,8398,56615,53260,63676,59418,73037,74053,94498,96661,106237,105378,73390,79695,51752,63325,14887,25620,7265,6665,51463,48434,59837,55026,69318,69724,90498,92150,102383,101709,71430,77517,50374,61599,14386,24643,812630,767432,70495,67950,182544,175695,43270,62,74
2021-09-11T23:59:59+02:00,9043,8389,56599,53238,63657,59402,73024,74040,94490,96647,106232,105373,73389,79694,51752,63325,14887,25620,7258,6659,51444,48415,59816,55013,69302,69713,90488,92135,102380,101704,71425,77515,50374,61599,14386,24641,812551,767381,70486,67906,182541,175693,43213,62,74
2021-09-10T23:59:59+02:00,8971,8328,56439,53092,63541,59283,72919,73934,94372,96529,106156,105312,73352,79658,51737,63299,14883,25615,7226,6634,51318,48348,59751,54950,69242,69665,90424,92078,102344,101664,71404,77499,50365,61589,14382,24636,811433,766915,70453,67851,182535,175690,42989,62,74
2021-09-09T23:59:59+02:00,8900,8263,56240,52899,63375,59098,72760,73790,94222,96389,106031,105218,73293,79595,51706,63265,14879,25602,7160,6572,51131,48180,59596,54815,69109,69538,90303,91971,102230,101572,71361,77454,50336,61559,14376,24620,810072,765845,70432,67801,182516,175668,42495,61,74
2021-09-08T23:59:59+02:00,8814,8186,56059,52727,63223,58915,72614,73638,94060,96258,105937,105111,73228,79535,51678,63209,14874,25587,7084,6503,50956,48016,59472,54674,68986,69391,90177,91860,102145,101470,71305,77396,50313,61518,14372,24604,808668,764689,70405,67749,182480,175643,42087,61,74
2021-09-07T23:59:59+02:00,8726,8126,55903,52571,63106,58776,72497,73505,93956,96156,105832,105012,73176,79487,51651,63169,14866,25567,7006,6449,50787,47853,59341,54529,68859,69272,90071,91744,102045,101370,71257,77347,50291,61492,14367,24585,807421,763461,70399,67737,182477,175621,41772,61,74
2021-09-06T23:59:59+02:00,8664,8060,55757,52403,62966,58619,72388,73372,93853,96045,105750,104924,73124,79439,51620,63139,14855,25551,6940,6393,50638,47713,59202,54380,68744,69151,89990,91650,101949,101282,71208,77300,50269,61462,14360,24575,806199,762342,70373,67695,182445,175597,41498,61,74
2021-09-05T23:59:59+02:00,8635,8022,55690,52310,62901,58558,72340,73314,93807,95995,105722,104880,73103,79417,51610,63119,14848,25545,6890,6342,50548,47628,59137,54315,68680,69091,89944,91594,101907,101232,71188,77272,50256,61445,14354,24566,805680,761722,70364,67685,182423,175574,41334,61,74
2021-09-04T23:59:59+02:00,8628,8017,55670,52301,62891,58547,72332,73306,93800,95991,105719,104874,73102,79416,51610,63119,14848,25545,6886,6337,50534,47613,59122,54300,68675,69083,89936,91589,101903,101228,71187,77270,50255,61445,14354,24566,805618,761657,70361,67680,182422,175572,41300,61,74
2021-09-03T23:59:59+02:00,8562,7949,55538,52214,62819,58451,72253,73225,93722,95926,105649,104814,73072,79383,51591,63088,14841,25535,6827,6285,50419,47519,59043,54233,68617,69012,89875,91528,101839,101176,71159,77236,50234,61422,14351,24557,804699,760884,70354,67660,182413,175563,41151,61,74
2021-09-02T23:59:59+02:00,8466,7852,55349,52057,62694,58343,72159,73095,93601,95812,105544,104729,73015,79327,51559,63040,14830,25515,6732,6196,50197,47346,58898,54113,68512,68898,89743,91425,101722,101081,71102,77189,50210,61394,14344,24541,803560,759739,70309,67617,182399,175511,40702,61,74
2021-09-01T23:59:59+02:00,8390,7759,55196,51909,62562,58211,72071,72970,93508,95724,105466,104658,72977,79284,51536,63003,14823,25497,6646,6087,50022,47137,58774,53973,68432,68786,89641,91322,101616,100987,71063,77147,50185,61353,14337,24525,802444,758510,70285,67577,182385,175461,40412,61,73
2021-08-31T23:59:59+02:00,8282,7667,55032,51754,62455,58094,71991,72866,93421,95640,105381,104580,72935,79242,51514,62973,14813,25483,6531,5969,49814,46934,58654,53831,68316,68660,89543,91216,101507,100907,71018,77094,50165,61317,14325,24509,801357,757147,70277,67559,182375,175436,40095,61,73
2021-08-30T23:59:59+02:00,8206,7587,54858,51592,62344,57966,71876,72749,93298,95512,105263,104485,72885,79199,51497,62940,14792,25460,6434,5884,49617,46721,58528,53691,68216,68547,89427,91106,101394,100800,70968,77057,50138,61288,14311,24492,800176,755942,70237,67492,182343,175380,39732,61,73
2021-08-29T23:59:59+02:00,8164,7540,54766,51512,62285,57885,71810,72701,93244,95448,105216,104451,72865,79177,51482,62925,14786,25451,6380,5835,49499,46619,58439,53593,68147,68470,89370,91046,101333,100747,70943,77041,50124,61275,14305,24489,799643,755289,70235,67482,182333,175335,39476,61,73
2021-08-28T23:59:59+02:00,8146,7526,54728,51475,62254,57865,71781,72683,93226,95431,105202,104439,72860,79175,51480,62921,14786,25451,6374,5831,49462,46600,58413,53577,68124,68456,89350,91024,101326,100734,70937,77037,50122,61273,14305,24489,799434,755141,70234,67476,182331,175335,39409,61,73
2021-08-27T23:59:59+02:00,8061,7448,54545,51337,62142,57725,71684,72561,93102,95310,105091,104354,72815,79124,51457,62885,14774,25445,6339,5791,49338,46515,58334,53496,68043,68384,89270,90958,101269,100686,70902,77003,50108,61262,14303,24489,798113,754440,70229,67470,182319,175329,39178,61,73
2021-08-26T23:59:59+02:00,7997,7375,54389,51189,62027,57612,71586,72453,92998,95181,104984,104272,72773,79074,51434,62865,14769,25431,6289,5751,49175,46358,58215,53388,67946,68290,89165,90878,101200,100618,70861,76968,50084,61240,14298,24480,797071,753617,70218,67430,182309,175296,38788,61,73
2021-08-25T23:59:59+02:00,7933,7321,54244,51040,61915,57459,71479,72338,92890,95079,104883,104190,72717,79023,51406,62828,14756,25416,6220,5669,48979,46166,58087,53246,67828,68166,89048,90765,101102,100528,70804,76920,50058,61201,14292,24465,796062,752476,70192,67393,182298,175261,38341,61,73
2021-08-24T23:59:59+02:00,7821,7232,54103,50833,61789,57323,71371,72206,92773,94959,104778,104093,72664,78975,51371,62785,14748,25401,6138,5579,48761,45946,57949,53075,67719,68029,88946,90671,101010,100446,70766,76868,50033,61178,14288,24449,794651,751082,70175,67371,182288,175239,38087,61,72
2021-08-23T23:59:59+02:00,7758,7158,53932,50661,61660,57197,71257,72094,92646,94852,104679,103995,72612,78914,51337,62743,14741,25390,6078,5524,48580,45775,57827,52946,67612,67931,88841,90579,100922,100370,70726,76817,50005,61139,14284,24437,793452,750060,70145,67347,182273,175183,37731,61,72
2021-08-22T23:59:59+02:00,7730,7132,53847,50582,61607,57131,71218,72041,92603,94810,104634,103965,72593,78899,51328,62731,14740,25384,6040,5486,48461,45664,57736,52852,67537,67869,88771,90521,100879,100328,70696,76793,49990,61121,14281,24430,793021,749375,70137,67339,182253,175132,37537,61,72
2021-08-21T23:59:59+02:00,7724,7129,53822,50567,61589,57120,71202,72027,92590,94792,104623,103955,72588,78897,51328,62730,14740,25383,6036,5482,48440,45646,57716,52844,67518,67849,88752,90506,100869,100318,70694,76790,49990,61120,14281,24430,792949,749278,70095,67320,182249,175126,37485,61,72
2021-08-20T23:59:59+02:00,7693,7092,53730,50490,61514,57060,71131,71964,92525,94730,104571,103918,72563,78869,51316,62704,14731,25372,6011,5462,48348,45570,57641,52781,67451,67794,88695,90446,100810,100280,70671,76768,49984,61104,14272,24426,792403,748759,70023,67307,182246,175103,37273,61,72
2021-08-19T23:59:59+02:00,7627,7012,53599,50365,61370,56945,71014,71856,92412,94642,104475,103828,72514,78812,51286,62663,14722,25352,5984,5435,48212,45466,57521,52689,67360,67715,88604,90367,100711,100215,70638,76739,49964,61080,14268,24417,791367,748103,69986,67270,182229,175056,36884,61,72
2021-08-18T23:59:59+02:00,7552,6955,53457,50226,61243,56836,70902,71762,92303,94554,104373,103744,72456,78759,51251,62627,14712,25331,5950,5392,48096,45340,57401,52592,67266,67639,88488,90277,100635,100141,70594,76701,49945,61056,14262,24400,790368,747384,69956,67240,182218,175006,36473,61,72
2021-08-17T23:59:59+02:00,7469,6874,53294,50063,61139,56712,70785,71638,92196,94448,104266,103644,72403,78716,51223,62600,14704,25319,5900,5353,47904,45161,57270,52450,67142,67533,88356,90181,100528,100045,70538,76652,49919,61034,14255,24388,789279,746341,69934,67204,182213,174953,36039,61,72
2021-08-16T23:59:59+02:00,7395,6811,53164,49933,61043,56599,70685,71544,92104,94343,104173,103544,72360,78665,51193,62557,14696,25311,5876,5317,47764,45041,57159,52380,67047,67450,88259,90095,100444,99950,70495,76612,49895,61007,14248,24383,788408,745708,69886,67159,182198,174884,35600,61,71
2021-08-15T23:59:59+02:00,7344,6771,53085,49852,60973,56528,70620,71483,92046,94291,104118,103494,72324,78635,51184,62541,14692,25302,5855,5299,47659,44947,57067,52288,66977,67388,88181,90032,100388,99900,70457,76577,49879,60986,14243,24371,787927,745223,69872,67127,182184,174802,35272,61,70
2021-08-14T23:59:59+02:00,7322,6755,53012,49784,60925,56483,70585,71436,92009,94251,104079,103458,72303,78627,51175,62530,14690,25299,5779,5245,47424,44675,56899,52099,66823,67233,88046,89910,100273,99793,70408,76534,49868,60963,14239,24366,787444,743394,69866,67121,182184,174791,35201,61,70
2021-08-13T23:59:59+02:00,7281,6719,52901,49689,60839,56402,70533,71367,91933,94193,104030,103413,72280,78604,51163,62519,14688,25292,5551,5030,46921,44178,56656,51829,66593,66977,87774,89655,100077,99587,70321,76433,49829,60903,14233,24345,786687,739910,69861,67110,182184,174716,35086,61,70
2021-08-12T23:59:59+02:00,7250,6692,52803,49620,60781,56323,70458,71317,91863,94134,103969,103366,72246,78571,51149,62503,14686,25278,5331,4855,46425,43734,56381,51521,66335,66754,87517,89434,99736,99313,70211,76299,49775,60839,14222,24317,786254,736860,69835,67085,182168,174261,34724,61,69
2021-08-11T23:59:59+02:00,7183,6623,52637,49449,60653,56204,70375,71223,91754,94030,103870,103257,72185,78505,51118,62462,14680,25262,5054,4572,45747,43117,56007,51138,66076,66458,87222,89169,99401,98945,70071,76153,49716,60738,14211,24288,785074,732742,69814,67054,182159,173823,34395,61,69
2021-08-10T23:59:59+02:00,7106,6539,52439,49264,60507,56084,70266,71100,91628,93900,103747,103151,72132,78447,51087,62431,14672,25253,4832,4331,44792,42218,55336,50479,65581,66001,86759,88685,98910,98490,69871,75954,49623,60640,14191,24250,783709,726476,69805,67021,182151,173318,34059,61,69
2021-08-09T23:59:59+02:00,7062,6492,52328,49172,60430,56009,70210,71039,91560,93828,103675,103092,72089,78411,51081,62415,14668,25245,4592,4112,43786,41161,54620,49794,65106,65567,86312,88248,98395,98022,69691,75730,49542,60517,14166,24212,783143,720021,69736,66969,182139,172755,33759,61,69
2021-08-08T23:59:59+02:00,7016,6451,52263,49102,60390,55976,70171,71013,91503,93779,103622,103052,72069,78389,51067,62394,14662,25240,4577,4099,43730,41098,54560,49745,65038,65525,86237,88187,98326,97971,69666,75699,49521,60491,14158,24205,782852,719720,69729,66952,182125,172670,33422,61,69
2021-08-07T23:59:59+02:00,6977,6410,52152,48974,60312,55899,70115,70948,91434,93716,103572,103005,72052,78372,51058,62388,14662,25239,4264,3787,42764,40081,54008,49176,64606,65117,85862,87790,98004,97624,69522,75554,49465,60409,14141,24187,782060,713356,69725,66932,182125,172662,33344,61,67
2021-08-06T23:59:59+02:00,6934,6349,52019,48846,60238,55833,70050,70867,91354,93640,103512,102947,72028,78349,51047,62370,14660,25235,3955,3565,42082,39466,53761,48908,64381,64873,85625,87568,97777,97421,69438,75463,49423,60369,14135,24174,781192,709734,69720,66847,182124,172525,33211,61,67
2021-08-05T23:59:59+02:00,6823,6242,51764,48624,60062,55645,69908,70721,91194,93493,103370,102810,71967,78286,51019,62330,14647,25216,3762,3394,41247,38775,53245,48450,64011,64518,85167,87168,97152,96901,69251,75279,49357,60271,14116,24144,779570,705187,69667,66795,182089,171397,32762,61,67
2021-08-04T23:59:59+02:00,6734,6156,51570,48392,59915,55466,69799,70569,91058,93376,103252,102695,71906,78222,50993,62284,14636,25187,3388,3039,40402,37992,52874,48044,63690,64195,84795,86838,96738,96493,69087,75108,49280,60175,14100,24110,778164,700593,69631,66770,182076,170612,32306,61,67
2021-08-03T23:59:59+02:00,6661,6099,51400,48257,59788,55338,69705,70477,90956,93277,103155,102613,71852,78186,50973,62258,14628,25171,3258,2937,39400,37049,52070,47357,63146,63659,84277,86352,96024,95862,68844,74891,49188,60058,14079,24066,777121,694328,69622,66746,182069,169427,31949,61,67
2021-08-02T23:59:59+02:00,6613,6056,51264,48117,59696,55259,69621,70408,90901,93203,103074,102551,71812,78144,50952,62237,14621,25158,3089,2759,38130,35897,51108,46548,62430,63071,83672,85784,95223,95160,68590,74633,49100,59925,14059,24027,776422,686713,69574,66692,182040,168115,31618,61,67
2021-08-01T23:59:59+02:00,6571,6001,51093,47955,59543,55143,69529,70293,90792,93113,102986,102458,71770,78107,50930,62197,14616,25142,3065,2741,37945,35764,50946,46448,62296,62975,83494,85640,94771,94756,68473,74523,49059,59876,14048,24007,775369,686052,69545,66632,182022,166806,31270,61,67
2021-07-31T23:59:59+02:00,6528,5967,50998,47835,59487,55071,69479,70249,90753,93083,102959,102433,71759,78095,50922,62192,14616,25139,2661,2360,36338,34253,50038,45581,61763,62410,82989,85124,94291,94321,68286,74318,48980,59780,14030,23974,774757,676907,69541,66620,182022,166691,31212,61,67
2021-07-30T23:59:59+02:00,6492,5915,50848,47696,59402,54990,69410,70188,90681,93003,102903,102395,71742,78071,50913,62168,14613,25135,2385,2131,34886,32851,49066,44627,61031,61716,82304,84500,93608,93742,68051,74082,48875,59630,14011,23943,773993,667371,69516,66608,182016,166386,31007,61,67
2021-07-29T23:59:59+02:00,6377,5796,50418,47329,59184,54715,69218,69997,90493,92815,102740,102258,71666,77988,50880,62113,14598,25117,2308,2065,34152,32237,48439,44175,60624,61356,81878,84150,92834,93067,67854,73924,48812,59543,13991,23912,771668,663489,69462,66460,181973,164739,30566,61,67
2021-07-28T23:59:59+02:00,6305,5733,50165,47136,59051,54561,69090,69900,90362,92691,102631,102164,71610,77931,50853,62073,14589,25100,2284,2046,33826,31942,48117,43934,60390,61131,81696,83977,92595,92866,67780,73857,48779,59510,13978,23902,770352,661765,69426,66371,181946,164220,30188,61,66
2021-07-27T23:59:59+02:00,6252,5686,50004,46992,58908,54464,68996,69810,90260,92581,102525,102088,71565,77878,50823,62040,14581,25087,2143,1931,32358,30548,46841,42844,59550,60331,81090,83442,91567,92014,67503,73572,48691,59384,13946,23862,769445,653089,69399,66296,181922,162424,29742,60,66
2021-07-26T23:59:59+02:00,6229,5657,49885,46906,58809,54374,68917,69755,90173,92520,102459,102036,71524,77842,50801,62020,14575,25078,2009,1815,30988,29300,45523,41712,58445,59340,80376,82808,90399,90983,67192,73298,48601,59266,13921,23820,768910,643998,69330,66199,181884,160128,29405,59,66
2021-07-25T23:59:59+02:00,6209,5640,49772,46800,58720,54307,68854,69696,90108,92464,102397,101987,71491,77806,50781,61997,14572,25068,1993,1807,30778,29142,45248,41509,58181,59102,80099,82596,89433,90128,66985,73124,48531,59193,13909,23797,768495,642770,69319,66076,181858,157676,28967,58,66
2021-07-24T23:59:59+02:00,6174,5611,49654,46709,58651,54244,68806,69639,90062,92420,102356,101946,71486,77799,50778,61994,14571,25064,1735,1587,29189,27562,44107,40432,57485,58388,79481,82018,88788,89559,66805,72933,48461,59091,13895,23773,767887,632742,69310,66058,181850,157537,28887,58,65
2021-07-23T23:59:59+02:00,6089,5524,49477,46531,58556,54139,68696,69534,89956,92316,102266,101849,71450,77743,50757,61963,14567,25058,1506,1367,27496,26049,42847,39343,56551,57497,78788,81397,88082,88896,66536,72659,48382,58990,13874,23743,766503,622179,69306,65891,181830,157066,28802,58,65
2021-07-22T23:59:59+02:00,5949,5408,49181,46243,58357,53933,68525,69364,89770,92164,102108,101715,71383,77660,50715,61912,14556,25039,1422,1313,26675,25226,41938,38535,55606,56665,78041,80766,86413,87385,66161,72260,48271,58860,13843,23691,764557,613686,69261,65383,181796,155599,28338,58,65
2021-07-21T23:59:59+02:00,5672,5125,48648,45716,58052,53616,68295,69082,89490,91917,101841,101449,71254,77529,50656,61847,14547,25013,1390,1287,26419,25002,41513,38253,55159,56274,77667,80479,85603,86781,65991,72132,48215,58794,13825,23666,760946,611693,69234,65107,181774,153820,27765,58,65
2021-07-20T23:59:59+02:00,5595,5050,48365,45437,57879,53407,68121,68934,89310,91762,101675,101305,71178,77461,50617,61800,14538,24985,1299,1202,25242,23857,40222,37217,53817,55065,76760,79700,84237,85434,65685,71789,48106,58658,13797,23620,759262,601287,69227,64945,181729,152239,27171,58,65
2021-07-19T23:59:59+02:00,5515,4964,48041,45113,57654,53198,67955,68729,89123,91582,101526,101144,71105,77379,50574,61749,14529,24956,1218,1140,24416,23018,38909,36099,52082,53566,75484,78640,83123,84452,65392,71532,48006,58540,13772,23580,757456,591228,69217,64796,181701,150448,26432,58,65
2021-07-18T23:59:59+02:00,5507,4963,47964,45054,57555,53117,67880,68655,89026,91514,101452,101076,71068,77337,50549,61717,14527,24944,1203,1134,24273,22917,38636,35876,51745,53268,75231,78442,82217,83681,65200,71353,47951,58468,13767,23558,757161,590147,69193,64632,181661,148216,25860,58,65
2021-07-17T23:59:59+02:00,5480,4926,47865,44977,57481,53056,67816,68598,88966,91451,101407,101057,71059,77322,50544,61710,14527,24943,1009,946,22892,21461,37255,34574,50498,52072,74623,77884,81581,83083,65070,71205,47884,58406,13758,23538,756594,579272,69188,64605,181652,148076,25721,58,65
2021-07-16T23:59:59+02:00,5377,4847,47623,44746,57353,52946,67697,68485,88827,91354,101300,100954,71013,77271,50521,61691,14521,24937,813,784,21642,20227,35962,33335,49041,50752,73613,76949,80880,82421,64849,70982,47802,58305,13739,23506,755128,567652,69186,64540,181645,147871,25474,58,65
2021-07-15T23:59:59+02:00,5234,4718,47222,44425,57144,52753,67502,68299,88612,91153,101111,100786,70915,77169,50472,61617,14512,24908,754,741,21038,19724,35029,32631,47802,49800,72426,76029,78722,80286,64249,70382,47660,58126,13720,23443,753062,558287,69168,63501,181599,146021,24688,58,65
2021-07-14T23:59:59+02:00,4862,4393,46632,43849,56910,52486,67297,68095,88398,90909,100895,100588,70807,77059,50404,61534,14500,24884,736,724,20835,19578,34763,32472,47427,49496,71886,75637,78054,79749,63925,70102,47577,58043,13697,23408,749611,556461,69149,63311,181547,144114,24160,58,63
2021-07-13T23:59:59+02:00,4771,4313,46435,43694,56747,52325,67134,67945,88240,90781,100748,100460,70734,76996,50366,61487,14496,24868,707,685,20275,19040,33731,31650,45802,48038,70118,73969,76445,78186,63548,69710,47447,57871,13668,23356,748244,545505,69132,62535,181473,142487,23656,58,63
2021-07-12T23:59:59+02:00,4706,4234,46249,43502,56593,52181,66979,67819,88069,90645,100592,100322,70660,76908,50328,61431,14489,24850,683,664,19803,18608,32939,31026,44140,46581,67738,71894,74550,76681,63018,69124,47303,57708,13639,23305,746971,534394,69108,61967,181373,139911,23069,58,63
2021-07-11T23:59:59+02:00,4701,4231,46178,43447,56529,52131,66926,67780,88006,90591,100520,100262,70623,76865,50318,61416,14486,24836,675,659,19593,18464,32586,30775,43689,46205,67278,71533,73768,75984,62617,68745,47232,57619,13623,23272,746816,532589,69097,61642,181307,137435,22588,58,63
2021-07-10T23:59:59+02:00,4575,4096,45892,43140,56344,51932,66779,67605,87872,90452,100418,100155,70567,76808,50297,61389,14483,24827,643,627,19031,17914,31642,29917,41940,44623,65792,70251,73133,75364,62450,68594,47179,57567,13616,23258,744717,521974,69091,61627,181295,137387,22490,58,63
2021-07-09T23:59:59+02:00,4446,3978,45621,42887,56179,51734,66617,67440,87720,90287,100282,100050,70514,76735,50260,61348,14478,24815,596,578,18446,17344,30673,28954,39985,42691,63499,68124,71974,74224,62176,68268,47103,57441,13598,23233,742663,508289,69075,61247,181289,136982,22326,58,63
2021-07-08T23:59:59+02:00,4417,3952,45480,42775,56053,51613,66488,67339,87593,90165,100163,99951,70459,76682,50239,61310,14467,24801,549,534,17507,16547,29273,27920,38265,41237,61367,66299,68612,71069,61277,67294,46859,57097,13553,23137,741936,493033,69016,59169,181218,134398,21733,58,63
2021-07-07T23:59:59+02:00,4405,3946,45413,42733,55968,51558,66401,67295,87537,90125,100119,99900,70442,76659,50229,61292,14463,24791,471,481,16550,15697,27886,26904,36738,40003,59747,64841,65379,67593,60257,66249,46621,56775,13503,23064,741621,477737,68969,57253,181166,132242,21464,58,63
2021-07-06T23:59:59+02:00,4353,3898,45268,42602,55835,51418,66297,67186,87430,90033,100036,99815,70403,76598,50211,61265,14460,24777,404,417,15784,14962,26808,25999,34892,38289,56344,61814,62723,65132,59500,65458,46347,56440,13463,22961,740481,459842,68946,56429,181109,130109,21294,57,63
2021-07-05T23:59:59+02:00,4290,3853,45083,42427,55683,51314,66171,67075,87310,89939,99949,99718,70340,76533,50189,61237,14457,24762,370,365,15121,14343,25858,25187,33656,37154,53247,58838,59945,62665,58659,64644,46092,56128,13418,22883,739282,443761,68902,56076,181030,127614,21060,57,62
2021-07-04T23:59:59+02:00,4282,3847,45034,42393,55614,51277,66125,67046,87271,89907,99917,99690,70316,76512,50183,61222,14451,24751,351,345,14917,14139,25414,24827,33052,36626,52582,58309,58957,61802,57991,64010,45908,55923,13399,22833,739079,439671,68868,55873,180961,124905,20874,57,62
2021-07-03T23:59:59+02:00,4063,3667,44503,41832,55294,50902,65829,66765,87022,89647,99717,99492,70243,76440,50160,61176,14447,24739,333,329,14628,13816,25056,24472,32074,35705,50837,56759,58089,61065,57817,63812,45840,55838,13387,22808,735277,431090,68849,55855,180955,124857,20801,57,62
2021-07-02T23:59:59+02:00,3752,3380,43852,41235,54968,50560,65541,66460,86749,89397,99482,99267,70141,76327,50108,61106,14441,24722,306,292,14211,13369,24354,23854,30914,34639,48205,54589,55949,59276,57421,63381,45680,55678,13371,22771,730939,418563,68828,54802,180942,124121,20724,56,50
2021-07-01T23:59:59+02:00,3614,3270,43497,40884,54764,50382,65381,66296,86592,89255,99327,99147,70072,76259,50077,61072,14433,24707,262,251,13519,12690,23050,22766,29233,33125,46185,52844,53454,56994,55997,61808,45185,55062,13298,22643,728798,405026,68761,52484,180892,120284,20523,56,49
2021-06-30T23:59:59+02:00,3603,3253,43232,40688,54582,50244,65259,66193,86501,89190,99255,99095,70044,76235,50065,61050,14429,24696,200,212,12776,12090,21887,21864,27643,31753,44332,51128,49816,53029,54665,60470,44829,54621,13242,22514,727641,389260,68705,50579,180872,116842,20341,56,49
2021-06-29T23:59:59+02:00,3388,3033,42314,39860,53972,49637,64818,65754,86085,88736,98906,98767,69919,76086,50008,60979,14409,24665,171,160,12178,11490,21084,21096,26271,30544,41708,48713,47941,51479,53694,59360,44421,54085,13147,22361,721646,377212,68651,49052,180856,113463,20128,56,48
2021-06-28T23:59:59+02:00,3170,2849,41358,38867,53303,48984,64353,65359,85703,88342,98573,98423,69779,75925,49943,60879,14391,24641,128,128,11677,11041,20421,20508,25302,29645,39614,46769,46312,50111,52590,58314,44060,53579,13067,22238,715475,367722,68537,48013,180845,109791,19930,56,48
2021-06-27T23:59:59+02:00,3165,2846,41321,38831,53254,48945,64311,65322,85650,88306,98521,98395,69760,75912,49934,60865,14386,24638,110,111,11483,10848,20097,20194,24723,29082,38587,45915,45145,49019,51559,57301,43625,53070,12985,22095,715249,363118,68507,47570,180809,105471,19742,56,48
2021-06-26T23:59:59+02:00,2683,2372,39929,37471,52533,48206,63759,64758,85162,87786,98096,97962,69570,75736,49861,60761,14367,24615,100,100,11368,10745,19929,20040,24523,28865,38109,45476,44775,48665,51445,57156,43578,53022,12980,22081,706554,360163,68478,47565,180809,105450,19731,56,48
2021-06-25T23:59:59+02:00,2278,2036,39085,36665,52180,47846,63433,64433,84882,87474,97847,97696,69466,75619,49814,60699,14353,24593,76,82,11067,10434,19548,19613,23991,28242,35427,43168,42587,46750,51106,56777,43479,52891,12956,22050,701502,348582,68341,47120,180802,104795,19699,56,48
2021-06-24T23:59:59+02:00,2224,1983,38595,36205,51831,47522,63213,64218,84646,87278,97661,97539,69384,75554,49779,60653,14347,24578,63,59,10472,9851,18485,18725,22564,26987,33324,41326,40153,44456,49623,55122,42908,52190,12839,21847,698553,335682,68311,44521,180781,101233,19510,56,48
2021-06-23T23:59:59+02:00,2211,1959,38363,35977,51663,47350,63095,64106,84546,87180,97584,97454,69353,75523,49759,60632,14343,24566,36,33,10017,9416,17856,18164,21630,26124,31383,39688,36188,39985,48327,53759,42522,51682,12757,21681,697306,320122,68274,43889,180765,97923,19266,54,48
2021-06-22T23:59:59+02:00,2132,1898,37376,35053,50909,46671,62610,63657,84171,86768,97217,97141,69204,75380,49692,60551,14330,24533,13,18,9550,8986,16983,17472,20401,25041,28255,36924,33883,38103,47370,52784,42112,51122,12617,21446,691153,307936,68227,41145,180752,94844,19108,54,47
2021-06-21T23:59:59+02:00,1985,1759,36030,33842,49888,45805,61887,62993,83673,86296,96777,96736,69034,75209,49625,60456,14319,24498,9,11,9232,8693,16521,17108,19776,24559,26510,35359,32343,36809,46315,51703,41659,50572,12511,21254,683212,300570,68193,40502,180737,91207,18618,53,47
2021-06-20T23:59:59+02:00,1974,1750,35942,33789,49738,45678,61743,62852,83592,86235,96703,96675,69000,75181,49610,60438,14319,24486,8,10,9082,8590,16304,16936,19460,24299,25693,34706,31402,35854,46119,51500,41628,50520,12502,21233,682545,296780,68150,39907,180719,90873,18239,53,47
2021-06-19T23:59:59+02:00,1606,1450,34333,32243,48840,44862,61258,62348,83122,85760,96297,96323,68853,75015,49544,60357,14304,24462,7,9,9041,8517,16200,16813,19342,24145,25588,34548,31274,35710,46023,51404,41610,50495,12498,21223,673863,295440,68131,39904,180712,90837,18219,53,47
2021-06-18T23:59:59+02:00,1408,1276,32694,30664,47633,43673,60317,61428,82314,85011,95684,95745,68634,74793,49455,60219,14288,24432,7,9,8967,8430,16039,16657,19152,23951,25335,34307,30988,35389,45726,51057,41524,50418,12485,21209,662743,293236,67996,39786,180711,90416,18166,53,46
2021-06-17T23:59:59+02:00,1333,1218,31775,29831,46771,42969,59510,60577,81570,84362,95272,95363,68493,74648,49413,60141,14274,24403,7,9,8428,8064,15347,16101,18322,23120,24226,33180,29509,34029,44399,49551,41038,49808,12365,21020,655828,284286,67880,38955,180680,87753,17483,53,46
2021-06-16T23:59:59+02:00,1250,1154,31086,29135,45966,42219,58591,59698,80792,83589,94848,94984,68358,74488,49355,60049,14254,24377,7,8,7940,7741,14726,15582,17539,22394,23085,32220,28329,32917,42499,47427,40487,49227,12257,20835,648769,274517,67752,38352,180661,85346,16959,53,46
2021-06-15T23:59:59+02:00,1108,1035,29200,27363,44218,40706,56997,58066,79404,82268,94087,94311,68070,74195,49241,59892,14221,24312,7,6,7768,7615,14412,15340,17173,22091,22564,31833,27789,32486,41560,46409,40101,48799,12133,20614,633848,271427,67703,37845,180622,82913,16469,53,46
2021-06-14T23:59:59+02:00,1015,921,27655,25901,42611,39189,55343,56417,78303,81156,93392,93683,67821,73953,49147,59769,14201,24268,6,5,7585,7442,14034,15002,16642,21645,21870,31249,27108,31891,41173,45986,39717,48346,12002,20409,620622,268735,67645,37429,180593,80070,15833,53,45
2021-06-13T23:59:59+02:00,991,896,27454,25721,42226,38852,54793,55891,77956,80846,93199,93493,67731,73873,49110,59710,14186,24243,6,5,7444,7274,13760,14708,16253,21244,21437,30755,26568,31387,40775,45581,39250,47779,11823,20122,617904,266632,67503,37356,180565,76991,15147,53,45
2021-06-12T23:59:59+02:00,862,782,25945,24137,41075,37780,54119,55158,77427,80351,92648,92968,67575,73696,49042,59633,14173,24222,6,5,7396,7224,13633,14597,16119,21129,21254,30605,26446,31282,40757,45564,39240,47768,11823,20121,608404,265837,67497,37354,180559,76651,15082,52,45
2021-06-11T23:59:59+02:00,750,673,24334,22623,39727,36592,52891,53948,76457,79499,92073,92392,67341,73462,48980,59525,14154,24187,6,5,7341,7132,13458,14407,15899,20932,20980,30345,26172,31021,40451,45189,39155,47653,11805,20092,596670,263928,67415,37209,180551,75940,14921,52,45
2021-06-10T23:59:59+02:00,648,584,23336,21620,38510,35415,51282,52444,75138,78302,90465,90845,66986,73066,48854,59351,14129,24133,6,5,7058,6909,12931,13972,15256,20359,20217,29592,25377,30342,39745,44326,38802,47235,11690,19907,583782,260448,66924,37175,180500,72210,13851,52,45
2021-06-09T23:59:59+02:00,578,534,22884,21234,37849,34895,50176,51399,73892,77109,89871,90340,66860,72921,48804,59266,14114,24102,6,5,6786,6600,12341,13368,14467,19544,19298,28570,24391,29179,37178,41405,38235,46591,11540,19668,576616,250120,66466,37102,180463,68673,13232,52,45
2021-06-08T23:59:59+02:00,472,423,21368,19784,36247,33530,48062,49437,71753,75170,88396,88858,66545,72536,48668,59105,14081,24058,6,5,6655,6428,11953,12991,13979,19055,18695,27965,23830,28640,36891,41149,37943,46224,11432,19511,559261,248449,66186,37021,180430,65273,12565,52,44
2021-06-07T23:59:59+02:00,356,329,20363,18817,34705,32199,45789,47414,69617,73287,87418,88010,66321,72268,48594,58970,14061,24021,6,5,6500,6267,11529,12636,13435,18572,17965,27378,23193,28042,36571,40845,37523,45743,11319,19312,544086,246445,66011,36952,180376,61385,12015,52,44
2021-06-06T23:59:59+02:00,333,308,20183,18670,34311,31915,45181,46842,68996,72801,87205,87844,66264,72206,48582,58944,14055,24009,6,5,6370,6093,11202,12222,13004,17999,17324,26567,22495,27232,36104,40370,37040,45192,11163,19042,540964,243992,65685,36898,180330,56878,11619,52,43
2021-06-05T23:59:59+02:00,261,243,18944,17412,32994,30705,43957,45667,68420,72282,86672,87334,66173,72104,48534,58896,14048,23997,6,5,6318,6009,11097,12055,12876,17820,17152,26357,22324,27037,36039,40292,37018,45168,11161,19037,530996,243378,65685,36485,180314,56268,11597,52,43
2021-06-04T23:59:59+02:00,180,173,17757,16266,31689,29420,42405,44170,67079,70965,85865,86581,65986,71892,48458,58804,14032,23968,6,5,6215,5870,10917,11844,12660,17563,16796,25971,21803,26597,35145,39434,36702,44868,11144,19015,518190,241525,65619,36157,180307,53308,11523,52,42
2021-06-03T23:59:59+02:00,125,120,17122,15695,30703,28591,40945,42871,65301,69432,83617,84299,65561,71437,48330,58642,14014,23930,6,5,6045,5659,10605,11488,12342,17095,16341,25309,21252,26015,34478,38641,36528,44664,11111,18965,504405,239179,64918,35769,180268,50468,11093,52,40
2021-06-02T23:59:59+02:00,96,77,16780,15387,30389,28325,40277,42248,63710,68038,82679,83497,65420,71273,48270,58560,14011,23915,6,4,5927,5566,10426,11326,12110,16878,16045,25000,20902,25616,31230,35017,36300,44442,11082,18912,496894,230464,64915,35436,180266,50023,10826,52,40
2021-06-01T23:59:59+02:00,38,42,15993,14721,28888,27223,37909,40184,60137,64858,80249,81176,65069,70909,48142,58370,13977,23862,6,4,5653,5290,9899,10896,11569,16281,15374,24202,20167,24854,30887,34718,36103,44264,11053,18850,478543,228990,63355,34930,180200,46514,9598,51,38
2021-05-31T23:59:59+02:00,30,34,15431,14247,27945,26519,35951,38520,56695,61827,78216,79473,64737,70552,47998,58195,13945,23810,6,3,5489,5086,9489,10530,11137,15796,14834,23514,19540,24147,30601,34463,35918,44071,11018,18793,462773,228294,62631,34542,180135,43026,8535,51,38
2021-05-30T23:59:59+02:00,28,31,15287,14118,27657,26282,35499,38109,55982,61210,77894,79198,64675,70495,47973,58160,13941,23799,6,3,5387,4891,9160,10169,10725,15307,14379,22710,19008,23371,29922,33748,35691,43879,10996,18730,459783,227820,62192,34462,180088,37541,8224,51,35
2021-05-29T23:59:59+02:00,26,30,14890,13726,26808,25471,33742,36521,54499,59912,77304,78633,64525,70345,47920,58107,13934,23785,6,3,5354,4818,9091,10052,10630,15186,14268,22559,18874,23230,29893,33725,35685,43871,10995,18727,449666,227320,62159,34462,180084,36932,8218,51,35
2021-05-28T23:59:59+02:00,23,29,14485,13330,25994,24728,31895,34760,52330,57905,76253,77637,64320,70093,47868,58030,13924,23762,6,3,5269,4704,8912,9907,10471,15013,14105,22320,18661,22928,29823,33676,35668,43854,10994,18722,437726,226638,61690,34455,179993,36003,7906,51,34
2021-05-27T23:59:59+02:00,19,24,13856,12863,24923,24008,30642,33833,50717,56529,73151,74654,63877,69554,47735,57868,13901,23706,6,3,5156,4471,8578,9566,10065,14576,13657,21683,18153,22329,29599,33470,35557,43740,10973,18693,425568,225974,59725,34383,179362,32730,7154,51,34
2021-05-26T23:59:59+02:00,18,22,13371,12443,24008,23360,29716,33129,49630,55602,70191,71460,63262,68941,47600,57698,13870,23660,6,3,5068,4309,8322,9251,9760,14186,13299,21080,17719,21727,29402,33302,35460,43634,10946,18641,414741,225352,57542,34265,178863,29680,6784,51,34
2021-05-25T23:59:59+02:00,18,17,13033,12146,23427,22954,28660,32265,47028,53360,67929,69333,62910,68574,47486,57549,13852,23606,6,3,4989,4188,8105,8989,9506,13808,12987,20558,17330,21173,29241,33145,35376,43529,10919,18586,402879,224780,56473,34182,178239,26937,6505,51,34
2021-05-24T23:59:59+02:00,17,16,12733,11865,22925,22574,28037,31811,44409,50928,65467,67141,62600,68275,47375,57423,13816,23549,6,3,4918,4079,7854,8755,9183,13422,12658,20044,16942,20611,29095,33004,35301,43457,10895,18538,391218,224185,55985,34116,177569,24292,6138,51,34
2021-05-23T23:59:59+02:00,17,16,12671,11798,22828,22489,27957,31732,44151,50700,64878,66592,62520,68187,47350,57405,13814,23547,6,3,4897,4064,7818,8723,9121,13387,12578,19980,16863,20553,29085,32988,35297,43449,10895,18536,389010,223888,55904,34108,177555,24083,6132,51,32
2021-05-22T23:59:59+02:00,17,16,12447,11560,22510,22181,26953,30843,42315,49123,64022,65850,62357,67996,47284,57313,13804,23523,6,3,4881,4009,7790,8657,9079,13320,12546,19893,16833,20483,29074,32978,35293,43443,10894,18535,380517,223793,55893,34108,177550,23681,6103,51,32
2021-05-21T23:59:59+02:00,17,15,12145,11306,21933,21734,26134,30151,39927,47230,62047,64181,62094,67723,47200,57225,13789,23497,6,3,4862,3981,7734,8570,9013,13232,12470,19800,16758,20396,29058,32952,35286,43432,10892,18534,370071,223595,54835,34093,177360,23228,6031,51,32
2021-05-20T23:59:59+02:00,16,15,11536,10734,20807,20834,24979,29123,38420,45952,59699,62106,61273,66823,46999,56965,13755,23441,6,3,4588,3804,7331,8283,8568,12835,12016,19287,16335,19872,28937,32854,35235,43377,10888,18524,359561,223182,52478,33982,176075,20235,5312,51,32
2021-05-19T23:59:59+02:00,16,15,11091,10420,20021,20277,24129,28522,37514,45266,56464,58466,60581,66119,46891,56831,13732,23394,6,3,4435,3646,7075,8038,8290,12503,11682,18853,15962,19450,28837,32741,35192,43301,10877,18509,349070,222687,50858,33864,174944,17992,4826,51,31
2021-05-18T23:59:59+02:00,16,15,10764,10135,19437,19826,23471,27957,36102,44033,55043,57331,60207,65692,46761,56670,13707,23368,6,3,4330,3519,6828,7801,8025,12219,11447,18448,15614,19014,28751,32647,35162,43259,10873,18502,343651,222386,49000,33781,173465,15882,4368,51,31
2021-05-17T23:59:59+02:00,15,14,10544,9960,18998,19535,23034,27644,34902,43041,53727,56289,59956,65444,46697,56571,13691,23334,6,3,4260,3433,6620,7583,7773,11925,11190,18053,15301,18606,28657,32558,35137,43218,10867,18488,339564,222081,48006,33712,171944,14020,3834,48,31
2021-05-16T23:59:59+02:00,15,13,10353,9830,18705,19331,22699,27402,34262,42579,52488,55118,59763,65278,46660,56517,13680,23314,6,3,4192,3359,6403,7418,7484,11670,10919,17698,15005,18241,28591,32496,35121,43200,10860,18484,337120,221822,47123,33651,170330,12259,3387,47,31
2021-05-15T23:59:59+02:00,15,13,10257,9730,18552,19183,22528,27256,33881,42212,52092,54739,59648,65132,46612,56472,13677,23298,6,3,4151,3323,6318,7351,7390,11567,10817,17578,14900,18110,28497,32378,35027,43108,10856,18479,334720,220728,47122,33648,170196,12240,3212,47,31
2021-05-14T23:59:59+02:00,14,13,9974,9528,18123,18943,22125,26966,31534,40432,49942,52882,59426,64903,46564,56387,13660,23277,6,3,4023,3241,6031,7186,7083,11341,10469,17225,14551,17782,27924,31672,34904,42916,10837,18451,325563,217426,47069,33642,169585,12116,2430,46,31
2021-05-13T23:59:59+02:00,14,13,9512,9161,17328,18378,21257,26282,30415,39441,47695,50711,58576,63926,46354,56104,13621,23203,6,3,3524,3048,5690,6932,6770,11030,10056,16835,14175,17344,27021,30471,34477,42395,10806,18391,317057,212810,45206,33084,167561,10927,2122,45,31
2021-05-12T23:59:59+02:00,14,13,9222,8968,16894,18118,20782,25992,29884,39056,44696,47065,58002,63284,46270,55990,13603,23178,6,3,3385,2960,5458,6821,6488,10883,9774,16626,13938,17077,26373,29647,34311,42202,10780,18357,307860,209774,44391,33058,167268,10759,1467,45,31
2021-05-11T23:59:59+02:00,14,12,8788,8693,16121,17598,19914,25371,28145,37611,42757,45559,57625,62835,46186,55855,13582,23150,6,3,3264,2831,5225,6480,6190,10469,9407,16066,13499,16516,24950,27976,33800,41574,10729,18269,302353,203791,41334,32874,164785,9259,1299,45,31
2021-05-10T23:59:59+02:00,14,11,8527,8541,15609,17343,19283,25049,27152,36919,41295,44412,57358,62560,46107,55751,13561,23119,6,2,3154,2705,4996,6242,5935,10144,9082,15588,13136,16092,23902,26644,33311,40989,10693,18211,299041,199134,40427,32844,162113,7839,986,44,29
2021-05-09T23:59:59+02:00,14,11,8371,8456,15306,17159,18902,24791,26482,36490,39516,42746,57061,62281,46051,55693,13553,23099,6,2,3033,2649,4815,6100,5766,9968,8882,15380,12965,15917,23625,26310,33165,40816,10683,18196,296063,197930,40047,32800,159119,6809,710,43,29
2021-05-08T23:59:59+02:00,14,11,8295,8383,15123,17013,18693,24591,26254,36250,39279,42550,56934,62131,46013,55656,13550,23088,6,2,3025,2628,4784,6064,5722,9922,8805,15313,12878,15847,23254,25882,32879,40502,10675,18180,294488,196739,39592,32084,158995,6806,710,43,29
2021-05-07T23:59:59+02:00,13,11,8125,8285,14794,16828,18301,24355,25828,35960,38819,42169,56658,61775,45964,55609,13543,23078,6,2,2726,2493,4435,5877,5451,9662,8489,15001,12482,15449,22155,24503,32230,39666,10647,18130,291937,193267,39160,30583,158662,5213,314,42,27
2021-05-06T23:59:59+02:00,12,11,7476,7927,13895,16223,17242,23499,24480,34847,36672,40502,55529,60454,45720,55303,13508,23011,6,2,2601,2381,4261,5679,5242,9355,8144,14560,12048,14993,20846,22826,31377,38656,10593,18016,281280,187643,37874,29621,156840,4020,277,40,25
2021-05-05T23:59:59+02:00,10,11,6940,7619,13109,15677,16197,22734,23093,33818,34840,39009,53685,58412,45398,54957,13474,22945,6,2,2514,2324,4085,5523,5050,9143,7796,14221,11677,14633,19454,21043,30181,37238,10553,17913,269804,181500,36947,28445,155039,3288,98,40,25
2021-05-04T23:59:59+02:00,10,10,6751,7527,12739,15500,15706,22462,22446,33472,33876,38306,52831,57449,45275,54830,13456,22904,6,2,2459,2254,3930,5351,4873,8889,7452,13810,11251,14173,17802,19112,29078,35903,10457,17793,266014,174664,36076,27504,153377,2358,45,38,24
2021-05-03T23:59:59+02:00,10,9,6605,7378,12360,15279,15195,22151,21733,33065,32721,37414,52528,57129,45179,54722,13441,22872,6,2,2399,2186,3836,5171,4732,8654,7234,13461,10931,13765,16597,17613,28197,34798,10392,17685,262702,169080,35613,27154,151406,1368,33,37,24
2021-05-02T23:59:59+02:00,10,9,6525,7287,12146,15108,14893,21916,21256,32744,31569,36465,52244,56838,45117,54631,13423,22841,6,2,2384,2179,3814,5138,4701,8618,7167,13390,10845,13671,16284,17217,27899,34493,10380,17671,260262,167504,35537,27040,149155,1261,32,36,22
2021-05-01T23:59:59+02:00,10,9,6507,7262,12082,15058,14813,21853,21153,32672,31443,36368,52238,56823,45113,54630,13421,22839,6,2,2381,2171,3790,5121,4660,8594,7129,13353,10784,13615,16086,16994,27784,34356,10377,17661,259684,166538,35536,27013,149006,1259,32,36,22
2021-04-30T23:59:59+02:00,10,9,6469,7224,11989,14964,14707,21732,20957,32484,31202,36176,51967,56463,45068,54577,13415,22827,6,2,2352,2150,3728,5059,4563,8483,6979,13171,10506,13351,15270,15968,26914,33283,10336,17573,257895,163330,35492,25121,148786,1190,31,36,22
2021-04-29T23:59:59+02:00,10,9,6265,7097,11668,14776,14349,21491,20436,32194,30447,35684,51318,55635,44977,54458,13389,22747,6,2,2314,2104,3636,4970,4439,8347,6787,12952,10229,13061,14295,14733,25607,31732,10273,17476,254700,157616,35396,24369,146788,927,30,36,21
2021-04-28T23:59:59+02:00,10,9,6002,6932,11286,14433,13854,21025,19791,31589,29278,34549,48650,52626,44683,54133,13326,22669,6,2,2276,2063,3567,4908,4323,8231,6625,12769,9978,12842,13151,13251,24115,29851,10211,17373,244730,151634,35269,23164,144794,710,16,36,18
2021-04-27T23:59:59+02:00,10,9,5899,6841,11130,14309,13652,20859,19507,31376,28714,34161,48442,52402,44627,54079,13317,22647,6,2,2234,2028,3476,4815,4230,8122,6460,12583,9694,12566,11936,11685,22458,27690,10132,17227,243334,144797,35222,21981,143374,533,16,35,17
2021-04-26T23:59:59+02:00,10,9,5850,6799,11009,14241,13489,20733,19278,31164,27876,33592,48104,52031,44573,54013,13308,22618,6,2,2212,2001,3421,4770,4168,8055,6356,12450,9506,12390,11019,10525,21177,25927,10071,17136,242585,139507,35194,21231,140868,423,16,34,15
2021-04-25T23:59:59+02:00,10,9,5805,6752,10902,14143,13326,20575,19028,30877,27112,32850,47607,51520,44489,53915,13294,22598,6,2,2187,1991,3390,4751,4149,8035,6323,12409,9449,12329,10857,10331,20935,25603,10061,17122,240860,138654,35149,20880,138754,365,16,33,15
2021-04-24T23:59:59+02:00,10,9,5783,6704,10821,14049,13226,20429,18893,30697,26950,32665,47504,51397,44396,53819,13290,22593,6,2,2180,1980,3365,4723,4111,7989,6252,12337,9318,12212,10700,10150,20801,25472,10045,17104,239360,138130,35131,20240,138695,346,16,33,15
2021-04-23T23:59:59+02:00,10,9,5722,6615,10688,13850,13020,20174,18579,30316,26549,32303,46556,50258,44242,53574,13267,22561,6,2,2162,1958,3323,4686,4061,7935,6158,12245,9154,12084,10433,9849,20475,25052,9996,17021,234948,137002,35072,19232,138224,335,16,33,15
2021-04-22T23:59:59+02:00,10,9,5621,6502,10476,13652,12666,19835,18064,29842,25915,31705,44827,48104,43673,52845,13221,22462,5,2,2148,1947,3282,4633,3984,7860,6028,12146,8895,11921,9999,9444,20017,24460,9946,16943,228683,134871,34959,18456,135738,303,16,33,14
2021-04-21T23:59:59+02:00,10,8,5523,6367,10246,13450,12334,19520,17562,29345,25196,30971,40543,43233,43196,52310,13154,22357,5,2,2135,1938,3245,4596,3929,7802,5946,12053,8719,11761,9667,9059,19516,23867,9880,16845,216542,133218,34896,17442,133838,279,16,33,10
2021-04-20T23:59:59+02:00,10,8,5445,6276,10048,13231,12055,19252,17138,28934,24636,30400,38788,41216,42540,51530,13083,22217,5,2,2110,1925,3204,4572,3863,7758,5815,11954,8547,11634,9383,8739,19043,23196,9783,16705,210281,131846,34805,16141,131672,225,16,33,10
2021-04-19T23:59:59+02:00,10,7,5365,6201,9888,13101,11848,19042,16776,28551,24090,29927,37231,39426,41947,50809,13028,22130,5,2,2094,1908,3168,4537,3822,7712,5775,11883,8464,11542,9145,8455,18634,22629,9736,16612,205242,130145,34747,15748,129339,204,16,33,10
2021-04-18T23:59:59+02:00,10,6,5303,6152,9754,13015,11647,18902,16493,28352,23680,29612,35915,38060,41593,50402,12994,22066,5,2,2081,1893,3141,4515,3795,7696,5730,11836,8413,11493,9047,8366,18481,22442,9723,16586,203681,129660,34705,15360,125522,199,16,32,10
2021-04-17T23:59:59+02:00,10,6,5297,6136,9720,12984,11600,18862,16416,28284,23616,29553,35603,37718,41484,50304,12988,22055,5,2,2071,1885,3113,4502,3736,7651,5660,11784,8325,11441,8936,8255,18375,22324,9702,16573,202450,128847,34696,15269,125442,198,16,32,10
2021-04-16T23:59:59+02:00,10,6,5232,6096,9633,12922,11464,18750,16203,28123,23264,29203,34518,36453,41071,49779,12968,22021,5,2,1938,1798,2884,4319,3376,7331,4885,11245,6829,10347,6397,6170,16553,20618,9506,16273,198277,119433,34606,10823,124787,195,15,31,10
2021-04-15T23:59:59+02:00,10,6,5166,6006,9429,12748,11168,18504,15705,27729,22572,28600,32617,34138,40023,48569,12887,21853,5,2,1895,1765,2816,4252,3256,7209,4667,11062,6451,10036,5937,5771,15962,19933,9314,15938,192444,116289,34552,9772,120690,186,15,29,9
2021-04-14T23:59:59+02:00,10,6,5104,5961,9262,12621,10951,18326,15300,27411,21918,28117,30684,31886,38805,47147,12812,21666,5,2,1810,1710,2733,4183,3142,7115,4463,10898,6141,9786,5459,5356,15378,19243,9110,15582,186049,113650,34412,8313,117482,129,15,29,9
2021-04-13T23:59:59+02:00,10,6,5056,5907,9124,12491,10772,18158,14955,27134,21395,27655,28576,29432,37539,45546,12669,21459,5,2,1767,1692,2696,4140,3086,7052,4329,10758,5871,9573,5118,5054,14927,18792,8974,15378,179134,112224,34345,6932,114362,34,15,28,9
2021-04-12T23:59:59+02:00,10,6,4992,5858,9016,12351,10565,18011,14633,26852,20854,27198,26534,27159,36377,44080,12539,21258,5,2,1732,1648,2665,4118,3058,6997,4270,10690,5768,9472,4952,4907,14625,18424,8862,15178,173408,111372,34264,5944,110578,33,15,28,9
2021-04-11T23:59:59+02:00,10,6,4956,5815,8922,12271,10405,17909,14368,26675,20427,26874,25328,25868,35672,43294,12450,21107,5,2,1723,1642,2642,4097,3033,6968,4235,10643,5681,9404,4859,4851,14509,18298,8823,15126,171616,111158,34190,5333,106509,27,14,28,9
2021-04-10T23:59:59+02:00,10,6,4944,5800,8880,12243,10349,17875,14300,26624,20330,26793,25013,25492,35324,42874,12443,21086,5,2,1719,1636,2632,4089,3019,6951,4205,10612,5622,9365,4781,4774,14380,18132,8776,15041,170399,110359,33463,5332,106482,27,14,28,9
2021-04-09T23:59:59+02:00,10,6,4897,5768,8795,12163,10223,17750,14131,26449,20069,26548,24170,24338,34368,41662,12410,21012,4,2,1691,1607,2576,4055,2947,6890,4055,10502,5365,9139,4364,4398,13809,17415,8548,14672,167021,106669,31945,5324,105766,27,10,27,9
2021-04-08T23:59:59+02:00,10,6,4823,5703,8648,12055,10008,17578,13731,26134,19465,26074,22460,22342,32670,39686,12260,20775,4,2,1661,1591,2521,4010,2863,6805,3907,10365,5072,8875,3903,3970,12812,16168,8062,13908,161240,101666,31037,4791,102115,23,10,26,9
2021-04-07T23:59:59+02:00,10,5,4776,5650,8464,11975,9782,17429,13412,25906,18992,25712,20647,20224,30907,37423,12142,20561,4,2,1628,1575,2466,3957,2802,6723,3800,10220,4881,8685,3637,3678,12120,15360,7685,13348,155187,98326,29857,4213,98942,14,9,22,9
2021-04-06T23:59:59+02:00,10,5,4727,5605,8321,11863,9622,17262,13093,25638,18471,25325,18791,18153,28977,34926,11939,20216,4,2,1593,1556,2441,3931,2768,6683,3736,10175,4798,8591,3525,3553,11642,14710,7398,12933,148324,95997,28892,4012,95698,13,9,21,8
2021-04-05T23:59:59+02:00,10,5,4696,5564,8226,11772,9484,17164,12880,25426,18069,24980,17064,16222,27349,32769,11791,19988,4,2,1571,1544,2410,3913,2739,6634,3693,10116,4711,8475,3412,3444,11299,14340,7241,12650,142899,94597,28458,3572,92074,12,9,19,8
2021-04-04T23:59:59+02:00,10,5,4689,5558,8217,11762,9470,17148,12854,25405,18041,24955,16932,16046,27153,32523,11782,19974,4,2,1569,1543,2408,3910,2736,6630,3691,10112,4706,8472,3403,3433,11288,14328,7237,12642,142178,94515,28365,3572,91957,12,7,17,8
2021-04-03T23:59:59+02:00,10,5,4685,5550,8203,11755,9451,17128,12815,25373,17963,24890,16852,15956,27106,32466,11777,19967,4,2,1566,1541,2399,3902,2718,6616,3668,10084,4623,8417,3286,3318,11206,14253,7231,12632,141647,93867,28336,3572,91945,12,7,17,8
2021-04-02T23:59:59+02:00,10,5,4660,5530,8143,11702,9386,17059,12675,25266,17726,24688,16399,15479,26629,31889,11745,19912,4,2,1564,1532,2384,3897,2711,6600,3647,10051,4553,8324,3216,3249,10969,13950,7079,12429,140430,92567,26922,3568,91527,12,7,17,7
2021-04-01T23:59:59+02:00,9,5,4617,5469,8032,11558,9256,16899,12400,24979,17280,24287,15645,14752,25870,30926,11618,19729,4,2,1547,1512,2355,3865,2688,6572,3609,10013,4486,8258,3103,3118,10032,12830,6463,11578,138181,88548,26255,3462,88872,11,7,16,7
2021-03-31T23:59:59+02:00,9,5,4405,5391,7919,11434,9114,16732,12180,24700,16925,23922,14948,13987,25034,29915,11508,19529,4,2,1538,1507,2340,3845,2660,6543,3559,9965,4412,8186,3011,3028,9455,12125,6098,11080,136373,86101,24790,3233,86473,11,6,15,7
2021-03-30T23:59:59+02:00,9,5,4374,5339,7843,11307,9028,16576,12020,24510,16639,23610,14347,13341,24275,28927,11369,19284,4,2,1524,1497,2319,3821,2634,6513,3518,9900,4345,8115,2884,2880,8861,11463,5745,10584,134880,83763,23574,2827,84328,6,6,15,7
2021-03-29T23:59:59+02:00,9,5,4334,5286,7743,11195,8920,16410,11856,24235,16309,23262,13804,12741,23509,27947,11209,19035,4,2,1504,1484,2300,3805,2611,6485,3484,9840,4281,8039,2831,2812,8569,11075,5556,10271,133024,82366,22811,2568,81953,6,6,15,7
2021-03-28T23:59:59+02:00,9,5,4299,5202,7657,11087,8839,16255,11720,24005,16049,22989,13475,12430,22935,27253,11033,18749,4,2,1494,1477,2278,3789,2596,6456,3445,9790,4244,7980,2783,2761,8490,10969,5511,10203,132518,82015,22284,2239,79168,5,6,15,7
2021-03-27T23:59:59+01:00,9,5,4285,5191,7630,11055,8772,16182,11621,23909,15901,22873,13271,12217,22732,27039,10998,18720,4,2,1493,1475,2275,3787,2595,6455,3428,9763,4234,7957,2773,2754,8432,10905,5476,10163,131629,81714,21639,2239,79121,5,6,15,7
2021-03-26T23:59:59+01:00,9,5,4241,5123,7520,10917,8597,15998,11283,23602,15287,22369,12348,11387,21940,26190,10851,18491,2,2,1488,1461,2270,3766,2581,6432,3411,9737,4193,7921,2743,2715,8251,10686,5355,9991,127551,80863,20024,2124,78562,5,6,15,7
2021-03-25T23:59:59+01:00,9,4,4186,4961,7356,10638,8351,15590,10898,22977,14642,21669,11675,10724,21069,25120,10532,17945,2,2,1468,1448,2237,3741,2546,6394,3374,9690,4122,7839,2608,2575,7272,9423,4737,9072,124256,76649,19241,1884,74830,5,5,14,7
2021-03-24T23:59:59+01:00,9,4,4110,4821,7219,10348,8134,15177,10633,22428,14170,21059,11069,10163,20132,24029,10199,17378,2,2,1447,1419,2210,3704,2502,6357,3331,9625,4043,7739,2507,2478,6620,8655,4351,8490,121646,74009,18046,1461,71376,3,2,12,7
2021-03-23T23:59:59+01:00,9,4,4070,4730,7113,10107,7979,14835,10370,21922,13768,20566,10601,9723,19406,23177,9884,16911,2,2,1436,1401,2184,3683,2482,6329,3271,9571,3949,7663,2412,2377,5890,7724,3898,7795,120177,70927,16940,1131,68045,3,1,12,7
2021-03-22T23:59:59+01:00,9,4,4017,4652,6984,9866,7819,14512,10110,21454,13417,20065,10208,9366,18834,22467,9690,16563,2,1,1427,1394,2177,3669,2470,6313,3247,9548,3919,7629,2351,2326,5433,7113,3536,7301,119277,68804,16536,1041,64211,3,1,12,7
2021-03-21T23:59:59+01:00,9,4,3970,4551,6851,9604,7651,14151,9887,20912,13074,19539,9889,9087,18297,21865,9500,16247,2,1,1424,1390,2176,3658,2466,6305,3241,9539,3909,7615,2337,2307,5316,6981,3478,7200,119067,68293,16139,1041,59869,3,1,12,7
2021-03-20T23:59:59+01:00,9,4,3959,4531,6813,9549,7594,14076,9803,20800,12968,19449,9802,8993,18157,21687,9449,16160,2,1,1421,1385,2172,3654,2461,6300,3227,9529,3889,7605,2302,2275,4989,6609,3289,6958,118233,67016,16043,1041,59514,3,1,12,7
2021-03-19T23:59:59+01:00,8,4,3785,4390,6522,9297,7152,13648,8890,20068,11238,18121,6934,6638,15898,19482,9088,15595,2,1,1417,1381,2167,3647,2449,6288,3214,9503,3837,7559,2235,2234,4613,6135,3020,6633,108917,65317,11314,1008,56514,3,1,12,6
2021-03-18T23:59:59+01:00,8,3,3681,4259,6346,8991,6882,13209,8500,19409,10601,17382,6213,5985,14674,18010,8569,14767,2,1,1413,1375,2144,3620,2431,6252,3185,9461,3798,7526,2190,2200,4190,5602,2738,6218,103768,63435,10307,901,53401,3,1,12,6
2021-03-17T23:59:59+01:00,8,3,3602,4185,6217,8843,6710,13032,8202,19099,10197,16991,5805,5599,13853,17082,8168,14178,2,1,1403,1362,2128,3600,2401,6220,3154,9433,3761,7489,2135,2140,3780,5156,2486,5830,100515,61704,8616,767,52630,3,1,12,6
2021-03-16T23:59:59+01:00,8,3,3525,4053,6060,8572,6502,12662,7889,18514,9648,16335,5276,5143,13033,16117,7829,13678,2,1,1394,1353,2119,3583,2385,6205,3138,9414,3736,7463,2108,2103,3260,4515,2145,5317,98178,59468,7204,763,49452,3,1,12,6
2021-03-15T23:59:59+01:00,8,3,3476,3908,5870,8297,6283,12249,7615,17939,9213,15710,4959,4858,12373,15374,7565,13216,2,1,1394,1343,2103,3568,2365,6181,3119,9365,3712,7424,2071,2052,2892,4052,1858,4920,96677,57668,6221,745,46006,3,0,12,6
2021-03-14T23:59:59+01:00,8,3,3430,3776,5641,7968,5992,11802,7305,17222,8752,14957,4635,4583,12084,15117,7516,13117,2,1,1387,1338,2087,3539,2352,6132,3101,9306,3695,7385,2064,2041,2814,3944,1805,4833,96550,57266,5605,551,41741,3,0,12,6
2021-03-13T23:59:59+01:00,8,3,3413,3733,5600,7851,5930,11680,7219,17074,8603,14800,4484,4432,11993,15031,7510,13106,2,1,1387,1338,2087,3539,2351,6132,3100,9304,3694,7385,2061,2033,2761,3888,1771,4778,95855,57053,5605,551,40998,2,0,12,6
2021-03-12T23:59:59+01:00,8,3,3393,3663,5542,7712,5870,11528,7132,16846,8467,14567,4377,4335,11720,14705,7353,12888,2,1,1387,1338,2083,3533,2350,6124,3095,9298,3692,7380,2059,2031,2673,3777,1687,4689,94426,56640,5597,551,40075,2,0,11,6
2021-03-11T23:59:59+01:00,8,3,3315,3470,5332,7420,5639,11109,6791,16178,8028,13926,4032,3998,10640,13441,6694,11976,2,1,1381,1336,2072,3520,2332,6099,3072,9263,3669,7347,2028,2006,2433,3511,1530,4468,90213,55545,5161,518,36615,2,0,11,5
2021-03-10T23:59:59+01:00,8,3,3219,3352,5114,7148,5423,10745,6520,15632,7686,13379,3807,3769,9990,12648,6306,11439,2,1,1376,1325,2046,3482,2302,6009,3024,9140,3612,7227,1984,1929,2217,3274,1397,4272,87733,54328,4785,284,33659,2,0,11,5
2021-03-09T23:59:59+01:00,7,3,3146,3224,4944,6962,5219,10461,6288,15197,7389,12869,3623,3562,9354,11944,5927,10911,2,1,1369,1314,2012,3422,2271,5907,2962,8998,3544,7145,1954,1903,1936,2956,1225,4025,85438,52903,4518,36,31063,2,0,11,5
2021-03-08T23:59:59+01:00,7,3,3080,3068,4714,6698,4976,10107,6026,14683,7027,12282,3422,3369,8960,11501,5729,10594,2,1,1366,1296,1998,3344,2240,5809,2924,8852,3511,7050,1939,1881,1733,2724,1101,3830,83956,51562,4148,34,28132,0,0,10,5
2021-03-07T23:59:59+01:00,7,3,3047,3009,4642,6583,4892,9995,5922,14518,6909,12133,3371,3322,8871,11392,5688,10526,2,1,1360,1291,1992,3332,2232,5784,2917,8813,3499,7031,1931,1869,1678,2656,1050,3761,83592,51160,3969,34,27259,0,0,10,5
2021-03-06T23:59:59+01:00,6,3,3033,2952,4599,6492,4854,9928,5861,14398,6860,12021,3347,3299,8814,11326,5653,10483,2,1,1358,1278,1987,3318,2220,5757,2914,8786,3488,7012,1921,1845,1650,2632,1044,3752,83264,50926,3969,34,26686,0,0,10,5
2021-03-05T23:59:59+01:00,6,3,3010,2862,4540,6381,4790,9830,5798,14245,6757,11868,3302,3244,8628,11098,5530,10306,2,1,1349,1244,1955,3263,2195,5651,2874,8652,3444,6874,1877,1799,1586,2562,1021,3724,82355,50034,3961,34,25872,0,0,10,5
2021-03-04T23:59:59+01:00,4,3,2958,2674,4381,6143,4569,9515,5591,13828,6444,11479,3126,3068,7606,9802,4896,9386,2,1,1330,1195,1918,3140,2163,5469,2828,8375,3386,6641,1805,1709,1549,2510,1016,3706,78180,48705,3687,33,23596,0,0,10,5
2021-03-03T23:59:59+01:00,3,3,2919,2603,4240,5954,4401,9247,5387,13450,6188,11060,3000,2935,6956,9023,4498,8775,2,1,1318,1159,1891,3067,2141,5358,2798,8196,3333,6483,1737,1666,1507,2440,996,3651,75445,47707,3444,33,21743,0,0,10,4
2021-03-02T23:59:59+01:00,3,3,2859,2513,4051,5737,4196,8976,5190,13070,5919,10684,2852,2773,6188,8058,4025,8063,2,1,1285,1117,1864,2995,2117,5216,2748,7923,3284,6285,1662,1606,1441,2360,972,3601,72266,46442,2988,33,19896,0,0,10,4
2021-03-01T23:59:59+01:00,3,2,2820,2450,3888,5587,4010,8757,5001,12751,5681,10291,2750,2658,5693,7401,3659,7551,2,1,1279,1081,1841,2894,2091,5021,2707,7673,3224,6049,1619,1570,1391,2299,942,3558,70093,45205,2680,33,18170,0,0,10,4
2021-02-28T23:59:59+01:00,3,2,2778,2402,3731,5469,3787,8568,4820,12500,5494,9985,2693,2584,5571,7245,3597,7450,2,1,1275,1076,1836,2881,2082,4997,2700,7637,3214,6032,1610,1563,1385,2290,939,3548,69613,45032,2458,32,16598,0,0,10,4
2021-02-27T23:59:59+01:00,3,2,2765,2341,3705,5388,3753,8493,4786,12405,5459,9910,2652,2550,5237,6858,3396,7198,2,1,1268,1068,1829,2869,2069,4962,2681,7572,3198,5976,1592,1553,1379,2279,937,3547,68293,44747,2458,31,16140,0,0,10,4
2021-02-26T23:59:59+01:00,3,2,2745,2300,3663,5299,3687,8390,4723,12294,5372,9822,2575,2497,4852,6375,3117,6864,2,1,1211,1018,1779,2764,2020,4781,2625,7297,3125,5766,1531,1502,1356,2257,923,3538,66470,43462,2331,30,15770,0,0,9,4
2021-02-25T23:59:59+01:00,3,2,2574,2195,3476,5116,3501,8163,4520,12005,5152,9547,2486,2431,4402,5819,2828,6436,2,1,1195,961,1748,2656,1965,4507,2556,6901,3030,5479,1485,1459,1335,2242,920,3529,64601,41940,2004,27,14042,0,0,9,4
2021-02-24T23:59:59+01:00,3,2,2421,2062,3287,4920,3355,7957,4323,11750,4930,9296,2349,2311,3943,5307,2566,6038,1,1,1180,932,1725,2570,1929,4367,2496,6645,2977,5272,1454,1427,1317,2221,916,3506,62822,40913,1526,19,12463,0,0,9,4
2021-02-23T23:59:59+01:00,3,2,2292,1923,3111,4696,3203,7719,4148,11478,4744,9046,2259,2217,3386,4642,2220,5518,1,1,1166,884,1691,2475,1890,4176,2428,6345,2879,5013,1396,1371,1288,2177,900,3479,60600,39540,1173,16,10825,0,0,9,4
2021-02-22T23:59:59+01:00,3,2,2252,1872,3028,4603,3133,7610,4054,11291,4636,8921,2207,2176,3015,4174,1932,5131,1,1,1154,825,1659,2349,1847,3930,2352,5950,2754,4715,1333,1318,1265,2143,892,3454,58915,37932,1086,6,10030,0,0,9,4
2021-02-21T23:59:59+01:00,3,2,2216,1841,2976,4534,3053,7497,3973,11146,4570,8804,2192,2153,2931,4059,1876,5042,1,1,1151,807,1642,2297,1820,3823,2319,5794,2691,4589,1302,1295,1255,2129,885,3439,58481,37230,1053,6,9325,0,0,9,4
2021-02-20T23:59:59+01:00,3,2,2204,1838,2953,4521,3037,7461,3947,11113,4549,8782,2189,2145,2877,4002,1841,4987,1,1,1151,804,1642,2295,1819,3814,2318,5789,2690,4585,1301,1292,1254,2126,884,3438,58265,37194,1052,6,9125,0,0,9,4
2021-02-19T23:59:59+01:00,2,2,2192,1824,2917,4469,3012,7375,3902,11031,4495,8719,2181,2139,2786,3888,1756,4893,1,1,1101,795,1603,2287,1808,3805,2308,5768,2682,4572,1295,1281,1243,2121,879,3431,57843,36972,1020,5,8711,0,0,9,4
2021-02-18T23:59:59+01:00,2,2,2062,1729,2760,4287,2888,7176,3765,10745,4357,8513,2147,2105,2543,3617,1598,4669,1,1,1022,759,1531,2188,1759,3682,2235,5610,2625,4487,1281,1260,1236,2106,865,3413,56768,36053,953,4,7236,0,0,8,4
2021-02-17T23:59:59+01:00,2,2,2018,1681,2668,4155,2778,6963,3613,10404,4216,8269,2088,2021,2325,3388,1470,4476,1,1,870,694,1419,2065,1682,3491,2138,5383,2552,4314,1246,1214,1208,2061,849,3368,55696,34549,807,3,6026,0,0,8,4
2021-02-16T23:59:59+01:00,2,2,1848,1572,2494,3946,2637,6688,3451,10050,4039,7963,2043,1994,2042,3068,1296,4223,1,1,844,671,1349,1986,1612,3350,2043,5209,2455,4180,1182,1167,1142,1968,814,3264,54354,33232,771,2,4225,0,0,8,4
2021-02-15T23:59:59+01:00,2,2,1813,1518,2406,3774,2560,6415,3329,9682,3924,7693,2017,1965,1823,2827,1170,4030,1,1,826,659,1320,1940,1570,3281,1985,5036,2391,4078,1114,1126,1070,1876,792,3159,53244,32220,755,1,2943,0,0,8,4
2021-02-14T23:59:59+01:00,2,2,1725,1488,2358,3713,2518,6320,3258,9578,3878,7615,2006,1955,1765,2767,1120,3970,1,1,811,649,1304,1917,1543,3257,1951,4995,2365,4022,1104,1115,1063,1867,789,3147,52904,31897,727,1,2399,0,0,8,3
2021-02-13T23:59:59+01:00,2,2,1724,1476,2348,3706,2512,6306,3255,9562,3871,7605,1997,1935,1741,2747,1116,3960,1,1,811,649,1304,1917,1543,3257,1951,4995,2365,4022,1104,1115,1063,1867,789,3147,52747,31897,727,1,2383,0,0,8,3
2021-02-12T23:59:59+01:00,2,2,1645,1389,2248,3593,2433,6133,3150,9324,3747,7339,1949,1877,1677,2676,1092,3931,1,1,804,641,1293,1894,1530,3239,1943,4964,2349,4002,1099,1110,1062,1848,789,3116,51802,31682,727,0,1670,0,0,8,3
2021-02-11T23:59:59+01:00,2,2,1449,1255,2066,3380,2305,5841,2999,8889,3589,6991,1876,1775,1635,2612,1072,3908,1,1,775,594,1199,1713,1402,2961,1803,4602,2183,3711,1045,1046,1018,1770,748,2973,50401,29544,685,0,552,0,0,8,1
2021-02-10T23:59:59+01:00,2,2,1356,1208,1981,3253,2236,5669,2917,8610,3478,6759,1806,1728,1587,2545,1053,3845,1,1,564,510,977,1484,1259,2651,1617,4142,1979,3328,925,918,885,1511,656,2632,49223,26039,646,0,159,0,0,7,1
2021-02-09T23:59:59+01:00,2,2,1321,1159,1947,3160,2208,5484,2850,8270,3408,6501,1731,1666,1525,2484,1034,3803,1,1,302,379,761,1216,1073,2273,1411,3602,1729,2871,759,756,711,1204,522,2127,47953,21697,516,0,80,0,0,6,1
2021-02-08T23:59:59+01:00,2,2,1314,1124,1915,3043,2171,5261,2798,7991,3349,6265,1688,1632,1475,2429,1017,3781,1,1,266,340,657,1062,968,2057,1252,3210,1532,2555,657,636,609,1016,450,1841,46826,19109,346,0,79,0,0,6,1
2021-02-07T23:59:59+01:00,2,2,1288,1108,1885,2990,2145,5179,2768,7888,3307,6199,1672,1616,1460,2410,1005,3766,1,1,232,285,609,972,907,1901,1162,2982,1434,2383,616,616,587,982,440,1811,46539,17921,145,0,0,0,0,6,0
2021-02-06T23:59:59+01:00,2,2,1283,1102,1879,2978,2136,5151,2755,7844,3296,6154,1659,1608,1455,2400,1002,3765,1,1,213,254,586,933,880,1836,1118,2864,1377,2300,600,597,580,982,440,1811,46320,17373,145,0,0,0,0,6,0
2021-02-05T23:59:59+01:00,2,2,1224,1050,1830,2872,2084,4955,2694,7548,3219,5938,1596,1553,1438,2376,994,3759,1,1,196,220,550,881,844,1755,1081,2744,1324,2200,566,573,568,958,428,1786,44983,16676,145,0,0,0,0,6,0
2021-02-04T23:59:59+01:00,2,2,1212,987,1789,2725,2012,4643,2612,7101,3119,5609,1551,1520,1421,2359,989,3748,1,1,166,168,476,763,745,1615,968,2505,1210,1985,520,520,520,902,407,1666,43359,15138,37,0,0,0,0,5,0
2021-02-03T23:59:59+01:00,2,2,1194,958,1759,2644,1973,4495,2546,6839,3067,5394,1514,1488,1391,2324,970,3718,1,1,137,140,401,647,629,1377,822,2127,1011,1693,400,384,376,681,287,1258,42236,12372,37,0,0,0,0,5,0
2021-02-02T23:59:59+01:00,2,2,1177,902,1724,2543,1932,4275,2473,6507,2961,5122,1460,1441,1367,2293,960,3693,1,1,114,115,325,524,523,1138,677,1796,821,1384,299,280,295,499,225,946,40792,9963,37,0,0,0,0,5,0
2021-02-01T23:59:59+01:00,1,2,1164,842,1689,2419,1880,4030,2396,6116,2839,4826,1392,1358,1337,2247,947,3664,0,0,82,76,224,354,351,745,430,1159,480,863,186,170,172,298,126,562,39107,6278,37,0,0,0,0,5,0
2021-01-31T23:59:59+01:00,1,2,1160,824,1672,2362,1855,3908,2364,5932,2772,4705,1361,1335,1326,2231,940,3648,0,0,72,70,190,282,273,576,341,905,398,696,160,155,160,289,122,548,38359,5237,34,0,0,0,0,5,0
2021-01-30T23:59:59+01:00,1,2,1160,821,1671,2357,1853,3897,2362,5921,2769,4695,1360,1331,1325,2230,940,3647,0,0,69,63,158,235,245,508,306,787,355,621,159,148,155,285,122,547,38304,4763,33,0,0,0,0,5,0
2021-01-29T23:59:59+01:00,1,2,1109,812,1632,2349,1842,3890,2354,5906,2761,4684,1356,1328,1321,2230,940,3647,0,0,61,45,120,180,201,352,250,640,310,493,148,139,144,275,119,546,38128,4023,31,0,0,0,0,5,0
2021-01-28T23:59:59+01:00,1,2,1034,786,1576,2286,1808,3821,2307,5834,2728,4632,1344,1316,1311,2224,928,3633,0,0,39,20,77,107,132,206,155,384,202,296,115,106,118,221,107,496,37538,2781,28,0,0,0,0,5,0
2021-01-27T23:59:59+01:00,1,2,887,733,1481,2210,1740,3707,2234,5705,2670,4506,1314,1270,1282,2185,912,3597,0,0,30,13,63,89,106,162,122,326,175,250,107,88,105,201,103,459,36413,2399,19,0,0,0,0,4,0
2021-01-26T23:59:59+01:00,1,2,873,713,1417,2135,1678,3577,2146,5533,2581,4394,1255,1230,1232,2111,887,3536,0,0,29,12,60,86,102,156,118,311,174,240,104,82,98,180,92,409,35283,2253,14,0,0,0,0,4,0
2021-01-25T23:59:59+01:00,1,2,861,692,1388,2076,1645,3480,2100,5364,2524,4302,1201,1205,1177,2052,869,3470,0,0,27,12,57,86,99,154,117,309,173,240,103,81,97,179,90,406,34400,2230,5,0,0,0,0,4,0
2021-01-24T23:59:59+01:00,1,2,858,691,1382,2065,1640,3463,2092,5339,2512,4270,1197,1197,1172,2045,868,3464,0,0,27,12,57,86,98,153,117,309,173,239,103,81,97,179,90,405,34250,2226,5,0,0,0,0,3,0
2021-01-23T23:59:59+01:00,1,2,858,691,1382,2065,1639,3463,2092,5339,2512,4270,1197,1197,1172,2045,868,3464,0,0,27,12,57,86,98,153,117,309,172,239,103,81,97,179,90,405,34250,2225,4,0,0,0,0,3,0
2021-01-22T23:59:59+01:00,1,2,857,682,1369,2042,1624,3439,2079,5305,2496,4250,1195,1192,1171,2022,867,3430,0,0,27,12,57,86,98,153,117,309,171,239,103,81,97,179,90,405,34016,2224,4,0,0,0,0,3,0
2021-01-21T23:59:59+01:00,1,2,825,646,1292,1886,1522,3246,1983,5033,2386,4050,1154,1132,1142,1952,829,3309,0,0,25,11,53,81,90,144,107,280,157,216,89,72,86,155,74,345,32386,1985,3,0,0,0,0,1,0
2021-01-20T23:59:59+01:00,1,2,625,548,1098,1667,1384,2973,1805,4627,2181,3708,1025,1013,1012,1711,752,3006,0,0,23,11,52,77,87,143,99,267,146,197,78,65,80,130,62,307,29134,1824,3,0,0,0,0,1,0
2021-01-19T23:59:59+01:00,1,2,340,406,849,1407,1180,2625,1569,4098,1917,3257,851,843,841,1422,630,2564,0,0,19,8,37,53,58,78,73,180,103,134,58,50,52,96,47,238,24799,1284,2,0,0,0,0,1,0
2021-01-18T23:59:59+01:00,1,2,299,370,735,1217,1062,2371,1376,3598,1675,2876,710,691,680,1166,526,2119,0,0,8,4,12,18,20,26,24,52,25,47,13,11,13,33,11,72,21472,389,1,0,0,0,0,1,0
2021-01-17T23:59:59+01:00,1,2,257,318,669,1122,982,2198,1277,3325,1561,2664,664,660,651,1107,498,2052,0,0,0,0,1,0,3,2,2,1,2,2,1,4,1,0,0,1,20007,20,1,0,0,0,0,0,0
2021-01-16T23:59:59+01:00,1,2,240,288,652,1086,959,2136,1235,3215,1510,2590,648,642,643,1107,498,2051,0,0,0,0,0,0,1,2,1,1,1,2,0,1,1,0,0,1,19502,11,1,0,0,0,0,0,0
2021-01-15T23:59:59+01:00,1,2,224,254,622,1033,932,2058,1202,3097,1458,2493,617,616,636,1086,491,2039,0,0,0,0,0,0,0,0,0,0,0,0,0,0,0,0,0,0,18861,0,0,0,0,0,0,0,0
2021-01-14T23:59:59+01:00,1,2,193,206,561,912,843,1915,1107,2875,1343,2307,572,572,596,1040,484,1993,0,0,0,0,0,0,0,0,0,0,0,0,0,0,0,0,0,0,17522,0,0,0,0,0,0,0,0
2021-01-13T23:59:59+01:00,1,2,164,184,512,838,770,1789,1008,2638,1188,2082,456,453,454,823,368,1551,0,0,0,0,0,0,0,0,0,0,0,0,0,0,0,0,0,0,15281,0,0,0,0,0,0,0,0
2021-01-12T23:59:59+01:00,1,2,140,164,481,768,718,1632,919,2435,1079,1850,366,344,354,590,270,1114,0,0,0,0,0,0,0,0,0,0,0,0,0,0,0,0,0,0,13227,0,0,0,0,0,0,0,0
2021-01-11T23:59:59+01:00,0,1,112,127,404,639,628,1378,756,1977,847,1461,228,203,203,358,153,673,0,0,0,0,0,0,0,0,0,0,0,0,0,0,0,0,0,0,10148,0,0,0,0,0,0,0,0
2021-01-10T23:59:59+01:00,0,1,87,92,313,460,472,1000,547,1449,623,1065,190,179,186,344,147,659,0,0,0,0,0,0,0,0,0,0,0,0,0,0,0,0,0,0,7814,0,0,0,0,0,0,0,0
2021-01-09T23:59:59+01:00,0,1,77,84,266,398,401,867,480,1232,547,908,183,169,181,339,147,657,0,0,0,0,0,0,0,0,0,0,0,0,0,0,0,0,0,0,6937,0,0,0,0,0,0,0,0
2021-01-08T23:59:59+01:00,0,1,64,64,193,288,303,585,367,935,440,689,175,164,164,327,145,657,0,0,0,0,0,0,0,0,0,0,0,0,0,0,0,0,0,0,5561,0,0,0,0,0,0,0,0
2021-01-07T23:59:59+01:00,0,0,45,25,83,123,140,231,165,422,222,344,130,128,145,277,131,602,0,0,0,0,0,0,0,0,0,0,0,0,0,0,0,0,0,0,3213,0,0,0,0,0,0,0,0
2021-01-06T23:59:59+01:00,0,0,33,18,71,94,119,180,137,345,193,279,111,99,116,227,112,517,0,0,0,0,0,0,0,0,0,0,0,0,0,0,0,0,0,0,2651,0,0,0,0,0,0,0,0
2021-01-05T23:59:59+01:00,0,0,30,13,60,90,108,166,121,329,179,256,109,94,115,220,109,499,0,0,0,0,0,0,0,0,0,0,0,0,0,0,0,0,0,0,2498,0,0,0,0,0,0,0,0
2021-01-04T23:59:59+01:00,0,0,27,12,57,87,100,158,116,314,177,244,108,90,108,206,99,461,0,0,0,0,0,0,0,0,0,0,0,0,0,0,0,0,0,0,2364,0,0,0,0,0,0,0,0
2021-01-03T23:59:59+01:00,0,0,27,12,57,87,100,158,116,314,177,244,108,90,107,205,99,461,0,0,0,0,0,0,0,0,0,0,0,0,0,0,0,0,0,0,2362,0,0,0,0,0,0,0,0
2021-01-02T23:59:59+01:00,0,0,27,12,57,87,100,158,116,314,176,244,108,90,107,205,99,461,0,0,0,0,0,0,0,0,0,0,0,0,0,0,0,0,0,0,2361,0,0,0,0,0,0,0,0
2021-01-01T23:59:59+01:00,0,0,27,12,57,87,100,158,116,314,174,243,108,90,107,205,99,461,0,0,0,0,0,0,0,0,0,0,0,0,0,0,0,0,0,0,2358,0,0,0,0,0,0,0,0
2020-12-31T23:59:59+01:00,0,0,27,12,57,87,100,158,116,314,174,243,108,90,107,205,99,461,0,0,0,0,0,0,0,0,0,0,0,0,0,0,0,0,0,0,2358,0,0,0,0,0,0,0,0
2020-12-30T23:59:59+01:00,0,0,26,12,57,86,99,155,116,313,174,243,108,90,107,205,99,461,0,0,0,0,0,0,0,0,0,0,0,0,0,0,0,0,0,0,2351,0,0,0,0,0,0,0,0
2020-12-29T23:59:59+01:00,0,0,20,9,42,60,76,91,86,218,128,191,83,77,78,171,80,373,0,0,0,0,0,0,0,0,0,0,0,0,0,0,0,0,0,0,1783,0,0,0,0,0,0,0,0
2020-12-28T23:59:59+01:00,0,0,9,6,18,30,31,45,40,113,53,103,36,42,40,98,43,211,0,0,0,0,0,0,0,0,0,0,0,0,0,0,0,0,0,0,918,0,0,0,0,0,0,0,0
2020-12-27T23:59:59+01:00,0,0,2,2,4,5,7,11,10,24,6,23,6,7,7,25,5,56,0,0,0,0,0,0,0,0,0,0,0,0,0,0,0,0,0,0,200,0,0,0,0,0,0,0,0
