Datum,<15_m,<15_w,15-24_1_m,15-24_1_w,25-34_1_m,25-34_1_w,35-44_1_m,35-44_1_w,45-54_1_m,45-54_1_w,55-64_1_m,55-64_1_w,65-74_1_m,65-74_1_w,75-84_1_m,75-84_1_w,>84_1_m,>84_1_w,<24_2_m,<24_2_w,25-34_2_m,25-34_2_w,35-44_2_m,35-44_2_w,45-54_2_m,45-54_2_w,55-64_2_m,55-64_2_w,65-74_2_m,65-74_2_w,75-84_2_m,75-84_2_w,>84_2_m,>84_2_w,bp_1,bp_2,mo_1,mo_2,az_1,az_2,ja,unb_1,unb_2
2021-08-05T23:59:59+02:00,6772,6183,51939,49030,59693,55226,69300,70072,90682,92999,102827,102330,71492,77892,50451,61913,14157,24433,41267,39034,52805,47981,63334,63849,84556,86524,96460,96201,68699,74767,48829,59784,13734,23505,774943,699517,68822,66005,181419,170660,32188,19,39
2021-08-04T23:59:59+02:00,6685,6100,51745,48807,59551,55054,69195,69923,90552,92885,102709,102217,71433,77830,50425,61867,14146,24408,40432,38249,52446,47589,63025,63541,84195,86200,96055,95806,68538,74599,48754,59690,13719,23474,773561,695011,68782,65991,181407,169873,31763,19,39
2021-08-03T23:59:59+02:00,6613,6046,51578,48671,59433,54933,69107,69837,90458,92790,102617,102136,71382,77795,50405,61844,14138,24396,39449,37299,51663,46919,62489,63031,83686,85725,95355,95180,68301,74388,48663,59578,13698,23434,772547,688841,68773,65973,181400,168707,31440,19,39
2021-08-02T23:59:59+02:00,6563,6003,51446,48534,59344,54855,69026,69770,90406,92722,102543,102076,71346,77754,50386,61823,14131,24383,38177,36127,50700,46119,61785,62464,83086,85164,94561,94485,68051,74135,48578,59447,13679,23396,771865,681258,68725,65932,181373,167396,31129,19,39
2021-08-01T23:59:59+02:00,6521,5951,51276,48376,59203,54746,68934,69658,90303,92632,102458,101987,71307,77717,50365,61782,14127,24367,37998,35994,50553,46030,61659,62373,82911,85028,94115,94086,67936,74027,48541,59398,13669,23376,770829,680637,68697,65877,181355,166089,30810,19,39
2021-07-31T23:59:59+02:00,6478,5918,51181,48257,59148,54676,68886,69616,90263,92603,102432,101963,71296,77705,50357,61779,14127,24364,36398,34495,49656,45172,61125,61813,82408,84517,93635,93658,67747,73824,48464,59303,13652,23344,770227,671551,68693,65871,181355,165974,30755,19,39
2021-07-30T23:59:59+02:00,6443,5865,51030,48121,59068,54594,68816,69559,90191,92524,102377,101925,71278,77682,50348,61756,14124,24360,34935,33086,48684,44226,60403,61129,81728,83904,92957,93087,67519,73593,48360,59153,13633,23313,769473,662073,68669,65860,181349,165674,30551,19,39
2021-07-29T23:59:59+02:00,6328,5745,50599,47755,58856,54326,68625,69369,90002,92340,102218,101789,71202,77601,50316,61701,14109,24342,34212,32474,48067,43785,60006,60788,81306,83557,92201,92417,67326,73439,48298,59070,13613,23284,767169,658274,68616,65726,181307,164044,30112,19,39
2021-07-28T23:59:59+02:00,6257,5682,50344,47559,58724,54178,68504,69276,89879,92219,102113,101696,71145,77544,50292,61663,14100,24325,33887,32182,47757,43556,59784,60578,81135,83397,91966,92222,67252,73374,48269,59036,13600,23274,765872,656628,68586,65639,181280,163530,29743,19,39
2021-07-27T23:59:59+02:00,6206,5636,50187,47422,58594,54088,68412,69193,89783,92110,102007,101623,71104,77491,50263,61630,14093,24312,32431,30777,46491,42465,58957,59796,80539,82877,90953,91382,66977,73091,48182,58909,13570,23233,765011,648005,68562,65573,181256,161753,29306,19,39
2021-07-26T23:59:59+02:00,6183,5607,50067,47333,58495,54005,68337,69140,89696,92051,101943,101574,71067,77456,50239,61610,14088,24303,31065,29516,45172,41345,57859,58815,79841,82246,89789,90361,66672,72820,48093,58795,13548,23191,764483,638963,68496,65486,181218,159462,28978,19,39
2021-07-25T23:59:59+02:00,6165,5589,49953,47226,58409,53938,68277,69084,89632,91998,101886,101529,71035,77420,50222,61587,14085,24293,30857,29358,44913,41150,57607,58593,79573,82046,88832,89515,66466,72647,48026,58722,13537,23167,764080,637810,68485,65374,181196,157013,28548,19,39
2021-07-24T23:59:59+02:00,6134,5562,49840,47138,58348,53878,68232,69032,89587,91958,101849,101490,71031,77414,50219,61584,14084,24290,29248,27758,43755,40063,56913,57883,78959,81475,88194,88952,66288,72455,47955,58621,13523,23144,763509,627736,68477,65364,181193,156874,28472,19,39
2021-07-23T23:59:59+02:00,6050,5475,49663,46965,58255,53775,68125,68931,89483,91857,101759,101398,70995,77358,50199,61553,14080,24284,27554,26227,42498,38984,55990,57001,78274,80864,87489,88290,66017,72183,47877,58521,13502,23114,762151,617210,68473,65204,181174,156406,28388,19,39
2021-07-22T23:59:59+02:00,5912,5361,49369,46684,58057,53578,67954,68765,89301,91706,101607,101267,70930,77277,50159,61501,14069,24265,26735,25397,41579,38174,55051,56177,77533,80239,85821,86792,65646,71784,47770,58389,13471,23062,760243,608734,68431,64710,181143,154935,27926,19,39
2021-07-21T23:59:59+02:00,5637,5079,48834,46159,57750,53266,67724,68492,89027,91459,101339,101001,70804,77146,50101,61437,14060,24240,26481,25176,41160,37895,54617,55795,77167,79959,85016,86187,65480,71655,47715,58323,13453,23037,756654,606785,68407,64442,181122,153163,27353,19,39
2021-07-20T23:59:59+02:00,5560,5006,48553,45883,57581,53062,67552,68348,88850,91308,101177,100857,70730,77081,50062,61391,14051,24215,25317,24029,39868,36865,53288,54598,76269,79191,83663,84849,65181,71313,47610,58186,13425,22992,754994,596443,68402,64298,181081,151586,26771,19,39
2021-07-19T23:59:59+02:00,5482,4922,48227,45557,57366,52853,67387,68148,88665,91134,101030,100697,70654,77000,50022,61341,14042,24186,24489,23193,38568,35746,51561,53104,75012,78149,82557,83870,64894,71058,47519,58068,13401,22953,753210,586456,68394,64155,181054,149808,26036,19,39
2021-07-18T23:59:59+02:00,5475,4921,48163,45506,57279,52782,67325,68083,88585,91072,100961,100632,70622,76959,49996,61308,14040,24174,24355,23090,38310,35536,51238,52824,74770,77959,81662,83110,64709,70881,47463,57995,13396,22931,752958,585414,68371,63996,181015,147592,25520,19,39
2021-07-17T23:59:59+02:00,5450,4885,48069,45432,57210,52720,67265,68029,88530,91014,100918,100613,70615,76944,49991,61304,14040,24173,22963,21621,36917,34240,49992,51636,74172,77407,81031,82516,64581,70733,47397,57934,13387,22911,752425,574545,68369,63972,181012,147455,25377,19,39
2021-07-16T23:59:59+02:00,5347,4808,47829,45202,57088,52615,67150,67918,88393,90920,100815,100512,70572,76896,49970,61285,14034,24166,21704,20372,35618,32994,48542,50317,73170,76479,80331,81860,64362,70513,47317,57836,13368,22878,751002,562920,68369,63913,181006,147253,25124,19,39
2021-07-15T23:59:59+02:00,5208,4681,47436,44885,56883,52417,66961,67737,88182,90723,100630,100345,70475,76795,49923,61211,14024,24137,21097,19870,34693,32301,47315,49383,72004,75572,78186,79737,63767,69921,47175,57661,13349,22816,748972,553636,68353,62893,180961,145414,24348,19,39
2021-07-14T23:59:59+02:00,4836,4355,46846,44312,56654,52153,66760,67536,87971,90482,100415,100149,70368,76687,49858,61128,14013,24113,20895,19724,34440,32149,46951,49086,71478,75187,77522,79206,63447,69646,47094,57577,13328,22781,745542,551870,68339,62712,180910,143517,23826,19,39
2021-07-13T23:59:59+02:00,4749,4278,46652,44160,56495,52009,66600,67393,87820,90361,100279,100032,70297,76626,49821,61084,14009,24098,20341,19195,33422,31348,45349,47636,69734,73540,75929,77662,63073,69257,46966,57409,13299,22730,744245,541050,68325,61948,180843,141908,23331,19,39
2021-07-12T23:59:59+02:00,4685,4202,46470,43969,56345,51870,66447,67269,87648,90224,100127,99897,70222,76544,49784,61033,14002,24080,19865,18761,32634,30725,43690,46187,67368,71467,74043,76165,62544,68673,46824,57247,13271,22681,743000,529978,68304,61390,180752,139337,22744,18,39
2021-07-11T23:59:59+02:00,4680,4198,46398,43918,56288,51820,66398,67235,87589,90175,100056,99838,70185,76502,49774,61018,14000,24066,19660,18614,32296,30480,43249,45815,66912,71111,73268,75471,62147,68297,46754,57158,13256,22648,742864,528218,68297,61069,180689,136871,22270,18,39
2021-07-10T23:59:59+02:00,4553,4062,46114,43609,56103,51627,66252,67062,87458,90038,99958,99733,70129,76444,49754,60992,13997,24057,19102,18058,31349,29615,41507,44234,65440,69840,72637,74856,61983,68148,46701,57106,13249,22634,740780,517636,68293,61053,180678,136827,22173,18,39
2021-07-09T23:59:59+02:00,4426,3948,45841,43356,55935,51438,66097,66905,87308,89878,99828,99630,70079,76372,49718,60951,13992,24045,18506,17485,30378,28657,39547,42306,63145,67720,71477,73717,61712,67826,46626,56980,13232,22609,738758,503948,68282,60671,180672,136421,22017,18,39
2021-07-08T23:59:59+02:00,4396,3923,45708,43248,55817,51321,65970,66804,87189,89757,99709,99532,70028,76319,49698,60914,13981,24032,17568,16680,28983,27622,37833,40864,61016,65906,68132,70578,60828,66857,46385,56640,13187,22514,738052,488734,68228,58611,180603,133845,21445,18,39
2021-07-07T23:59:59+02:00,4385,3918,45641,43205,55743,51278,65889,66765,87135,89719,99666,99481,70012,76297,49689,60896,13977,24022,16603,15823,27607,26614,36315,39636,59401,64453,64923,67117,59816,65820,46149,56321,13137,22441,737771,473472,68185,56713,180550,131708,21194,18,39
2021-07-06T23:59:59+02:00,4331,3871,45498,43082,55616,51138,65786,66658,87032,89632,99589,99398,69974,76239,49671,60868,13974,24008,15831,15079,26531,25705,34484,37933,56010,61440,62285,64674,59065,65033,45877,55987,13096,22338,736664,455642,68167,55900,180494,129585,21022,18,39
2021-07-05T23:59:59+02:00,4271,3827,45323,42909,55471,51045,65672,66551,86918,89540,99505,99305,69911,76175,49650,60841,13971,23993,15172,14450,25576,24891,33265,36805,52918,58472,59520,62216,58229,64226,45628,55676,13051,22261,735508,439598,68138,55543,180418,127114,20796,18,39
2021-07-04T23:59:59+02:00,4263,3821,45277,42883,55411,51019,65633,66530,86880,89509,99473,99277,69888,76155,49644,60826,13966,23983,14963,14245,25139,24543,32669,36279,52254,57947,58539,61352,57571,63597,45446,55474,13032,22214,735337,435524,68108,55339,180350,124435,20625,18,37
2021-07-03T23:59:59+02:00,4045,3645,44742,42319,55092,50649,65344,66256,86635,89252,99278,99078,69815,76083,49621,60780,13962,23972,14677,13925,24788,24192,31692,35361,50517,56397,57675,60615,57399,63402,45379,55389,13020,22189,731548,426960,68093,55325,180345,124393,20564,18,37
2021-07-02T23:59:59+02:00,3737,3359,44091,41728,54767,50319,65064,65958,86367,89005,99043,98855,69711,75971,49569,60711,13956,23955,14263,13487,24093,23601,30543,34310,47903,54250,55551,58833,57007,62978,45221,55234,13004,22151,727234,414562,68077,54280,180332,123663,20506,17,15
2021-07-01T23:59:59+02:00,3599,3250,43739,41376,54566,50150,64910,65799,86219,88870,98893,98739,69644,75903,49539,60678,13948,23940,13573,12793,22803,22518,28874,32795,45899,52506,53060,56562,55588,61413,44726,54618,12931,22023,725128,401050,68017,51972,180284,119846,20316,17,15
2021-06-30T23:59:59+02:00,3588,3234,43470,41181,54385,50025,64798,65712,86133,88808,98825,98690,69617,75880,49527,60656,13944,23931,12817,12174,21635,21612,27285,31423,44058,50782,49431,52613,54260,60085,44370,54178,12875,21895,724017,385271,67973,50082,180265,116409,20132,17,15
2021-06-29T23:59:59+02:00,3371,3014,42556,40340,53783,49434,64368,65288,85727,88356,98479,98363,69490,75731,49470,60586,13925,23900,12218,11570,20838,20849,25942,30222,41440,48384,47567,51073,53292,58978,43963,53642,12781,21742,718054,373279,67921,48575,180251,113029,19938,17,15
2021-06-28T23:59:59+02:00,3154,2835,41594,39334,53127,48792,63912,64908,85345,87969,98148,98021,69354,75571,49405,60486,13907,23877,11717,11122,20188,20260,24984,29327,39350,46445,45945,49715,52188,57936,43601,53138,12702,21622,711912,363820,67816,47556,180242,109357,19752,17,15
2021-06-27T23:59:59+02:00,3149,2832,41561,39303,53085,48761,63877,64876,85292,87934,98098,97994,69337,75560,49396,60472,13902,23874,11524,10930,19865,19943,24409,28772,38330,45602,44790,48624,51164,56931,43168,52633,12620,21486,711720,359256,67792,47117,180206,105060,19568,17,15
2021-06-26T23:59:59+02:00,2668,2359,40162,37932,52351,48012,63323,64313,84806,87419,97676,97561,69146,75384,49323,60367,13883,23851,11410,10831,19696,19793,24213,28557,37857,45166,44426,48277,51051,56788,43122,52586,12615,21471,702986,356338,67769,47111,180206,105042,19558,17,15
2021-06-25T23:59:59+02:00,2264,2026,39307,37113,52001,47652,62994,63989,84527,87108,97425,97295,69043,75271,49277,60307,13868,23829,11106,10521,19314,19370,23694,27942,35165,42871,42248,46365,50714,56410,43023,52457,12591,21441,697918,344791,67636,46666,180200,104399,19525,17,15
2021-06-24T23:59:59+02:00,2210,1976,38818,36656,51653,47322,62782,63787,84297,86917,97241,97144,68962,75207,49242,60262,13862,23813,10506,9937,18254,18502,22276,26696,33066,41039,39819,44075,49237,54772,42454,51758,12474,21238,695001,331954,67615,44064,180178,100859,19340,17,15
2021-06-23T23:59:59+02:00,2198,1953,38592,36421,51491,47161,62678,63685,84203,86825,97169,97061,68931,75176,49225,60240,13859,23803,10052,9508,17627,17956,21344,25850,31141,39421,35865,39632,47947,53413,42069,51254,12393,21072,693801,316500,67588,43445,180164,97559,19101,17,15
2021-06-22T23:59:59+02:00,2121,1891,37605,35481,50747,46489,62201,63246,83832,86420,96806,96750,68784,75037,49159,60160,13846,23770,9578,9064,16764,17273,20126,24781,28024,36653,33564,37764,46995,52445,41661,50697,12253,20838,687682,304360,67548,40709,180155,94493,18943,17,15
2021-06-21T23:59:59+02:00,1975,1752,36245,34244,49728,45614,61483,62589,83337,85949,96368,96348,68614,74866,49094,60065,13834,23736,9266,8770,16305,16912,19500,24297,26286,35100,32038,36476,45949,51369,41208,50150,12148,20647,679707,297059,67525,40070,180139,90853,18453,17,15
2021-06-20T23:59:59+02:00,1964,1744,36161,34191,49591,45502,61352,62462,83260,85893,96301,96290,68580,74838,49079,60047,13834,23725,9119,8668,16091,16743,19182,24039,25469,34445,31101,35531,45754,51167,41177,50098,12139,20627,679103,293274,67490,39482,180122,90524,18082,17,15
2021-06-19T23:59:59+02:00,1598,1445,34543,32638,48683,44683,60863,61955,82791,85415,95893,95937,68430,74674,49014,59966,13819,23701,9077,8589,15991,16622,19064,23889,25364,34287,30974,35393,45659,51070,41159,50073,12135,20617,670376,291936,67477,39479,180116,90491,18062,17,14
2021-06-18T23:59:59+02:00,1403,1272,32889,31044,47470,43490,59927,61043,81990,84670,95276,95360,68212,74454,48925,59827,13803,23671,9002,8501,15834,16471,18880,23700,25115,34050,30689,35075,45368,50726,41073,49997,12122,20603,659229,289770,67352,39363,180115,90065,18013,17,14
2021-06-17T23:59:59+02:00,1327,1213,31956,30199,46599,42786,59124,60199,81252,84023,94868,94981,68074,74310,48883,59751,13788,23642,8465,8133,15149,15913,18057,22879,24013,32928,29211,33723,44045,49224,40588,49387,12003,20415,652300,280850,67241,38541,180082,87412,17335,17,14
2021-06-16T23:59:59+02:00,1244,1149,31261,29497,45803,42039,58206,59329,80477,83257,94450,94605,67937,74150,48826,59660,13769,23616,7974,7811,14536,15404,17293,22158,22882,31980,28040,32622,42160,47119,40046,48811,11895,20230,645247,271185,67126,37942,180066,85020,16819,17,14
2021-06-15T23:59:59+02:00,1102,1031,29374,27696,44052,40501,56624,57691,79091,81943,93697,93938,67650,73859,48716,59502,13736,23551,7797,7680,14236,15166,16932,21860,22367,31605,27517,32200,41225,46106,39666,48392,11772,20010,630287,268147,67083,37439,180031,82612,16336,17,14
2021-06-14T23:59:59+02:00,1010,918,27827,26218,42444,38984,54968,56043,77995,80838,93002,93312,67398,73619,48620,59379,13716,23507,7612,7506,13860,14836,16411,21424,21682,31026,26844,31607,40845,45686,39284,47944,11641,19805,617046,265500,67029,37030,180003,79781,15703,17,14
2021-06-13T23:59:59+02:00,986,893,27625,26035,42063,38655,54430,55524,77649,80535,92809,93122,67308,73539,48583,59323,13701,23482,7470,7336,13594,14544,16029,21033,21256,30538,26315,31109,40448,45284,38826,47380,11462,19520,614350,263430,66896,36964,179973,76725,15026,17,14
2021-06-12T23:59:59+02:00,857,778,26089,24430,40892,37570,53757,54789,77117,80040,92258,92598,67153,73361,48514,59246,13688,23461,7424,7285,13473,14435,15896,20924,21072,30391,26199,31013,40431,45268,38818,47370,11462,19519,604757,262656,66893,36962,179966,76398,14965,17,14
2021-06-11T23:59:59+02:00,743,669,24462,22894,39533,36378,52531,53583,76148,79188,91680,92023,66918,73127,48453,59138,13669,23426,7366,7196,13303,14254,15686,20733,20803,30136,25933,30759,40123,44892,38734,47256,11445,19491,592964,260781,66816,36817,179958,75705,14808,17,14
2021-06-10T23:59:59+02:00,643,582,23467,21880,38312,35195,50934,52085,74829,77998,90072,90482,66564,72733,48327,58966,13643,23372,7085,6972,12784,13819,15058,20167,20044,29386,25143,30087,39426,44032,38384,46842,11333,19308,580070,257355,66342,36785,179908,71984,13747,17,14
2021-06-09T23:59:59+02:00,573,533,23018,21489,37655,34674,49823,51048,73590,76804,89481,89978,66439,72590,48277,58881,13628,23342,6812,6661,12185,13217,14279,19362,19132,28367,24165,28933,36867,41135,37819,46199,11185,19068,572920,247092,65886,36711,179866,68451,13134,17,13
2021-06-08T23:59:59+02:00,467,422,21502,20013,36043,33309,47716,49092,71455,74871,88013,88502,66126,72204,48144,58722,13596,23298,6682,6483,11811,12853,13803,18878,18531,27768,23611,28402,36585,40882,37530,45833,11077,18912,555557,245456,65611,36636,179836,65077,12474,17,13
2021-06-07T23:59:59+02:00,352,329,20496,19027,34496,31969,45440,47068,69320,72994,87037,87651,65904,71940,48070,58586,13576,23263,6530,6320,11392,12506,13267,18402,17804,27182,22981,27807,36265,40577,37112,45353,10964,18716,540351,243481,65441,36572,179781,61199,11928,17,13
2021-06-06T23:59:59+02:00,329,308,20314,18882,34103,31687,44835,46504,68706,72514,86828,87483,65848,71881,48059,58559,13569,23251,6397,6151,11071,12094,12839,17832,17167,26373,22284,27004,35798,40106,36632,44801,10808,18448,537253,241048,65119,36524,179738,56702,11533,17,13
2021-06-05T23:59:59+02:00,257,243,19063,17599,32762,30470,43606,45328,68131,71994,86298,86973,65757,71779,48011,58511,13562,23239,6346,6072,10968,11942,12716,17662,17001,26169,22116,26822,35737,40027,36610,44776,10806,18443,527231,240462,65119,36110,179703,56130,11513,17,13
2021-06-04T23:59:59+02:00,176,174,17864,16444,31444,29175,42050,43832,66788,70677,85487,86222,65570,71565,47935,58421,13546,23211,6244,5930,10794,11736,12502,17411,16648,25786,21597,26385,34854,39180,36296,44477,10789,18420,514372,238644,65052,35785,179698,53179,11442,17,13
2021-06-03T23:59:59+02:00,121,121,17225,15869,30460,28350,40594,42546,65019,69147,83235,83940,65146,71113,47807,58259,13528,23173,6073,5723,10489,11385,12186,16953,16203,25130,21054,25806,34189,38392,36122,44275,10756,18370,500599,236332,64359,35401,179656,50352,11022,17,13
2021-06-02T23:59:59+02:00,92,78,16885,15561,30153,28091,39927,41925,63432,67759,82296,83141,65005,70950,47747,58176,13525,23158,5955,5628,10319,11232,11964,16742,15909,24827,20715,25414,30957,34778,35897,44052,10727,18316,493110,227670,64358,35075,179655,49924,10761,17,13
2021-06-01T23:59:59+02:00,38,43,16096,14890,28664,27005,37580,39871,59880,64583,79870,80828,64655,70585,47619,57990,13492,23103,5679,5341,9803,10800,11431,16149,15247,24039,19978,24661,30612,34481,35698,43873,10699,18254,474831,226187,62805,34576,179588,46430,9551,17,12
2021-05-31T23:59:59+02:00,30,35,15526,14413,27730,26310,35616,38205,56444,61558,77840,79124,64321,70229,47476,57815,13459,23050,5517,5126,9395,10438,11004,15673,14714,23359,19353,23955,30326,34231,35516,43679,10663,18197,459061,225521,62094,34191,179521,42944,8488,17,12
2021-05-30T23:59:59+02:00,29,32,15380,14287,27451,26084,35164,37799,55733,60940,77519,78850,64261,70171,47451,57780,13455,23040,5414,4935,9068,10071,10594,15189,14267,22561,18828,23186,29650,33518,35290,43485,10641,18136,456092,225074,61661,34111,179475,37465,8181,17,12
2021-05-29T23:59:59+02:00,27,31,14983,13889,26598,25264,33404,36205,54254,59646,76930,78283,64110,70023,47398,57727,13448,23026,5380,4859,9006,9960,10505,15076,14161,22416,18698,23050,29620,33495,35284,43477,10640,18133,445953,224605,61630,34111,179470,36866,8176,17,12
2021-05-28T23:59:59+02:00,24,30,14572,13483,25779,24516,31553,34440,52083,57642,75875,77288,63905,69774,47346,57650,13438,23003,5295,4742,8833,9814,10354,14908,14003,22184,18491,22748,29551,33449,35267,43461,10639,18129,433976,223953,61160,34105,179382,35942,7866,17,12
2021-05-27T23:59:59+02:00,20,26,13947,13013,24715,23794,30308,33514,50478,56269,72781,74309,63467,69237,47211,57488,13414,22949,5181,4503,8505,9479,9956,14483,13565,21554,17992,22153,29332,33245,35158,43349,10617,18101,421837,223328,59207,34034,178758,32688,7121,17,12
2021-05-26T23:59:59+02:00,19,24,13458,12583,23804,23144,29393,32820,49390,55344,69824,71121,62855,68628,47076,57318,13384,22903,5095,4338,8250,9165,9660,14096,13210,20955,17557,21556,29141,33078,35060,43245,10591,18051,411023,222726,57032,33916,178262,29650,6754,17,12
2021-05-25T23:59:59+02:00,19,21,13115,12283,23227,22740,28345,31966,46795,53114,67560,68996,62504,68261,46963,57169,13367,22852,5015,4217,8043,8909,9406,13726,12897,20435,17179,21011,28984,32927,34977,43143,10565,17996,399191,222198,55967,33835,177643,26916,6479,17,12
2021-05-24T23:59:59+02:00,18,20,12816,12002,22727,22358,27729,31517,44175,50683,65108,66809,62197,67963,46853,57044,13334,22797,4942,4112,7793,8679,9091,13349,12570,19924,16794,20454,28842,32789,34903,43072,10543,17950,387545,221634,55485,33772,176980,24276,6123,17,12
2021-05-23T23:59:59+02:00,18,20,12756,11932,22632,22275,27649,31441,43919,50455,64523,66260,62118,67875,46828,57026,13332,22795,4922,4097,7756,8649,9033,13318,12492,19864,16720,20400,28833,32777,34900,43066,10543,17949,385346,221364,55406,33766,176968,24070,6117,17,12
2021-05-22T23:59:59+02:00,18,20,12532,11693,22311,21972,26646,30553,42086,48873,63669,65522,61957,67684,46762,56935,13322,22772,4906,4042,7729,8587,8993,13255,12462,19782,16692,20336,28823,32767,34896,43060,10542,17948,376861,221280,55395,33766,176963,23681,6091,17,12
2021-05-21T23:59:59+02:00,18,19,12227,11440,21741,21534,25838,29868,39700,46984,61699,63858,61696,67413,46678,56847,13307,22747,4887,4014,7675,8500,8926,13168,12384,19688,16619,20252,28807,32742,34889,43050,10540,17947,366469,221085,54337,33752,176773,23231,6018,17,12
2021-05-20T23:59:59+02:00,17,19,11606,10862,20624,20648,24699,28850,38196,45707,59360,61793,60879,66514,46479,56591,13273,22692,4606,3834,7275,8208,8487,12772,11931,19178,16203,19732,28686,32647,34838,42999,10536,17937,356009,220689,51986,33644,175501,20238,5296,17,12
2021-05-19T23:59:59+02:00,17,19,11167,10549,19837,20103,23854,28256,37297,45024,56135,58162,60188,65811,46370,56457,13251,22645,4453,3668,7020,7964,8210,12442,11604,18751,15834,19309,28589,32534,34796,42925,10526,17922,345581,220212,50374,33531,174364,17996,4806,17,12
2021-05-18T23:59:59+02:00,17,19,10835,10263,19263,19652,23214,27700,35900,43801,54729,57039,59820,65389,46241,56295,13226,22620,4345,3543,6775,7732,7953,12160,11372,18355,15489,18881,28505,32445,34766,42886,10522,17915,340232,219929,48536,33454,172886,15907,4352,17,12
2021-05-17T23:59:59+02:00,16,18,10615,10081,18831,19367,22786,27393,34701,42806,53423,56008,59573,65143,46178,56196,13210,22587,4273,3456,6567,7514,7702,11869,11116,17961,15181,18478,28415,32359,34742,42845,10516,17902,336175,219648,47550,33387,171370,14039,3820,17,12
2021-05-16T23:59:59+02:00,16,17,10425,9949,18537,19166,22451,27154,34065,42348,52186,54839,59379,64979,46142,56142,13199,22567,4205,3380,6349,7349,7410,11616,10850,17609,14888,18115,28351,32297,34726,42827,10509,17898,333748,219407,46674,33326,169748,12271,3374,17,11
2021-05-15T23:59:59+02:00,16,17,10327,9848,18386,19020,22283,27014,33680,41979,51792,54464,59263,64831,46094,56097,13196,22551,4164,3345,6265,7284,7316,11513,10748,17490,14780,17985,28257,32179,34635,42734,10505,17893,331357,218318,46673,33324,169613,12252,3198,17,11
2021-05-14T23:59:59+02:00,15,17,10044,9640,17954,18780,21884,26731,31324,40208,49647,52612,59046,64605,46046,56014,13180,22529,4035,3262,5980,7122,7008,11289,10402,17143,14436,17659,27684,31474,34515,42542,10487,17864,322221,215032,46620,33320,169000,12131,2418,17,11
2021-05-13T23:59:59+02:00,15,17,9582,9263,17161,18217,21012,26053,30205,39226,47407,50441,58200,63634,45837,55731,13141,22457,3531,3064,5643,6868,6696,10982,9995,16755,14061,17226,26789,30280,34093,42029,10456,17802,313734,210454,44757,32768,166983,10937,2110,15,11
2021-05-12T23:59:59+02:00,15,17,9289,9072,16729,17961,20544,25769,29677,38840,44409,46802,57626,62994,45753,55619,13123,22432,3390,2976,5414,6757,6418,10837,9713,16547,13823,16963,26145,29463,33929,41834,10430,17768,304580,207437,43933,32745,166691,10769,1454,13,11
2021-05-11T23:59:59+02:00,15,15,8847,8788,15957,17446,19684,25153,27937,37395,42478,45301,57248,62547,45668,55484,13103,22404,3271,2845,5184,6415,6117,10423,9352,15987,13385,16407,24721,27797,33421,41212,10379,17683,299092,201480,40875,32562,164204,9270,1286,13,10
2021-05-10T23:59:59+02:00,15,14,8585,8635,15444,17196,19055,24838,26946,36713,41021,44156,56989,62275,45589,55381,13082,22375,3162,2717,4953,6184,5861,10099,9024,15511,13022,15989,23675,26469,32936,40626,10344,17625,295827,196838,39968,32536,161529,7850,973,12,8
2021-05-09T23:59:59+02:00,15,14,8428,8551,15136,17013,18679,24588,26278,36288,39240,42499,56693,61997,45536,55323,13074,22357,3042,2663,4773,6047,5692,9926,8828,15306,12854,15815,23401,26137,32792,40451,10334,17610,292879,195646,39596,32495,158523,6831,699,12,8
2021-05-08T23:59:59+02:00,15,14,8354,8476,14959,16868,18470,24391,26052,36050,39009,42310,56566,61848,45500,55286,13071,22347,3035,2645,4740,6011,5649,9880,8751,15242,12768,15745,23033,25711,32510,40140,10326,17594,291330,194460,39143,31792,158402,6829,699,12,8
2021-05-07T23:59:59+02:00,14,13,8180,8379,14636,16688,18089,24159,25631,35765,38561,41932,56293,61496,45451,55240,13066,22337,2731,2511,4390,5826,5380,9619,8439,14932,12377,15349,21941,24340,31866,39311,10298,17544,288821,191020,38716,30299,158076,5230,305,12,8
2021-05-06T23:59:59+02:00,13,13,7527,8017,13742,16090,17038,23314,24294,34656,36414,40271,55166,60177,45209,54935,13031,22271,2604,2398,4217,5630,5171,9309,8096,14490,11945,14895,20639,22661,31015,38308,10247,17433,278199,185417,37439,29342,156260,4031,268,12,8
2021-05-05T23:59:59+02:00,11,13,6988,7711,12958,15539,16014,22550,22915,33633,34594,38787,53329,58144,44893,54590,12998,22205,2514,2338,4043,5472,4983,9097,7751,14151,11580,14539,19254,20881,29827,36896,10207,17331,266771,179307,36524,28175,154476,3293,89,12,8
2021-05-04T23:59:59+02:00,11,12,6799,7616,12601,15369,15531,22279,22275,33289,33633,38093,52474,57184,44772,54464,12980,22164,2458,2267,3890,5302,4809,8841,7413,13744,11153,14079,17606,18960,28736,35569,10113,17211,263021,172510,35660,27246,152819,2360,35,11,8
2021-05-03T23:59:59+02:00,11,12,6652,7469,12227,15153,15026,21970,21567,32885,32484,37204,52176,56868,44676,54357,12965,22132,2399,2196,3797,5122,4670,8606,7197,13396,10832,13671,16405,17468,27860,34471,10049,17104,259739,166958,35201,26895,150858,1365,25,11,8
2021-05-02T23:59:59+02:00,11,12,6572,7379,12019,14981,14732,21737,21092,32565,31334,36258,51893,56578,44614,54267,12949,22101,2386,2189,3776,5090,4641,8570,7132,13325,10750,13582,16094,17075,27564,34166,10037,17092,257317,165402,35131,26785,148611,1260,24,11,6
2021-05-01T23:59:59+02:00,11,12,6554,7354,11957,14936,14655,21678,20993,32492,31207,36166,51887,56562,44610,54266,12947,22099,2383,2180,3753,5073,4599,8545,7095,13288,10690,13527,15896,16852,27448,34029,10034,17082,256760,164436,35131,26758,148460,1258,24,11,6
2021-04-30T23:59:59+02:00,11,12,6517,7316,11867,14847,14550,21563,20798,32306,30969,35976,51615,56203,44565,54212,12942,22087,2354,2159,3691,5011,4505,8437,6944,13104,10415,13263,15088,15827,26581,32958,9993,16994,254991,161241,35089,24875,148242,1187,23,11,6
2021-04-29T23:59:59+02:00,11,12,6313,7193,11547,14660,14198,21327,20280,32020,30215,35486,50969,55378,44474,54097,12918,22012,2317,2113,3599,4922,4380,8302,6751,12887,10141,12978,14117,14595,25278,31416,9932,16902,251833,155552,34996,24129,146248,929,22,11,6
2021-04-28T23:59:59+02:00,11,12,6046,7028,11171,14328,13710,20864,19645,31417,29049,34359,48308,52388,44183,53773,12855,21934,2278,2073,3530,4862,4265,8187,6591,12703,9895,12760,12978,13118,23792,29541,9871,16799,241932,149600,34871,22926,144257,709,10,11,6
2021-04-27T23:59:59+02:00,11,12,5944,6936,11022,14208,13510,20703,19367,31207,28489,33974,48102,52168,44127,53723,12847,21912,2236,2039,3439,4768,4172,8078,6426,12519,9617,12484,11770,11557,22141,27388,9795,16654,240571,142801,34824,21742,142846,532,10,11,6
2021-04-26T23:59:59+02:00,11,12,5896,6892,10905,14143,13351,20583,19140,30998,27660,33405,47765,51803,44075,53659,12838,21883,2215,2011,3387,4725,4109,8008,6324,12387,9429,12309,10855,10400,20863,25641,9737,16568,239860,137536,34800,21004,140338,422,10,11,4
2021-04-25T23:59:59+02:00,11,12,5850,6845,10802,14048,13191,20431,18896,30715,26902,32668,47268,51291,43992,53560,12824,21864,2188,2000,3357,4706,4091,7989,6291,12347,9372,12249,10694,10208,20622,25318,9727,16554,238168,136682,34759,20662,138222,363,10,11,4
2021-04-24T23:59:59+02:00,11,12,5829,6797,10727,13964,13095,20290,18765,30541,26740,32490,47168,51168,43899,53466,12820,21859,2181,1990,3333,4679,4052,7943,6219,12274,9242,12132,10537,10027,20490,25187,9711,16536,236710,136160,34743,20022,138167,345,10,11,4
2021-04-23T23:59:59+02:00,11,12,5765,6705,10597,13765,12897,20038,18460,30167,26349,32130,46224,50036,43745,53221,12798,21827,2163,1969,3291,4644,4004,7888,6125,12185,9077,12004,10270,9729,20166,24769,9662,16456,232332,135039,34687,19023,137707,334,10,11,4
2021-04-22T23:59:59+02:00,11,12,5662,6590,10389,13570,12547,19707,17952,29695,25721,31538,44494,47884,43172,52491,12752,21726,2150,1958,3251,4592,3929,7814,5997,12085,8819,11839,9841,9322,19714,24180,9612,16378,226095,132926,34577,18246,135220,302,10,11,4
2021-04-21T23:59:59+02:00,11,11,5566,6452,10160,13368,12219,19394,17450,29201,25006,30810,40229,43024,42697,51956,12686,21622,2138,1949,3216,4556,3874,7756,5919,11992,8644,11679,9512,8939,19214,23590,9553,16283,214011,131286,34511,17242,133319,279,10,11,4
2021-04-20T23:59:59+02:00,11,11,5487,6362,9967,13153,11945,19131,17030,28793,24454,30249,38474,41014,42045,51181,12616,21484,2113,1936,3177,4530,3808,7711,5788,11896,8473,11551,9229,8619,18745,22926,9456,16142,207804,129927,34421,15941,131162,225,10,10,4
2021-04-19T23:59:59+02:00,11,10,5407,6284,9808,13026,11744,18926,16668,28412,23912,29781,36920,39224,41457,50455,12560,21395,2097,1918,3142,4496,3768,7667,5749,11826,8390,11460,8993,8336,18342,22360,9410,16052,202786,128242,34365,15552,128831,205,10,8,4
2021-04-18T23:59:59+02:00,11,9,5345,6233,9678,12943,11546,18789,16390,28214,23509,29470,35615,37862,41109,50049,12528,21333,2085,1902,3113,4475,3742,7651,5704,11780,8339,11411,8893,8245,18189,22172,9397,16029,201254,127756,34326,15164,125035,200,10,8,4
2021-04-17T23:59:59+02:00,11,9,5339,6217,9643,12912,11501,18749,16313,28148,23445,29412,35306,37524,41002,49952,12522,21322,2075,1894,3086,4463,3684,7606,5633,11729,8253,11360,8783,8136,18086,22056,9376,16016,200029,126957,34317,15074,124963,198,10,8,4
2021-04-16T23:59:59+02:00,11,9,5276,6178,9554,12852,11368,18639,16104,27990,23102,29066,34228,36267,40595,49432,12502,21289,1942,1806,2861,4285,3327,7291,4872,11202,6775,10277,6304,6114,16295,20387,9187,15719,195897,117742,34233,10699,124314,196,10,8,4
2021-04-15T23:59:59+02:00,11,9,5209,6087,9354,12682,11072,18391,15608,27597,22412,28468,32331,33949,39554,48223,12426,21125,1897,1774,2796,4221,3211,7172,4655,11022,6401,9967,5845,5719,15706,19703,9001,15391,190084,114634,34182,9651,120224,189,10,8,4
2021-04-14T23:59:59+02:00,11,8,5148,6041,9186,12553,10853,18214,15207,27284,21766,27988,30409,31699,38338,46807,12352,20940,1816,1719,2713,4155,3102,7080,4451,10856,6096,9716,5365,5306,15122,19015,8799,15043,183721,112020,34045,8194,117020,133,10,8,4
2021-04-13T23:59:59+02:00,11,8,5100,5987,9049,12423,10674,18045,14867,27010,21244,27523,28312,29252,37081,45215,12212,20736,1771,1703,2675,4112,3047,7019,4320,10715,5826,9506,5025,5001,14675,18566,8667,14844,176848,110604,33981,6825,113902,36,10,8,4
2021-04-12T23:59:59+02:00,10,8,5039,5939,8940,12286,10471,17897,14547,26730,20704,27067,26274,26985,35925,43751,12085,20539,1737,1660,2645,4093,3021,6966,4260,10648,5722,9406,4865,4857,14377,18197,8556,14645,171140,109767,33906,5847,110133,34,10,8,4
2021-04-11T23:59:59+02:00,10,8,5000,5896,8849,12207,10313,17796,14286,26553,20281,26743,25077,25700,35220,42967,11997,20392,1728,1654,2624,4073,2999,6941,4227,10602,5636,9339,4774,4803,14262,18075,8518,14593,169362,109570,33836,5242,106079,29,10,8,4
2021-04-10T23:59:59+02:00,10,8,4989,5882,8808,12181,10258,17762,14218,26504,20185,26663,24763,25326,34877,42548,11990,20371,1723,1649,2615,4064,2985,6925,4198,10573,5579,9300,4696,4724,14136,17913,8472,14509,168152,108783,33116,5242,106057,29,10,8,4
2021-04-09T23:59:59+02:00,10,8,4942,5851,8723,12103,10136,17639,14050,26328,19925,26422,23932,24175,33926,41344,11957,20298,1695,1619,2561,4029,2913,6863,4047,10460,5328,9075,4278,4351,13576,17201,8246,14145,164802,105118,31607,5235,105345,29,7,8,4
2021-04-08T23:59:59+02:00,10,8,4865,5786,8576,11993,9922,17463,13654,26015,19322,25954,22231,22197,32245,39382,11811,20064,1665,1603,2507,3982,2832,6777,3899,10322,5035,8812,3826,3926,12593,15958,7776,13387,159063,100156,30702,4715,101718,24,7,8,4
2021-04-07T23:59:59+02:00,10,7,4818,5734,8395,11917,9694,17314,13334,25788,18854,25594,20420,20085,30490,37125,11696,19853,1632,1587,2453,3930,2771,6697,3790,10176,4847,8623,3565,3638,11910,15152,7407,12842,153029,96855,29527,4147,98557,13,7,8,4
2021-04-06T23:59:59+02:00,10,7,4771,5689,8251,11805,9533,17149,13017,25522,18337,25209,18568,18024,28575,34638,11501,19511,1598,1568,2430,3904,2738,6660,3725,10132,4766,8534,3458,3515,11434,14507,7127,12436,146207,94557,28571,3958,95324,12,7,8,4
2021-04-05T23:59:59+02:00,10,7,4740,5647,8155,11716,9395,17049,12806,25311,17937,24862,16843,16090,26950,32494,11357,19289,1578,1557,2400,3885,2709,6612,3682,10073,4681,8419,3348,3408,11096,14139,6971,12157,140801,93169,28136,3529,91708,12,7,6,4
2021-04-04T23:59:59+02:00,10,7,4732,5641,8147,11705,9382,17036,12781,25291,17909,24837,16711,15916,26754,32247,11348,19276,1577,1556,2398,3882,2707,6609,3680,10070,4677,8416,3338,3395,11085,14127,6969,12149,140081,93090,28044,3529,91595,12,6,4,4
2021-04-03T23:59:59+02:00,10,7,4728,5633,8133,11697,9362,17016,12742,25260,17831,24775,16631,15827,26709,32190,11343,19269,1574,1554,2389,3874,2689,6595,3656,10042,4595,8361,3220,3280,11003,14053,6963,12139,139554,92442,28016,3529,91583,12,6,4,4
2021-04-02T23:59:59+02:00,10,7,4702,5613,8076,11643,9299,16948,12603,25154,17597,24575,16180,15350,26234,31618,11311,19216,1572,1545,2376,3868,2682,6579,3635,10010,4526,8268,3151,3212,10766,13754,6811,11938,138353,91152,26608,3525,91165,12,6,4,4
2021-04-01T23:59:59+02:00,9,7,4659,5552,7964,11502,9168,16788,12330,24869,17152,24176,15432,14625,25479,30660,11186,19035,1555,1523,2345,3836,2660,6549,3595,9971,4458,8203,3040,3084,9838,12641,6203,11092,136123,87160,25944,3421,88518,10,4,4,4
2021-03-31T23:59:59+02:00,9,7,4450,5472,7854,11380,9028,16623,12112,24593,16801,23811,14736,13863,24647,29653,11081,18843,1546,1518,2331,3816,2634,6521,3547,9922,4387,8133,2950,2994,9268,11946,5840,10597,134330,84743,24490,3195,86135,10,4,4,4
2021-03-30T23:59:59+02:00,9,7,4419,5419,7782,11253,8942,16465,11950,24403,16524,23502,14144,13221,23891,28676,10944,18602,1532,1508,2311,3791,2608,6492,3507,9857,4318,8062,2826,2849,8686,11293,5490,10111,132857,82435,23280,2798,84008,6,4,4,4
2021-03-29T23:59:59+02:00,9,7,4378,5361,7682,11141,8835,16303,11792,24131,16198,23156,13603,12624,23132,27705,10791,18357,1514,1495,2292,3775,2587,6463,3472,9801,4254,7987,2773,2781,8399,10908,5300,9802,131023,81056,22530,2539,81644,6,4,4,4
2021-03-28T23:59:59+02:00,9,7,4344,5276,7597,11034,8758,16151,11657,23901,15940,22883,13279,12315,22567,27015,10617,18078,1505,1490,2270,3761,2573,6434,3432,9751,4216,7931,2725,2730,8321,10804,5257,9737,130525,80717,22012,2212,78883,6,4,4,4
2021-03-27T23:59:59+01:00,9,7,4330,5265,7571,11004,8693,16080,11557,23805,15798,22767,13073,12102,22367,26805,10582,18049,1504,1488,2267,3759,2572,6433,3419,9728,4205,7909,2715,2723,8265,10739,5223,9697,129646,80426,21369,2212,78841,6,4,4,4
2021-03-26T23:59:59+01:00,9,7,4287,5196,7462,10873,8518,15897,11225,23506,15189,22262,12159,11284,21585,25971,10441,17826,1499,1474,2262,3738,2559,6410,3402,9702,4164,7872,2685,2684,8088,10522,5106,9530,125626,79589,19772,2098,78291,6,4,4,4
2021-03-25T23:59:59+01:00,9,6,4228,5037,7301,10595,8275,15494,10842,22885,14551,21565,11490,10625,20720,24905,10129,17291,1479,1460,2230,3712,2524,6371,3365,9654,4094,7791,2551,2546,7114,9274,4501,8625,122367,75419,18999,1863,74575,6,3,4,4
2021-03-24T23:59:59+01:00,9,6,4153,4896,7163,10310,8061,15081,10580,22341,14083,20959,10888,10066,19790,23820,9806,16730,1458,1430,2204,3675,2479,6335,3323,9591,4016,7692,2452,2447,6471,8514,4120,8046,119783,72800,17814,1447,71140,5,1,4,4
2021-03-23T23:59:59+01:00,9,6,4113,4802,7056,10076,7908,14743,10323,21838,13683,20468,10424,9624,19071,22970,9496,16269,1446,1412,2178,3654,2458,6309,3262,9537,3925,7618,2360,2345,5745,7589,3675,7359,118327,69745,16712,1122,67836,5,0,4,4
2021-03-22T23:59:59+01:00,9,6,4061,4722,6929,9835,7749,14423,10067,21374,13334,19971,10033,9268,18508,22261,9309,15929,1437,1405,2169,3640,2446,6293,3239,9514,3896,7585,2299,2294,5293,6985,3328,6870,117446,67652,16315,1035,64023,5,0,4,4
2021-03-21T23:59:59+01:00,9,6,4014,4617,6797,9570,7581,14068,9844,20836,12993,19447,9713,8990,17979,21658,9119,15622,1434,1402,2168,3629,2443,6286,3233,9505,3886,7571,2285,2275,5176,6853,3270,6769,117251,67144,15921,1035,59687,5,0,4,4
2021-03-20T23:59:59+01:00,9,6,4003,4595,6762,9516,7523,13997,9760,20731,12889,19358,9626,8896,17844,21485,9069,15535,1431,1398,2164,3626,2438,6281,3220,9495,3867,7561,2250,2243,4853,6480,3086,6528,116431,65880,15826,1035,59343,5,0,4,4
2021-03-19T23:59:59+01:00,8,6,3829,4454,6472,9264,7082,13574,8848,20001,11164,18031,6781,6557,15618,19290,8717,14974,1427,1394,2159,3620,2426,6268,3208,9471,3817,7515,2183,2202,4484,6008,2824,6213,107174,64210,11128,1003,56364,5,0,4,4
2021-03-18T23:59:59+01:00,8,5,3724,4321,6295,8955,6817,13135,8458,19345,10525,17294,6073,5904,14405,17823,8210,14160,1423,1388,2135,3593,2408,6232,3178,9428,3776,7480,2138,2168,4066,5480,2543,5804,102079,62340,10125,895,53249,4,0,4,4
2021-03-17T23:59:59+01:00,8,5,3647,4247,6163,8811,6651,12957,8164,19035,10125,16902,5668,5521,13589,16893,7817,13585,1413,1376,2119,3574,2378,6199,3147,9400,3739,7444,2082,2109,3660,5034,2294,5421,98854,60623,8445,761,52485,4,0,4,4
2021-03-16T23:59:59+01:00,7,5,3569,4112,6011,8540,6445,12589,7850,18451,9580,16246,5148,5068,12777,15932,7487,13095,1404,1367,2110,3557,2363,6185,3132,9380,3713,7418,2054,2073,3142,4395,1960,4915,96546,58407,7044,757,49318,3,0,4,4
2021-03-15T23:59:59+01:00,7,5,3522,3964,5826,8263,6227,12180,7576,17879,9144,15622,4834,4787,12124,15189,7224,12638,1404,1357,2094,3542,2343,6160,3114,9332,3689,7379,2018,2023,2780,3936,1676,4523,95056,56623,6074,743,45877,3,0,4,4
2021-03-14T23:59:59+01:00,7,5,3476,3832,5599,7934,5942,11736,7271,17160,8683,14871,4521,4515,11834,14933,7179,12539,1397,1351,2078,3513,2328,6110,3096,9274,3672,7340,2011,2012,2702,3829,1624,4439,94938,56224,5469,549,41626,2,0,4,4
2021-03-13T23:59:59+01:00,7,5,3460,3792,5560,7823,5883,11620,7190,17020,8540,14721,4369,4366,11742,14847,7173,12528,1397,1351,2078,3513,2327,6110,3095,9273,3671,7340,2008,2004,2650,3774,1590,4385,94250,56014,5469,549,40923,2,0,4,4
2021-03-12T23:59:59+01:00,7,5,3442,3720,5504,7687,5821,11473,7106,16796,8405,14488,4262,4270,11472,14524,7019,12313,1397,1351,2074,3507,2326,6102,3091,9267,3670,7334,2006,2002,2564,3664,1510,4299,92833,55612,5461,549,40016,2,0,4,4
2021-03-11T23:59:59+01:00,7,5,3364,3525,5296,7389,5590,11055,6768,16131,7975,13851,3927,3936,10401,13270,6372,11412,1392,1348,2064,3494,2307,6077,3068,9233,3647,7302,1977,1977,2326,3402,1360,4081,88668,54536,5044,516,36558,2,0,4,4
2021-03-10T23:59:59+01:00,7,5,3268,3407,5083,7119,5377,10699,6498,15585,7640,13307,3707,3709,9760,12478,5988,10879,1388,1337,2037,3456,2277,5987,3020,9112,3589,7184,1934,1901,2110,3165,1231,3893,86208,53337,4676,281,33628,2,0,4,4
2021-03-09T23:59:59+01:00,6,5,3194,3277,4928,6930,5183,10420,6269,15153,7342,12804,3524,3504,9132,11776,5616,10362,1381,1327,2001,3396,2246,5885,2959,8968,3522,7103,1905,1875,1836,2849,1063,3648,83945,51927,4422,34,31054,2,0,4,4
2021-03-08T23:59:59+01:00,6,5,3128,3118,4702,6665,4946,10067,6010,14642,6980,12216,3325,3312,8745,11333,5419,10050,1378,1309,1987,3318,2215,5792,2920,8823,3489,7010,1890,1853,1636,2618,945,3458,82478,50608,4061,32,28126,0,0,4,4
2021-03-07T23:59:59+01:00,6,5,3096,3059,4628,6553,4863,9954,5905,14479,6864,12071,3275,3270,8661,11228,5381,9983,1372,1304,1980,3306,2207,5765,2913,8784,3477,6991,1882,1841,1580,2551,893,3391,82128,50204,3896,32,27253,0,0,4,4
2021-03-06T23:59:59+01:00,6,5,3082,3001,4584,6463,4829,9891,5847,14365,6816,11962,3251,3247,8605,11162,5347,9940,1370,1291,1975,3292,2195,5738,2910,8756,3466,6972,1874,1817,1553,2527,888,3382,81812,49973,3896,32,26691,0,0,4,4
2021-03-05T23:59:59+01:00,6,5,3058,2908,4526,6354,4767,9792,5784,14214,6716,11809,3207,3192,8421,10932,5228,9768,1361,1258,1945,3237,2171,5631,2868,8622,3422,6834,1831,1772,1489,2456,866,3356,80914,49086,3888,32,25881,0,0,4,4
2021-03-04T23:59:59+01:00,4,5,3005,2715,4367,6116,4549,9482,5578,13794,6405,11420,3029,3016,7407,9643,4610,8856,1341,1208,1907,3114,2141,5448,2822,8345,3366,6602,1761,1682,1453,2408,862,3338,76774,47766,3618,31,23605,0,0,4,4
2021-03-03T23:59:59+01:00,3,5,2966,2643,4226,5925,4384,9214,5376,13416,6152,11000,2908,2886,6763,8874,4217,8254,1329,1170,1880,3042,2119,5338,2790,8168,3313,6444,1692,1638,1412,2338,842,3285,74065,46769,3389,31,21754,0,0,4,3
2021-03-02T23:59:59+01:00,3,5,2905,2554,4042,5709,4176,8942,5178,13041,5884,10626,2762,2729,5997,7910,3755,7549,1296,1127,1853,2970,2095,5199,2741,7896,3264,6246,1621,1578,1348,2259,822,3242,70909,45526,2943,31,19911,0,0,4,3
2021-03-01T23:59:59+01:00,3,4,2865,2492,3876,5558,3989,8722,4990,12719,5646,10239,2662,2615,5508,7256,3403,7044,1290,1091,1830,2869,2068,5006,2701,7646,3204,6010,1578,1542,1300,2200,796,3203,68761,44303,2644,31,18182,0,0,4,3
2021-02-28T23:59:59+01:00,3,4,2824,2443,3718,5440,3768,8532,4807,12469,5459,9934,2605,2543,5385,7100,3341,6943,1286,1086,1826,2855,2059,4982,2694,7610,3194,5993,1570,1535,1294,2191,794,3193,68284,44132,2426,30,16604,0,0,4,3
2021-02-27T23:59:59+01:00,3,3,2809,2378,3692,5360,3734,8463,4773,12379,5424,9861,2564,2509,5056,6713,3145,6693,1279,1078,1819,2843,2046,4947,2675,7545,3178,5937,1552,1526,1288,2180,791,3192,66978,43847,2426,29,16151,0,0,4,3
2021-02-26T23:59:59+01:00,3,3,2789,2337,3652,5276,3669,8361,4712,12271,5339,9773,2488,2456,4679,6232,2876,6370,1220,1028,1769,2734,1997,4766,2621,7271,3105,5726,1491,1475,1265,2158,777,3183,65188,42559,2301,28,15793,0,0,4,2
2021-02-25T23:59:59+01:00,3,3,2615,2228,3468,5095,3487,8138,4508,11985,5121,9499,2401,2391,4230,5680,2588,5949,1204,971,1738,2626,1944,4492,2550,6877,3011,5440,1447,1432,1245,2143,775,3174,63333,41046,1979,25,14073,0,0,4,1
2021-02-24T23:59:59+01:00,3,3,2460,2090,3278,4903,3339,7932,4311,11731,4902,9251,2264,2272,3777,5170,2331,5556,1189,942,1715,2540,1910,4353,2490,6620,2959,5234,1416,1401,1227,2123,771,3155,61570,40029,1510,17,12489,0,0,4,1
2021-02-23T23:59:59+01:00,3,3,2323,1952,3100,4675,3184,7701,4140,11458,4720,9005,2178,2178,3224,4505,1993,5044,1175,894,1684,2445,1871,4160,2422,6321,2861,4974,1359,1346,1198,2080,758,3130,59371,38666,1163,13,10848,0,0,4,1
2021-02-22T23:59:59+01:00,3,3,2283,1901,3015,4582,3114,7593,4046,11272,4613,8880,2128,2137,2860,4043,1707,4658,1163,835,1652,2319,1828,3914,2346,5927,2735,4676,1297,1291,1175,2047,752,3109,57700,37064,1079,3,10055,0,0,4,1
2021-02-21T23:59:59+01:00,3,3,2247,1869,2964,4513,3032,7479,3965,11126,4547,8763,2114,2114,2776,3929,1652,4570,1159,817,1635,2266,1803,3805,2313,5772,2672,4552,1265,1268,1165,2033,745,3096,57269,36364,1046,3,9347,0,0,4,1
2021-02-20T23:59:59+01:00,3,3,2236,1866,2942,4500,3016,7443,3939,11093,4526,8742,2111,2106,2722,3872,1617,4515,1159,814,1635,2264,1802,3796,2312,5767,2671,4548,1264,1265,1164,2030,744,3095,57054,36328,1045,3,9149,0,0,4,1
2021-02-19T23:59:59+01:00,2,3,2224,1853,2906,4448,2991,7355,3894,11011,4472,8679,2103,2100,2634,3759,1537,4422,1107,805,1596,2256,1792,3787,2302,5746,2662,4536,1258,1254,1153,2025,739,3088,56642,36104,1014,3,8733,0,0,4,1
2021-02-18T23:59:59+01:00,2,3,2092,1757,2749,4263,2867,7156,3757,10724,4333,8476,2071,2066,2394,3493,1385,4200,1028,770,1521,2158,1743,3664,2230,5588,2606,4449,1244,1234,1148,2011,729,3070,55586,35191,947,3,7251,0,0,4,1
2021-02-17T23:59:59+01:00,2,3,2048,1708,2657,4129,2758,6942,3604,10383,4192,8234,2014,1983,2175,3264,1261,4013,874,707,1412,2033,1668,3474,2136,5364,2533,4278,1210,1189,1123,1966,714,3030,54524,33710,802,2,6040,0,0,4,1
2021-02-16T23:59:59+01:00,2,3,1875,1595,2483,3922,2619,6667,3443,10029,4016,7927,1970,1956,1900,2945,1091,3761,847,685,1340,1958,1600,3332,2041,5192,2436,4147,1149,1142,1065,1876,682,2937,53198,32429,766,1,4236,0,0,4,1
2021-02-15T23:59:59+01:00,2,3,1841,1540,2395,3753,2541,6394,3320,9662,3901,7658,1944,1928,1685,2707,970,3575,829,672,1311,1912,1559,3264,1986,5020,2373,4047,1084,1102,1001,1786,663,2844,52105,31454,753,0,2957,0,0,4,1
2021-02-14T23:59:59+01:00,2,3,1752,1509,2350,3691,2499,6304,3250,9559,3855,7580,1933,1918,1628,2648,920,3516,814,662,1294,1887,1532,3241,1952,4979,2348,3992,1074,1093,994,1776,660,2832,51773,31131,724,0,2416,0,0,4,1
2021-02-13T23:59:59+01:00,2,3,1751,1497,2340,3684,2493,6290,3246,9543,3848,7570,1925,1898,1605,2628,917,3506,814,662,1294,1887,1532,3241,1952,4979,2348,3992,1074,1093,994,1776,660,2832,51619,31131,724,0,2399,0,0,4,1
2021-02-12T23:59:59+01:00,2,3,1671,1411,2241,3572,2413,6116,3141,9305,3726,7305,1878,1841,1542,2556,894,3479,808,655,1282,1866,1517,3222,1944,4948,2332,3972,1069,1088,993,1757,660,2802,50679,30916,724,0,1689,0,0,4,1
2021-02-11T23:59:59+01:00,2,3,1468,1273,2059,3357,2285,5824,2989,8873,3567,6959,1806,1739,1500,2496,880,3456,780,604,1187,1687,1392,2948,1805,4589,2169,3686,1019,1027,951,1686,627,2671,49287,28829,683,0,562,0,0,4,1
2021-02-10T23:59:59+01:00,2,3,1372,1224,1971,3230,2217,5651,2907,8596,3456,6728,1735,1691,1455,2429,864,3399,566,520,965,1462,1253,2640,1620,4126,1966,3308,902,900,830,1435,548,2355,48122,25397,643,0,161,0,0,4,1
2021-02-09T23:59:59+01:00,2,3,1337,1174,1934,3138,2190,5470,2840,8254,3386,6470,1662,1629,1394,2369,847,3362,303,383,747,1199,1066,2265,1410,3589,1718,2856,734,736,662,1148,438,1909,46864,21164,514,0,80,0,0,3,1
2021-02-08T23:59:59+01:00,2,3,1330,1139,1903,3019,2152,5248,2788,7974,3327,6234,1621,1595,1349,2314,831,3342,267,342,645,1044,960,2047,1250,3198,1521,2540,631,617,558,969,381,1659,45745,18630,344,0,79,0,0,3,1
2021-02-07T23:59:59+01:00,2,3,1303,1123,1874,2967,2127,5166,2759,7871,3285,6169,1605,1579,1334,2295,820,3327,233,286,597,954,900,1892,1158,2973,1423,2368,591,597,537,936,371,1630,45463,17448,143,0,0,0,0,3,0
2021-02-06T23:59:59+01:00,2,3,1298,1117,1868,2955,2118,5138,2746,7827,3274,6124,1592,1571,1329,2285,817,3326,214,252,575,917,872,1826,1116,2856,1366,2286,575,579,530,936,371,1630,45244,16903,143,0,0,0,0,3,0
2021-02-05T23:59:59+01:00,2,3,1237,1065,1819,2844,2066,4942,2687,7531,3197,5908,1529,1517,1310,2259,809,3319,198,223,540,870,838,1746,1077,2739,1313,2187,541,555,519,912,361,1605,43898,16226,143,0,0,0,0,3,0
2021-02-04T23:59:59+01:00,2,3,1225,1001,1778,2695,1995,4630,2604,7087,3097,5582,1484,1484,1292,2243,806,3311,170,169,467,753,739,1607,967,2500,1201,1972,494,503,476,858,343,1492,42282,14713,35,0,0,0,0,2,0
2021-02-03T23:59:59+01:00,2,3,1207,972,1748,2614,1956,4484,2537,6825,3045,5364,1447,1451,1263,2208,788,3282,139,140,393,641,623,1371,822,2122,1004,1685,378,369,341,644,240,1131,41159,12045,35,0,0,0,0,2,0
2021-02-02T23:59:59+01:00,2,3,1190,916,1716,2514,1913,4261,2463,6493,2938,5090,1394,1405,1240,2178,779,3258,118,116,316,520,520,1136,678,1792,814,1377,280,269,263,472,188,847,39716,9708,35,0,0,0,0,2,0
2021-02-01T23:59:59+01:00,1,3,1177,856,1681,2389,1863,4015,2386,6100,2816,4794,1327,1323,1209,2132,768,3233,85,76,216,349,347,741,430,1155,478,858,174,164,152,279,100,494,38036,6098,35,0,0,0,0,2,0
2021-01-31T23:59:59+01:00,1,3,1172,838,1664,2331,1839,3892,2354,5917,2749,4675,1296,1300,1198,2117,761,3221,74,70,183,279,270,575,341,902,396,691,148,148,144,271,96,480,37294,5068,32,0,0,0,0,2,0
2021-01-30T23:59:59+01:00,1,3,1172,835,1663,2326,1837,3881,2352,5906,2746,4665,1295,1296,1197,2116,761,3220,70,63,151,232,242,507,306,784,353,616,147,141,139,267,96,479,37239,4593,31,0,0,0,0,2,0
2021-01-29T23:59:59+01:00,1,3,1119,826,1624,2319,1826,3874,2344,5892,2738,4653,1291,1293,1193,2116,761,3220,62,45,114,177,198,353,249,635,309,488,136,132,127,256,93,479,37063,3853,29,0,0,0,0,1,0
2021-01-28T23:59:59+01:00,1,3,1044,801,1566,2259,1793,3805,2297,5821,2705,4599,1279,1281,1186,2110,752,3206,40,20,72,105,129,206,154,380,201,291,103,101,102,205,83,432,36481,2624,26,0,0,0,0,1,0
2021-01-27T23:59:59+01:00,1,3,894,750,1475,2184,1726,3690,2225,5691,2647,4474,1251,1237,1162,2071,740,3174,29,12,62,86,104,162,122,323,174,247,95,84,91,186,79,401,35377,2257,17,0,0,0,0,1,0
2021-01-26T23:59:59+01:00,1,3,880,731,1410,2110,1663,3560,2138,5519,2559,4363,1196,1197,1116,2000,716,3125,28,11,59,83,100,156,118,309,173,237,93,79,84,165,68,355,34275,2118,11,0,0,0,0,1,0
2021-01-25T23:59:59+01:00,1,3,867,710,1378,2050,1632,3463,2093,5353,2502,4273,1145,1172,1069,1943,698,3066,26,11,56,83,97,154,117,307,172,237,92,78,83,164,66,352,33415,2095,2,0,0,0,0,1,0
2021-01-24T23:59:59+01:00,1,3,864,709,1372,2039,1627,3446,2085,5327,2491,4241,1141,1166,1064,1936,697,3061,26,11,56,83,96,153,117,307,172,236,92,78,83,164,66,352,33267,2092,2,0,0,0,0,1,0
2021-01-23T23:59:59+01:00,1,3,864,709,1372,2039,1627,3446,2085,5327,2491,4241,1141,1166,1064,1936,697,3061,26,11,56,83,96,153,117,307,171,236,92,78,83,164,66,352,33267,2091,2,0,0,0,0,1,0
2021-01-22T23:59:59+01:00,1,3,864,699,1358,2017,1611,3422,2072,5293,2475,4221,1139,1161,1063,1913,696,3028,26,11,56,83,96,153,117,307,170,236,92,78,83,164,66,352,33033,2090,2,0,0,0,0,1,0
2021-01-21T23:59:59+01:00,1,3,833,662,1280,1862,1512,3232,1975,5021,2367,4023,1099,1102,1032,1833,658,2901,24,10,52,78,88,145,107,278,156,213,79,70,74,144,54,300,31393,1872,2,0,0,0,0,1,0
2021-01-20T23:59:59+01:00,1,3,630,563,1086,1643,1378,2958,1798,4617,2164,3686,974,984,914,1604,593,2631,22,10,51,74,85,144,99,265,145,194,69,64,69,122,45,268,28224,1726,2,0,0,0,0,1,0
2021-01-19T23:59:59+01:00,1,3,343,417,835,1386,1177,2618,1563,4088,1904,3237,807,816,750,1331,495,2226,18,7,36,52,56,78,73,178,101,131,52,49,48,91,34,207,23995,1211,1,0,0,0,0,1,0
2021-01-18T23:59:59+01:00,1,3,301,376,723,1198,1056,2364,1371,3591,1665,2857,679,667,605,1087,421,1841,7,3,11,17,19,27,24,50,25,46,12,11,13,33,7,61,20805,366,0,0,0,0,0,1,0
2021-01-17T23:59:59+01:00,1,3,260,321,657,1104,978,2193,1274,3316,1550,2646,634,638,578,1031,400,1783,0,0,1,0,2,2,2,1,2,2,1,4,1,0,0,1,19367,19,0,0,0,0,0,0,0
2021-01-16T23:59:59+01:00,1,3,243,289,641,1071,954,2130,1233,3206,1499,2573,618,621,571,1031,400,1782,0,0,0,0,1,2,1,1,1,2,0,1,1,0,0,1,18866,11,0,0,0,0,0,0,0
2021-01-15T23:59:59+01:00,1,3,228,256,612,1024,927,2052,1198,3090,1447,2477,587,595,564,1010,393,1770,0,0,0,0,0,0,0,0,0,0,0,0,0,0,0,0,18234,0,0,0,0,0,0,0,0
2021-01-14T23:59:59+01:00,1,2,198,204,552,902,838,1909,1105,2867,1332,2294,543,552,526,966,387,1728,0,0,0,0,0,0,0,0,0,0,0,0,0,0,0,0,16906,0,0,0,0,0,0,0,0
2021-01-13T23:59:59+01:00,1,2,166,185,503,833,766,1783,1007,2634,1178,2072,430,435,399,761,289,1331,0,0,0,0,0,0,0,0,0,0,0,0,0,0,0,0,14775,0,0,0,0,0,0,0,0
2021-01-12T23:59:59+01:00,1,2,144,164,471,764,716,1628,918,2432,1071,1840,341,327,308,541,207,943,0,0,0,0,0,0,0,0,0,0,0,0,0,0,0,0,12818,0,0,0,0,0,0,0,0
2021-01-11T23:59:59+01:00,0,1,115,127,395,634,626,1375,754,1974,845,1454,211,190,169,313,109,546,0,0,0,0,0,0,0,0,0,0,0,0,0,0,0,0,9838,0,0,0,0,0,0,0,0
2021-01-10T23:59:59+01:00,0,1,89,92,305,458,471,995,547,1447,621,1058,174,167,157,300,104,533,0,0,0,0,0,0,0,0,0,0,0,0,0,0,0,0,7519,0,0,0,0,0,0,0,0
2021-01-09T23:59:59+01:00,0,1,78,84,259,395,401,863,480,1230,545,900,167,157,152,295,104,531,0,0,0,0,0,0,0,0,0,0,0,0,0,0,0,0,6642,0,0,0,0,0,0,0,0
2021-01-08T23:59:59+01:00,0,1,65,64,186,287,304,584,365,932,439,681,159,152,136,283,102,531,0,0,0,0,0,0,0,0,0,0,0,0,0,0,0,0,5271,0,0,0,0,0,0,0,0
2021-01-07T23:59:59+01:00,0,0,46,24,78,121,137,230,164,419,222,339,116,121,123,251,98,504,0,0,0,0,0,0,0,0,0,0,0,0,0,0,0,0,2993,0,0,0,0,0,0,0,0
2021-01-06T23:59:59+01:00,0,0,32,17,69,92,116,180,136,342,193,275,97,93,97,205,83,429,0,0,0,0,0,0,0,0,0,0,0,0,0,0,0,0,2456,0,0,0,0,0,0,0,0
2021-01-05T23:59:59+01:00,0,0,29,12,59,87,106,166,121,327,179,253,96,88,95,198,81,411,0,0,0,0,0,0,0,0,0,0,0,0,0,0,0,0,2308,0,0,0,0,0,0,0,0
2021-01-04T23:59:59+01:00,0,0,26,11,56,84,98,157,116,312,177,241,95,85,88,184,71,380,0,0,0,0,0,0,0,0,0,0,0,0,0,0,0,0,2181,0,0,0,0,0,0,0,0
2021-01-03T23:59:59+01:00,0,0,26,11,56,84,98,157,116,312,177,241,95,85,87,183,71,380,0,0,0,0,0,0,0,0,0,0,0,0,0,0,0,0,2179,0,0,0,0,0,0,0,0
2021-01-02T23:59:59+01:00,0,0,26,11,56,84,98,157,116,312,176,241,95,85,87,183,71,380,0,0,0,0,0,0,0,0,0,0,0,0,0,0,0,0,2178,0,0,0,0,0,0,0,0
2021-01-01T23:59:59+01:00,0,0,26,11,56,84,98,157,116,312,174,240,95,85,87,183,71,380,0,0,0,0,0,0,0,0,0,0,0,0,0,0,0,0,2175,0,0,0,0,0,0,0,0
2020-12-31T23:59:59+01:00,0,0,26,11,56,84,98,157,116,312,174,240,95,85,87,183,71,380,0,0,0,0,0,0,0,0,0,0,0,0,0,0,0,0,2175,0,0,0,0,0,0,0,0
2020-12-30T23:59:59+01:00,0,0,25,11,56,83,97,154,116,311,174,240,95,85,87,183,71,380,0,0,0,0,0,0,0,0,0,0,0,0,0,0,0,0,2168,0,0,0,0,0,0,0,0
2020-12-29T23:59:59+01:00,0,0,18,8,41,59,74,91,86,216,127,188,73,73,65,151,56,304,0,0,0,0,0,0,0,0,0,0,0,0,0,0,0,0,1630,0,0,0,0,0,0,0,0
2020-12-28T23:59:59+01:00,0,0,8,5,17,28,31,45,40,111,53,101,30,40,37,91,29,175,0,0,0,0,0,0,0,0,0,0,0,0,0,0,0,0,841,0,0,0,0,0,0,0,0
2020-12-27T23:59:59+01:00,0,0,2,2,4,5,7,11,10,23,6,22,5,7,6,25,3,48,0,0,0,0,0,0,0,0,0,0,0,0,0,0,0,0,186,0,0,0,0,0,0,0,0
