Datum,<15_1_m,<15_1_w,15-24_1_m,15-24_1_w,25-34_1_m,25-34_1_w,35-44_1_m,35-44_1_w,45-54_1_m,45-54_1_w,55-64_1_m,55-64_1_w,65-74_1_m,65-74_1_w,75-84_1_m,75-84_1_w,>84_1_m,>84_1_w,<15_2_m,<15_2_w,15-24_2_m,15-24_2_w,25-34_2_m,25-34_2_w,35-44_2_m,35-44_2_w,45-54_2_m,45-54_2_w,55-64_2_m,55-64_2_w,65-74_2_m,65-74_2_w,75-84_2_m,75-84_2_w,>84_2_m,>84_2_w,bp_1,bp_2,mo_1,mo_2,az_1,az_2,ja,unb_1,unb_2
2021-12-03T23:59:59+01:00,21846,20421,69156,63880,75672,70899,83076,83344,103154,104631,112728,111182,75921,82558,53010,65347,15409,26758,12033,11289,61630,57555,68886,63937,77059,77211,97468,98698,107978,106624,73889,80179,51718,63529,14831,25514,927800,850376,75963,70796,182936,176439,52342,66,75
2021-12-02T23:59:59+01:00,20932,19602,69055,63791,75571,70765,82999,83254,103084,104563,112677,111099,75889,82498,52980,65302,15401,26724,11849,11096,61360,57295,68618,63652,76768,76956,97245,98474,107815,106458,73847,80134,51691,63483,14821,25488,925221,847595,75745,70608,182936,176439,52333,66,75
2021-12-01T23:59:59+01:00,20578,19292,69004,63747,75510,70690,82940,83186,103036,104498,112621,111051,75853,82449,52958,65268,15391,26702,11738,11004,61186,57179,68440,63474,76603,76814,97097,98357,107700,106363,73801,80086,51676,63455,14815,25471,923929,845928,75630,70489,182936,176439,52328,66,75
2021-11-30T23:59:59+01:00,20044,18761,68931,63675,75430,70564,82870,83100,102971,104416,112557,110971,75809,82382,52934,65221,15380,26658,11640,10898,60976,57010,68224,63243,76395,76629,96927,98201,107553,106229,73752,80025,51655,63421,14811,25456,922048,843836,75420,70375,182935,176439,52320,66,75
2021-11-29T23:59:59+01:00,19339,18099,68860,63607,75336,70463,82795,83023,102909,104339,112481,110894,75776,82328,52916,65176,15370,26623,11564,10801,60762,56867,68004,63054,76191,76465,96768,98065,107427,106101,73700,79969,51624,63386,14805,25440,919899,841895,75241,70288,182933,176425,52310,66,75
2021-11-28T23:59:59+01:00,18735,17597,68788,63549,75239,70360,82732,82955,102845,104279,112416,110825,75745,82289,52901,65131,15363,26601,11491,10744,60606,56750,67831,62912,76021,76340,96627,97965,107338,106017,73670,79932,51606,63365,14798,25425,918115,840454,75057,70186,182924,176421,52302,66,75
2021-11-27T23:59:59+01:00,18080,16976,68716,63507,75185,70296,82673,82915,102806,104244,112389,110801,75729,82271,52894,65116,15357,26595,11450,10698,60498,56656,67694,62804,75918,76266,96539,97894,107281,105982,73657,79918,51601,63358,14796,25422,916426,839520,74947,70115,182924,176421,52301,66,75
2021-11-26T23:59:59+01:00,17167,16039,68607,63397,75113,70205,82610,82831,102727,104174,112343,110745,75704,82247,52883,65097,15353,26577,11368,10614,60325,56507,67514,62662,75762,76131,96407,97752,107199,105897,73640,79894,51588,63346,14792,25418,913853,838050,74796,69978,182923,176418,52295,66,75
2021-11-25T23:59:59+01:00,16276,15286,68475,63273,74987,70039,82491,82715,102631,104061,112252,110649,75662,82187,52866,65060,15344,26564,11272,10515,60119,56352,67293,62482,75608,75960,96251,97608,107095,105789,73611,79858,51576,63327,14789,25410,911152,836330,74512,69809,182916,176418,52283,66,75
2021-11-24T23:59:59+01:00,15873,14906,68372,63196,74885,69919,82385,82612,102545,103971,112177,110562,75617,82130,52843,65019,15331,26538,11205,10449,59958,56226,67111,62327,75468,75842,96119,97489,106988,105704,73580,79812,51552,63304,14783,25397,909416,834847,74328,69708,182913,176415,52269,66,75
2021-11-23T23:59:59+01:00,15594,14660,68246,63054,74762,69751,82237,82474,102427,103852,112069,110449,75571,82048,52805,64966,15311,26507,11120,10392,59823,56113,66919,62166,75298,75717,95982,97377,106882,105615,73542,79773,51535,63274,14775,25382,907590,833320,74075,69624,182911,176414,52252,66,75
2021-11-22T23:59:59+01:00,15334,14447,68097,62933,74611,69589,82113,82353,102315,103716,111962,110328,75502,81979,52770,64917,15301,26470,11069,10333,59649,56001,66731,62024,75147,75615,95873,97245,106780,105535,73502,79725,51510,63243,14770,25371,905779,831844,73865,69565,182911,176412,52227,66,75
2021-11-21T23:59:59+01:00,15053,14159,67970,62821,74459,69436,81996,82259,102214,103604,111871,110235,75455,81923,52743,64882,15285,26439,11044,10296,59559,55926,66609,61938,75044,75532,95778,97167,106724,105476,73474,79695,51489,63221,14766,25362,904049,830929,73688,69481,182905,176409,52206,66,75
2021-11-20T23:59:59+01:00,14787,13927,67844,62711,74330,69300,81873,82168,102131,103526,111793,110143,75431,81887,52731,64855,15279,26429,11029,10281,59514,55864,66548,61888,74988,75488,95723,97119,106678,105441,73465,79680,51485,63216,14764,25361,902472,830398,73613,69450,182904,176409,52200,66,75
2021-11-19T23:59:59+01:00,14452,13577,67586,62521,74137,69101,81715,82002,101997,103359,111682,110027,75375,81843,52707,64823,15271,26412,10967,10214,59355,55759,66404,61763,74846,75362,95591,97009,106569,105366,73441,79647,51471,63194,14760,25355,900049,829002,73495,69404,182904,176409,52183,66,75
2021-11-18T23:59:59+01:00,14140,13287,67304,62239,73906,68834,81495,81770,101817,103171,111543,109881,75318,81760,52677,64773,15263,26393,10875,10143,59190,55622,66206,61600,74695,75231,95438,96886,106437,105286,73405,79584,51454,63169,14755,25343,897248,827381,73332,69323,182904,176409,52131,66,75
2021-11-17T23:59:59+01:00,13956,13107,67109,62065,73667,68616,81325,81606,101634,103037,111412,109756,75263,81699,52649,64719,15249,26367,10816,10086,59040,55500,66055,61461,74563,75110,95297,96780,106329,105215,73370,79535,51428,63138,14752,25324,895087,825967,73211,69275,182902,176403,52079,66,75
2021-11-16T23:59:59+01:00,13755,12927,66879,61860,73414,68360,81102,81393,101449,102883,111279,109634,75202,81632,52615,64657,15233,26338,10768,10034,58913,55394,65917,61328,74435,74999,95181,96685,106244,105145,73333,79495,51408,63110,14746,25307,892579,824691,73141,69241,182902,176402,52033,66,75
2021-11-15T23:59:59+01:00,13595,12762,66620,61645,73160,68084,80882,81177,101259,102686,111141,109498,75148,81582,52595,64627,15221,26313,10723,9997,58810,55299,65809,61226,74336,74913,95113,96608,106169,105072,73293,79455,51389,63084,14739,25298,890100,823653,73056,69214,182891,176400,51991,66,75
2021-11-14T23:59:59+01:00,13323,12514,66224,61337,72832,67765,80602,80945,101036,102469,110982,109370,75091,81526,52573,64591,15214,26291,10670,9937,58673,55187,65702,61130,74231,74801,95021,96527,106092,104996,73242,79416,51370,63068,14734,25289,886955,822488,72951,69192,182887,176396,51935,66,75
2021-11-13T23:59:59+01:00,13181,12371,65920,61098,72580,67535,80382,80756,100869,102291,110855,109288,75057,81489,52556,64572,15209,26286,10650,9914,58602,55118,65636,61075,74184,74754,94956,96482,106069,104962,73233,79404,51365,63065,14734,25287,884641,821932,72900,69176,182886,176396,51911,66,75
2021-11-12T23:59:59+01:00,13017,12192,65577,60812,72299,67297,80160,80538,100693,102088,110728,109166,75034,81454,52544,64548,15206,26283,10617,9870,58488,55009,65514,60982,74072,74665,94861,96401,106012,104923,73214,79382,51356,63054,14730,25279,882084,820932,72826,69143,182885,176395,51884,66,75
2021-11-11T23:59:59+01:00,12780,11961,65155,60478,71939,66950,79816,80231,100444,101842,110536,108990,74982,81380,52514,64509,15200,26268,10531,9789,58335,54876,65386,60868,73960,74541,94766,96294,105914,104843,73177,79336,51340,63028,14719,25267,878679,819569,72635,69111,182881,176393,51822,66,75
2021-11-10T23:59:59+01:00,12638,11837,64901,60230,71629,66649,79568,80013,100259,101675,110393,108850,74923,81304,52480,64468,15193,26253,10471,9738,58227,54763,65252,60736,73852,74445,94655,96201,105836,104779,73144,79288,51319,63006,14714,25260,876142,818412,72560,69088,182873,176381,51730,66,75
2021-11-09T23:59:59+01:00,12482,11677,64489,59939,71232,66320,79273,79748,99999,101437,110188,108705,74855,81247,52457,64424,15187,26237,10411,9683,58103,54635,65134,60611,73761,74340,94561,96106,105753,104707,73101,79249,51293,62978,14707,25239,872948,817221,72495,69075,182860,176366,51635,66,75
2021-11-08T23:59:59+01:00,12372,11565,64117,59693,70857,66015,78988,79508,99760,101238,110041,108559,74801,81186,52436,64377,15182,26217,10362,9649,57992,54541,65049,60492,73675,74243,94467,96008,105684,104644,73071,79205,51277,62948,14703,25223,870134,816190,72416,69049,182846,176361,51558,66,75
2021-11-07T23:59:59+01:00,12289,11487,63825,59490,70564,65755,78710,79323,99560,101084,109916,108442,74765,81125,52416,64357,15178,26205,10324,9601,57883,54468,64966,60398,73585,74174,94385,95942,105623,104587,73052,79181,51265,62928,14701,25214,867923,815369,72312,69020,182835,176350,51463,66,75
2021-11-06T23:59:59+01:00,12183,11388,63631,59279,70324,65524,78529,79176,99386,100919,109810,108354,74749,81102,52404,64348,15176,26202,10310,9591,57832,54431,64922,60347,73559,74146,94357,95913,105603,104565,73039,79170,51261,62924,14700,25212,865974,815006,72284,69019,182834,176348,51434,66,75
2021-11-05T23:59:59+01:00,12042,11265,63388,59070,70068,65273,78306,78965,99223,100749,109698,108252,74717,81075,52397,64337,15175,26200,10270,9547,57748,54380,64856,60284,73502,74095,94314,95862,105561,104528,73023,79152,51253,62915,14700,25209,863910,814414,72111,68977,182832,176345,51388,66,75
2021-11-04T23:59:59+01:00,11955,11165,63150,58877,69779,65032,78099,78762,99022,100584,109569,108134,74677,81043,52386,64318,15170,26176,10207,9479,57618,54299,64767,60176,73409,74012,94245,95790,105501,104463,72993,79126,51229,62891,14692,25193,861901,813458,71930,68938,182828,176339,51280,66,75
2021-11-03T23:59:59+01:00,11872,11107,62928,58721,69551,64856,77911,78620,98866,100472,109465,108067,74654,81017,52371,64301,15166,26166,10142,9426,57493,54177,64654,60053,73315,73928,94160,95722,105444,104413,72965,79094,51209,62865,14684,25177,860292,812408,71849,68917,182827,176338,51183,66,75
2021-11-02T23:59:59+01:00,11793,11029,62701,58557,69256,64634,77686,78454,98675,100320,109342,107967,74632,80981,52357,64275,15161,26154,10082,9358,57340,54078,64544,59937,73211,73848,94068,95644,105386,104345,72929,79053,51201,62838,14676,25160,858352,811324,71766,68898,182825,176334,51067,66,75
2021-11-01T23:59:59+01:00,11699,10947,62426,58373,68989,64435,77480,78305,98500,100184,109231,107880,74606,80959,52346,64255,15156,26144,10014,9288,57208,53971,64410,59839,73122,73746,93994,95571,105328,104292,72893,79020,51188,62807,14669,25139,856501,810281,71689,68854,182804,176331,50958,65,75
2021-10-31T23:59:59+01:00,11688,10935,62393,58356,68962,64410,77452,78279,98482,100172,109219,107872,74604,80959,52346,64255,15156,26143,9997,9270,57189,53957,64397,59823,73111,73733,93990,95566,105323,104288,72893,79018,51188,62806,14668,25139,856308,810167,71675,68848,182802,176331,50935,65,75
2021-10-30T23:59:59+02:00,11682,10931,62378,58338,68936,64392,77432,78260,98466,100160,109211,107870,74602,80959,52346,64255,15155,26142,9993,9270,57174,53947,64389,59820,73099,73724,93983,95560,105320,104287,72893,79017,51187,62806,14668,25138,856174,810117,71666,68842,182802,176331,50910,65,75
2021-10-29T23:59:59+02:00,11616,10871,62191,58220,68726,64241,77247,78137,98296,100032,109101,107811,74578,80945,52335,64239,15151,26134,9961,9243,57063,53867,64298,59744,73036,73661,93910,95512,105280,104264,72876,78999,51182,62794,14664,25132,854683,809464,71623,68814,182800,176331,50802,65,75
2021-10-28T23:59:59+02:00,11530,10799,61966,58061,68473,64042,77038,77979,98098,99873,108998,107725,74553,80902,52320,64228,15146,26126,9903,9191,56907,53716,64166,59632,72934,73564,93841,95432,105198,104195,72852,78967,51170,62781,14660,25122,852895,808407,71555,68784,182796,176317,50648,65,75
2021-10-27T23:59:59+02:00,11460,10713,61801,57905,68271,63886,76875,77852,97969,99772,108924,107671,74533,80869,52313,64212,15144,26113,9842,9134,56789,53598,64058,59532,72831,73476,93769,95367,105139,104160,72829,78936,51157,62758,14656,25107,851554,807452,71432,68760,182793,176310,50541,65,75
2021-10-26T23:59:59+02:00,11374,10614,61658,57748,68091,63720,76716,77743,97854,99669,108842,107613,74506,80845,52297,64188,15134,26092,9781,9059,56639,53480,63953,59416,72755,73405,93693,95302,105093,104115,72806,78912,51134,62731,14649,25099,850137,806468,71371,68733,182787,176300,50446,65,75
2021-10-25T23:59:59+02:00,11349,10594,61601,57698,68040,63679,76669,77700,97818,99648,108820,107595,74497,80833,52296,64183,15131,26091,9757,9036,56578,53438,63917,59386,72726,73367,93666,95284,105076,104098,72804,78907,51132,62727,14649,25097,849710,806120,71361,68729,182787,176300,50421,65,75
2021-10-24T23:59:59+02:00,11306,10554,61490,57620,67939,63589,76588,77626,97740,99601,108784,107566,74483,80819,52290,64181,15129,26090,9708,8996,56502,53359,63840,59304,72661,73318,93615,95230,105046,104058,72780,78891,51123,62717,14646,25095,849029,805501,71310,68716,182787,176291,50306,65,75
2021-10-23T23:59:59+02:00,11302,10551,61481,57608,67922,63573,76575,77612,97726,99593,108779,107561,74482,80818,52290,64181,15128,26090,9703,8994,56493,53345,63826,59296,72654,73304,93606,95223,105043,104054,72778,78889,51123,62715,14646,25094,848945,805430,71295,68708,182786,176290,50283,65,75
2021-10-22T23:59:59+02:00,11239,10503,61323,57496,67743,63440,76436,77492,97597,99491,108702,107510,74465,80799,52286,64173,15127,26085,9649,8946,56376,53248,63743,59216,72580,73232,93537,95167,105005,104027,72761,78871,51118,62705,14646,25094,847752,804692,71217,68676,182785,176288,50190,65,75
2021-10-21T23:59:59+02:00,11161,10424,61164,57374,67579,63308,76295,77359,97472,99396,108612,107441,74437,80770,52274,64145,15122,26074,9575,8842,56245,53112,63616,59086,72498,73129,93439,95082,104948,103977,72726,78836,51108,62681,14640,25087,846420,803557,71183,68652,182784,176286,50057,65,75
2021-10-20T23:59:59+02:00,11120,10374,61063,57274,67471,63198,76202,77272,97387,99334,108562,107402,74423,80751,52262,64137,15118,26067,9492,8782,56113,52974,63509,58980,72423,73014,93369,95023,104879,103921,72700,78804,51096,62656,14637,25077,845522,802475,71161,68627,182780,176283,49989,65,75
2021-10-19T23:59:59+02:00,11069,10322,60994,57200,67392,63111,76127,77204,97335,99296,108523,107367,74398,80734,52249,64114,15107,26051,9408,8695,55973,52861,63394,58867,72337,72919,93287,94924,104813,103851,72650,78758,51078,62618,14630,25057,844789,801238,71137,68601,182777,176281,49925,65,75
2021-10-18T23:59:59+02:00,11022,10275,60915,57125,67309,63040,76066,77139,97284,99242,108481,107321,74382,80715,52243,64090,15103,26035,9355,8645,55857,52719,63267,58730,72245,72821,93203,94824,104755,103794,72609,78721,51051,62590,14619,25040,844060,800040,71112,68588,182777,176270,49872,65,75
2021-10-17T23:59:59+02:00,10994,10249,60868,57086,67272,63003,76035,77114,97244,99204,108470,107295,74372,80705,52240,64078,15099,26029,9299,8598,55763,52639,63187,58636,72180,72736,93147,94770,104717,103752,72582,78690,51039,62563,14613,25022,843688,799222,71107,68563,182771,176249,49824,65,75
2021-10-16T23:59:59+02:00,10990,10244,60862,57082,67263,62994,76028,77110,97237,99202,108469,107292,74371,80705,52240,64077,15099,26029,9292,8593,55759,52625,63181,58630,72175,72732,93144,94765,104715,103748,72581,78688,51039,62563,14613,25022,843642,799175,71103,68555,182771,176249,49811,65,75
2021-10-15T23:59:59+02:00,10952,10198,60769,57019,67202,62929,75966,77048,97186,99149,108430,107270,74360,80690,52238,64075,15097,26027,9244,8544,55639,52506,63104,58556,72106,72659,93075,94704,104667,103705,72564,78669,51029,62546,14612,25018,843018,798348,71082,68509,182771,176248,49767,65,75
2021-10-14T23:59:59+02:00,10904,10134,60660,56924,67137,62831,75901,76973,97122,99088,108393,107220,74345,80671,52227,64061,15093,26021,9138,8461,55473,52373,62987,58426,72036,72560,92970,94613,104607,103637,72529,78636,51007,62513,14602,25004,842241,797105,71061,68484,182761,176234,49674,65,75
2021-10-13T23:59:59+02:00,10847,10092,60569,56840,67072,62737,75832,76903,97062,99049,108342,107179,74325,80651,52212,64044,15089,26011,9071,8400,55338,52243,62884,58297,71939,72463,92893,94526,104529,103562,72491,78602,50987,62479,14591,24984,841485,795920,71047,68472,182758,176214,49598,65,75
2021-10-12T23:59:59+02:00,10788,10040,60461,56753,66972,62655,75763,76846,97017,98996,108304,107147,74301,80627,52204,64032,15083,26002,8996,8339,55205,52091,62775,58176,71854,72354,92836,94441,104456,103495,72451,78554,50963,62448,14586,24965,840700,794721,71037,68452,182755,176206,49531,65,75
2021-10-11T23:59:59+02:00,10734,9991,60363,56688,66881,62558,75685,76777,96955,98941,108250,107102,74275,80598,52187,64005,15068,25983,8935,8283,55082,51962,62649,58043,71775,72242,92758,94365,104380,103429,72405,78509,50934,62412,14573,24943,839869,793534,71017,68434,182747,176197,49439,65,75
2021-10-10T23:59:59+02:00,10704,9962,60302,56646,66821,62512,75644,76733,96922,98909,108222,107081,74263,80587,52184,63999,15063,25973,8883,8241,54981,51845,62556,57917,71690,72158,92684,94281,104319,103377,72374,78479,50913,62390,14567,24931,839454,792549,71008,68424,182741,176183,49355,65,75
2021-10-09T23:59:59+02:00,10703,9959,60292,56638,66808,62505,75638,76727,96916,98900,108216,107079,74263,80583,52184,63999,15063,25972,8871,8233,54963,51829,62546,57901,71679,72147,92677,94275,104311,103373,72371,78478,50913,62390,14567,24931,839393,792441,71002,68418,182740,176180,49341,65,75
2021-10-08T23:59:59+02:00,10652,9909,60196,56543,66734,62425,75578,76659,96867,98854,108181,107052,74253,80575,52177,63987,15058,25971,8829,8182,54860,51738,62469,57837,71611,72081,92628,94221,104283,103341,72363,78467,50906,62384,14565,24929,838699,791775,70976,68387,182738,176168,49289,65,75
2021-10-07T23:59:59+02:00,10588,9840,60045,56432,66641,62328,75490,76560,96791,98799,108117,106997,74228,80553,52167,63975,15051,25964,8721,8088,54728,51593,62364,57708,71500,71970,92540,94128,104197,103277,72311,78430,50883,62359,14553,24918,837742,790535,70963,68353,182737,176151,49155,65,74
2021-10-06T23:59:59+02:00,10532,9799,59906,56334,66555,62246,75410,76496,96730,98752,108070,106953,74209,80530,52150,63953,15048,25949,8646,8018,54588,51430,62270,57572,71404,71863,92436,94041,104108,103194,72273,78387,50858,62325,14543,24904,836895,789260,70951,68346,182735,176134,49046,65,74
2021-10-05T23:59:59+02:00,10465,9727,59768,56210,66455,62147,75329,76423,96653,98689,108023,106898,74187,80503,52141,63924,15042,25938,8559,7938,54406,51259,62154,57425,71291,71746,92327,93937,104037,103123,72219,78343,50834,62286,14535,24892,835947,787885,70936,68317,182732,176123,48912,65,74
2021-10-04T23:59:59+02:00,10404,9674,59616,56088,66313,62028,75224,76330,96554,98607,107959,106844,74165,80472,52121,63891,15038,25919,8484,7877,54232,51074,62038,57271,71158,71615,92244,93832,103937,103036,72184,78288,50790,62247,14525,24872,834820,786433,70923,68310,182727,176105,48782,65,74
2021-10-03T23:59:59+02:00,10361,9635,59561,56003,66244,61975,75165,76291,96522,98576,107925,106803,74153,80454,52112,63879,15037,25912,8426,7834,54114,50959,61955,57180,71072,71514,92178,93758,103871,102949,72150,78259,50771,62214,14518,24868,834312,785465,70918,68305,182715,176078,48668,65,74
2021-10-02T23:59:59+02:00,10355,9633,59551,55988,66227,61962,75156,76276,96517,98571,107923,106800,74152,80454,52111,63877,15037,25912,8421,7830,54100,50948,61943,57171,71069,71504,92174,93755,103869,102940,72147,78259,50770,62212,14517,24868,834230,785394,70908,68298,182715,176077,48654,65,74
2021-10-01T23:59:59+02:00,10300,9577,59393,55888,66148,61872,75075,76209,96463,98517,107864,106764,74136,80431,52100,63864,15036,25908,8359,7767,53983,50839,61887,57105,71022,71456,92118,93700,103834,102907,72134,78252,50765,62200,14515,24863,833383,784723,70889,68271,182713,176074,48564,65,74
2021-09-30T23:59:59+02:00,10226,9491,59249,55733,66011,61738,74972,76117,96355,98423,107773,106698,74107,80393,52085,63839,15032,25891,8279,7692,53834,50706,61786,56996,70928,71372,92033,93613,103761,102841,72098,78208,50744,62165,14515,24852,832238,783709,70860,68248,182709,176063,48329,65,74
2021-09-29T23:59:59+02:00,10148,9434,59098,55601,65892,61620,74886,76022,96255,98332,107708,106641,74069,80348,52077,63809,15027,25880,8200,7606,53677,50553,61673,56859,70831,71265,91938,93517,103665,102773,72048,78164,50719,62114,14508,24842,831205,782511,70832,68217,182706,176044,48106,65,74
2021-09-28T23:59:59+02:00,10062,9352,58959,55450,65727,61479,74780,75936,96148,98246,107625,106576,74017,80306,52057,63781,15020,25863,8125,7537,53531,50402,61535,56742,70737,71148,91861,93439,103589,102695,72008,78126,50696,62082,14504,24830,830038,781455,70819,68198,182702,176034,47826,65,74
2021-09-27T23:59:59+02:00,10002,9300,58804,55291,65585,61352,74687,75832,96043,98140,107534,106523,73971,80262,52038,63754,15014,25843,8059,7471,53379,50272,61408,56609,70645,71041,91758,93342,103502,102643,71959,78079,50675,62046,14497,24811,828988,780464,70795,68182,182697,175987,47489,65,74
2021-09-26T23:59:59+02:00,9960,9259,58718,55205,65500,61267,74629,75756,95979,98083,107487,106486,73946,80237,52027,63729,15007,25830,8012,7429,53280,50162,61319,56528,70567,70951,91689,93266,103447,102611,71930,78051,50653,62022,14491,24800,828348,779717,70778,68175,182681,175951,47291,65,74
2021-09-25T23:59:59+02:00,9951,9247,58701,55184,65484,61256,74618,75747,95972,98075,107478,106482,73946,80236,52026,63728,15007,25830,8011,7418,53255,50152,61305,56509,70554,70944,91683,93260,103436,102609,71930,78049,50653,62018,14491,24800,828267,779638,70771,68171,182679,175950,47244,65,74
2021-09-24T23:59:59+02:00,9899,9191,58591,55060,65387,61155,74527,75655,95886,98001,107419,106441,73918,80214,52018,63718,15006,25820,7957,7362,53148,50044,61229,56433,70481,70873,91612,93199,103363,102559,71904,78031,50642,62002,14486,24790,827382,778846,70754,68163,182673,175943,47089,65,74
2021-09-23T23:59:59+02:00,9807,9099,58354,54871,65210,60998,74403,75510,95741,97865,107310,106330,73873,80178,51998,63678,14994,25801,7890,7285,52967,49909,61108,56296,70365,70758,91492,93091,103270,102485,71869,77985,50624,61978,14473,24776,825971,777819,70701,68134,182669,175924,46670,65,74
2021-09-22T23:59:59+02:00,9724,9039,58167,54723,65049,60853,74288,75384,95613,97764,107210,106272,73830,80130,51972,63637,14974,25773,7815,7222,52823,49757,60984,56174,70274,70661,91400,92983,103207,102432,71827,77935,50593,61940,14459,24762,824717,776819,70679,68109,182661,175910,46336,65,74
2021-09-21T23:59:59+02:00,9654,8951,58019,54568,64903,60706,74149,75248,95475,97646,107118,106181,73796,80071,51955,63613,14966,25751,7722,7138,52675,49597,60866,56044,70173,70555,91294,92879,103112,102339,71788,77890,50567,61899,14450,24737,823435,775645,70663,68097,182657,175903,46006,65,74
2021-09-20T23:59:59+02:00,9593,8890,57881,54426,64744,60572,74030,75097,95348,97555,107029,106087,73734,80027,51929,63577,14953,25731,7665,7082,52558,49462,60743,55927,70064,70447,91194,92789,103035,102263,71735,77846,50543,61850,14443,24719,822228,774671,70649,68079,182650,175874,45667,65,74
2021-09-19T23:59:59+02:00,9541,8850,57764,54342,64637,60455,73943,74994,95276,97455,106967,106016,73717,80002,51916,63558,14951,25720,7628,7041,52450,49348,60652,55814,69972,70353,91127,92717,102956,102195,71702,77813,50522,61819,14438,24713,821454,773900,70630,68064,182638,175849,45373,65,74
2021-09-18T23:59:59+02:00,9524,8833,57737,54313,64602,60424,73915,74969,95260,97432,106956,105995,73714,80001,51913,63555,14951,25719,7619,7028,52420,49314,60621,55790,69951,70333,91107,92701,102944,102175,71699,77810,50522,61818,14437,24711,821231,773708,70620,68055,182638,175848,45315,65,74
2021-09-17T23:59:59+02:00,9437,8754,57564,54164,64472,60296,73791,74848,95155,97329,106872,105923,73679,79968,51901,63537,14944,25712,7556,6967,52253,49203,60497,55679,69859,70242,91024,92621,102871,102117,71666,77773,50507,61788,14428,24704,820079,772760,70576,68036,182636,175840,45045,65,74
2021-09-16T23:59:59+02:00,9359,8679,57354,54010,64296,60110,73612,74677,95005,97196,106717,105813,73609,79910,51878,63495,14937,25697,7492,6902,52089,49078,60354,55554,69732,70128,90913,92519,102766,102037,71621,77725,50486,61750,14421,24691,818607,771795,70558,68017,182613,175807,44565,65,74
2021-09-15T23:59:59+02:00,9266,8598,57148,53789,64114,59907,73432,74496,94859,97042,106572,105680,73549,79843,51834,63446,14927,25676,7433,6843,51930,48911,60227,55417,69606,70024,90810,92439,102660,101949,71575,77665,50452,61713,14411,24680,816850,770708,70540,68000,182609,175796,44167,65,74
2021-09-14T23:59:59+02:00,9158,8491,56958,53556,63932,59721,73284,74319,94727,96886,106446,105580,73476,79779,51805,63396,14911,25656,7358,6764,51760,48711,60073,55274,69484,69903,90702,92310,102566,101856,71524,77604,50424,61669,14403,24667,815089,769369,70529,67986,182588,175760,43863,64,74
2021-09-13T23:59:59+02:00,9096,8424,56744,53350,63777,59525,73125,74148,94579,96734,106312,105449,73423,79729,51766,63349,14891,25626,7312,6710,51599,48547,59950,55140,69401,69810,90584,92222,102472,101783,71480,77563,50396,61629,14393,24656,813402,768324,70518,67974,182573,175733,43542,64,74
2021-09-12T23:59:59+02:00,9050,8396,56621,53263,63687,59430,73049,74062,94505,96666,106249,105381,73395,79705,51752,63327,14886,25619,7265,6664,51465,48435,59848,55039,69325,69732,90508,92157,102399,101713,71444,77532,50381,61604,14388,24644,812682,767509,70501,67961,182556,175708,43292,64,73
2021-09-11T23:59:59+02:00,9044,8387,56605,53241,63668,59414,73036,74049,94497,96652,106244,105376,73394,79704,51752,63327,14886,25619,7258,6658,51446,48416,59827,55026,69309,69721,90498,92142,102396,101708,71439,77530,50381,61604,14388,24642,812603,767458,70492,67917,182553,175706,43235,64,73
2021-09-10T23:59:59+02:00,8972,8326,56445,53095,63552,59295,72931,73943,94379,96534,106168,105315,73357,79668,51737,63301,14882,25614,7226,6633,51320,48349,59762,54963,69249,69673,90434,92085,102360,101668,71418,77514,50372,61594,14384,24637,811485,766992,70459,67862,182547,175703,43011,64,73
2021-09-09T23:59:59+02:00,8901,8261,56246,52901,63386,59110,72772,73799,94229,96394,106043,105221,73298,79605,51706,63267,14878,25601,7160,6571,51133,48181,59607,54828,69116,69546,90313,91978,102246,101576,71375,77469,50343,61564,14378,24621,810123,765922,70438,67812,182528,175681,42517,63,73
2021-09-08T23:59:59+02:00,8815,8184,56065,52729,63234,58927,72626,73647,94067,96263,105949,105114,73233,79545,51678,63211,14873,25586,7084,6502,50958,48017,59483,54687,68993,69399,90187,91867,102161,101474,71319,77411,50320,61523,14374,24605,808719,764766,70411,67760,182492,175656,42109,63,73
2021-09-07T23:59:59+02:00,8727,8124,55909,52573,63117,58788,72509,73513,93963,96161,105844,105015,73181,79497,51651,63171,14865,25566,7006,6448,50789,47854,59352,54542,68866,69280,90081,91751,102061,101374,71271,77362,50298,61497,14369,24586,807471,763538,70405,67748,182489,175634,41794,63,73
2021-09-06T23:59:59+02:00,8665,8058,55763,52405,62977,58631,72400,73380,93860,96050,105762,104927,73129,79449,51620,63141,14854,25550,6940,6392,50640,47714,59213,54393,68752,69159,90000,91657,101965,101286,71222,77315,50276,61467,14362,24576,806249,762420,70379,67706,182457,175610,41520,63,73
2021-09-05T23:59:59+02:00,8636,8020,55696,52312,62912,58570,72352,73322,93814,96000,105734,104883,73108,79427,51610,63121,14847,25544,6890,6341,50550,47629,59148,54328,68688,69099,89954,91601,101923,101236,71202,77287,50263,61450,14356,24567,805730,761800,70370,67696,182435,175587,41356,63,73
2021-09-04T23:59:59+02:00,8629,8015,55676,52303,62902,58559,72344,73314,93807,95996,105731,104877,73107,79426,51610,63121,14847,25544,6886,6336,50536,47614,59133,54313,68683,69091,89946,91596,101919,101232,71201,77285,50262,61450,14356,24567,805668,761735,70367,67691,182434,175585,41322,63,73
2021-09-03T23:59:59+02:00,8563,7947,55544,52216,62830,58463,72265,73233,93729,95931,105661,104817,73077,79393,51591,63090,14840,25534,6827,6284,50421,47520,59054,54246,68625,69020,89885,91535,101855,101180,71173,77251,50241,61427,14353,24558,804749,760962,70360,67671,182425,175576,41173,63,73
2021-09-02T23:59:59+02:00,8467,7850,55355,52059,62705,58355,72171,73103,93608,95817,105556,104732,73020,79337,51559,63042,14829,25514,6732,6195,50199,47347,58909,54126,68520,68906,89753,91432,101738,101085,71116,77204,50217,61399,14346,24542,803610,759817,70315,67628,182411,175524,40724,63,73
2021-09-01T23:59:59+02:00,8391,7757,55202,51911,62573,58223,72083,72978,93515,95729,105478,104661,72982,79294,51536,63005,14822,25496,6646,6086,50024,47137,58785,53986,68440,68794,89651,91329,101632,100991,71077,77162,50192,61358,14339,24526,802494,758587,70291,67588,182397,175474,40434,63,72
2021-08-31T23:59:59+02:00,8283,7665,55038,51756,62466,58106,72003,72874,93428,95645,105393,104583,72940,79252,51514,62975,14812,25482,6531,5968,49816,46934,58665,53844,68324,68668,89553,91223,101523,100911,71032,77109,50172,61322,14327,24510,801407,757224,70283,67570,182387,175449,40117,63,72
2021-08-30T23:59:59+02:00,8207,7585,54864,51594,62354,57977,71888,72757,93305,95517,105275,104488,72890,79209,51497,62942,14791,25459,6434,5883,49619,46721,58539,53704,68224,68555,89437,91113,101410,100803,70982,77072,50145,61293,14313,24493,800224,756018,70243,67503,182355,175393,39754,63,72
2021-08-29T23:59:59+02:00,8165,7538,54772,51514,62294,57896,71821,72709,93251,95453,105228,104454,72870,79187,51482,62927,14785,25450,6380,5834,49501,46619,58449,53606,68154,68478,89380,91053,101349,100750,70958,77056,50131,61280,14307,24490,799691,755366,70241,67493,182345,175348,39496,63,72
2021-08-28T23:59:59+02:00,8147,7524,54734,51477,62263,57876,71792,72691,93233,95436,105214,104442,72865,79185,51480,62923,14785,25450,6374,5830,49464,46600,58423,53590,68131,68464,89360,91031,101342,100737,70952,77052,50129,61278,14307,24490,799482,755218,70240,67487,182343,175348,39429,63,72
2021-08-27T23:59:59+02:00,8062,7446,54551,51339,62151,57736,71695,72569,93109,95315,105103,104357,72820,79134,51457,62887,14773,25444,6339,5790,49340,46515,58344,53509,68050,68391,89280,90965,101285,100689,70917,77018,50115,61267,14305,24490,798161,754516,70235,67481,182331,175342,39198,63,72
2021-08-26T23:59:59+02:00,7998,7373,54395,51191,62036,57622,71596,72461,93005,95186,104996,104275,72778,79084,51434,62867,14768,25430,6289,5750,49177,46358,58225,53401,67953,68297,89175,90885,101216,100621,70876,76983,50091,61245,14300,24481,797117,753693,70224,67441,182321,175309,38808,63,72
2021-08-25T23:59:59+02:00,7934,7319,54250,51042,61924,57469,71489,72346,92897,95084,104895,104193,72722,79033,51406,62830,14755,25415,6220,5668,48981,46166,58097,53259,67835,68173,89058,90772,101118,100531,70819,76935,50065,61206,14294,24466,796108,752552,70198,67404,182310,175274,38361,63,72
2021-08-24T23:59:59+02:00,7822,7230,54109,50835,61798,57333,71380,72213,92780,94964,104790,104096,72669,78985,51371,62787,14747,25400,6138,5578,48763,45946,57959,53088,67725,68035,88956,90678,101026,100449,70781,76882,50040,61183,14290,24450,794697,751158,70181,67382,182300,175252,38105,63,70
2021-08-23T23:59:59+02:00,7759,7156,53938,50663,61669,57207,71266,72101,92653,94858,104691,103998,72617,78924,51337,62745,14740,25389,6078,5523,48582,45775,57837,52958,67618,67937,88851,90586,100938,100373,70741,76831,50012,61144,14286,24438,793499,750136,70151,67358,182285,175195,37749,63,70
2021-08-22T23:59:59+02:00,7731,7130,53853,50584,61616,57141,71227,72048,92610,94816,104646,103968,72598,78908,51328,62733,14739,25383,6040,5485,48463,45664,57746,52864,67543,67875,88781,90528,100895,100331,70711,76807,49997,61126,14283,24431,793067,749451,70143,67350,182265,175144,37555,63,70
2021-08-21T23:59:59+02:00,7725,7127,53828,50569,61598,57130,71211,72034,92597,94798,104635,103958,72593,78906,51328,62732,14739,25382,6036,5481,48442,45646,57726,52856,67524,67855,88762,90513,100885,100321,70709,76804,49997,61125,14283,24431,792995,749354,70101,67331,182261,175138,37503,63,70
2021-08-20T23:59:59+02:00,7694,7090,53736,50492,61523,57070,71140,71971,92532,94736,104583,103921,72568,78878,51316,62706,14730,25371,6011,5461,48350,45570,57651,52793,67457,67800,88705,90453,100826,100283,70686,76782,49991,61109,14274,24427,792449,748835,70029,67318,182258,175115,37291,63,70
2021-08-19T23:59:59+02:00,7628,7010,53604,50367,61379,56955,71023,71863,92418,94647,104487,103831,72519,78821,51286,62665,14721,25351,5984,5434,48213,45466,57531,52701,67366,67721,88613,90373,100727,100218,70653,76753,49971,61085,14270,24418,791413,748179,69992,67281,182241,175068,36899,63,70
2021-08-18T23:59:59+02:00,7553,6953,53462,50228,61252,56846,70911,71769,92309,94559,104385,103747,72461,78768,51251,62629,14711,25330,5950,5391,48097,45340,57411,52604,67272,67645,88497,90283,100651,100144,70609,76715,49952,61061,14264,24401,790414,747460,69962,67251,182230,175018,36488,63,70
2021-08-17T23:59:59+02:00,7470,6872,53299,50065,61148,56722,70794,71645,92202,94454,104278,103647,72408,78725,51223,62602,14703,25318,5900,5352,47905,45161,57280,52462,67148,67539,88365,90188,100544,100048,70553,76666,49926,61039,14257,24389,789325,746417,69940,67215,182225,174965,36055,63,70
2021-08-16T23:59:59+02:00,7396,6809,53169,49935,61052,56609,70693,71551,92110,94349,104185,103547,72365,78674,51193,62559,14695,25310,5876,5316,47765,45041,57169,52392,67052,67455,88268,90102,100460,99953,70510,76626,49902,61012,14250,24384,788454,745784,69892,67169,182210,174896,35615,63,69
2021-08-15T23:59:59+02:00,7345,6769,53090,49854,60982,56538,70628,71490,92052,94297,104130,103497,72329,78644,51184,62543,14691,25301,5855,5298,47660,44947,57077,52300,66982,67393,88190,90039,100404,99903,70472,76591,49886,60991,14245,24372,787973,745299,69878,67137,182196,174814,35287,63,68
2021-08-14T23:59:59+02:00,7323,6753,53017,49786,60934,56493,70593,71443,92015,94257,104091,103461,72308,78636,51175,62532,14689,25298,5779,5244,47425,44675,56909,52111,66828,67238,88055,89917,100289,99796,70423,76548,49875,60968,14241,24367,787490,743470,69872,67131,182196,174803,35216,63,68
2021-08-13T23:59:59+02:00,7282,6717,52906,49691,60848,56412,70541,71374,91939,94199,104042,103416,72285,78613,51163,62521,14687,25291,5551,5029,46922,44178,56666,51841,66598,66982,87783,89662,100093,99590,70336,76447,49836,60908,14235,24346,786733,739986,69867,67120,182196,174728,35101,63,68
2021-08-12T23:59:59+02:00,7251,6690,52808,49622,60790,56333,70466,71324,91869,94140,103981,103369,72251,78579,51149,62505,14685,25277,5331,4854,46425,43734,56391,51533,66340,66758,87526,89441,99752,99316,70226,76312,49782,60844,14224,24318,786300,736934,69841,67095,182180,174273,34738,63,67
2021-08-11T23:59:59+02:00,7184,6621,52642,49451,60662,56214,70383,71230,91760,94036,103882,103260,72190,78513,51118,62464,14679,25261,5054,4571,45747,43117,56017,51150,66081,66462,87231,89176,99417,98948,70086,76166,49723,60743,14213,24289,785120,732816,69820,67064,182171,173835,34409,63,67
2021-08-10T23:59:59+02:00,7107,6537,52444,49266,60516,56094,70274,71107,91634,93906,103760,103154,72137,78455,51087,62433,14671,25252,4832,4330,44792,42218,55346,50491,65586,66005,86768,88692,98927,98493,69886,75967,49630,60645,14193,24251,783755,726550,69811,67031,182163,173330,34074,63,67
2021-08-09T23:59:59+02:00,7063,6490,52333,49174,60439,56019,70218,71046,91566,93834,103688,103094,72094,78419,51081,62417,14667,25244,4592,4111,43786,41161,54630,49806,65111,65571,86321,88255,98412,98025,69706,75743,49549,60522,14168,24213,783188,720095,69742,66979,182151,172767,33774,63,67
2021-08-08T23:59:59+02:00,7017,6449,52268,49104,60399,55986,70179,71020,91509,93785,103635,103054,72074,78397,51067,62396,14661,25239,4577,4098,43730,41098,54570,49757,65042,65529,86246,88194,98343,97974,69681,75712,49528,60496,14160,24206,782897,719793,69735,66962,182137,172682,33437,63,67
2021-08-07T23:59:59+02:00,6978,6408,52157,48976,60321,55909,70124,70955,91440,93722,103585,103007,72057,78380,51058,62390,14661,25238,4264,3787,42764,40081,54018,49188,64610,65121,85871,87797,98021,97627,69537,75567,49472,60414,14143,24188,782106,713430,69731,66942,182137,172674,33359,63,65
2021-08-06T23:59:59+02:00,6935,6347,52024,48848,60247,55843,70059,70874,91360,93646,103525,102949,72033,78357,51047,62372,14659,25234,3955,3565,42082,39466,53771,48920,64385,64877,85634,87575,97794,97424,69453,75476,49430,60374,14137,24175,781238,709808,69726,66857,182136,172537,33226,63,65
2021-08-05T23:59:59+02:00,6824,6240,51769,48626,60071,55655,69917,70728,91200,93499,103383,102812,71972,78294,51019,62332,14646,25215,3762,3394,41248,38775,53255,48462,64015,64522,85176,87174,97169,96904,69266,75292,49364,60276,14118,24145,779616,705261,69673,66805,182101,171409,32777,63,65
2021-08-04T23:59:59+02:00,6735,6154,51575,48394,59924,55476,69808,70576,91064,93382,103265,102697,71911,78230,50993,62286,14635,25186,3388,3039,40403,37992,52884,48056,63694,64199,84804,86844,96755,96496,69102,75121,49287,60180,14101,24111,778210,700667,69637,66780,182088,170623,32321,63,65
2021-08-03T23:59:59+02:00,6662,6097,51405,48259,59797,55348,69714,70484,90962,93283,103168,102615,71857,78194,50973,62260,14627,25170,3258,2937,39401,37050,52080,47369,63150,63663,84286,86358,96041,95865,68859,74904,49195,60063,14080,24067,777167,694403,69628,66756,182081,169438,31964,63,65
2021-08-02T23:59:59+02:00,6614,6054,51269,48119,59705,55269,69630,70415,90907,93209,103087,102553,71817,78151,50952,62239,14620,25157,3089,2759,38131,35898,51118,46560,62434,63075,83681,85790,95240,95163,68605,74646,49107,59930,14060,24028,776468,686788,69580,66702,182052,168126,31633,62,65
2021-08-01T23:59:59+02:00,6572,5999,51098,47957,59552,55153,69538,70300,90798,93119,102999,102460,71775,78114,50930,62199,14615,25141,3065,2741,37946,35765,50956,46460,62300,62979,83503,85646,94788,94759,68488,74536,49066,59881,14049,24008,775415,686127,69551,66642,182034,166817,31285,62,65
2021-07-31T23:59:59+02:00,6529,5965,51003,47837,59496,55081,69488,70256,90759,93089,102972,102435,71764,78102,50922,62194,14615,25138,2661,2360,36339,34254,50048,45593,61767,62413,82998,85130,94308,94324,68301,74331,48987,59785,14031,23975,774803,676981,69547,66630,182034,166702,31227,62,65
2021-07-30T23:59:59+02:00,6493,5913,50853,47698,59411,55000,69419,70195,90687,93009,102916,102397,71747,78078,50913,62170,14612,25134,2385,2131,34887,32852,49075,44639,61035,61719,82314,84506,93624,93745,68066,74095,48882,59635,14012,23944,774039,667443,69522,66618,182028,166398,31022,62,65
2021-07-29T23:59:59+02:00,6378,5794,50423,47331,59193,54725,69227,70004,90499,92821,102753,102260,71671,77995,50880,62115,14597,25116,2308,2065,34152,32238,48448,44187,60628,61359,81888,84156,92850,93070,67869,73936,48819,59548,13992,23913,771714,663559,69468,66470,181985,164751,30581,62,65
2021-07-28T23:59:59+02:00,6306,5731,50170,47138,59060,54571,69099,69907,90368,92697,102644,102166,71615,77938,50853,62075,14588,25099,2284,2046,33826,31943,48125,43946,60394,61134,81706,83983,92611,92869,67795,73869,48786,59515,13979,23903,770398,661834,69432,66381,181958,164232,30203,62,64
2021-07-27T23:59:59+02:00,6253,5684,50009,46994,58917,54474,69005,69817,90266,92587,102537,102090,71570,77885,50823,62042,14580,25086,2143,1931,32358,30550,46849,42856,59554,60334,81100,83448,91583,92017,67518,73584,48698,59389,13947,23863,769491,653159,69405,66306,181934,162437,29756,61,64
2021-07-26T23:59:59+02:00,6230,5655,49890,46908,58818,54384,68926,69762,90179,92526,102471,102038,71529,77849,50801,62022,14574,25077,2009,1815,30988,29302,45531,41723,58449,59343,80387,82814,90414,90986,67207,73310,48608,59271,13922,23821,768956,644068,69336,66208,181896,160141,29419,60,64
2021-07-25T23:59:59+02:00,6210,5638,49777,46802,58729,54316,68862,69703,90114,92470,102409,101989,71496,77813,50781,61999,14570,25067,1993,1807,30778,29144,45256,41520,58184,59105,80110,82602,89448,90131,67000,73135,48538,59198,13910,23798,768540,642840,69325,66085,181869,157688,28980,59,64
2021-07-24T23:59:59+02:00,6175,5609,49659,46711,58660,54253,68814,69646,90068,92426,102368,101948,71491,77806,50778,61996,14569,25063,1735,1587,29189,27564,44115,40443,57488,58391,79492,82024,88803,89562,66820,72944,48468,59096,13896,23774,767932,632812,69316,66067,181861,157549,28900,59,63
2021-07-23T23:59:59+02:00,6090,5522,49482,46533,58565,54148,68704,69541,89962,92322,102278,101851,71455,77750,50757,61965,14565,25057,1506,1367,27497,26051,42855,39354,56554,57500,78799,81403,88097,88899,66551,72670,48389,58995,13875,23744,766548,622250,69312,65900,181841,157078,28815,59,63
2021-07-22T23:59:59+02:00,5950,5406,49186,46245,58366,53942,68533,69371,89776,92170,102120,101717,71388,77667,50715,61914,14554,25038,1422,1313,26676,25227,41946,38546,55609,56668,78052,80772,86428,87388,66176,72271,48278,58865,13844,23692,764602,613756,69267,65392,181807,155611,28351,59,63
2021-07-21T23:59:59+02:00,5673,5123,48653,45718,58061,53625,68303,69089,89496,91923,101853,101451,71259,77536,50656,61849,14545,25012,1390,1287,26420,25003,41521,38264,55161,56277,77678,80485,85617,86784,66006,72143,48222,58799,13826,23667,760991,611763,69240,65115,181785,153831,27778,59,63
2021-07-20T23:59:59+02:00,5596,5048,48370,45439,57888,53416,68129,68941,89316,91768,101687,101307,71183,77468,50617,61802,14536,24984,1299,1202,25243,23858,40230,37228,53819,55068,76771,79706,84251,85437,65699,71800,48113,58663,13798,23621,759307,601357,69233,64953,181740,152249,27184,59,63
2021-07-19T23:59:59+02:00,5516,4962,48046,45115,57663,53207,67963,68736,89129,91588,101538,101146,71110,77386,50574,61751,14527,24955,1218,1140,24417,23019,38917,36110,52084,53569,75495,78646,83137,84455,65406,71543,48013,58545,13773,23581,757501,591298,69223,64804,181712,150458,26445,59,63
2021-07-18T23:59:59+02:00,5508,4961,47969,45056,57564,53126,67888,68661,89032,91520,101464,101078,71073,77344,50549,61719,14525,24943,1203,1134,24274,22918,38644,35887,51747,53271,75242,78448,82231,83684,65214,71364,47958,58473,13768,23559,757206,590217,69198,64640,181672,148226,25873,59,63
2021-07-17T23:59:59+02:00,5481,4924,47870,44979,57490,53065,67824,68604,88972,91457,101419,101059,71064,77329,50544,61712,14525,24942,1009,946,22893,21462,37263,34585,50500,52075,74634,77889,81595,83086,65084,71216,47891,58411,13759,23539,756639,579341,69193,64613,181663,148086,25734,59,63
2021-07-16T23:59:59+02:00,5378,4845,47628,44748,57362,52955,67705,68491,88833,91360,101312,100956,71018,77278,50521,61693,14519,24936,813,784,21643,20228,35970,33346,49043,50755,73624,76954,80893,82424,64863,70993,47809,58310,13740,23507,755173,567720,69191,64548,181656,147881,25487,59,63
2021-07-15T23:59:59+02:00,5235,4716,47227,44427,57152,52762,67510,68304,88618,91160,101123,100788,70920,77176,50472,61619,14510,24907,754,741,21039,19725,35036,32642,47804,49802,72436,76034,78733,80288,64263,70393,47667,58131,13721,23444,753107,558352,69173,63508,181611,146031,24699,59,63
2021-07-14T23:59:59+02:00,4863,4391,46636,43851,56918,52495,67305,68100,88404,90916,100907,100590,70812,77066,50404,61536,14498,24883,736,724,20836,19579,34770,32483,47429,49498,71896,75642,78065,79751,63939,70113,47584,58048,13698,23408,749656,556525,69154,63318,181558,144124,24171,59,61
2021-07-13T23:59:59+02:00,4772,4311,46439,43696,56755,52334,67142,67950,88247,90788,100760,100462,70739,77003,50366,61489,14494,24867,707,685,20276,19041,33738,31661,45804,48040,70127,73974,76456,78188,63562,69721,47454,57876,13669,23356,748290,545568,69137,62542,181484,142497,23667,59,61
2021-07-12T23:59:59+02:00,4707,4232,46253,43504,56601,52190,66987,67824,88076,90652,100604,100324,70665,76915,50328,61433,14487,24849,683,664,19804,18609,32946,31037,44142,46583,67747,71899,74561,76683,63032,69135,47310,57713,13640,23305,747017,534457,69113,61974,181384,139921,23080,59,61
2021-07-11T23:59:59+02:00,4702,4229,46182,43449,56537,52140,66934,67785,88013,90598,100532,100264,70628,76872,50318,61418,14484,24835,675,659,19594,18465,32593,30786,43691,46207,67287,71538,73779,75986,62631,68756,47239,57624,13624,23272,746862,532652,69102,61649,181318,137445,22599,59,61
2021-07-10T23:59:59+02:00,4576,4094,45896,43142,56352,51941,66787,67610,87879,90459,100430,100157,70572,76815,50297,61391,14481,24826,643,627,19032,17915,31649,29928,41942,44625,65801,70256,73144,75366,62464,68604,47186,57572,13617,23258,744763,522036,69096,61634,181306,137397,22501,59,61
2021-07-09T23:59:59+02:00,4447,3976,45625,42889,56187,51743,66625,67445,87727,90294,100294,100052,70519,76742,50260,61350,14476,24814,596,578,18447,17345,30681,28965,39987,42693,63508,68129,71985,74226,62189,68278,47110,57446,13599,23233,742709,508351,69080,61254,181300,136992,22337,59,61
2021-07-08T23:59:59+02:00,4418,3950,45484,42777,56061,51622,66496,67344,87600,90172,100175,99953,70464,76689,50239,61312,14465,24800,549,534,17508,16547,29281,27931,38267,41239,61376,66304,68622,71070,61290,67304,46865,57102,13554,23137,741982,493091,69021,59176,181229,134408,21744,59,61
2021-07-07T23:59:59+02:00,4406,3944,45417,42735,55976,51567,66409,67300,87544,90133,100131,99902,70447,76666,50229,61294,14461,24790,471,481,16551,15697,27894,26914,36739,40005,59755,64846,65389,67594,60270,66259,46627,56780,13504,23064,741668,477792,68974,57260,181177,132252,21475,59,61
2021-07-06T23:59:59+02:00,4354,3896,45272,42604,55843,51427,66305,67191,87437,90041,100048,99817,70408,76605,50211,61267,14458,24776,404,417,15785,14962,26816,26009,34893,38291,56352,61819,62733,65134,59513,65468,46353,56445,13464,22961,740528,459898,68951,56436,181120,130119,21305,58,61
2021-07-05T23:59:59+02:00,4291,3851,45087,42429,55691,51323,66179,67079,87317,89947,99961,99720,70345,76540,50189,61239,14455,24761,370,365,15122,14343,25866,25197,33657,37156,53255,58843,59955,62667,58672,64654,46098,56133,13419,22883,739328,443817,68907,56083,181041,127624,21071,58,60
2021-07-04T23:59:59+02:00,4283,3845,45038,42395,55622,51286,66133,67050,87278,89915,99929,99692,70321,76519,50183,61224,14449,24750,351,345,14918,14139,25422,24837,33053,36628,52590,58314,58967,61804,58004,64020,45914,55928,13400,22833,739125,439727,68873,55880,180972,124915,20885,58,60
2021-07-03T23:59:59+02:00,4064,3665,44507,41834,55302,50911,65837,66769,87029,89655,99729,99494,70248,76447,50160,61178,14445,24738,333,329,14629,13816,25064,24482,32075,35707,50845,56764,58099,61067,57830,63822,45846,55843,13388,22808,735323,431146,68854,55862,180966,124867,20812,58,60
2021-07-02T23:59:59+02:00,3753,3378,43856,41237,54975,50569,65549,66464,86756,89405,99494,99269,70146,76334,50108,61108,14439,24721,306,292,14212,13369,24361,23864,30916,34640,48213,54593,55959,59279,57433,63391,45686,55683,13372,22771,730985,418617,68833,54809,180953,124131,20734,57,49
2021-07-01T23:59:59+02:00,3615,3268,43501,40886,54771,50391,65389,66300,86599,89263,99339,99149,70077,76266,50077,61074,14431,24706,262,251,13520,12690,23057,22776,29236,33125,46193,52848,53464,56999,56008,61818,45191,55066,13299,22643,728844,405082,68766,52491,180903,120292,20533,57,48
2021-06-30T23:59:59+02:00,3604,3251,43236,40690,54589,50253,65267,66197,86508,89198,99267,99097,70049,76242,50065,61052,14427,24695,200,212,12777,12090,21894,21874,27645,31753,44340,51132,49827,53034,54676,60480,44835,54625,13243,22514,727687,389317,68710,50586,180883,116849,20351,57,48
2021-06-29T23:59:59+02:00,3389,3031,42318,39862,53979,49646,64826,65758,86092,88744,98918,98769,69924,76093,50008,60981,14407,24664,171,160,12179,11490,21091,21106,26274,30545,41716,48717,47952,51484,53705,59370,44427,54089,13148,22361,721692,377271,68656,49059,180867,113470,20138,57,47
2021-06-28T23:59:59+02:00,3171,2847,41362,38869,53310,48993,64361,65363,85711,88350,98585,98425,69784,75932,49943,60881,14389,24640,128,128,11678,11041,20428,20517,25305,29646,39622,46773,46323,50116,52601,58324,44066,53583,13068,22238,715522,367781,68542,48019,180856,109798,19940,57,47
2021-06-27T23:59:59+02:00,3166,2844,41325,38833,53261,48954,64319,65326,85658,88314,98533,98397,69765,75919,49934,60867,14384,24637,110,111,11484,10848,20104,20203,24726,29083,38595,45919,45156,49024,51570,57311,43631,53074,12986,22095,715296,363177,68512,47576,180820,105478,19752,57,47
2021-06-26T23:59:59+02:00,2684,2370,39933,37473,52540,48215,63767,64762,85170,87794,98108,97964,69575,75743,49861,60763,14365,24614,100,100,11369,10745,19936,20049,24526,28866,38117,45480,44786,48670,51456,57166,43584,53026,12981,22081,706601,360222,68483,47571,180820,105457,19741,57,47
2021-06-25T23:59:59+02:00,2279,2034,39089,36667,52187,47855,63441,64437,84890,87482,97859,97698,69471,75626,49814,60701,14351,24592,76,82,11068,10434,19555,19622,23994,28243,35434,43172,42598,46755,51117,56786,43485,52895,12957,22050,701549,348641,68346,47126,180813,104800,19709,57,47
2021-06-24T23:59:59+02:00,2225,1981,38599,36207,51838,47531,63220,64222,84654,87286,97673,97541,69389,75561,49779,60655,14345,24577,63,59,10474,9851,18491,18734,22567,26988,33330,41330,40164,44461,49634,55131,42914,52194,12840,21847,698599,335740,68316,44526,180792,101239,19520,57,47
2021-06-23T23:59:59+02:00,2212,1957,38367,35979,51670,47359,63102,64110,84554,87188,97596,97456,69358,75530,49759,60634,14341,24565,36,33,10019,9416,17862,18173,21634,26125,31389,39692,36200,39990,48337,53768,42528,51686,12758,21681,697352,320181,68279,43894,180776,97929,19276,55,47
2021-06-22T23:59:59+02:00,2133,1896,37380,35055,50916,46680,62617,63661,84179,86776,97229,97143,69209,75387,49692,60553,14328,24532,13,18,9552,8986,16989,17480,20405,25042,28262,36928,33895,38108,47380,52792,42118,51126,12618,21446,691199,307994,68232,41151,180763,94849,19118,55,46
2021-06-21T23:59:59+02:00,1986,1757,36034,33844,49895,45814,61894,62996,83681,86304,96789,96738,69039,75216,49626,60458,14317,24497,9,11,9234,8693,16527,17116,19780,24560,26516,35363,32355,36815,46325,51711,41665,50575,12512,21254,683258,300626,68198,40508,180748,91213,18628,54,46
2021-06-20T23:59:59+02:00,1975,1748,35946,33791,49745,45687,61750,62855,83600,86243,96715,96677,69005,75188,49611,60440,14317,24485,8,10,9084,8590,16310,16944,19464,24299,25700,34710,31414,35860,46129,51508,41634,50523,12503,21233,682591,296836,68155,39913,180730,90879,18249,54,46
2021-06-19T23:59:59+02:00,1607,1448,34337,32245,48847,44871,61265,62351,83130,85768,96309,96325,68858,75022,49545,60359,14302,24461,7,9,9043,8517,16206,16821,19346,24145,25595,34552,31286,35716,46033,51412,41616,50498,12499,21223,673909,295496,68136,39910,180723,90843,18229,54,46
2021-06-18T23:59:59+02:00,1409,1274,32698,30666,47639,43682,60324,61431,82322,85019,95696,95747,68639,74800,49456,60221,14286,24431,7,9,8969,8430,16045,16664,19156,23951,25342,34311,31000,35395,45736,51064,41530,50421,12486,21209,662788,293291,68001,39792,180722,90421,18176,54,45
2021-06-17T23:59:59+02:00,1334,1216,31778,29832,46777,42978,59517,60580,81578,84370,95284,95365,68498,74655,49414,60143,14272,24402,7,9,8430,8064,15353,16108,18326,23120,24234,33184,29521,34035,44407,49557,41044,49811,12366,21020,655871,284339,67885,38961,180691,87758,17493,54,45
2021-06-16T23:59:59+02:00,1251,1152,31089,29136,45972,42228,58598,59701,80800,83597,94860,94986,68363,74495,49356,60051,14252,24376,7,8,7942,7741,14732,15588,17543,22394,23093,32223,28341,32922,42507,47433,40493,49230,12258,20835,648812,274567,67757,38358,180672,85351,16969,54,45
2021-06-15T23:59:59+02:00,1109,1033,29203,27364,44224,40715,57004,58069,79412,82276,94099,94313,68075,74202,49242,59894,14219,24311,7,6,7770,7615,14418,15346,17177,22091,22572,31836,27801,32491,41567,46415,40107,48802,12134,20614,633891,271477,67708,37851,180633,82917,16479,54,45
2021-06-14T23:59:59+02:00,1016,919,27658,25902,42617,39197,55350,56420,78311,81164,93405,93685,67826,73960,49148,59771,14199,24267,6,5,7588,7442,14040,15008,16646,21645,21878,31252,27119,31896,41180,45992,39723,48349,12003,20409,620665,268784,67650,37435,180604,80075,15843,54,44
2021-06-13T23:59:59+02:00,992,894,27457,25722,42232,38860,54800,55894,77964,80854,93212,93495,67736,73880,49111,59712,14184,24242,6,5,7447,7274,13766,14714,16257,21244,21445,30758,26579,31392,40782,45587,39256,47781,11823,20122,617947,266681,67508,37362,180576,76994,15157,54,44
2021-06-12T23:59:59+02:00,863,780,25948,24138,41080,37788,54126,55161,77435,80359,92661,92970,67580,73703,49043,59635,14171,24221,6,5,7399,7224,13639,14603,16123,21129,21262,30608,26457,31287,40764,45570,39246,47770,11823,20121,608446,265886,67502,37360,180570,76654,15092,53,44
2021-06-11T23:59:59+02:00,750,671,24337,22624,39732,36600,52898,53951,76465,79507,92086,92394,67346,73469,48981,59527,14152,24186,6,5,7344,7132,13464,14413,15903,20932,20988,30348,26183,31026,40458,45195,39161,47655,11805,20092,596712,263977,67420,37215,180561,75943,14931,53,44
2021-06-10T23:59:59+02:00,648,582,23339,21621,38515,35423,51289,52447,75146,78311,90477,90847,66991,73073,48855,59353,14127,24132,6,5,7061,6909,12935,13978,15259,20359,20225,29596,25386,30347,39752,44332,38808,47237,11690,19907,583825,260496,66929,37180,180510,72212,13860,53,44
2021-06-09T23:59:59+02:00,578,532,22887,21235,37854,34903,50183,51402,73900,77118,89883,90342,66865,72928,48805,59268,14112,24101,6,5,6789,6600,12345,13373,14470,19544,19306,28574,24399,29184,37185,41411,38241,46593,11540,19669,576659,250168,66471,37107,180473,68674,13241,53,44
2021-06-08T23:59:59+02:00,472,421,21371,19785,36252,33538,48069,49440,71761,75179,88408,88860,66550,72543,48669,59107,14079,24057,6,5,6658,6428,11957,12996,13982,19055,18702,27969,23838,28645,36898,41155,37949,46226,11432,19512,559304,248496,66191,37026,180440,65274,12574,53,43
2021-06-07T23:59:59+02:00,356,327,20366,18818,34710,32207,45796,47417,69624,73296,87430,88012,66326,72275,48595,58972,14059,24020,6,5,6503,6267,11533,12641,13438,18572,17973,27382,23201,28047,36578,40851,37529,45745,11319,19313,544129,246493,66015,36957,180386,61386,12024,53,43
2021-06-06T23:59:59+02:00,333,306,20186,18671,34316,31923,45188,46845,69003,72810,87217,87846,66269,72213,48583,58946,14053,24008,6,5,6373,6093,11206,12227,13007,17999,17332,26571,22503,27237,36111,40376,37046,45194,11163,19043,541007,244040,65689,36903,180340,56879,11628,53,42
2021-06-05T23:59:59+02:00,261,241,18947,17413,32999,30713,43964,45670,68427,72291,86684,87336,66178,72111,48535,58898,14046,23996,6,5,6321,6009,11101,12060,12879,17820,17160,26361,22332,27042,36046,40298,37024,45170,11161,19038,531039,243426,65689,36490,180324,56269,11606,53,42
2021-06-04T23:59:59+02:00,180,171,17760,16267,31694,29428,42411,44173,67086,70974,85877,86583,65991,71899,48459,58806,14030,23967,6,5,6218,5870,10921,11849,12663,17563,16804,25975,21811,26601,35152,39440,36708,44870,11144,19016,518232,241572,65623,36162,180317,53309,11532,53,41
2021-06-03T23:59:59+02:00,125,118,17123,15696,30708,28599,40950,42874,65307,69440,83629,84301,65566,71444,48331,58644,14012,23929,6,5,6046,5659,10609,11493,12345,17095,16347,25312,21259,26019,34484,38646,36534,44666,11111,18966,504446,239222,64922,35774,180278,50469,11098,53,39
2021-06-02T23:59:59+02:00,96,76,16781,15388,30394,28333,40282,42251,63716,68046,82691,83499,65425,71280,48271,58562,14009,23914,6,4,5928,5566,10430,11331,12112,16878,16051,25003,20909,25620,31235,35021,36306,44444,11082,18913,496936,230504,64919,35441,180276,50024,10831,53,39
2021-06-01T23:59:59+02:00,38,41,15994,14722,28893,27231,37914,40187,60142,64866,80261,81178,65074,70916,48143,58372,13975,23861,6,4,5654,5290,9903,10901,11571,16281,15380,24205,20174,24858,30893,34722,36109,44266,11053,18851,478584,229031,63359,34935,180210,46515,9603,52,37
2021-05-31T23:59:59+02:00,30,33,15432,14248,27950,26526,35956,38523,56700,61835,78228,79475,64742,70559,47999,58197,13943,23809,6,3,5490,5086,9493,10535,11139,15795,14840,23517,19547,24151,30607,34467,35924,44073,11018,18794,462814,228334,62634,34547,180145,43027,8540,52,37
2021-05-30T23:59:59+02:00,28,30,15288,14119,27662,26289,35504,38112,55987,61218,77906,79200,64680,70502,47974,58162,13939,23798,6,3,5388,4891,9164,10173,10727,15306,14385,22713,19015,23375,29928,33752,35697,43881,10996,18731,459824,227860,62195,34466,180098,37542,8229,52,34
2021-05-29T23:59:59+02:00,26,29,14891,13727,26813,25478,33747,36524,54504,59920,77315,78635,64530,70351,47921,58109,13932,23784,6,3,5355,4818,9095,10056,10632,15185,14274,22562,18881,23234,29899,33729,35691,43873,10995,18728,449705,227360,62162,34466,180094,36933,8223,52,34
2021-05-28T23:59:59+02:00,23,28,14486,13331,25999,24735,31900,34763,52335,57912,76264,77639,64325,70099,47869,58032,13922,23761,6,3,5270,4704,8916,9911,10473,15011,14111,22322,18668,22932,29829,33680,35674,43856,10994,18723,437765,226677,61693,34459,180003,36004,7910,52,33
2021-05-27T23:59:59+02:00,19,23,13857,12864,24928,24014,30647,33835,50722,56536,73161,74655,63882,69560,47735,57870,13899,23705,6,3,5157,4471,8582,9570,10067,14574,13662,21685,18160,22333,29605,33474,35563,43742,10973,18694,425602,226012,59728,34387,179372,32731,7158,52,33
2021-05-26T23:59:59+02:00,18,21,13372,12444,24013,23366,29721,33131,49634,55609,70201,71461,63267,68947,47600,57700,13868,23659,6,3,5069,4309,8326,9255,9762,14184,13304,21083,17726,21731,29408,33306,35465,43636,10946,18642,414774,225390,57545,34268,178873,29682,6788,52,33
2021-05-25T23:59:59+02:00,18,16,13034,12147,23432,22960,28665,32267,47032,53367,67939,69334,62915,68580,47486,57551,13850,23605,6,3,4990,4188,8109,8993,9508,13806,12992,20561,17337,21177,29247,33149,35381,43531,10919,18587,402912,224818,56476,34185,178249,26939,6509,52,33
2021-05-24T23:59:59+02:00,17,15,12734,11866,22930,22580,28042,31813,44413,50935,65477,67142,62605,68281,47375,57425,13814,23548,6,3,4919,4079,7858,8759,9185,13420,12663,20047,16949,20615,29101,33008,35306,43459,10895,18539,391251,224223,55988,34119,177579,24294,6142,52,33
2021-05-23T23:59:59+02:00,17,15,12672,11799,22833,22495,27962,31734,44155,50707,64888,66593,62525,68193,47350,57407,13812,23546,6,3,4898,4064,7822,8727,9123,13385,12583,19983,16869,20556,29091,32992,35302,43451,10895,18537,389043,223924,55907,34111,177565,24085,6136,52,31
2021-05-22T23:59:59+02:00,17,15,12448,11561,22515,22187,26957,30845,42319,49130,64032,65851,62362,68002,47284,57315,13802,23522,6,3,4882,4009,7794,8661,9080,13318,12551,19896,16839,20486,29080,32982,35298,43445,10894,18536,380550,223829,55896,34111,177560,23683,6106,52,31
2021-05-21T23:59:59+02:00,17,14,12146,11307,21938,21740,26138,30153,39931,47237,62057,64182,62099,67729,47200,57227,13787,23496,6,3,4863,3981,7738,8574,9014,13230,12474,19802,16764,20399,29064,32956,35291,43434,10892,18535,370104,223629,54838,34096,177370,23230,6034,52,31
2021-05-20T23:59:59+02:00,16,14,11537,10735,20812,20840,24983,29125,38424,45959,59709,62107,61278,66829,46999,56966,13753,23440,6,3,4589,3804,7335,8287,8569,12833,12020,19289,16340,19875,28943,32858,35240,43379,10888,18525,359593,223215,52481,33985,176085,20237,5315,52,31
2021-05-19T23:59:59+02:00,16,14,11092,10421,20026,20283,24133,28524,37519,45273,56473,58468,60586,66125,46891,56832,13730,23393,6,3,4436,3646,7079,8041,8291,12501,11685,18855,15967,19453,28843,32745,35197,43303,10877,18510,349102,222720,50861,33866,174955,17993,4829,52,30
2021-05-18T23:59:59+02:00,16,14,10765,10136,19442,19832,23475,27958,36107,44040,55052,57333,60212,65698,46761,56671,13705,23367,6,3,4331,3519,6832,7804,8026,12216,11449,18450,15619,19017,28757,32651,35167,43261,10873,18503,343683,222418,49003,33783,173476,15883,4370,52,30
2021-05-17T23:59:59+02:00,15,13,10545,9960,19003,19541,23038,27645,34907,43048,53736,56291,59960,65449,46697,56572,13689,23333,6,3,4261,3433,6624,7586,7774,11922,11192,18055,15306,18609,28663,32562,35142,43220,10867,18489,339593,222113,48009,33714,171955,14021,3836,49,30
2021-05-16T23:59:59+02:00,15,12,10354,9830,18710,19337,22703,27403,34267,42586,52497,55120,59767,65283,46660,56518,13678,23313,6,3,4193,3359,6407,7421,7485,11667,10921,17700,15010,18244,28597,32500,35126,43202,10860,18485,337149,221854,47126,33653,170341,12260,3389,48,30
2021-05-15T23:59:59+02:00,15,12,10258,9730,18557,19189,22532,27257,33886,42219,52101,54741,59652,65137,46612,56473,13675,23297,6,3,4152,3323,6322,7354,7391,11564,10819,17580,14905,18113,28503,32382,35032,43110,10856,18480,334749,220760,47125,33650,170207,12241,3214,48,30
2021-05-14T23:59:59+02:00,14,12,9975,9528,18128,18949,22129,26967,31539,40439,49951,52884,59430,64908,46564,56388,13658,23276,6,3,4024,3241,6034,7188,7084,11338,10471,17227,14556,17785,27930,31676,34909,42918,10837,18452,325592,217456,47072,33644,169596,12117,2432,47,30
2021-05-13T23:59:59+02:00,14,12,9513,9161,17332,18384,21261,26284,30420,39448,47704,50713,58580,63931,46354,56105,13619,23202,6,3,3525,3048,5693,6934,6771,11027,10057,16837,14180,17347,27027,30475,34482,42397,10806,18392,317086,212839,45209,33086,167572,10928,2124,46,30
2021-05-12T23:59:59+02:00,14,12,9223,8968,16898,18124,20785,25994,29889,39063,44705,47067,58006,63289,46270,55991,13601,23177,6,3,3386,2960,5461,6823,6490,10880,9775,16628,13943,17080,26379,29651,34316,42204,10780,18358,307889,209804,44393,33060,167279,10760,1469,46,30
2021-05-11T23:59:59+02:00,14,12,8789,8694,16125,17604,19917,25373,28150,37618,42766,45561,57629,62840,46186,55856,13580,23149,6,3,3264,2831,5228,6482,6192,10466,9408,16068,13504,16519,24956,27980,33805,41576,10729,18270,302383,203820,41337,32876,164796,9260,1301,46,30
2021-05-10T23:59:59+02:00,14,11,8528,8542,15612,17348,19287,25050,27157,36926,41304,44414,57362,62565,46107,55751,13559,23118,6,2,3154,2705,4998,6244,5937,10142,9083,15590,13141,16095,23907,26648,33316,40991,10693,18212,299069,199161,40430,32846,162124,7840,987,45,30
2021-05-09T23:59:59+02:00,14,11,8372,8457,15309,17164,18906,24791,26487,36497,39523,42748,57065,62286,46051,55693,13551,23098,6,2,3033,2649,4817,6102,5768,9966,8883,15382,12970,15920,23630,26314,33170,40818,10683,18197,296089,197957,40050,32802,159129,6810,711,44,30
2021-05-08T23:59:59+02:00,14,11,8296,8384,15126,17018,18697,24591,26259,36257,39286,42552,56938,62136,46013,55656,13548,23087,6,2,3025,2628,4786,6066,5724,9920,8806,15315,12883,15850,23259,25886,32884,40504,10675,18181,294514,196766,39595,32086,159005,6807,711,44,30
2021-05-07T23:59:59+02:00,13,11,8126,8286,14797,16833,18305,24355,25833,35967,38826,42171,56662,61780,45964,55609,13541,23077,6,2,2726,2493,4437,5879,5453,9660,8490,15003,12487,15452,22160,24506,32234,39668,10647,18131,291963,193292,39163,30585,158672,5214,315,43,28
2021-05-06T23:59:59+02:00,12,11,7477,7928,13898,16228,17246,23499,24485,34853,36679,40504,55533,60459,45720,55303,13506,23010,6,2,2601,2381,4263,5681,5244,9353,8145,14562,12053,14995,20851,22829,31381,38657,10593,18017,281305,187667,37877,29623,156850,4020,278,41,26
2021-05-05T23:59:59+02:00,10,11,6941,7620,13112,15682,16201,22735,23098,33824,34848,39010,53689,58417,45398,54957,13472,22944,6,2,2514,2324,4087,5525,5051,9141,7797,14223,11682,14635,19459,21046,30185,37237,10553,17914,269830,181521,36950,28447,155049,3288,99,41,26
2021-05-04T23:59:59+02:00,10,10,6752,7528,12742,15505,15710,22463,22451,33478,33884,38307,52835,57454,45275,54830,13454,22903,6,2,2459,2254,3932,5353,4874,8887,7453,13812,11256,14174,17807,19114,29082,35902,10457,17794,266040,174683,36079,27506,153386,2358,46,40,25
2021-05-03T23:59:59+02:00,10,9,6606,7379,12363,15284,15199,22152,21738,33071,32729,37415,52532,57134,45179,54722,13439,22871,6,2,2399,2186,3838,5173,4733,8652,7235,13463,10936,13766,16602,17615,28201,34797,10392,17686,262729,169099,35616,27156,151414,1368,34,39,25
2021-05-02T23:59:59+02:00,10,9,6526,7288,12149,15113,14897,21917,21261,32750,31576,36465,52248,56843,45117,54631,13421,22840,6,2,2384,2179,3816,5140,4702,8616,7168,13392,10850,13672,16289,17219,27903,34492,10380,17672,260287,167523,35540,27042,149163,1261,33,38,23
2021-05-01T23:59:59+02:00,10,9,6508,7263,12085,15062,14817,21854,21158,32678,31450,36368,52242,56828,45113,54630,13419,22838,6,2,2381,2171,3792,5123,4661,8592,7130,13355,10789,13616,16091,16996,27788,34355,10377,17662,259709,166557,35539,27015,149013,1259,33,38,23
2021-04-30T23:59:59+02:00,10,9,6470,7225,11992,14968,14711,21733,20962,32490,31209,36176,51971,56468,45068,54577,13413,22826,6,2,2352,2150,3730,5061,4564,8481,6980,13173,10511,13352,15275,15970,26918,33283,10336,17574,257920,163349,35495,25124,148793,1190,32,38,23
2021-04-29T23:59:59+02:00,10,9,6266,7098,11671,14780,14353,21492,20440,32199,30453,35684,51322,55640,44977,54458,13387,22746,6,2,2314,2104,3638,4972,4440,8345,6788,12954,10233,13062,14300,14735,25610,31732,10273,17477,254723,157634,35399,24372,146794,927,31,38,21
2021-04-28T23:59:59+02:00,10,9,6003,6933,11289,14437,13858,21025,19795,31594,29284,34549,48654,52631,44683,54133,13324,22668,6,2,2276,2063,3569,4910,4324,8230,6626,12771,9982,12843,13155,13253,24118,29851,10211,17374,244752,151651,35272,23167,144800,710,17,38,19
2021-04-27T23:59:59+02:00,10,9,5900,6842,11133,14313,13656,20859,19510,31381,28720,34161,48445,52407,44627,54079,13315,22646,6,2,2234,2028,3478,4817,4231,8121,6461,12585,9698,12567,11940,11687,22461,27690,10132,17228,243355,144814,35225,21984,143379,533,17,37,18
2021-04-26T23:59:59+02:00,10,9,5851,6800,11012,14245,13493,20733,19281,31169,27882,33592,48107,52036,44573,54013,13306,22617,6,2,2212,2001,3423,4772,4169,8054,6357,12452,9510,12391,11023,10527,21180,25927,10071,17137,242606,139524,35197,21234,140873,423,17,36,16
2021-04-25T23:59:59+02:00,10,9,5806,6753,10905,14147,13330,20575,19031,30882,27118,32850,47610,51525,44489,53916,13292,22597,6,2,2187,1991,3391,4753,4150,8034,6324,12411,9453,12330,10861,10333,20938,25603,10061,17123,240882,138671,35152,20882,138759,365,17,35,16
2021-04-24T23:59:59+02:00,10,9,5784,6705,10824,14053,13230,20429,18896,30702,26956,32665,47507,51402,44396,53820,13288,22592,6,2,2180,1980,3366,4725,4112,7988,6253,12339,9322,12213,10704,10152,20804,25472,10045,17105,239382,138147,35134,20242,138700,346,17,35,16
2021-04-23T23:59:59+02:00,10,9,5723,6616,10690,13853,13024,20173,18582,30321,26555,32303,46559,50263,44242,53575,13265,22560,6,2,2162,1958,3324,4688,4062,7934,6159,12247,9158,12085,10437,9851,20478,25052,9996,17022,234967,137019,35075,19234,138229,335,17,35,16
2021-04-22T23:59:59+02:00,10,9,5622,6503,10478,13655,12670,19834,18067,29847,25921,31705,44829,48108,43673,52846,13219,22461,5,2,2148,1947,3283,4635,3985,7859,6029,12148,8899,11922,10003,9445,20020,24460,9946,16944,228700,134887,34962,18458,135743,303,17,35,15
2021-04-21T23:59:59+02:00,10,8,5524,6368,10248,13453,12338,19519,17564,29350,25202,30971,40545,43237,43196,52311,13152,22356,5,2,2135,1938,3246,4598,3929,7801,5947,12055,8723,11762,9671,9060,19519,23868,9880,16846,216558,133234,34899,17444,133843,279,17,35,11
2021-04-20T23:59:59+02:00,10,8,5446,6277,10050,13234,12059,19251,17140,28939,24642,30400,38790,41220,42540,51531,13081,22216,5,2,2110,1925,3205,4574,3863,7757,5816,11956,8551,11635,9387,8740,19046,23197,9783,16706,210297,131862,34808,16143,131677,225,17,35,11
2021-04-19T23:59:59+02:00,10,7,5366,6202,9890,13104,11852,19041,16778,28556,24096,29927,37233,39430,41947,50810,13026,22129,5,2,2094,1908,3169,4539,3822,7711,5776,11885,8468,11543,9149,8456,18637,22630,9736,16613,205258,130161,34750,15750,129344,204,17,35,11
2021-04-18T23:59:59+02:00,10,6,5304,6153,9756,13018,11651,18901,16495,28357,23686,29612,35917,38064,41593,50403,12992,22065,5,2,2081,1893,3142,4517,3795,7695,5731,11838,8417,11494,9051,8367,18484,22443,9723,16587,203697,129676,34708,15362,125527,199,17,34,11
2021-04-17T23:59:59+02:00,10,6,5298,6137,9722,12987,11604,18861,16417,28289,23622,29553,35604,37722,41484,50305,12986,22054,5,2,2071,1885,3114,4504,3736,7650,5661,11785,8329,11442,8939,8256,18378,22325,9702,16574,202466,128862,34698,15270,125446,198,17,34,11
2021-04-16T23:59:59+02:00,10,6,5233,6097,9635,12925,11468,18749,16203,28127,23270,29203,34519,36456,41071,49780,12966,22020,5,2,1938,1798,2885,4321,3377,7330,4886,11246,6831,10347,6399,6171,16553,20618,9506,16274,198290,119442,34608,10823,124791,195,16,33,11
2021-04-15T23:59:59+02:00,10,6,5167,6007,9431,12751,11172,18503,15705,27733,22577,28600,32618,34141,40023,48570,12885,21852,5,2,1895,1765,2817,4254,3257,7208,4668,11063,6453,10036,5939,5772,15962,19933,9314,15939,192456,116298,34554,9772,120694,186,16,31,10
2021-04-14T23:59:59+02:00,10,6,5105,5962,9264,12624,10953,18325,15300,27415,21923,28117,30685,31889,38805,47147,12810,21666,5,2,1810,1710,2734,4185,3143,7114,4464,10899,6143,9786,5461,5357,15378,19243,9110,15583,186060,113659,34414,8313,117485,129,16,31,10
2021-04-13T23:59:59+02:00,10,6,5057,5908,9126,12494,10774,18157,14955,27138,21400,27655,28577,29435,37539,45546,12667,21459,5,2,1767,1692,2697,4142,3087,7051,4330,10759,5873,9573,5120,5055,14927,18792,8974,15379,179145,112233,34347,6932,114365,34,16,30,10
2021-04-12T23:59:59+02:00,10,6,4992,5859,9018,12354,10567,18010,14633,26856,20859,27198,26535,27162,36378,44080,12537,21258,5,2,1732,1648,2666,4120,3059,6996,4271,10691,5770,9472,4954,4908,14625,18424,8862,15179,173419,111381,34266,5944,110581,33,16,30,10
2021-04-11T23:59:59+02:00,10,6,4956,5816,8924,12274,10407,17908,14368,26678,20432,26874,25329,25871,35673,43294,12448,21107,5,2,1723,1642,2643,4099,3034,6967,4236,10644,5683,9404,4861,4852,14509,18298,8823,15127,171627,111167,34192,5333,106511,27,15,30,10
2021-04-10T23:59:59+02:00,10,6,4944,5801,8882,12246,10351,17874,14300,26627,20335,26793,25014,25495,35325,42874,12441,21086,5,2,1719,1636,2633,4090,3020,6950,4206,10613,5624,9365,4783,4775,14380,18132,8776,15042,170410,110367,33465,5332,106484,27,15,30,10
2021-04-09T23:59:59+02:00,10,6,4897,5769,8797,12166,10225,17749,14131,26452,20074,26548,24171,24340,34369,41662,12408,21012,4,2,1691,1607,2577,4056,2948,6889,4056,10503,5367,9139,4366,4399,13809,17415,8548,14673,167032,106677,31947,5324,105767,27,11,29,10
2021-04-08T23:59:59+02:00,10,6,4823,5704,8650,12058,10010,17577,13731,26137,19470,26074,22461,22344,32671,39686,12258,20775,4,2,1661,1591,2522,4011,2864,6804,3908,10366,5074,8875,3905,3971,12812,16168,8062,13909,161251,101674,31039,4791,102116,23,11,28,10
2021-04-07T23:59:59+02:00,10,5,4776,5651,8466,11978,9784,17428,13413,25909,18997,25712,20648,20226,30908,37423,12140,20560,4,2,1628,1575,2467,3958,2803,6722,3801,10221,4883,8685,3639,3679,12120,15360,7685,13349,155197,98334,29860,4213,98943,14,10,24,10
2021-04-06T23:59:59+02:00,10,5,4727,5605,8323,11866,9624,17261,13094,25641,18476,25325,18792,18155,28977,34927,11937,20215,4,2,1593,1556,2442,3932,2769,6682,3737,10176,4800,8591,3527,3554,11642,14710,7398,12934,148333,96005,28894,4012,95700,13,10,23,9
2021-04-05T23:59:59+02:00,10,5,4696,5564,8228,11775,9486,17163,12881,25429,18074,24980,17065,16224,27349,32770,11789,19987,4,2,1571,1544,2410,3914,2740,6633,3694,10117,4713,8475,3414,3445,11299,14340,7241,12651,142908,94604,28460,3572,92076,12,10,21,9
2021-04-04T23:59:59+02:00,10,5,4689,5558,8219,11765,9472,17147,12855,25408,18046,24955,16933,16048,27153,32524,11780,19973,4,2,1569,1543,2408,3911,2737,6629,3692,10113,4708,8472,3405,3434,11288,14328,7237,12643,142187,94522,28367,3572,91959,12,8,19,9
2021-04-03T23:59:59+02:00,10,5,4685,5550,8204,11758,9453,17127,12816,25376,17968,24890,16853,15958,27106,32467,11775,19966,4,2,1566,1541,2399,3903,2719,6615,3669,10085,4625,8417,3288,3319,11206,14253,7231,12633,141656,93874,28338,3572,91946,12,8,19,9
2021-04-02T23:59:59+02:00,10,5,4660,5530,8144,11705,9388,17058,12676,25269,17731,24688,16400,15481,26629,31890,11743,19911,4,2,1564,1532,2384,3898,2712,6599,3648,10052,4555,8324,3218,3250,10969,13950,7079,12430,140439,92574,26924,3568,91528,12,8,19,8
2021-04-01T23:59:59+02:00,9,5,4617,5469,8033,11561,9258,16898,12401,24982,17285,24287,15646,14754,25870,30927,11616,19728,4,2,1547,1512,2355,3866,2689,6571,3610,10014,4488,8258,3104,3119,10032,12830,6463,11579,138190,88555,26257,3462,88873,11,8,18,7
2021-03-31T23:59:59+02:00,9,5,4405,5391,7920,11437,9116,16731,12181,24703,16930,23922,14949,13988,25034,29916,11506,19528,4,2,1538,1507,2340,3846,2661,6542,3560,9966,4414,8186,3012,3029,9455,12125,6098,11081,136381,86108,24792,3233,86474,11,7,17,7
2021-03-30T23:59:59+02:00,9,5,4374,5339,7844,11310,9030,16575,12021,24513,16644,23610,14348,13342,24275,28928,11367,19283,4,2,1524,1497,2319,3822,2635,6512,3519,9901,4347,8115,2885,2881,8861,11463,5745,10584,134888,83769,23576,2827,84329,6,7,17,7
2021-03-29T23:59:59+02:00,9,5,4334,5286,7744,11198,8922,16409,11857,24238,16314,23262,13805,12742,23509,27948,11207,19034,4,2,1504,1484,2300,3806,2612,6484,3485,9841,4283,8039,2832,2813,8569,11075,5556,10271,133032,82372,22813,2568,81954,6,7,17,7
2021-03-28T23:59:59+02:00,9,5,4299,5202,7657,11090,8841,16254,11721,24008,16054,22989,13476,12431,22935,27254,11031,18748,4,2,1494,1477,2278,3790,2597,6455,3446,9791,4246,7980,2784,2762,8490,10969,5511,10203,132526,82021,22285,2239,79169,5,7,17,7
2021-03-27T23:59:59+01:00,9,5,4285,5191,7630,11058,8774,16181,11622,23912,15906,22873,13272,12218,22732,27040,10996,18719,4,2,1493,1475,2275,3788,2596,6454,3429,9764,4236,7957,2774,2755,8432,10905,5476,10163,131637,81720,21640,2239,79122,5,7,17,7
2021-03-26T23:59:59+01:00,9,5,4241,5123,7520,10920,8599,15997,11284,23605,15292,22369,12349,11388,21940,26191,10849,18490,2,2,1488,1461,2270,3767,2582,6431,3412,9738,4195,7921,2744,2716,8251,10686,5355,9991,127559,80869,20025,2124,78563,5,7,17,7
2021-03-25T23:59:59+01:00,9,4,4186,4961,7356,10641,8353,15589,10899,22980,14647,21669,11676,10725,21069,25121,10530,17944,2,2,1468,1448,2237,3742,2547,6393,3375,9691,4124,7839,2609,2576,7272,9423,4737,9072,124264,76655,19242,1884,74831,5,6,16,7
2021-03-24T23:59:59+01:00,9,4,4110,4821,7219,10351,8135,15176,10634,22431,14175,21059,11070,10164,20132,24030,10197,17377,2,2,1447,1419,2210,3705,2503,6356,3332,9626,4045,7739,2508,2479,6620,8655,4351,8490,121653,74015,18047,1461,71377,3,3,14,7
2021-03-23T23:59:59+01:00,9,4,4070,4730,7113,10110,7980,14834,10371,21925,13773,20566,10602,9724,19406,23178,9882,16910,2,2,1436,1401,2184,3684,2483,6328,3272,9572,3951,7663,2413,2378,5890,7724,3898,7795,120184,70933,16941,1131,68046,3,2,14,7
2021-03-22T23:59:59+01:00,9,4,4017,4652,6984,9869,7820,14511,10111,21457,13422,20065,10209,9367,18834,22468,9688,16562,2,1,1427,1394,2177,3670,2471,6312,3248,9549,3921,7629,2352,2327,5433,7113,3536,7301,119284,68810,16537,1041,64212,3,2,14,7
2021-03-21T23:59:59+01:00,9,4,3970,4551,6851,9607,7652,14150,9888,20915,13079,19539,9890,9088,18297,21866,9498,16246,2,1,1424,1390,2176,3659,2467,6304,3242,9540,3911,7615,2338,2308,5316,6981,3478,7200,119074,68299,16140,1041,59870,3,2,14,7
2021-03-20T23:59:59+01:00,9,4,3959,4531,6814,9551,7595,14075,9804,20803,12973,19449,9803,8994,18157,21688,9447,16159,2,1,1421,1385,2172,3655,2462,6299,3228,9530,3891,7605,2303,2276,4989,6609,3289,6958,118240,67022,16044,1041,59515,3,2,14,7
2021-03-19T23:59:59+01:00,8,4,3785,4390,6523,9299,7153,13647,8891,20071,11241,18121,6935,6639,15898,19482,9086,15594,2,1,1417,1381,2167,3648,2450,6287,3215,9504,3839,7559,2236,2235,4613,6135,3020,6633,108921,65323,11315,1008,56515,3,2,14,6
2021-03-18T23:59:59+01:00,8,3,3681,4259,6347,8993,6883,13208,8501,19412,10603,17382,6214,5986,14674,18010,8567,14766,2,1,1413,1375,2144,3621,2432,6251,3186,9462,3800,7526,2191,2201,4190,5602,2738,6218,103772,63441,10308,901,53402,3,2,13,6
2021-03-17T23:59:59+01:00,8,3,3602,4185,6218,8845,6711,13031,8203,19102,10199,16991,5806,5600,13853,17082,8166,14177,2,1,1403,1362,2128,3601,2402,6219,3155,9434,3763,7489,2136,2141,3780,5156,2486,5830,100519,61710,8617,767,52631,3,2,13,6
2021-03-16T23:59:59+01:00,8,3,3525,4053,6061,8574,6503,12661,7890,18517,9650,16335,5277,5144,13033,16117,7827,13677,2,1,1394,1353,2119,3584,2386,6204,3139,9415,3738,7463,2109,2104,3260,4515,2145,5317,98182,59474,7205,763,49453,3,2,13,6
2021-03-15T23:59:59+01:00,8,3,3476,3908,5870,8299,6284,12248,7616,17942,9215,15710,4960,4859,12373,15374,7563,13215,2,1,1394,1343,2103,3569,2366,6180,3120,9366,3714,7424,2072,2053,2892,4052,1858,4920,96680,57674,6222,745,46007,3,1,13,6
2021-03-14T23:59:59+01:00,8,3,3430,3776,5641,7970,5993,11801,7306,17225,8754,14957,4636,4584,12084,15117,7514,13116,2,1,1387,1338,2087,3540,2353,6131,3102,9307,3696,7385,2065,2042,2814,3944,1805,4833,96553,57271,5606,551,41742,3,1,13,6
2021-03-13T23:59:59+01:00,8,3,3413,3733,5600,7853,5931,11679,7220,17077,8605,14800,4485,4433,11993,15031,7508,13105,2,1,1387,1338,2087,3540,2352,6131,3101,9305,3695,7385,2062,2034,2761,3888,1771,4778,95858,57058,5606,551,40999,2,1,13,6
2021-03-12T23:59:59+01:00,8,3,3393,3663,5542,7714,5871,11527,7133,16849,8469,14567,4378,4336,11720,14705,7351,12887,2,1,1387,1338,2083,3534,2351,6123,3096,9299,3693,7380,2060,2032,2673,3777,1687,4689,94429,56645,5598,551,40076,2,1,12,6
2021-03-11T23:59:59+01:00,8,3,3315,3470,5332,7422,5640,11108,6792,16181,8030,13926,4032,3999,10640,13441,6692,11975,2,1,1381,1336,2072,3521,2333,6098,3073,9264,3670,7347,2029,2007,2433,3511,1530,4468,90216,55550,5162,518,36616,2,1,11,5
2021-03-10T23:59:59+01:00,8,3,3219,3352,5114,7150,5424,10744,6521,15635,7688,13379,3807,3770,9990,12648,6304,11438,2,1,1376,1325,2046,3483,2303,6008,3025,9141,3613,7227,1985,1930,2217,3274,1397,4272,87736,54333,4786,284,33660,2,1,11,5
2021-03-09T23:59:59+01:00,7,3,3146,3224,4944,6964,5220,10460,6289,15200,7391,12869,3623,3563,9354,11944,5925,10910,2,1,1369,1314,2012,3423,2272,5906,2963,8999,3545,7145,1955,1904,1936,2956,1225,4025,85441,52908,4519,36,31064,2,1,11,5
2021-03-08T23:59:59+01:00,7,3,3080,3068,4714,6700,4977,10106,6027,14686,7029,12282,3422,3370,8960,11501,5727,10593,2,1,1366,1296,1998,3345,2241,5808,2925,8853,3512,7050,1940,1882,1733,2724,1101,3830,83959,51567,4149,34,28133,0,1,10,5
2021-03-07T23:59:59+01:00,7,3,3047,3009,4642,6584,4893,9994,5923,14521,6911,12133,3371,3323,8871,11392,5686,10525,2,1,1360,1291,1992,3333,2233,5783,2918,8814,3500,7031,1932,1870,1678,2656,1050,3761,83595,51165,3970,34,27259,0,1,10,5
2021-03-06T23:59:59+01:00,6,3,3033,2952,4599,6493,4855,9927,5862,14401,6862,12021,3347,3300,8814,11326,5651,10482,2,1,1358,1278,1987,3319,2221,5756,2915,8787,3489,7012,1922,1846,1650,2632,1044,3752,83267,50931,3970,34,26686,0,1,10,5
2021-03-05T23:59:59+01:00,6,3,3010,2862,4540,6381,4791,9829,5799,14248,6759,11868,3302,3245,8628,11098,5528,10305,2,1,1349,1244,1955,3263,2196,5650,2875,8653,3445,6874,1878,1800,1586,2562,1021,3724,82358,50039,3962,34,25872,0,0,10,5
2021-03-04T23:59:59+01:00,4,3,2958,2674,4381,6143,4570,9515,5592,13831,6446,11479,3126,3069,7606,9802,4895,9386,2,1,1330,1195,1918,3140,2164,5468,2829,8376,3387,6641,1806,1710,1549,2510,1016,3706,78185,48710,3688,33,23597,0,0,10,5
2021-03-03T23:59:59+01:00,3,3,2919,2603,4240,5954,4402,9247,5388,13452,6190,11060,3000,2936,6956,9023,4497,8775,2,1,1318,1159,1891,3067,2142,5357,2799,8197,3334,6483,1738,1667,1507,2440,996,3651,75450,47712,3444,33,21744,0,0,10,4
2021-03-02T23:59:59+01:00,3,3,2859,2513,4051,5737,4197,8976,5191,13072,5921,10684,2852,2774,6188,8058,4025,8063,2,1,1285,1117,1864,2995,2118,5215,2749,7924,3285,6285,1663,1607,1441,2360,972,3601,72272,46447,2988,33,19897,0,0,10,4
2021-03-01T23:59:59+01:00,3,2,2820,2450,3888,5587,4011,8757,5002,12753,5683,10291,2750,2659,5693,7401,3659,7551,2,1,1279,1081,1841,2894,2092,5020,2708,7674,3225,6049,1620,1571,1391,2299,942,3558,70099,45210,2680,33,18171,0,0,10,4
2021-02-28T23:59:59+01:00,3,2,2778,2402,3731,5469,3788,8568,4821,12502,5496,9985,2693,2585,5571,7245,3597,7450,2,1,1275,1076,1836,2881,2083,4996,2701,7638,3215,6032,1611,1564,1385,2290,939,3548,69619,45037,2458,32,16599,0,0,10,4
2021-02-27T23:59:59+01:00,3,2,2765,2341,3705,5388,3754,8493,4787,12407,5461,9910,2652,2551,5237,6858,3396,7198,2,1,1268,1068,1829,2869,2070,4961,2682,7573,3199,5976,1593,1554,1379,2279,937,3547,68299,44752,2458,31,16141,0,0,10,4
2021-02-26T23:59:59+01:00,3,2,2745,2300,3663,5299,3688,8390,4724,12296,5374,9822,2575,2498,4852,6375,3117,6864,2,1,1211,1018,1779,2764,2021,4780,2626,7298,3126,5766,1532,1503,1356,2257,923,3538,66476,43467,2331,30,15771,0,0,9,4
2021-02-25T23:59:59+01:00,3,2,2574,2195,3476,5116,3502,8163,4521,12007,5154,9547,2486,2432,4402,5819,2828,6436,2,1,1195,961,1748,2656,1966,4506,2557,6902,3031,5479,1486,1460,1335,2242,920,3529,64607,41945,2004,27,14043,0,0,9,4
2021-02-24T23:59:59+01:00,3,2,2421,2062,3287,4920,3356,7957,4324,11752,4932,9296,2349,2312,3943,5307,2566,6038,1,1,1180,932,1725,2570,1930,4366,2497,6646,2978,5272,1455,1427,1317,2221,916,3506,62828,40917,1526,19,12464,0,0,9,4
2021-02-23T23:59:59+01:00,3,2,2292,1923,3111,4696,3203,7719,4149,11480,4746,9046,2259,2218,3386,4642,2220,5518,1,1,1166,884,1691,2475,1891,4175,2429,6346,2880,5013,1397,1371,1288,2177,900,3479,60606,39544,1173,16,10825,0,0,9,4
2021-02-22T23:59:59+01:00,3,2,2252,1872,3028,4603,3133,7610,4055,11293,4638,8921,2207,2177,3015,4174,1932,5131,1,1,1154,825,1659,2349,1848,3929,2353,5951,2755,4715,1334,1318,1265,2143,892,3454,58921,37936,1086,6,10030,0,0,9,4
2021-02-21T23:59:59+01:00,3,2,2216,1841,2976,4534,3053,7497,3974,11148,4571,8804,2192,2154,2931,4059,1876,5042,1,1,1151,807,1642,2297,1821,3822,2320,5795,2692,4589,1303,1295,1255,2129,885,3439,58486,37234,1053,6,9325,0,0,9,4
2021-02-20T23:59:59+01:00,3,2,2204,1838,2953,4521,3037,7461,3948,11115,4550,8782,2189,2146,2877,4002,1841,4987,1,1,1151,804,1642,2295,1820,3813,2319,5790,2691,4585,1302,1292,1254,2126,884,3438,58270,37198,1052,6,9125,0,0,9,4
2021-02-19T23:59:59+01:00,2,2,2192,1824,2917,4469,3012,7375,3903,11033,4496,8719,2181,2140,2786,3888,1756,4893,1,1,1101,795,1603,2287,1809,3804,2309,5769,2683,4572,1296,1281,1243,2121,879,3431,57848,36976,1020,5,8711,0,0,9,4
2021-02-18T23:59:59+01:00,2,2,2062,1729,2760,4287,2888,7176,3766,10747,4358,8513,2147,2106,2543,3617,1598,4669,1,1,1022,759,1531,2188,1760,3681,2236,5611,2626,4487,1282,1260,1236,2106,865,3413,56773,36057,953,4,7236,0,0,8,4
2021-02-17T23:59:59+01:00,2,2,2018,1681,2668,4155,2778,6963,3614,10406,4217,8269,2088,2022,2325,3388,1470,4476,1,1,870,694,1419,2065,1683,3490,2139,5384,2553,4314,1247,1214,1208,2061,849,3368,55701,34553,807,3,6026,0,0,8,4
2021-02-16T23:59:59+01:00,2,2,1848,1572,2494,3946,2637,6688,3452,10052,4040,7963,2043,1995,2042,3068,1296,4223,1,1,844,671,1349,1986,1613,3349,2044,5210,2456,4180,1183,1167,1142,1968,814,3264,54359,33236,771,2,4225,0,0,8,4
2021-02-15T23:59:59+01:00,2,2,1813,1518,2406,3774,2560,6415,3330,9684,3925,7693,2017,1966,1823,2827,1170,4030,1,1,826,659,1320,1940,1571,3280,1986,5037,2392,4078,1115,1126,1070,1876,792,3159,53249,32224,755,1,2943,0,0,8,4
2021-02-14T23:59:59+01:00,2,2,1725,1488,2358,3713,2518,6320,3259,9580,3879,7615,2006,1956,1765,2767,1120,3970,1,1,811,649,1304,1917,1544,3256,1952,4996,2366,4022,1105,1115,1063,1867,789,3147,52909,31901,727,1,2399,0,0,8,3
2021-02-13T23:59:59+01:00,2,2,1724,1476,2348,3706,2512,6306,3256,9564,3872,7605,1997,1936,1741,2747,1116,3960,1,1,811,649,1304,1917,1544,3256,1952,4996,2366,4022,1105,1115,1063,1867,789,3147,52752,31901,727,1,2383,0,0,8,3
2021-02-12T23:59:59+01:00,2,2,1645,1389,2248,3593,2433,6133,3151,9326,3748,7339,1949,1878,1677,2676,1092,3931,1,1,804,641,1293,1894,1531,3238,1944,4965,2350,4002,1100,1110,1062,1848,789,3116,51807,31686,727,0,1670,0,0,8,3
2021-02-11T23:59:59+01:00,2,2,1449,1255,2066,3380,2305,5841,3000,8891,3590,6991,1876,1776,1635,2612,1072,3908,1,1,775,594,1199,1713,1403,2960,1804,4603,2184,3711,1046,1046,1018,1770,748,2973,50406,29548,685,0,552,0,0,8,1
2021-02-10T23:59:59+01:00,2,2,1356,1208,1981,3253,2236,5669,2918,8612,3479,6759,1806,1729,1587,2545,1053,3845,1,1,564,510,977,1484,1260,2650,1618,4143,1980,3328,926,918,885,1511,656,2632,49228,26043,646,0,159,0,0,7,1
2021-02-09T23:59:59+01:00,2,2,1321,1159,1947,3160,2208,5484,2851,8272,3409,6501,1731,1667,1525,2484,1034,3803,1,1,302,379,761,1216,1074,2272,1412,3603,1730,2871,760,756,711,1204,522,2127,47958,21701,516,0,80,0,0,6,1
2021-02-08T23:59:59+01:00,2,2,1314,1124,1915,3043,2171,5261,2799,7993,3350,6265,1688,1633,1475,2429,1017,3781,1,1,266,340,657,1062,969,2057,1253,3211,1532,2555,658,636,609,1016,450,1841,46831,19113,346,0,79,0,0,6,1
2021-02-07T23:59:59+01:00,2,2,1288,1108,1885,2990,2145,5179,2769,7890,3308,6199,1672,1617,1460,2410,1005,3766,1,1,232,285,609,972,908,1901,1163,2983,1434,2383,617,616,587,982,440,1811,46544,17925,145,0,0,0,0,6,0
2021-02-06T23:59:59+01:00,2,2,1283,1102,1879,2978,2136,5151,2756,7846,3297,6154,1659,1609,1455,2400,1002,3765,1,1,213,254,586,933,881,1836,1119,2865,1377,2300,601,597,580,982,440,1811,46325,17377,145,0,0,0,0,6,0
2021-02-05T23:59:59+01:00,2,2,1224,1050,1830,2872,2084,4955,2695,7550,3220,5938,1596,1554,1438,2376,994,3759,1,1,196,220,550,881,845,1755,1082,2745,1324,2200,567,573,568,958,428,1786,44988,16680,145,0,0,0,0,6,0
2021-02-04T23:59:59+01:00,2,2,1212,987,1789,2725,2012,4643,2613,7103,3120,5609,1551,1521,1421,2359,989,3748,1,1,166,168,476,763,746,1615,969,2506,1210,1985,520,520,520,902,407,1666,43364,15141,37,0,0,0,0,5,0
2021-02-03T23:59:59+01:00,2,2,1194,958,1759,2644,1973,4495,2547,6841,3068,5394,1514,1489,1391,2324,970,3718,1,1,137,140,401,647,629,1377,823,2128,1011,1693,400,384,376,681,287,1258,42241,12374,37,0,0,0,0,5,0
2021-02-02T23:59:59+01:00,2,2,1177,902,1724,2543,1932,4275,2474,6509,2962,5122,1460,1441,1367,2293,960,3693,1,1,114,115,325,524,523,1138,678,1797,821,1384,299,280,295,499,225,946,40796,9965,37,0,0,0,0,5,0
2021-02-01T23:59:59+01:00,1,2,1164,842,1689,2419,1880,4030,2397,6118,2840,4826,1392,1358,1337,2247,947,3664,0,0,82,76,224,354,351,745,431,1160,480,863,186,170,172,298,126,562,39111,6280,37,0,0,0,0,5,0
2021-01-31T23:59:59+01:00,1,2,1160,824,1672,2362,1855,3908,2365,5934,2773,4705,1361,1335,1326,2231,940,3648,0,0,72,70,190,282,273,576,342,906,398,696,160,155,160,289,122,548,38363,5239,34,0,0,0,0,5,0
2021-01-30T23:59:59+01:00,1,2,1160,821,1671,2357,1853,3897,2363,5923,2770,4695,1360,1331,1325,2230,940,3647,0,0,69,63,158,235,245,508,307,788,355,621,159,148,155,285,122,547,38308,4765,33,0,0,0,0,5,0
2021-01-29T23:59:59+01:00,1,2,1109,812,1632,2349,1842,3890,2355,5908,2762,4684,1356,1328,1321,2230,940,3647,0,0,61,45,120,180,201,352,251,641,310,493,148,139,144,275,119,546,38132,4025,31,0,0,0,0,5,0
2021-01-28T23:59:59+01:00,1,2,1034,786,1576,2286,1808,3821,2308,5836,2729,4632,1344,1316,1311,2224,928,3633,0,0,39,20,77,107,132,206,156,385,202,296,115,106,118,221,107,496,37542,2783,28,0,0,0,0,5,0
2021-01-27T23:59:59+01:00,1,2,887,733,1481,2210,1740,3707,2235,5707,2671,4506,1314,1270,1282,2185,912,3597,0,0,30,13,63,89,106,162,122,326,175,250,107,88,105,201,103,459,36417,2399,19,0,0,0,0,4,0
2021-01-26T23:59:59+01:00,1,2,873,713,1417,2135,1678,3577,2147,5535,2582,4394,1255,1230,1232,2111,887,3536,0,0,29,12,60,86,102,156,118,311,174,240,104,82,98,180,92,409,35287,2253,14,0,0,0,0,4,0
2021-01-25T23:59:59+01:00,1,2,861,692,1388,2076,1645,3480,2101,5366,2525,4302,1201,1205,1177,2052,869,3470,0,0,27,12,57,86,99,154,117,309,173,240,103,81,97,179,90,406,34404,2230,5,0,0,0,0,4,0
2021-01-24T23:59:59+01:00,1,2,858,691,1382,2065,1640,3463,2093,5341,2513,4270,1197,1197,1172,2045,868,3464,0,0,27,12,57,86,98,153,117,309,173,239,103,81,97,179,90,405,34254,2226,5,0,0,0,0,3,0
2021-01-23T23:59:59+01:00,1,2,858,691,1382,2065,1639,3463,2093,5341,2513,4270,1197,1197,1172,2045,868,3464,0,0,27,12,57,86,98,153,117,309,172,239,103,81,97,179,90,405,34254,2225,4,0,0,0,0,3,0
2021-01-22T23:59:59+01:00,1,2,857,682,1369,2042,1624,3439,2080,5307,2497,4250,1195,1192,1171,2022,867,3430,0,0,27,12,57,86,98,153,117,309,171,239,103,81,97,179,90,405,34020,2224,4,0,0,0,0,3,0
2021-01-21T23:59:59+01:00,1,2,825,646,1292,1886,1522,3246,1984,5035,2387,4050,1154,1132,1142,1952,829,3309,0,0,25,11,53,81,90,144,107,280,157,216,89,72,86,155,74,345,32390,1985,3,0,0,0,0,1,0
2021-01-20T23:59:59+01:00,1,2,625,548,1098,1667,1384,2973,1806,4628,2182,3708,1025,1013,1012,1711,752,3006,0,0,23,11,52,77,87,143,99,267,146,197,78,65,80,130,62,307,29137,1824,3,0,0,0,0,1,0
2021-01-19T23:59:59+01:00,1,2,340,406,849,1407,1180,2625,1570,4099,1918,3257,851,843,841,1422,630,2564,0,0,19,8,37,53,58,78,73,180,103,134,58,50,52,96,47,238,24802,1284,2,0,0,0,0,1,0
2021-01-18T23:59:59+01:00,1,2,299,370,735,1217,1062,2371,1377,3599,1675,2876,710,691,680,1166,526,2119,0,0,8,4,12,18,20,26,24,52,25,47,13,11,13,33,11,72,21474,389,1,0,0,0,0,1,0
2021-01-17T23:59:59+01:00,1,2,257,318,669,1122,982,2198,1278,3326,1561,2664,664,660,651,1107,498,2052,0,0,0,0,1,0,3,2,2,1,2,2,1,4,1,0,0,1,20009,20,1,0,0,0,0,0,0
2021-01-16T23:59:59+01:00,1,2,240,288,652,1086,959,2136,1236,3216,1510,2590,648,642,643,1107,498,2051,0,0,0,0,0,0,1,2,1,1,1,2,0,1,1,0,0,1,19504,11,1,0,0,0,0,0,0
2021-01-15T23:59:59+01:00,1,2,224,254,622,1033,932,2058,1203,3098,1458,2493,617,616,636,1086,491,2039,0,0,0,0,0,0,0,0,0,0,0,0,0,0,0,0,0,0,18863,0,0,0,0,0,0,0,0
2021-01-14T23:59:59+01:00,1,2,193,206,561,912,843,1915,1108,2876,1343,2307,572,572,596,1040,484,1993,0,0,0,0,0,0,0,0,0,0,0,0,0,0,0,0,0,0,17524,0,0,0,0,0,0,0,0
2021-01-13T23:59:59+01:00,1,2,164,184,512,838,770,1789,1009,2639,1188,2082,456,453,454,823,368,1551,0,0,0,0,0,0,0,0,0,0,0,0,0,0,0,0,0,0,15283,0,0,0,0,0,0,0,0
2021-01-12T23:59:59+01:00,1,2,140,164,481,768,718,1632,920,2436,1079,1850,366,344,354,590,270,1114,0,0,0,0,0,0,0,0,0,0,0,0,0,0,0,0,0,0,13229,0,0,0,0,0,0,0,0
2021-01-11T23:59:59+01:00,0,1,112,127,404,639,628,1378,757,1978,847,1461,228,203,203,358,153,673,0,0,0,0,0,0,0,0,0,0,0,0,0,0,0,0,0,0,10150,0,0,0,0,0,0,0,0
2021-01-10T23:59:59+01:00,0,1,87,92,313,460,472,1000,548,1450,623,1065,190,179,186,344,147,659,0,0,0,0,0,0,0,0,0,0,0,0,0,0,0,0,0,0,7816,0,0,0,0,0,0,0,0
2021-01-09T23:59:59+01:00,0,1,77,84,266,398,401,867,481,1233,547,908,183,169,181,339,147,657,0,0,0,0,0,0,0,0,0,0,0,0,0,0,0,0,0,0,6939,0,0,0,0,0,0,0,0
2021-01-08T23:59:59+01:00,0,1,64,64,193,288,303,585,368,936,440,689,175,164,164,327,145,657,0,0,0,0,0,0,0,0,0,0,0,0,0,0,0,0,0,0,5563,0,0,0,0,0,0,0,0
2021-01-07T23:59:59+01:00,0,0,45,25,83,123,140,231,165,422,222,344,130,128,145,277,131,602,0,0,0,0,0,0,0,0,0,0,0,0,0,0,0,0,0,0,3213,0,0,0,0,0,0,0,0
2021-01-06T23:59:59+01:00,0,0,33,18,71,94,119,180,137,345,193,279,111,99,116,227,112,517,0,0,0,0,0,0,0,0,0,0,0,0,0,0,0,0,0,0,2651,0,0,0,0,0,0,0,0
2021-01-05T23:59:59+01:00,0,0,30,13,60,90,108,166,121,329,179,256,109,94,115,220,109,499,0,0,0,0,0,0,0,0,0,0,0,0,0,0,0,0,0,0,2498,0,0,0,0,0,0,0,0
2021-01-04T23:59:59+01:00,0,0,27,12,57,87,100,158,116,314,177,244,108,90,108,206,99,461,0,0,0,0,0,0,0,0,0,0,0,0,0,0,0,0,0,0,2364,0,0,0,0,0,0,0,0
2021-01-03T23:59:59+01:00,0,0,27,12,57,87,100,158,116,314,177,244,108,90,107,205,99,461,0,0,0,0,0,0,0,0,0,0,0,0,0,0,0,0,0,0,2362,0,0,0,0,0,0,0,0
2021-01-02T23:59:59+01:00,0,0,27,12,57,87,100,158,116,314,176,244,108,90,107,205,99,461,0,0,0,0,0,0,0,0,0,0,0,0,0,0,0,0,0,0,2361,0,0,0,0,0,0,0,0
2021-01-01T23:59:59+01:00,0,0,27,12,57,87,100,158,116,314,174,243,108,90,107,205,99,461,0,0,0,0,0,0,0,0,0,0,0,0,0,0,0,0,0,0,2358,0,0,0,0,0,0,0,0
2020-12-31T23:59:59+01:00,0,0,27,12,57,87,100,158,116,314,174,243,108,90,107,205,99,461,0,0,0,0,0,0,0,0,0,0,0,0,0,0,0,0,0,0,2358,0,0,0,0,0,0,0,0
2020-12-30T23:59:59+01:00,0,0,26,12,57,86,99,155,116,313,174,243,108,90,107,205,99,461,0,0,0,0,0,0,0,0,0,0,0,0,0,0,0,0,0,0,2351,0,0,0,0,0,0,0,0
2020-12-29T23:59:59+01:00,0,0,20,9,42,60,76,91,86,218,128,191,83,77,78,171,80,373,0,0,0,0,0,0,0,0,0,0,0,0,0,0,0,0,0,0,1783,0,0,0,0,0,0,0,0
2020-12-28T23:59:59+01:00,0,0,9,6,18,30,31,45,40,113,53,103,36,42,40,98,43,211,0,0,0,0,0,0,0,0,0,0,0,0,0,0,0,0,0,0,918,0,0,0,0,0,0,0,0
2020-12-27T23:59:59+01:00,0,0,2,2,4,5,7,11,10,24,6,23,6,7,7,25,5,56,0,0,0,0,0,0,0,0,0,0,0,0,0,0,0,0,0,0,200,0,0,0,0,0,0,0,0
