Datum,<15_1_m,<15_1_w,15-24_1_m,15-24_1_w,25-34_1_m,25-34_1_w,35-44_1_m,35-44_1_w,45-54_1_m,45-54_1_w,55-64_1_m,55-64_1_w,65-74_1_m,65-74_1_w,75-84_1_m,75-84_1_w,>84_1_m,>84_1_w,<15_2_m,<15_2_w,15-24_2_m,15-24_2_w,25-34_2_m,25-34_2_w,35-44_2_m,35-44_2_w,45-54_2_m,45-54_2_w,55-64_2_m,55-64_2_w,65-74_2_m,65-74_2_w,75-84_2_m,75-84_2_w,>84_2_m,>84_2_w,bp_1,bp_2,mo_1,mo_2,az_1,az_2,ja,unb_1,unb_2
2021-11-29T23:59:59+01:00,19045,17875,68926,63691,75215,70357,82692,82920,102846,104277,112420,110807,75736,82277,52897,65147,15361,26608,11531,10778,60846,56962,67888,62969,76075,76375,96706,98005,107355,106014,73657,79918,51597,63362,14796,25426,918930,841355,75084,70212,182889,176372,52245,65,76
2021-11-28T23:59:59+01:00,18696,17575,68881,63653,75153,70283,82645,82868,102799,104228,112364,110755,75710,82246,52884,65106,15354,26588,11474,10727,60732,56869,67760,62865,75957,76275,96597,97926,107278,105945,73627,79886,51580,63341,14788,25413,917773,840221,74948,70138,182880,176368,52237,65,76
2021-11-27T23:59:59+01:00,18045,16957,68812,63610,75100,70219,82589,82831,102761,104193,112338,110732,75694,82229,52877,65092,15349,26582,11434,10683,60624,56775,67624,62759,75858,76203,96510,97856,107221,105911,73614,79872,51575,63334,14787,25410,916102,839297,74842,70073,182880,176368,52236,65,76
2021-11-26T23:59:59+01:00,17135,16019,68708,63500,75030,70129,82527,82749,102682,104124,112292,110676,75669,82205,52866,65073,15345,26564,11355,10603,60454,56626,67449,62618,75703,76069,96379,97715,107140,105828,73597,79848,51562,63323,14783,25406,913541,837844,74693,69943,182879,176365,52230,65,76
2021-11-25T23:59:59+01:00,16255,15269,68576,63378,74904,69965,82412,82636,102586,104011,112201,110579,75627,82145,52849,65036,15336,26551,11259,10506,60250,56471,67226,62440,75549,75899,96224,97575,107037,105721,73568,79813,51550,63304,14780,25398,910862,836137,74411,69774,182872,176365,52218,65,76
2021-11-24T23:59:59+01:00,15854,14888,68477,63300,74801,69848,82308,82532,102500,103921,112126,110492,75582,82088,52826,64995,15323,26525,11193,10439,60095,56345,67046,62286,75406,75781,96091,97459,106931,105636,73538,79766,51526,63281,14774,25385,909131,834661,74229,69675,182869,176362,52204,65,76
2021-11-23T23:59:59+01:00,15573,14643,68348,63160,74674,69682,82159,82393,102380,103804,112020,110379,75535,82006,52788,64942,15303,26494,11110,10382,59960,56232,66853,62127,75234,75656,95954,97348,106825,105547,73500,79727,51509,63250,14766,25370,907298,833134,73978,69592,182867,176361,52187,65,76
2021-11-22T23:59:59+01:00,15314,14430,68203,63041,74523,69524,82034,82274,102268,103669,111914,110260,75466,81936,52753,64893,15293,26457,11059,10324,59788,56120,66664,61987,75083,75553,95845,97216,106724,105467,73459,79677,51484,63219,14761,25359,905504,831660,73766,69532,182867,176359,52162,65,76
2021-11-21T23:59:59+01:00,15037,14142,68075,62930,74370,69372,81918,82179,102168,103556,111823,110168,75419,81881,52726,64858,15277,26426,11034,10287,59698,56041,66543,61902,74982,75469,95750,97141,106668,105408,73430,79647,51463,63197,14757,25350,903780,830746,73589,69448,182861,176356,52141,65,76
2021-11-20T23:59:59+01:00,14771,13910,67956,62820,74239,69238,81794,82088,102086,103478,111745,110076,75395,81845,52714,64831,15271,26416,11019,10272,59654,55979,66482,61853,74926,75425,95695,97094,106621,105373,73421,79632,51459,63192,14755,25349,902210,830218,73514,69416,182860,176356,52135,65,76
2021-11-19T23:59:59+01:00,14436,13561,67706,62626,74051,69039,81636,81922,101955,103312,111634,109961,75340,81801,52690,64799,15263,26399,10958,10206,59493,55874,66340,61730,74784,75299,95564,96984,106513,105298,73397,79599,51445,63170,14751,25343,899803,828828,73396,69370,182860,176356,52118,65,76
2021-11-18T23:59:59+01:00,14124,13272,67424,62346,73819,68774,81415,81691,101775,103124,111494,109815,75283,81718,52660,64750,15255,26381,10867,10135,59326,55738,66141,61567,74631,75168,95413,96864,106384,105220,73360,79538,51428,63145,14746,25331,897007,827215,73233,69289,182860,176356,52066,65,76
2021-11-17T23:59:59+01:00,13940,13093,67229,62173,73576,68556,81246,81528,101592,102990,111363,109689,75228,81657,52632,64696,15240,26355,10808,10078,59177,55616,65990,61428,74498,75046,95272,96758,106277,105149,73323,79488,51403,63114,14743,25312,894845,825799,73111,69241,182858,176350,52014,65,76
2021-11-16T23:59:59+01:00,13740,12913,66999,61968,73321,68300,81023,81316,101409,102837,111230,109567,75167,81590,52598,64634,15225,26325,10759,10026,59050,55511,65853,61295,74370,74936,95155,96662,106192,105079,73287,79448,51383,63086,14737,25295,892339,824522,73041,69208,182858,176349,51969,65,76
2021-11-15T23:59:59+01:00,13579,12747,66739,61757,73069,68026,80807,81101,101220,102644,111092,109431,75113,81540,52578,64604,15213,26300,10714,9989,58943,55415,65745,61197,74270,74849,95087,96584,106117,105006,73247,79408,51364,63060,14730,25286,889874,823480,72957,69181,182847,176347,51927,65,76
2021-11-14T23:59:59+01:00,13308,12499,66345,61446,72744,67709,80528,80869,100997,102426,110932,109303,75057,81483,52556,64568,15206,26278,10661,9929,58805,55304,65638,61102,74166,74737,94996,96503,106040,104930,73196,79369,51345,63044,14725,25277,886733,822316,72851,69159,182843,176344,51872,65,76
2021-11-13T23:59:59+01:00,13166,12356,66044,61206,72497,67478,80307,80680,100829,102248,110805,109221,75023,81446,52539,64549,15201,26273,10641,9906,58734,55234,65574,61046,74119,74690,94931,96458,106017,104896,73187,79357,51340,63041,14725,25275,884422,821760,72800,69142,182842,176344,51849,65,76
2021-11-12T23:59:59+01:00,13002,12176,65703,60922,72214,67240,80086,80462,100655,102047,110678,109100,75000,81411,52527,64525,15198,26270,10608,9862,58619,55124,65452,60952,74006,74601,94837,96378,105959,104857,73169,79335,51331,63029,14721,25267,881871,820756,72726,69109,182841,176343,51823,65,76
2021-11-11T23:59:59+01:00,12766,11947,65293,60591,71853,66896,79739,80155,100407,101803,110486,108924,74948,81337,52497,64486,15192,26255,10523,9783,58465,54991,65323,60838,73897,74478,94743,96272,105861,104777,73132,79289,51315,63003,14710,25255,878485,819400,72536,69077,182837,176341,51761,65,76
2021-11-10T23:59:59+01:00,12624,11825,65042,60344,71543,66597,79492,79936,100221,101636,110344,108784,74889,81262,52463,64445,15185,26240,10462,9732,58359,54877,65189,60706,73789,74382,94631,96179,105783,104714,73099,79240,51293,62981,14705,25248,875959,818242,72460,69054,182829,176329,51668,65,76
2021-11-09T23:59:59+01:00,12468,11668,64630,60053,71154,66275,79194,79671,99960,101398,110139,108638,74821,81206,52440,64402,15179,26224,10402,9677,58233,54751,65070,60580,73700,74279,94537,96084,105700,104642,73056,79201,51268,62953,14698,25227,872780,817054,72394,69041,182817,176314,51573,65,76
2021-11-08T23:59:59+01:00,12358,11559,64253,59806,70779,65971,78914,79432,99723,101202,109990,108493,74768,81145,52419,64355,15174,26204,10354,9643,58122,54657,64983,60461,73614,74182,94443,95986,105631,104580,73026,79157,51252,62923,14694,25211,869975,816025,72317,69015,182803,176309,51494,65,76
2021-11-07T23:59:59+01:00,12276,11479,63961,59606,70487,65715,78641,79251,99525,101051,109865,108378,74732,81084,52399,64335,15170,26192,10316,9595,58013,54583,64898,60366,73524,74113,94365,95920,105570,104523,73007,79133,51240,62903,14692,25202,867787,815203,72213,68987,182792,176298,51399,65,76
2021-11-06T23:59:59+01:00,12170,11380,63766,59396,70248,65484,78461,79103,99353,100887,109759,108289,74717,81061,52387,64326,15168,26189,10302,9585,57961,54547,64855,60315,73498,74085,94337,95891,105550,104501,72995,79122,51236,62899,14691,25200,865840,814840,72185,68986,182791,176296,51372,65,76
2021-11-05T23:59:59+01:00,12032,11259,63528,59189,69999,65238,78240,78894,99190,100719,109650,108189,74686,81035,52380,64315,15167,26187,10263,9541,57875,54496,64789,60253,73441,74035,94294,95840,105510,104464,72979,79104,51228,62890,14691,25197,863812,814249,72010,68943,182789,176293,51329,65,76
2021-11-04T23:59:59+01:00,11945,11161,63294,58995,69712,64997,78036,78691,98993,100554,109521,108071,74646,81004,52370,64296,15162,26163,10200,9473,57745,54414,64700,60146,73350,73952,94225,95768,105450,104399,72950,79078,51205,62866,14683,25181,861805,813294,71840,68904,182785,176287,51224,65,76
2021-11-03T23:59:59+01:00,11862,11101,63072,58839,69485,64820,77846,78549,98837,100442,109417,108004,74623,80979,52356,64278,15158,26153,10135,9420,57617,54293,64586,60024,73256,73869,94140,95700,105393,104350,72922,79045,51185,62839,14675,25165,860194,812245,71759,68881,182784,176286,51126,65,76
2021-11-02T23:59:59+01:00,11782,11023,62847,58678,69194,64598,77622,78385,98644,100290,109293,107904,74601,80942,52342,64253,15152,26142,10075,9352,57462,54194,64475,59909,73153,73789,94048,95621,105336,104282,72886,79004,51177,62812,14666,25149,858265,811163,71676,68862,182782,176282,51007,65,76
2021-11-01T23:59:59+01:00,11688,10941,62572,58495,68929,64404,77415,78237,98473,100158,109183,107817,74574,80919,52331,64232,15147,26132,10007,9282,57331,54087,64340,59813,73062,73687,93974,95548,105278,104229,72850,78971,51164,62781,14659,25128,856427,810119,71599,68818,182761,176279,50899,64,76
2021-10-31T23:59:59+01:00,11677,10929,62539,58478,68905,64380,77389,78212,98455,100148,109171,107809,74572,80919,52331,64232,15147,26131,9990,9264,57312,54072,64328,59797,73051,73674,93970,95543,105273,104225,72850,78969,51164,62780,14658,25128,856243,810005,71585,68812,182759,176279,50876,64,76
2021-10-30T23:59:59+02:00,11671,10925,62523,58460,68879,64363,77371,78192,98439,100136,109164,107807,74570,80919,52331,64232,15146,26130,9986,9264,57298,54063,64321,59794,73040,73665,93963,95537,105270,104224,72850,78968,51163,62780,14658,25127,856109,809957,71576,68806,182759,176279,50853,64,76
2021-10-29T23:59:59+02:00,11605,10866,62333,58340,68670,64214,77187,78069,98269,100010,109054,107748,74547,80905,52320,64216,15142,26122,9954,9237,57187,53982,64231,59717,72977,73603,93890,95492,105230,104201,72833,78950,51158,62768,14654,25121,854619,809306,71534,68778,182757,176279,50746,64,76
2021-10-28T23:59:59+02:00,11520,10794,62105,58182,68418,64017,76979,77912,98073,99851,108950,107663,74522,80862,52305,64205,15137,26114,9896,9185,57028,53832,64098,59605,72876,73506,93821,95414,105148,104132,72809,78918,51146,62755,14650,25111,852836,808248,71466,68748,182753,176265,50593,64,76
2021-10-27T23:59:59+02:00,11450,10710,61940,58026,68217,63862,76816,77786,97944,99750,108877,107609,74502,80829,52298,64189,15135,26101,9835,9128,56910,53715,63991,59506,72772,73417,93749,95349,105087,104097,72786,78887,51133,62732,14646,25096,851492,807290,71350,68725,182750,176257,50488,64,76
2021-10-26T23:59:59+02:00,11364,10611,61798,57870,68038,63695,76657,77677,97828,99647,108795,107551,74475,80805,52282,64165,15125,26080,9774,9053,56759,53597,63887,59390,72698,73346,93674,95284,105041,104052,72763,78863,51110,62705,14639,25088,850076,806309,71289,68698,182744,176247,50393,64,76
2021-10-25T23:59:59+02:00,11340,10591,61741,57820,67987,63655,76610,77634,97792,99626,108773,107533,74466,80793,52281,64160,15122,26079,9750,9030,56698,53555,63851,59361,72670,73308,93647,95265,105024,104035,72761,78858,51108,62701,14639,25086,849651,805963,71279,68693,182744,176247,50368,64,76
2021-10-24T23:59:59+02:00,11297,10551,61629,57742,67885,63565,76529,77560,97714,99579,108737,107504,74452,80779,52275,64158,15120,26078,9701,8990,56622,53476,63773,59279,72606,73260,93596,95211,104994,103996,72737,78842,51099,62691,14636,25084,848969,805347,71228,68680,182744,176238,50252,64,76
2021-10-23T23:59:59+02:00,11293,10548,61619,57729,67867,63549,76517,77546,97700,99571,108732,107499,74451,80778,52275,64158,15120,26078,9696,8988,56613,53463,63759,59271,72599,73246,93587,95204,104991,103992,72735,78840,51099,62689,14636,25083,848883,805277,71214,68672,182743,176237,50229,64,76
2021-10-22T23:59:59+02:00,11230,10500,61462,57615,67685,63415,76375,77426,97572,99470,108655,107448,74434,80759,52271,64150,15119,26073,9642,8940,56498,53366,63676,59191,72524,73174,93518,95148,104954,103965,72718,78822,51094,62679,14636,25083,847682,804540,71137,68640,182742,176235,50137,64,76
2021-10-21T23:59:59+02:00,11152,10421,61300,57493,67522,63284,76237,77293,97447,99376,108565,107379,74406,80730,52259,64122,15114,26062,9568,8836,56367,53230,63548,59061,72442,73071,93420,95064,104897,103915,72683,78787,51084,62655,14630,25076,846352,803404,71103,68616,182741,176233,50005,64,76
2021-10-20T23:59:59+02:00,11110,10371,61198,57393,67415,63177,76145,77206,97362,99315,108515,107340,74392,80711,52248,64114,15110,26055,9485,8776,56235,53090,63441,58956,72366,72956,93350,95005,104828,103859,72657,78755,51071,62630,14627,25066,845459,802319,71081,68591,182737,176230,49937,64,76
2021-10-19T23:59:59+02:00,11059,10320,61127,57321,67337,63092,76070,77138,97310,99277,108475,107305,74367,80694,52235,64091,15099,26039,9401,8689,56095,52977,63326,58844,72279,72861,93268,94906,104761,103789,72608,78709,51053,62592,14620,25046,844731,801084,71057,68565,182734,176228,49871,64,76
2021-10-18T23:59:59+02:00,11013,10273,61049,57246,67252,63022,76009,77073,97259,99223,108433,107259,74351,80675,52229,64067,15095,26023,9348,8639,55977,52832,63199,58707,72188,72762,93184,94806,104704,103732,72566,78671,51026,62564,14609,25029,844003,799882,71032,68550,182734,176217,49818,64,76
2021-10-17T23:59:59+02:00,10985,10247,61000,57207,67215,62982,75978,77048,97218,99185,108422,107233,74341,80665,52226,64055,15091,26017,9292,8592,55881,52751,63118,58613,72124,72676,93126,94752,104666,103690,72539,78640,51014,62537,14603,25011,843628,799060,71026,68525,182728,176196,49768,64,76
2021-10-16T23:59:59+02:00,10981,10242,60994,57203,67206,62973,75971,77044,97211,99183,108421,107230,74340,80665,52226,64054,15091,26017,9285,8587,55877,52737,63112,58607,72119,72672,93123,94747,104664,103686,72538,78638,51014,62537,14603,25011,843582,799013,71022,68517,182728,176196,49755,64,76
2021-10-15T23:59:59+02:00,10943,10196,60901,57140,67145,62909,75909,76983,97160,99130,108382,107208,74329,80650,52224,64052,15089,26015,9237,8538,55756,52618,63035,58533,72050,72599,93054,94686,104616,103643,72521,78619,51004,62520,14602,25007,842960,798185,71001,68471,182728,176195,49711,64,76
2021-10-14T23:59:59+02:00,10895,10132,60790,57044,67080,62811,75844,76908,97096,99069,108346,107160,74314,80631,52213,64038,15085,26009,9131,8455,55590,52485,62918,58403,71979,72501,92950,94595,104556,103574,72486,78586,50982,62486,14592,24993,842184,796942,70980,68446,182718,176181,49617,64,76
2021-10-13T23:59:59+02:00,10838,10090,60699,56960,67012,62717,75774,76838,97037,99030,108295,107120,74294,80611,52198,64021,15081,25999,9063,8394,55455,52355,62815,58276,71882,72404,92874,94509,104478,103499,72448,78553,50962,62452,14581,24973,841426,795761,70966,68434,182715,176161,49541,64,76
2021-10-12T23:59:59+02:00,10779,10038,60591,56875,66910,62635,75705,76781,96992,98977,108257,107087,74270,80588,52190,64009,15075,25990,8988,8333,55323,52203,62705,58155,71797,72296,92817,94424,104405,103432,72408,78506,50938,62421,14576,24954,840640,794564,70956,68413,182712,176153,49475,64,76
2021-10-11T23:59:59+02:00,10725,9989,60490,56811,66819,62536,75628,76712,96930,98922,108204,107042,74244,80559,52173,63982,15060,25971,8927,8277,55199,52074,62577,58022,71718,72187,92739,94348,104329,103366,72362,78461,50909,62385,14563,24932,839806,793378,70936,68394,182705,176144,49383,64,76
2021-10-10T23:59:59+02:00,10695,9960,60428,56769,66759,62490,75585,76668,96897,98890,108177,107021,74232,80548,52170,63976,15055,25961,8875,8235,55098,51956,62484,57896,71633,72103,92665,94264,104268,103314,72331,78431,50888,62363,14557,24920,839389,792392,70927,68384,182699,176130,49299,64,76
2021-10-09T23:59:59+02:00,10694,9957,60418,56761,66746,62483,75579,76662,96892,98881,108171,107019,74232,80544,52170,63976,15055,25960,8863,8227,55080,51940,62473,57880,71622,72093,92658,94258,104260,103310,72328,78430,50888,62363,14557,24920,839328,792284,70922,68378,182698,176127,49285,64,76
2021-10-08T23:59:59+02:00,10643,9907,60322,56665,66671,62403,75519,76595,96843,98836,108136,106992,74222,80536,52163,63964,15050,25959,8821,8176,54977,51849,62395,57816,71554,72027,92609,94203,104232,103278,72320,78419,50881,62357,14555,24918,838636,791616,70895,68346,182696,176117,49232,64,76
2021-10-07T23:59:59+02:00,10579,9838,60171,56553,66578,62306,75431,76496,96769,98781,108072,106937,74197,80514,52153,63952,15043,25952,8713,8082,54845,51705,62291,57687,71443,71918,92522,94111,104146,103214,72268,78382,50858,62332,14543,24907,837680,790381,70882,68313,182695,176100,49098,64,75
2021-10-06T23:59:59+02:00,10523,9797,60032,56456,66493,62226,75352,76432,96707,98734,108024,106892,74178,80490,52136,63930,15040,25937,8638,8012,54705,51542,62197,57552,71347,71812,92417,94024,104056,103131,72230,78339,50833,62298,14533,24893,836833,789106,70871,68306,182693,176083,48989,64,75
2021-10-05T23:59:59+02:00,10456,9725,59893,56333,66391,62128,75271,76359,96631,98671,107977,106837,74156,80463,52127,63901,15034,25926,8551,7933,54520,51371,62083,57407,71234,71695,92308,93920,103985,103060,72176,78294,50809,62259,14525,24880,835884,787730,70856,68277,182690,176072,48856,64,75
2021-10-04T23:59:59+02:00,10395,9672,59740,56209,66248,62010,75165,76265,96533,98589,107913,106783,74135,80432,52107,63868,15030,25907,8476,7872,54344,51186,61967,57253,71102,71564,92225,93814,103887,102973,72141,78239,50764,62220,14515,24860,834756,786279,70843,68270,182685,176054,48724,64,75
2021-10-03T23:59:59+02:00,10352,9633,59686,56123,66179,61958,75106,76226,96501,98558,107879,106742,74123,80414,52098,63856,15029,25900,8419,7829,54228,51072,61883,57160,71015,71463,92159,93740,103822,102886,72107,78210,50745,62187,14508,24856,834249,785312,70838,68265,182673,176027,48610,64,75
2021-10-02T23:59:59+02:00,10346,9631,59676,56107,66163,61946,75097,76211,96496,98553,107877,106739,74122,80414,52097,63854,15029,25900,8414,7825,54213,51061,61871,57151,71012,71453,92155,93737,103820,102877,72104,78210,50744,62185,14507,24856,834169,785240,70827,68258,182673,176026,48596,64,75
2021-10-01T23:59:59+02:00,10291,9575,59517,56007,66084,61857,75017,76144,96442,98500,107818,106703,74106,80391,52086,63841,15028,25896,8352,7762,54097,50952,61816,57086,70965,71405,92100,93682,103785,102844,72091,78203,50739,62173,14505,24851,833324,784573,70808,68231,182671,176023,48506,64,75
2021-09-30T23:59:59+02:00,10217,9489,59373,55853,65949,61725,74913,76052,96335,98406,107727,106637,74077,80353,52071,63816,15024,25879,8273,7687,53947,50819,61719,56977,70871,71321,92015,93595,103712,102778,72055,78159,50718,62138,14505,24840,832182,783561,70779,68208,182667,176012,48273,64,75
2021-09-29T23:59:59+02:00,10139,9432,59220,55720,65829,61607,74827,75957,96235,98315,107662,106580,74039,80308,52063,63787,15019,25868,8194,7601,53788,50666,61607,56839,70774,71214,91920,93500,103616,102710,72005,78115,50693,62087,14498,24830,831149,782364,70750,68177,182664,175993,48048,64,75
2021-09-28T23:59:59+02:00,10054,9350,59079,55569,65666,61467,74720,75871,96128,98229,107580,106515,73988,80266,52043,63759,15012,25851,8119,7532,53636,50515,61470,56722,70680,71097,91843,93422,103540,102631,71965,78077,50670,62055,14494,24819,829986,781304,70737,68158,182660,175983,47767,64,75
2021-09-27T23:59:59+02:00,9994,9298,58922,55409,65524,61339,74629,75767,96023,98123,107489,106462,73942,80222,52024,63732,15006,25831,8053,7465,53483,50387,61343,56588,70587,70990,91740,93325,103453,102579,71916,78030,50648,62019,14487,24800,828935,780312,70714,68142,182655,175936,47428,64,75
2021-09-26T23:59:59+02:00,9952,9257,58835,55322,65439,61253,74571,75691,95959,98066,107442,106425,73917,80197,52012,63707,14999,25818,8005,7423,53384,50276,61254,56506,70509,70900,91669,93249,103398,102547,71887,78002,50626,61995,14481,24789,828293,779561,70696,68135,182639,175900,47229,64,75
2021-09-25T23:59:59+02:00,9943,9245,58818,55302,65422,61242,74560,75682,95952,98058,107433,106421,73917,80196,52011,63706,14999,25818,8004,7412,53358,50266,61240,56486,70496,70892,91663,93243,103387,102545,71887,78000,50626,61991,14481,24789,828213,779480,70689,68131,182637,175899,47181,64,75
2021-09-24T23:59:59+02:00,9891,9189,58707,55178,65324,61142,74469,75589,95865,97984,107374,106380,73888,80174,52003,63696,14998,25808,7950,7356,53252,50159,61164,56410,70423,70821,91592,93182,103314,102495,71860,77982,50615,61975,14476,24779,827326,778689,70671,68123,182631,175893,47025,64,75
2021-09-23T23:59:59+02:00,9799,9097,58468,54989,65149,60984,74345,75443,95720,97847,107265,106269,73842,80137,51983,63656,14986,25789,7883,7281,53070,50024,61045,56274,70307,70708,91473,93072,103221,102421,71825,77936,50597,61951,14463,24765,825909,777666,70618,68094,182627,175874,46607,64,75
2021-09-22T23:59:59+02:00,9715,9037,58280,54841,64988,60839,74230,75317,95592,97746,107165,106211,73799,80089,51957,63614,14966,25761,7808,7217,52925,49873,60925,56154,70216,70611,91380,92964,103158,102368,71783,77886,50566,61914,14449,24751,824653,776671,70596,68069,182618,175860,46273,64,75
2021-09-21T23:59:59+02:00,9645,8949,58130,54686,64840,60692,74091,75182,95454,97628,107073,106119,73765,80030,51940,63590,14958,25739,7715,7132,52777,49713,60806,56023,70115,70505,91273,92860,103063,102275,71744,77841,50540,61873,14440,24726,823370,775495,70579,68057,182614,175853,45941,64,75
2021-09-20T23:59:59+02:00,9584,8888,57992,54544,64682,60558,73972,75031,95327,97537,106984,106025,73703,79986,51914,63554,14945,25719,7659,7076,52657,49578,60683,55906,70006,70397,91173,92770,102986,102199,71691,77797,50516,61824,14433,24708,822162,774517,70565,68039,182607,175824,45604,64,75
2021-09-19T23:59:59+02:00,9532,8848,57873,54458,64573,60441,73884,74927,95255,97437,106922,105954,73686,79961,51901,63535,14943,25708,7623,7035,52548,49463,60592,55793,69913,70303,91106,92698,102907,102131,71657,77763,50495,61793,14428,24702,821381,773743,70546,68024,182595,175799,45309,64,75
2021-09-18T23:59:59+02:00,9515,8831,57846,54428,64538,60410,73856,74903,95239,97414,106910,105933,73683,79960,51898,63532,14943,25707,7614,7022,52518,49428,60561,55769,69892,70283,91086,92682,102894,102111,71654,77760,50495,61792,14427,24700,821159,773551,70536,68015,182595,175798,45249,64,75
2021-09-17T23:59:59+02:00,9428,8752,57676,54279,64408,60282,73731,74784,95135,97310,106826,105861,73648,79927,51886,63514,14936,25700,7551,6961,52352,49317,60439,55658,69800,70192,91004,92602,102821,102054,71621,77723,50480,61762,14418,24693,820010,772606,70491,67996,182594,175791,44980,64,75
2021-09-16T23:59:59+02:00,9350,8677,57465,54127,64234,60096,73552,74616,94986,97177,106672,105750,73578,79869,51863,63472,14929,25685,7487,6896,52187,49192,60293,55532,69673,70079,90893,92500,102717,101973,71576,77675,50459,61724,14411,24680,818542,771635,70474,67977,182571,175758,44502,64,75
2021-09-15T23:59:59+02:00,9257,8596,57260,53906,64051,59893,73371,74435,94840,97024,106526,105617,73518,79802,51818,63423,14919,25664,7428,6837,52028,49025,60165,55394,69547,69974,90790,92420,102611,101885,71530,77615,50425,61687,14401,24669,816784,770546,70456,67960,182567,175747,44103,64,75
2021-09-14T23:59:59+02:00,9149,8490,57070,53673,63872,59706,73224,74258,94708,96867,106401,105517,73445,79738,51789,63373,14903,25644,7353,6758,51857,48825,60011,55253,69425,69853,90681,92291,102517,101792,71479,77554,50397,61643,14393,24656,815029,769207,70444,67946,182546,175712,43798,63,75
2021-09-13T23:59:59+02:00,9087,8423,56853,53467,63715,59511,73065,74087,94559,96714,106266,105386,73392,79688,51750,63326,14883,25614,7307,6704,51691,48661,59883,55119,69343,69761,90563,92203,102422,101719,71435,77513,50369,61603,14383,24645,813337,768155,70433,67934,182531,175685,43475,63,75
2021-09-12T23:59:59+02:00,9041,8395,56731,53380,63625,59416,72988,74001,94485,96646,106204,105318,73364,79663,51736,63304,14878,25607,7260,6658,51559,48548,59781,55018,69267,69682,90487,92137,102349,101649,71399,77483,50354,61578,14378,24632,812616,767339,70416,67920,182514,175660,43226,63,74
2021-09-11T23:59:59+02:00,9035,8386,56714,53358,63607,59400,72975,73988,94477,96632,106199,105313,73363,79662,51736,63304,14878,25607,7253,6652,51539,48528,59761,55005,69251,69671,90477,92122,102346,101644,71394,77481,50354,61578,14378,24630,812537,767289,70408,67875,182511,175658,43168,63,74
2021-09-10T23:59:59+02:00,8963,8325,56554,53212,63493,59282,72868,73882,94359,96514,106123,105252,73326,79626,51721,63278,14874,25602,7221,6627,51412,48462,59697,54942,69190,69623,90412,92065,102309,101605,71373,77465,50345,61568,14374,24625,811420,766822,70375,67820,182505,175655,42944,63,74
2021-09-09T23:59:59+02:00,8892,8260,56354,53019,63327,59098,72710,73738,94210,96374,105998,105158,73267,79563,51690,63244,14870,25589,7155,6568,51225,48295,59542,54807,69056,69497,90292,91958,102194,101513,71330,77420,50317,61538,14368,24609,810061,765757,70354,67770,182486,175633,42450,62,74
2021-09-08T23:59:59+02:00,8806,8183,56173,52846,63174,58916,72565,73586,94048,96243,105904,105052,73202,79503,51662,63188,14865,25574,7079,6499,51049,48128,59417,54667,68931,69348,90166,91847,102109,101411,71274,77362,50294,61497,14364,24593,808659,764593,70326,67718,182450,175608,42042,62,74
2021-09-07T23:59:59+02:00,8719,8123,56008,52690,63056,58777,72448,73454,93943,96141,105799,104953,73150,79455,51635,63148,14857,25554,7001,6445,50880,47965,59285,54522,68805,69230,90061,91731,102009,101311,71226,77313,50272,61471,14359,24574,807403,763367,70320,67706,182447,175586,41727,62,74
2021-09-06T23:59:59+02:00,8657,8057,55860,52520,62918,58620,72339,73322,93840,96030,105717,104865,73098,79407,51603,63118,14846,25538,6935,6389,50731,47822,59146,54372,68690,69109,89979,91637,101913,101223,71177,77266,50250,61441,14352,24564,806180,762244,70294,67664,182415,175562,41452,62,74
2021-09-05T23:59:59+02:00,8627,8019,55792,52426,62855,58559,72291,73264,93793,95980,105689,104821,73077,79385,51593,63098,14839,25532,6886,6337,50640,47737,59082,54307,68627,69049,89933,91581,101871,101173,71157,77238,50237,61424,14346,24555,805657,761623,70285,67654,182393,175539,41290,62,74
2021-09-04T23:59:59+02:00,8620,8014,55772,52417,62846,58548,72283,73256,93786,95976,105686,104815,73076,79384,51593,63098,14839,25532,6882,6332,50626,47722,59066,54292,68622,69041,89925,91576,101867,101169,71156,77236,50236,61424,14346,24555,805596,761557,70282,67649,182392,175537,41256,62,74
2021-09-03T23:59:59+02:00,8554,7946,55637,52330,62774,58452,72204,73175,93708,95911,105616,104755,73046,79351,51574,63067,14832,25522,6823,6280,50510,47628,58987,54225,68563,68970,89863,91514,101803,101117,71128,77202,50215,61401,14343,24546,804673,760780,70275,67630,182385,175528,41106,62,74
2021-09-02T23:59:59+02:00,8459,7850,55445,52173,62650,58345,72110,73045,93587,95797,105511,104670,72989,79295,51542,63019,14821,25502,6728,6190,50286,47455,58841,54106,68459,68855,89730,91410,101686,101022,71071,77155,50191,61373,14336,24530,803537,759631,70230,67587,182371,175477,40655,62,74
2021-09-01T23:59:59+02:00,8383,7756,55292,52025,62518,58212,72022,72920,93494,95709,105433,104599,72951,79252,51519,62982,14814,25484,6642,6081,50111,47246,58716,53966,68379,68743,89628,91307,101580,100928,71032,77113,50166,61332,14329,24514,802419,758401,70206,67547,182357,175427,40365,62,73
2021-08-31T23:59:59+02:00,8275,7663,55130,51871,62412,58095,71942,72817,93406,95625,105348,104521,72909,79210,51497,62952,14804,25470,6527,5963,49904,47044,58596,53822,68264,68617,89530,91201,101471,100848,70987,77060,50146,61296,14317,24498,801333,757037,70198,67529,182347,175402,40050,62,73
2021-08-30T23:59:59+02:00,8199,7583,54954,51710,62300,57967,71827,72700,93283,95497,105230,104426,72859,79167,51480,62919,14783,25447,6430,5878,49706,46831,58471,53682,68165,68504,89414,91090,101358,100741,70937,77024,50119,61267,14303,24481,800149,755831,70158,67462,182315,175347,39688,62,73
2021-08-29T23:59:59+02:00,8157,7536,54862,51630,62241,57887,71760,72652,93229,95433,105182,104391,72839,79145,51465,62904,14777,25438,6376,5830,49588,46730,58382,53584,68095,68427,89357,91030,101297,100688,70912,77008,50105,61254,14297,24478,799614,755179,70156,67452,182305,175302,39432,62,73
2021-08-28T23:59:59+02:00,8139,7522,54824,51592,62210,57867,71733,72635,93211,95416,105168,104379,72834,79143,51463,62900,14777,25438,6370,5826,49550,46710,58356,53568,68074,68413,89337,91007,101290,100675,70906,77004,50103,61252,14297,24478,799406,755030,70155,67445,182303,175302,39366,62,73
2021-08-27T23:59:59+02:00,8054,7444,54641,51454,62098,57727,71636,72513,93088,95295,105057,104294,72789,79092,51440,62864,14765,25432,6335,5786,49425,46626,58277,53487,67992,68341,89257,90941,101233,100627,70871,76970,50089,61241,14295,24478,798088,754330,70150,67439,182291,175296,39133,62,73
2021-08-26T23:59:59+02:00,7990,7371,54485,51307,61980,57615,71537,72404,92983,95166,104950,104212,72747,79042,51417,62844,14760,25418,6285,5745,49261,46470,58157,53382,67895,68246,89151,90861,101164,100558,70830,76935,50065,61219,14290,24469,797043,753505,70139,67400,182281,175263,38742,62,73
2021-08-25T23:59:59+02:00,7926,7317,54340,51158,61869,57463,71429,72288,92875,95064,104849,104130,72691,78991,51389,62807,14747,25403,6216,5663,49064,46278,58032,53241,67776,68121,89035,90748,101066,100468,70773,76887,50039,61180,14284,24454,796035,752366,70113,67364,182270,175228,38294,62,73
2021-08-24T23:59:59+02:00,7814,7228,54199,50953,61743,57326,71322,72157,92758,94945,104744,104033,72638,78943,51354,62763,14739,25388,6134,5573,48845,46056,57894,53069,67666,67982,88933,90654,100974,100387,70735,76835,50014,61156,14280,24438,794627,750965,70096,67342,182260,175206,38040,62,72
2021-08-23T23:59:59+02:00,7752,7154,54024,50781,61613,57201,71208,72046,92631,94838,104645,103934,72586,78882,51320,62721,14732,25377,6074,5518,48663,45882,57774,52940,67559,67884,88828,90562,100887,100310,70695,76784,49986,61117,14276,24426,793425,749941,70066,67318,182245,175150,37684,62,72
2021-08-22T23:59:59+02:00,7724,7128,53940,50702,61560,57136,71169,71992,92588,94796,104599,103904,72566,78867,51311,62709,14731,25371,6036,5480,48544,45772,57683,52846,67484,67822,88758,90503,100843,100268,70665,76760,49971,61099,14273,24419,792994,749254,70058,67310,182224,175100,37490,62,72
2021-08-21T23:59:59+02:00,7718,7125,53915,50687,61542,57125,71153,71978,92575,94778,104588,103894,72561,78865,51311,62708,14731,25370,6031,5476,48525,45754,57662,52838,67465,67802,88740,90488,100833,100258,70663,76757,49971,61098,14273,24419,792922,749158,70016,67291,182220,175094,37438,62,72
2021-08-20T23:59:59+02:00,7687,7088,53823,50611,61468,57064,71082,71915,92510,94716,104536,103858,72536,78837,51299,62682,14722,25359,6008,5457,48433,45679,57587,52775,67397,67747,88683,90428,100774,100220,70640,76735,49965,61082,14264,24415,792377,748641,69944,67278,182217,175071,37227,62,72
2021-08-19T23:59:59+02:00,7621,7008,53691,50488,61318,56947,70964,71807,92396,94628,104440,103768,72487,78780,51269,62641,14713,25339,5981,5431,48299,45576,57469,52682,67305,67668,88592,90349,100676,100155,70607,76707,49945,61058,14260,24406,791333,747989,69907,67242,182200,175026,36837,62,72
2021-08-18T23:59:59+02:00,7546,6951,53547,50349,61191,56837,70853,71713,92287,94540,104338,103684,72429,78727,51234,62605,14703,25318,5947,5388,48181,45449,57350,52586,67215,67593,88476,90259,100600,100082,70563,76669,49926,61034,14254,24389,790330,747271,69877,67214,182189,174976,36428,62,72
2021-08-17T23:59:59+02:00,7463,6870,53383,50185,61086,56712,70737,71590,92181,94434,104230,103584,72376,78684,51206,62578,14695,25306,5897,5349,47987,45270,57220,52445,67091,67487,88345,90163,100491,99986,70507,76620,49901,61012,14247,24377,789242,746231,69855,67179,182184,174922,35991,62,72
2021-08-16T23:59:59+02:00,7389,6807,53254,50053,60989,56597,70636,71495,92088,94329,104137,103484,72333,78633,51176,62534,14687,25298,5873,5314,47847,45150,57112,52376,66994,67403,88247,90075,100407,99891,70464,76580,49877,60984,14240,24372,788367,745599,69807,67134,182169,174854,35548,62,71
2021-08-15T23:59:59+02:00,7340,6767,53174,49972,60920,56526,70570,71435,92030,94277,104082,103435,72298,78603,51167,62518,14683,25289,5852,5296,47742,45056,57020,52286,66924,67341,88169,90011,100351,99842,70427,76545,49861,60963,14235,24360,787888,745114,69793,67103,182155,174772,35222,62,70
2021-08-14T23:59:59+02:00,7318,6751,53101,49902,60871,56481,70534,71388,91993,94237,104043,103399,72277,78595,51158,62507,14681,25286,5776,5242,47504,44783,56852,52097,66770,67187,88034,89889,100236,99735,70378,76502,49850,60940,14231,24355,787403,743283,69786,67097,182155,174761,35150,62,70
2021-08-13T23:59:59+02:00,7277,6715,52990,49807,60787,56400,70482,71319,91917,94180,103993,103354,72254,78572,51146,62496,14679,25279,5548,5027,46999,44286,56611,51829,66541,66932,87761,89635,100040,99529,70291,76401,49811,60880,14225,24334,786646,739800,69782,67087,182155,174687,35036,62,70
2021-08-12T23:59:59+02:00,7246,6688,52891,49738,60729,56321,70407,71269,91847,94121,103932,103307,72220,78539,51132,62480,14677,25265,5328,4853,46502,43840,56336,51521,66282,66709,87505,89412,99700,99254,70181,76267,49757,60816,14214,24306,786212,736746,69756,67062,182139,174232,34674,62,69
2021-08-11T23:59:59+02:00,7179,6619,52724,49566,60599,56202,70324,71175,91738,94017,103833,103198,72159,78473,51100,62439,14671,25249,5052,4570,45823,43221,55962,51137,66020,66411,87210,89147,99364,98885,70041,76121,49697,60715,14203,24277,785029,732620,69735,67029,182130,173795,34343,62,69
2021-08-10T23:59:59+02:00,7102,6535,52526,49381,60452,56081,70215,71052,91613,93886,103710,103092,72106,78415,51069,62408,14663,25240,4829,4329,44866,42319,55291,50479,65523,65957,86747,88662,98871,98429,69836,75922,49597,60614,14182,24239,783664,726352,69726,66976,182122,173290,34005,62,69
2021-08-09T23:59:59+02:00,7058,6488,52415,49289,60374,56006,70157,70992,91544,93813,103638,103033,72063,78379,51063,62392,14659,25232,4589,4112,43859,41259,54574,49790,65046,65524,86300,88226,98355,97960,69648,75698,49507,60488,14154,24200,783096,719888,69656,66901,182110,172727,33704,62,69
2021-08-08T23:59:59+02:00,7012,6447,52350,49220,60335,55973,70120,70966,91486,93764,103585,102993,72043,78357,51049,62371,14653,25227,4574,4099,43804,41195,54514,49742,64980,65483,86227,88166,98287,97910,69623,75667,49486,60462,14146,24193,782806,719593,69649,66884,182096,172643,33369,62,69
2021-08-07T23:59:59+02:00,6973,6406,52239,49093,60254,55896,70062,70901,91417,93701,103535,102945,72026,78340,51040,62365,14653,25226,4261,3787,42837,40177,53959,49171,64545,65076,85851,87767,97965,97562,69479,75523,49430,60380,14129,24175,782014,713221,69645,66865,182096,172635,33286,62,67
2021-08-06T23:59:59+02:00,6930,6344,52106,48965,60180,55830,69996,70820,91337,93624,103475,102888,72002,78317,51029,62347,14651,25222,3953,3565,42153,39564,53714,48903,64321,64833,85614,87544,97736,97360,69395,75432,49388,60340,14123,24162,781142,709600,69640,66781,182095,172497,33155,62,67
2021-08-05T23:59:59+02:00,6819,6236,51851,48741,60004,55641,69853,70673,91175,93476,103333,102751,71941,78254,51002,62307,14638,25203,3760,3394,41317,38872,53196,48441,63950,64481,85155,87143,97112,96841,69208,75248,49322,60242,14104,24132,779516,705052,69587,66729,182060,171368,32702,62,67
2021-08-04T23:59:59+02:00,6730,6150,51655,48509,59857,55461,69744,70522,91039,93359,103215,102635,71880,78190,50976,62261,14627,25174,3385,3039,40472,38088,52825,48035,63630,64159,84783,86814,96700,96434,69044,75077,49245,60146,14088,24098,778108,700460,69551,66708,182047,170582,32245,62,67
2021-08-03T23:59:59+02:00,6657,6093,51485,48372,59732,55332,69652,70429,90937,93259,103118,102554,71826,78154,50957,62234,14619,25158,3255,2937,39469,37141,52025,47349,63086,63623,84264,86328,95986,95804,68801,74860,49153,60029,14067,24054,777065,694195,69542,66684,182040,169397,31888,62,67
2021-08-02T23:59:59+02:00,6609,6050,51349,48232,59640,55253,69568,70360,90882,93185,103038,102492,71786,78112,50936,62212,14612,25145,3086,2759,38196,35986,51063,46538,62372,63037,83658,85762,95185,95101,68548,74602,49065,59896,14047,24015,776364,686575,69494,66630,182011,168085,31559,62,67
2021-08-01T23:59:59+02:00,6566,5995,51179,48070,59487,55137,69474,70245,90774,93094,102949,102399,71744,78075,50914,62172,14607,25129,3062,2741,38011,35852,50904,46438,62240,62942,83480,85618,94732,94696,68431,74492,49026,59847,14036,23995,775309,685922,69465,66570,181993,166774,31210,62,67
2021-07-31T23:59:59+02:00,6523,5961,51084,47950,59431,55065,69424,70201,90734,93065,102922,102374,71733,78063,50906,62168,14607,25126,2658,2359,36400,34340,49994,45566,61703,62376,82976,85102,94252,94262,68244,74287,48947,59752,14018,23962,774697,676760,69461,66559,181993,166659,31153,62,67
2021-07-30T23:59:59+02:00,6487,5908,50934,47810,59345,54984,69355,70140,90661,92985,102866,102336,71716,78039,50897,62144,14604,25122,2382,2130,34945,32934,49021,44617,60971,61681,82288,84478,93570,93685,68009,74051,48842,59602,13999,23931,773930,667221,69436,66547,181987,166354,30947,62,67
2021-07-29T23:59:59+02:00,6372,5788,50503,47441,59126,54711,69164,69949,90473,92796,102703,102199,71641,77956,50864,62089,14589,25104,2305,2064,34212,32317,48394,44166,60564,61325,81862,84128,92796,93010,67813,73893,48779,59515,13979,23900,771604,663343,69382,66400,181944,164707,30505,62,67
2021-07-28T23:59:59+02:00,6300,5725,50249,47246,58993,54556,69036,69852,90342,92672,102594,102105,71585,77899,50837,62049,14580,25087,2281,2045,33885,32018,48070,43926,60330,61099,81680,83956,92557,92810,67739,73826,48746,59482,13966,23890,770285,661617,69346,66311,181917,164186,30126,62,66
2021-07-27T23:59:59+02:00,6247,5678,50088,47102,58849,54458,68941,69761,90240,92562,102488,102029,71540,77846,50807,62016,14572,25074,2140,1930,32414,30621,46792,42832,59494,60300,81075,83422,91531,91959,67463,73541,48658,59356,13934,23850,769374,652937,69319,66239,181893,162390,29680,61,66
2021-07-26T23:59:59+02:00,6224,5649,49969,47015,58750,54368,68862,69706,90152,92501,102422,101977,71499,77810,50785,61996,14566,25065,2006,1814,31043,29366,45469,41704,58389,59310,80363,82787,90363,90926,67152,73267,48568,59239,13910,23808,768837,643843,69251,66141,181855,160092,29342,60,66
2021-07-25T23:59:59+02:00,6204,5632,49856,46910,58660,54301,68799,69647,90087,92444,102360,101928,71466,77774,50766,61973,14563,25055,1990,1806,30832,29207,45196,41504,58126,59074,80088,82575,89397,90071,66945,73093,48499,59166,13898,23784,768423,642626,69239,66018,181829,157637,28904,59,66
2021-07-24T23:59:59+02:00,6169,5603,49736,46819,58591,54238,68751,69590,90041,92400,102319,101887,71461,77767,50763,61970,14562,25051,1732,1587,29239,27621,44051,40418,57429,58358,79470,81997,88751,89502,66765,72902,48428,59064,13884,23760,767813,632571,69230,66000,181821,157498,28824,59,65
2021-07-23T23:59:59+02:00,6084,5516,49560,46642,58496,54133,68641,69486,89935,92296,102229,101790,71425,77711,50742,61939,14558,25045,1503,1367,27543,26102,42793,39326,56494,57468,78778,81376,88043,88838,66495,72628,48349,58963,13863,23730,766432,621995,69226,65834,181801,157026,28739,59,65
2021-07-22T23:59:59+02:00,5944,5402,49264,46355,58299,53929,68470,69317,89749,92143,102073,101656,71358,77628,50700,61888,14547,25026,1419,1312,26722,25278,41884,38515,55550,56637,78032,80747,86376,87328,66120,72227,48238,58833,13832,23678,764492,613500,69181,65329,181768,155557,28277,59,65
2021-07-21T23:59:59+02:00,5668,5119,48729,45826,57995,53613,68239,69035,89471,91896,101805,101389,71231,77497,50641,61823,14538,25000,1387,1286,26467,25054,41459,38232,55105,56244,77658,80462,85567,86724,65951,72099,48182,58767,13814,23653,760879,611509,69155,65050,181746,153782,27705,59,65
2021-07-20T23:59:59+02:00,5591,5045,48446,45547,57823,53403,68064,68887,89291,91741,101639,101245,71155,77429,50602,61776,14529,24972,1296,1201,25287,23907,40166,37194,53763,55039,76748,79684,84200,85379,65644,71756,48073,58631,13786,23607,759196,601099,69148,64889,181701,152198,27110,59,65
2021-07-19T23:59:59+02:00,5511,4959,48121,45222,57599,53195,67897,68683,89104,91561,101491,101084,71082,77347,50559,61725,14520,24943,1216,1139,24460,23067,38853,36073,52029,53538,75475,78625,83085,84397,65350,71499,47973,58513,13761,23567,757391,591037,69138,64741,181673,150406,26371,59,65
2021-07-18T23:59:59+02:00,5503,4958,48046,45163,57501,53115,67824,68609,89009,91493,101417,101017,71045,77305,50534,61693,14518,24931,1201,1133,24317,22966,38580,35849,51693,53246,75223,78428,82179,83626,65158,71319,47918,58441,13756,23545,757104,589961,69114,64578,181633,148174,25800,59,65
2021-07-17T23:59:59+02:00,5476,4921,47947,45086,57427,53055,67761,68552,88949,91431,101372,100998,71036,77290,50529,61686,14518,24930,1007,945,22932,21505,37195,34548,50448,52050,74616,77871,81544,83029,65028,71171,47851,58379,13747,23525,756538,579078,69109,64551,181624,148034,25663,59,65
2021-07-16T23:59:59+02:00,5374,4842,47705,44854,57300,52948,67642,68439,88811,91334,101264,100895,70990,77239,50506,61667,14512,24924,811,783,21679,20266,35901,33304,48991,50729,73606,76935,80843,82368,64807,70948,47769,58278,13728,23493,755077,567441,69107,64487,181617,147831,25415,59,65
2021-07-15T23:59:59+02:00,5232,4713,47305,44533,57090,52753,67447,68253,88597,91134,101076,100726,70893,77137,50457,61593,14503,24895,752,740,21074,19762,34967,32602,47753,49780,72420,76016,78685,80234,64208,70350,47627,58099,13709,23430,753012,558073,69089,63456,181571,145984,24630,59,65
2021-07-14T23:59:59+02:00,4859,4389,46715,43957,56856,52486,67241,68048,88382,90890,100859,100529,70785,77027,50389,61510,14491,24871,736,724,20868,19617,34702,32441,47380,49477,71884,75624,78018,79697,63884,70072,47544,58016,13686,23396,749559,556256,69071,63266,181519,144081,24100,59,63
2021-07-13T23:59:59+02:00,4768,4309,46516,43803,56691,52327,67077,67901,88224,90763,100712,100402,70712,76965,50351,61463,14487,24855,707,685,20305,19080,33675,31621,45757,48021,70116,73956,76408,78133,63507,69680,47414,57844,13657,23344,748195,545302,69054,62490,181445,142458,23597,59,63
2021-07-12T23:59:59+02:00,4703,4231,46329,43611,56540,52184,66922,67775,88052,90623,100556,100263,70637,76877,50313,61407,14480,24837,683,664,19830,18648,32889,30998,44092,46564,67734,71881,74515,76629,62976,69094,47269,57681,13629,23293,746921,534191,69030,61921,181344,139885,23009,59,63
2021-07-11T23:59:59+02:00,4698,4228,46258,43558,56476,52134,66870,67736,87989,90569,100484,100203,70600,76834,50303,61392,14477,24823,675,659,19620,18503,32536,30753,43642,46186,67272,71520,73733,75931,62574,68715,47198,57592,13613,23260,746768,532387,69019,61596,181278,137407,22529,59,63
2021-07-10T23:59:59+02:00,4572,4092,45972,43250,56291,51936,66721,67560,87855,90429,100382,100097,70545,76777,50282,61366,14474,24814,643,627,19056,17954,31588,29893,41888,44604,65786,70237,73097,75311,62407,68564,47145,57540,13606,23246,744668,521760,69013,61581,181266,137358,22430,59,63
2021-07-09T23:59:59+02:00,4443,3974,45699,42997,56124,51740,66559,67394,87703,90264,100247,99992,70492,76704,50245,61325,14469,24802,596,578,18466,17381,30617,28929,39932,42672,63491,68110,71936,74170,62133,68238,47069,57414,13588,23221,742611,508061,68999,61200,181260,136952,22265,59,63
2021-07-08T23:59:59+02:00,4414,3948,45556,42882,56000,51620,66428,67293,87577,90141,100128,99894,70437,76651,50223,61287,14458,24788,549,534,17527,16578,29218,27893,38215,41217,61359,66285,68568,71014,61233,67264,46823,57070,13543,23125,741877,492788,68939,59122,181190,134367,21675,59,63
2021-07-07T23:59:59+02:00,4402,3942,45489,42838,55915,51564,66342,67248,87522,90101,100084,99843,70420,76628,50213,61269,14454,24778,471,481,16569,15725,27825,26879,36687,39981,59736,64826,65336,67536,60215,66219,46585,56748,13493,23052,741563,477477,68890,57206,181138,132214,21404,59,63
2021-07-06T23:59:59+02:00,4350,3894,45344,42707,55784,51424,66238,67139,87415,90009,100001,99758,70381,76567,50195,61242,14451,24764,404,417,15797,14987,26744,25968,34837,38266,56332,61800,62680,65073,59459,65429,46311,56413,13453,22949,740425,459565,68869,56379,181080,130079,21233,58,63
2021-07-05T23:59:59+02:00,4287,3849,45161,42531,55630,51320,66115,67028,87294,89915,99914,99660,70318,76503,50173,61214,14448,24749,370,365,15135,14366,25793,25153,33602,37130,53231,58823,59903,62607,58619,64616,46058,56101,13408,22871,739226,443474,68826,56029,181000,127586,21000,58,62
2021-07-04T23:59:59+02:00,4279,3843,45113,42497,55562,51285,66069,67000,87255,89883,99882,99633,70294,76482,50167,61199,14442,24738,351,345,14931,14161,25351,24793,33001,36602,52566,58294,58915,61744,57951,63982,45874,55897,13389,22821,739025,439384,68793,55827,180931,124878,20817,58,62
2021-07-03T23:59:59+02:00,4060,3664,44581,41935,55244,50909,65771,66720,87007,89622,99681,99436,70221,76410,50144,61153,14438,24726,333,329,14644,13838,24995,24438,32021,35682,50820,56744,58046,61008,57777,63784,45806,55812,13377,22796,735215,430799,68775,55809,180925,124830,20750,58,62
2021-07-02T23:59:59+02:00,3750,3378,43928,41339,54916,50570,65483,66415,86733,89372,99445,99210,70118,76297,50092,61083,14432,24709,306,292,14226,13392,24297,23825,30859,34615,48186,54573,55907,59218,57383,63353,45646,55653,13361,22758,730871,418269,68756,54757,180912,124099,20675,57,50
2021-07-01T23:59:59+02:00,3612,3268,43573,40990,54714,50394,65323,66251,86577,89230,99291,99089,70049,76229,50061,61049,14424,24694,262,251,13535,12709,22992,22742,29182,33100,46167,52827,53412,56937,55957,61779,45152,55037,13288,22630,728728,404723,68691,52443,180862,120263,20481,57,49
2021-06-30T23:59:59+02:00,3601,3251,43309,40793,54532,50258,65203,66151,86485,89165,99220,99038,70021,76205,50049,61027,14420,24683,200,212,12791,12107,21827,21842,27594,31729,44311,51112,49774,52973,54624,60442,44797,54596,13232,22501,727574,388958,68639,50536,180842,116821,20300,57,49
2021-06-29T23:59:59+02:00,3385,3031,42388,39963,53921,49652,64762,65718,86071,88711,98871,98710,69896,76056,49992,60956,14400,24653,171,160,12189,11507,21026,21073,26226,30520,41688,48697,47898,51424,53653,59332,44388,54059,13138,22348,721577,376905,68585,49011,180826,113441,20092,57,48
2021-06-28T23:59:59+02:00,3167,2851,41432,38970,53253,48997,64295,65326,85688,88319,98537,98366,69756,75895,49927,60856,14382,24629,128,128,11686,11055,20365,20484,25257,29622,39590,46752,46271,50056,52549,58287,44027,53552,13058,22225,715407,367409,68473,47972,180815,109768,19895,57,48
2021-06-27T23:59:59+02:00,3162,2848,41395,38934,53207,48958,64256,65290,85636,88284,98485,98338,69737,75882,49918,60842,14377,24626,110,111,11492,10861,20041,20169,24678,29057,38564,45899,45104,48962,51518,57274,43592,53043,12976,22082,715189,362804,68443,47529,180779,105444,19708,57,48
2021-06-26T23:59:59+02:00,2680,2374,40002,37571,52485,48215,63704,64726,85148,87763,98060,97905,69547,75707,49845,60738,14358,24603,100,100,11377,10759,19872,20013,24478,28840,38085,45461,44735,48610,51404,57129,43545,52995,12971,22067,706485,359848,68414,47524,180779,105424,19697,57,48
2021-06-25T23:59:59+02:00,2275,2038,39155,36762,52133,47856,63379,64401,84868,87452,97810,97639,69443,75590,49798,60676,14344,24581,76,82,11076,10448,19489,19586,23948,28216,35402,43154,42548,46695,51065,56750,43446,52864,12947,22036,701430,348269,68277,47078,180772,104768,19665,57,48
2021-06-24T23:59:59+02:00,2221,1985,38667,36303,51783,47528,63161,64190,84634,87257,97623,97482,69361,75525,49763,60630,14338,24566,63,59,10479,9865,18429,18699,22524,26961,33302,41314,40116,44400,49582,55098,42876,52163,12830,21833,698484,335372,68248,44479,180751,101216,19478,57,48
2021-06-23T23:59:59+02:00,2208,1961,38437,36077,51619,47357,63045,64079,84534,87161,97547,97398,69330,75494,49743,60609,14334,24555,36,33,10024,9433,17802,18140,21590,26101,31365,39676,36151,39931,48287,53734,42490,51655,12748,21667,697248,319823,68214,43852,180735,97903,19237,55,48
2021-06-22T23:59:59+02:00,2129,1900,37452,35148,50866,46683,62563,63631,84158,86750,97181,97086,69181,75351,49676,60528,14321,24522,13,18,9555,9003,16930,17448,20363,25022,28238,36912,33849,38052,47331,52760,42081,51096,12608,21432,691102,307642,68168,41113,180723,94830,19079,55,47
2021-06-21T23:59:59+02:00,1982,1761,36102,33932,49843,45816,61842,62968,83660,86278,96741,96680,69011,75180,49610,60433,14310,24487,9,11,9237,8708,16470,17084,19738,24540,26491,35346,32308,36760,46276,51677,41628,50547,12502,21240,683150,300273,68134,40471,180708,91190,18591,54,47
2021-06-20T23:59:59+02:00,1971,1752,36014,33879,49698,45693,61701,62830,83580,86216,96667,96619,68977,75152,49595,60415,14310,24476,8,10,9089,8605,16252,16915,19421,24281,25674,34694,31367,35807,46080,51474,41597,50495,12493,21220,682496,296488,68092,39877,180690,90856,18214,54,47
2021-06-19T23:59:59+02:00,1603,1452,34399,32332,48797,44870,61213,62325,83109,85740,96261,96267,68829,74986,49530,60334,14295,24452,7,9,9048,8531,16149,16792,19302,24128,25569,34535,31239,35664,45985,51378,41579,50470,12489,21210,673791,295149,68073,39874,180683,90820,18194,54,47
2021-06-18T23:59:59+02:00,1407,1279,32756,30750,47594,43684,60272,61405,82303,84991,95649,95689,68610,74764,49441,60196,14279,24422,7,9,8973,8445,15989,16636,19112,23934,25316,34294,30954,35344,45688,51031,41493,50393,12476,21196,662675,292945,67939,39757,180682,90400,18142,54,46
2021-06-17T23:59:59+02:00,1332,1221,31835,29912,46729,42977,59466,60555,81561,84343,95237,95307,68469,74620,49399,60118,14265,24393,7,9,8432,8079,15298,16080,18281,23105,24212,33167,29474,33983,44361,49527,41007,49783,12356,21007,655752,283998,67823,38928,180651,87736,17460,54,46
2021-06-16T23:59:59+02:00,1249,1157,31146,29214,45926,42227,58542,59675,80780,83572,94813,94927,68334,74460,49341,60026,14245,24367,7,8,7944,7755,14685,15563,17502,22376,23070,32208,28294,32871,42462,47406,40457,49204,12249,20822,648683,274236,67695,38329,180632,85334,16938,54,46
2021-06-15T23:59:59+02:00,1107,1038,29253,27438,44177,40704,56948,58042,79391,82254,94053,94254,68046,74167,49228,59869,14212,24302,7,6,7771,7628,14374,15322,17138,22074,22549,31821,27757,32440,41523,46389,40070,48777,12125,20601,633741,271154,67646,37822,180594,82901,16449,54,46
2021-06-14T23:59:59+02:00,1014,924,27706,25971,42572,39187,55292,56391,78291,81142,93358,93625,67797,73925,49134,59747,14192,24258,6,5,7588,7455,13997,14985,16608,21628,21855,31237,27075,31846,41137,45966,39686,48324,11994,20396,620505,268464,67590,37406,180565,80060,15813,54,45
2021-06-13T23:59:59+02:00,990,899,27504,25791,42188,38849,54745,55869,77945,80832,93165,93435,67707,73845,49097,59689,14177,24233,6,5,7447,7287,13725,14690,16219,21229,21424,30744,26535,31342,40739,45561,39220,47757,11816,20109,617792,266366,67448,37335,180537,76979,15130,54,45
2021-06-12T23:59:59+02:00,861,785,25993,24204,41034,37771,54071,55134,77415,80337,92614,92910,67551,73668,49028,59612,14164,24212,6,5,7401,7236,13599,14580,16087,21116,21240,30597,26415,31240,40721,45544,39210,47746,11816,20108,608274,265579,67442,37333,180531,76645,15065,53,45
2021-06-11T23:59:59+02:00,749,676,24380,22684,39687,36580,52843,53924,76446,79485,92040,92333,67317,73434,48966,59504,14145,24177,6,5,7346,7148,13427,14391,15868,20920,20967,30337,26141,30981,40415,45169,39125,47631,11798,20079,596529,263679,67362,37188,180523,75938,14904,53,45
2021-06-10T23:59:59+02:00,647,586,23383,21678,38468,35401,51235,52419,75128,78288,90433,90788,66962,73038,48840,59330,14120,24123,6,5,7063,6924,12901,13954,15226,20346,20202,29582,25348,30304,39709,44306,38772,47213,11683,19894,583632,260199,66878,37154,180472,72207,13833,53,45
2021-06-09T23:59:59+02:00,577,536,22931,21293,37806,34879,50129,51373,73883,77095,89841,90284,66836,72893,48790,59245,14105,24092,6,5,6793,6615,12310,13354,14441,19532,19284,28558,24363,29139,37142,41385,38205,46568,11534,19655,576467,249874,66416,37081,180435,68671,13218,53,45
2021-06-08T23:59:59+02:00,471,425,21410,19841,36204,33514,48017,49411,71745,75155,88365,88803,66521,72508,48654,59084,14073,24048,6,5,6662,6444,11924,12979,13957,19043,18681,27956,23804,28600,36855,41131,37913,46201,11427,19498,559102,248212,66138,37002,180403,65274,12554,53,44
2021-06-07T23:59:59+02:00,356,331,20404,18870,34659,32181,45741,47387,69608,73274,87386,87955,66297,72242,48580,58949,14053,24011,6,5,6507,6280,11499,12626,13412,18560,17952,27368,23168,28003,36536,40827,37494,45719,11314,19299,543914,246215,65965,36932,180350,61381,12003,53,44
2021-06-06T23:59:59+02:00,333,310,20224,18723,34265,31898,45133,46814,68988,72788,87173,87789,66240,72180,48568,58923,14047,23999,6,5,6375,6107,11173,12210,12980,17988,17313,26556,22471,27193,36068,40352,37011,45168,11158,19032,540791,243763,65638,36879,180305,56872,11609,53,43
2021-06-05T23:59:59+02:00,261,245,18982,17461,32943,30685,43908,45641,68414,72270,86640,87280,66149,72078,48520,58875,14040,23987,6,5,6323,6026,11070,12044,12852,17809,17140,26346,22300,27003,36003,40275,36989,45144,11156,19027,530814,243155,65638,36466,180288,56267,11587,53,43
2021-06-04T23:59:59+02:00,180,175,17790,16311,31636,29395,42356,44144,67072,70953,85833,86527,65962,71866,48444,58783,14024,23958,6,5,6220,5886,10893,11832,12636,17553,16784,25961,21780,26564,35111,39418,36673,44844,11139,19005,517989,241304,65572,36139,180281,53310,11515,53,42
2021-06-03T23:59:59+02:00,125,122,17151,15738,30652,28566,40897,42848,65297,69420,83582,84243,65537,71412,48316,58621,14006,23920,6,5,6050,5675,10583,11473,12318,17085,16331,25298,21228,25983,34445,38626,36497,44640,11106,18955,504199,238959,64874,35751,180244,50470,11084,53,40
2021-06-02T23:59:59+02:00,96,79,16808,15429,30338,28300,40229,42226,63705,68026,82643,83441,65396,71248,48256,58539,14003,23905,6,4,5932,5583,10405,11313,12088,16867,16035,24991,20881,25586,31196,35001,36269,44418,11077,18902,496685,230248,64870,35418,180242,50030,10818,53,40
2021-06-01T23:59:59+02:00,38,44,16016,14761,28842,27194,37860,40161,60134,64842,80211,81119,65045,70884,48128,58350,13969,23851,6,4,5658,5306,9880,10882,11549,16271,15365,24195,20146,24823,30853,34702,36072,44240,11048,18840,478317,228775,63311,34912,180176,46522,9593,52,38
2021-05-31T23:59:59+02:00,30,36,15452,14287,27903,26493,35899,38497,56691,61811,78179,79416,64713,70527,47984,58175,13937,23799,6,3,5495,5102,9473,10517,11117,15788,14827,23507,19520,24117,30567,34447,35887,44047,11013,18783,462546,228085,62588,34525,180111,43036,8532,52,38
2021-05-30T23:59:59+02:00,28,33,15308,14158,27615,26258,35448,38087,55978,61194,77858,79142,64651,70470,47959,58140,13933,23788,6,3,5393,4904,9144,10155,10705,15299,14373,22701,18990,23342,29887,33732,35660,43854,10991,18720,459559,227612,62150,34445,180065,37545,8222,52,35
2021-05-29T23:59:59+02:00,26,32,14911,13767,26765,25446,33687,36499,54494,59896,77269,78577,64501,70320,47906,58087,13926,23774,6,3,5360,4829,9078,10039,10611,15180,14262,22550,18859,23202,29858,33709,35654,43846,10990,18717,449436,227119,62117,34445,180061,36937,8217,52,35
2021-05-28T23:59:59+02:00,23,31,14504,13367,25953,24704,31835,34738,52323,57889,76218,77581,64296,70068,47854,58010,13916,23751,6,3,5274,4714,8899,9895,10453,15007,14100,22311,18646,22901,29788,33661,35637,43829,10989,18712,437484,226440,61649,34439,179971,36006,7905,52,35
2021-05-27T23:59:59+02:00,19,26,13873,12898,24884,23983,30585,33809,50711,56512,73112,74595,63854,69530,47720,57848,13893,23695,6,3,5161,4480,8565,9554,10048,14571,13652,21674,18139,22303,29564,33456,35526,43716,10968,18683,425317,225779,59685,34368,179341,32735,7152,52,35
2021-05-26T23:59:59+02:00,18,24,13386,12475,23971,23335,29662,33105,49623,55585,70152,71401,63239,68919,47585,57678,13862,23649,6,3,5073,4318,8309,9239,9744,14183,13294,21072,17706,21700,29368,33288,35429,43610,10941,18631,414488,225161,57504,34251,178842,29684,6783,52,35
2021-05-25T23:59:59+02:00,18,19,13043,12177,23391,22927,28603,32241,47021,53345,67889,69274,62887,68552,47471,57529,13844,23595,6,3,4994,4196,8096,8976,9489,13805,12982,20550,17319,21148,29208,33131,35345,43504,10914,18576,402618,224597,56434,34169,178218,26937,6504,52,35
2021-05-24T23:59:59+02:00,17,18,12747,11896,22892,22547,27981,31788,44400,50913,65428,67083,62577,68253,47360,57403,13808,23538,6,3,4923,4087,7845,8741,9169,13420,12652,20036,16932,20587,29062,32989,35270,43432,10890,18527,390959,224006,55950,34103,177549,24288,6139,52,35
2021-05-23T23:59:59+02:00,17,18,12685,11828,22796,22462,27901,31708,44143,50685,64839,66534,62497,68165,47335,57385,13806,23536,6,3,4901,4072,7810,8710,9107,13385,12571,19973,16853,20531,29053,32974,35266,43424,10890,18525,388751,223716,55869,34095,177535,24077,6133,52,33
2021-05-22T23:59:59+02:00,17,18,12461,11590,22475,22153,26898,30820,42306,49108,63983,65793,62334,67974,47269,57294,13796,23513,6,3,4885,4017,7782,8645,9065,13319,12539,19887,16823,20462,29042,32964,35262,43418,10889,18524,380258,223621,55858,34095,177530,23679,6104,52,33
2021-05-21T23:59:59+02:00,17,17,12159,11338,21903,21709,26080,30128,39915,47213,62008,64124,62071,67701,47185,57206,13781,23487,6,3,4866,3989,7725,8559,8999,13231,12463,19794,16748,20375,29026,32938,35255,43407,10887,18523,369818,223422,54802,34080,177338,23227,6032,52,33
2021-05-20T23:59:59+02:00,16,17,11549,10766,20776,20807,24928,29098,38406,45934,59661,62050,61248,66801,46984,56946,13747,23431,6,3,4591,3811,7322,8269,8557,12834,12009,19282,16325,19852,28905,32840,35204,43353,10883,18513,359304,223012,52447,33969,176053,20236,5309,52,33
2021-05-19T23:59:59+02:00,16,17,11105,10451,19990,20253,24079,28499,37502,45248,56427,58411,60557,66098,46876,56812,13724,23384,6,3,4438,3653,7068,8027,8280,12504,11675,18849,15954,19431,28805,32728,35161,43277,10872,18498,348824,222523,50824,33851,174925,17999,4824,52,32
2021-05-18T23:59:59+02:00,16,17,10775,10166,19409,19802,23423,27938,36091,44015,55011,57280,60184,65671,46746,56651,13699,23359,6,3,4333,3526,6820,7790,8016,12220,11440,18445,15606,18997,28720,32636,35131,43236,10868,18491,343419,222228,48969,33769,173446,15888,4367,52,32
2021-05-17T23:59:59+02:00,15,16,10555,9985,18970,19511,22987,27625,34890,43022,53697,56239,59934,65423,46682,56552,13684,23325,6,3,4263,3439,6611,7571,7764,11924,11183,18049,15293,18589,28628,32547,35106,43195,10862,18477,339328,221923,47974,33700,171928,14022,3833,49,32
2021-05-16T23:59:59+02:00,15,15,10365,9856,18675,19307,22654,27384,34250,42561,52458,55068,59741,65258,46645,56498,13673,23305,6,3,4195,3366,6394,7405,7476,11668,10914,17696,14997,18225,28562,32485,35090,43177,10855,18473,336887,221668,47094,33639,170311,12260,3388,48,32
2021-05-15T23:59:59+02:00,15,15,10269,9756,18523,19159,22482,27239,33868,42193,52062,54690,59626,65112,46597,56453,13670,23289,6,3,4154,3330,6310,7339,7383,11565,10812,17576,14892,18094,28468,32367,34996,43085,10851,18468,334486,220576,47093,33636,170177,12241,3214,48,32
2021-05-14T23:59:59+02:00,14,15,9986,9553,18096,18919,22079,26950,31520,40413,49912,52835,59404,64883,46549,56368,13653,23268,6,3,4026,3247,6024,7174,7076,11340,10464,17224,14543,17766,27895,31661,34873,42893,10832,18440,325332,217275,47040,33630,169566,12118,2432,47,32
2021-05-13T23:59:59+02:00,14,15,9524,9184,17302,18353,21211,26266,30400,39422,47668,50662,58555,63908,46339,56085,13614,23194,6,3,3526,3053,5685,6921,6763,11029,10051,16832,14166,17329,26994,30461,34447,42374,10801,18379,316826,212664,45179,33072,167541,10928,2124,46,32
2021-05-12T23:59:59+02:00,14,15,9233,8989,16869,18094,20736,25976,29868,39036,44668,47016,57982,63266,46255,55971,13596,23169,6,3,3386,2965,5453,6810,6480,10881,9769,16623,13929,17062,26347,29637,34281,42181,10775,18345,307629,209627,44362,33046,167248,10760,1468,46,32
2021-05-11T23:59:59+02:00,14,13,8799,8713,16097,17576,19870,25355,28131,37593,42731,45510,57606,62818,46171,55836,13575,23141,6,3,3266,2834,5220,6470,6182,10466,9402,16064,13492,16501,24924,27966,33770,41553,10724,18257,302136,203645,41305,32863,164762,9260,1300,46,32
2021-05-10T23:59:59+02:00,14,12,8537,8560,15584,17319,19238,25034,27137,36902,41269,44364,57339,62543,46092,55732,13555,23110,6,2,3156,2708,4989,6236,5927,10142,9077,15586,13129,16078,23875,26634,33281,40968,10687,18199,298825,198986,40398,32834,162086,7843,987,45,30
2021-05-09T23:59:59+02:00,14,12,8381,8475,15278,17136,18855,24777,26469,36473,39489,42698,57043,62264,46036,55674,13547,23089,6,2,3035,2652,4807,6094,5758,9966,8879,15378,12959,15904,23598,26300,33136,40795,10677,18184,295848,197783,40018,32790,159089,6816,711,44,30
2021-05-08T23:59:59+02:00,14,12,8306,8402,15095,16989,18647,24578,26240,36234,39254,42506,56916,62114,45998,55637,13544,23078,6,2,3027,2631,4776,6058,5714,9920,8802,15312,12872,15834,23227,25872,32850,40481,10669,18168,294281,196592,39563,32075,158965,6813,711,44,30
2021-05-07T23:59:59+02:00,13,12,8134,8307,14769,16805,18256,24341,25815,35944,38794,42126,56641,61759,45949,55590,13537,23068,6,2,2728,2496,4428,5871,5443,9660,8486,15000,12476,15436,22127,24493,32201,39646,10641,18118,291737,193120,39132,30575,158633,5220,315,43,28
2021-05-06T23:59:59+02:00,12,12,7487,7950,13868,16202,17197,23484,24470,34830,36647,40460,55512,60437,45705,55284,13502,23001,6,2,2603,2383,4254,5674,5235,9354,8140,14559,12042,14982,20818,22817,31346,38637,10587,18004,281080,187496,37849,29615,156812,4028,278,41,26
2021-05-05T23:59:59+02:00,10,12,6949,7642,13086,15658,16160,22715,23081,33801,34816,38969,53668,58397,45383,54938,13469,22935,6,2,2515,2325,4078,5517,5043,9142,7792,14220,11672,14622,19426,21034,30150,37219,10547,17901,269610,181353,36924,28439,155015,3294,99,41,26
2021-05-04T23:59:59+02:00,10,11,6759,7552,12717,15482,15672,22444,22433,33456,33853,38267,52814,57434,45260,54811,13451,22894,6,2,2460,2255,3923,5347,4866,8888,7448,13811,11246,14163,17774,19104,29047,35887,10451,17781,265828,174525,36055,27498,153352,2365,46,39,25
2021-05-03T23:59:59+02:00,10,10,6613,7402,12339,15261,15164,22133,21720,33048,32699,37375,52511,57114,45164,54703,13436,22862,6,2,2400,2185,3829,5167,4726,8653,7230,13462,10925,13755,16569,17605,28167,34783,10387,17673,262522,168943,35592,27149,151377,1372,35,38,25
2021-05-02T23:59:59+02:00,10,10,6532,7312,12125,15089,14863,21901,21243,32727,31548,36426,52227,56822,45102,54612,13418,22831,6,2,2385,2178,3807,5134,4695,8617,7163,13391,10840,13662,16257,17209,27869,34478,10375,17659,260085,167370,35518,27035,149124,1265,34,37,23
2021-05-01T23:59:59+02:00,10,10,6514,7288,12061,15039,14783,21838,21140,32655,31421,36332,52221,56807,45098,54611,13416,22829,6,2,2382,2170,3783,5117,4654,8592,7126,13354,10779,13607,16059,16986,27754,34341,10372,17649,259511,166404,35517,27009,148974,1263,34,37,23
2021-04-30T23:59:59+02:00,10,10,6476,7250,11968,14944,14677,21718,20944,32468,31181,36141,51950,56447,45053,54558,13410,22817,6,2,2353,2150,3721,5054,4557,8481,6976,13172,10501,13343,15244,15959,26883,33268,10331,17561,257725,163194,35473,25117,148754,1195,33,37,23
2021-04-29T23:59:59+02:00,10,10,6271,7122,11646,14755,14321,21478,20424,32178,30427,35652,51301,55620,44961,54439,13384,22737,6,2,2314,2104,3628,4965,4433,8345,6783,12954,10224,13055,14270,14724,25577,31720,10268,17465,254531,157485,35378,24367,146758,931,32,37,22
2021-04-28T23:59:59+02:00,10,10,6008,6956,11264,14417,13826,21010,19780,31571,29258,34518,48633,52612,44667,54115,13321,22659,6,2,2276,2063,3559,4903,4317,8228,6621,12771,9974,12836,13127,13242,24084,29838,10206,17362,244562,151503,35252,23161,144766,714,18,37,19
2021-04-27T23:59:59+02:00,10,10,5905,6865,11108,14294,13624,20847,19498,31359,28695,34129,48425,52390,44611,54061,13312,22637,6,2,2234,2028,3469,4809,4224,8118,6455,12584,9691,12560,11912,11677,22429,27676,10127,17216,243174,144669,35205,21976,143347,536,18,36,18
2021-04-26T23:59:59+02:00,10,10,5856,6823,10990,14225,13461,20723,19269,31147,27859,33562,48087,52020,44556,53995,13303,22608,6,2,2212,2001,3414,4764,4162,8051,6351,12451,9502,12385,10995,10518,21148,25915,10066,17125,242431,139381,35178,21228,140842,425,18,35,16
2021-04-25T23:59:59+02:00,10,10,5811,6776,10885,14130,13299,20566,19021,30861,27096,32819,47589,51509,44472,53896,13289,22589,6,2,2187,1991,3383,4745,4143,8031,6318,12410,9445,12324,10833,10324,20906,25590,10056,17110,240714,138527,35134,20876,138728,367,18,34,16
2021-04-24T23:59:59+02:00,10,10,5789,6728,10806,14038,13200,20421,18886,30681,26934,32636,47486,51386,44379,53800,13285,22584,6,2,2180,1980,3358,4717,4104,7985,6247,12338,9314,12207,10676,10144,20772,25459,10040,17092,239222,138002,35116,20237,138669,348,18,34,16
2021-04-23T23:59:59+02:00,10,10,5727,6639,10672,13839,12996,20167,18573,30300,26534,32274,46537,50249,44225,53555,13262,22552,6,2,2162,1958,3316,4680,4054,7931,6153,12247,9150,12079,10409,9843,20447,25039,9991,17009,234812,136874,35057,19231,138200,337,18,34,16
2021-04-22T23:59:59+02:00,10,10,5626,6525,10462,13641,12643,19829,18057,29825,25901,31680,44808,48096,43654,52826,13216,22452,5,2,2148,1947,3276,4627,3977,7856,6023,12147,8891,11914,9975,9437,19989,24447,9941,16931,228553,134744,34944,18451,135712,305,18,34,15
2021-04-21T23:59:59+02:00,10,9,5527,6390,10232,13439,12310,19514,17555,29331,25184,30945,40526,43224,43176,52291,13149,22347,5,2,2135,1938,3240,4590,3922,7797,5940,12053,8715,11754,9643,9052,19489,23854,9875,16833,216415,133092,34881,17436,133811,280,18,34,11
2021-04-20T23:59:59+02:00,10,9,5449,6299,10037,13221,12034,19247,17132,28922,24626,30376,38772,41208,42520,51511,13078,22207,5,2,2110,1925,3198,4566,3855,7753,5809,11954,8543,11627,9359,8732,19015,23183,9778,16693,210164,131720,34791,16132,131651,226,18,34,11
2021-04-19T23:59:59+02:00,10,8,5369,6223,9876,13091,11829,19038,16769,28539,24080,29904,37213,39416,41928,50790,13023,22120,5,2,2094,1908,3162,4531,3814,7707,5769,11884,8458,11535,9121,8447,18607,22616,9731,16600,205125,130021,34733,15736,129316,205,18,34,11
2021-04-18T23:59:59+02:00,10,7,5306,6172,9745,13006,11629,18898,16487,28341,23670,29590,35897,38050,41574,50384,12989,22056,5,2,2081,1893,3135,4509,3787,7690,5725,11837,8407,11486,9023,8358,18453,22429,9718,16575,203571,129537,34691,15347,125498,200,18,33,11
2021-04-17T23:59:59+02:00,10,7,5300,6156,9711,12975,11582,18858,16410,28274,23606,29531,35585,37708,41465,50286,12983,22045,5,2,2071,1885,3108,4496,3729,7645,5655,11786,8321,11434,8912,8248,18347,22311,9697,16562,202340,128729,34682,15257,125419,199,18,33,11
2021-04-16T23:59:59+02:00,10,7,5235,6116,9624,12913,11446,18746,16198,28113,23254,29181,34500,36444,41052,49762,12963,22011,5,2,1938,1798,2878,4315,3370,7326,4880,11250,6825,10340,6376,6164,16527,20607,9501,16262,198167,119327,34592,10813,124767,196,17,32,11
2021-04-15T23:59:59+02:00,10,7,5169,6026,9420,12740,11151,18499,15700,27719,22562,28577,32598,34129,40003,48553,12882,21843,5,2,1895,1766,2810,4249,3250,7204,4662,11067,6447,10030,5917,5765,15935,19921,9309,15927,192336,116184,34538,9763,120667,187,17,30,10
2021-04-14T23:59:59+02:00,10,7,5107,5980,9253,12614,10935,18321,15295,27402,21909,28095,30667,31876,38785,47131,12807,21656,5,2,1811,1712,2727,4180,3138,7110,4459,10902,6137,9780,5440,5350,15352,19232,9105,15571,185946,113551,34398,8305,117459,130,17,30,10
2021-04-13T23:59:59+02:00,10,7,5059,5926,9114,12485,10757,18153,14950,27125,21386,27633,28560,29423,37518,45532,12664,21449,5,2,1767,1694,2690,4137,3084,7048,4325,10762,5867,9567,5100,5047,14901,18781,8969,15367,179036,112128,34332,6924,114337,34,17,29,10
2021-04-12T23:59:59+02:00,10,7,4995,5877,9006,12346,10550,18005,14628,26843,20845,27176,26519,27151,36356,44065,12535,21248,5,2,1732,1650,2660,4116,3056,6995,4266,10694,5764,9466,4933,4901,14600,18413,8857,15167,173311,111279,34252,5938,110553,33,17,29,10
2021-04-11T23:59:59+02:00,10,7,4959,5834,8911,12267,10390,17903,14364,26666,20418,26852,25315,25859,35652,43279,12446,21097,5,2,1723,1644,2638,4095,3031,6967,4231,10647,5677,9398,4840,4846,14484,18288,8818,15114,171522,111068,34178,5327,106484,27,16,29,10
2021-04-10T23:59:59+02:00,10,7,4947,5819,8869,12239,10334,17868,14296,26616,20321,26772,25000,25483,35304,42859,12439,21076,5,2,1719,1638,2628,4087,3017,6950,4201,10616,5618,9359,4762,4769,14355,18122,8771,15029,170304,110269,33452,5326,106458,27,16,29,10
2021-04-09T23:59:59+02:00,10,7,4900,5787,8785,12158,10208,17743,14127,26441,20060,26527,24158,24328,34347,41647,12406,21002,4,2,1691,1609,2571,4053,2945,6890,4051,10506,5361,9133,4346,4393,13784,17405,8542,14660,166924,106579,31935,5318,105742,27,12,28,10
2021-04-08T23:59:59+02:00,10,7,4825,5722,8638,12050,9994,17571,13728,26126,19457,26057,22448,22334,32652,39674,12256,20765,4,2,1661,1593,2517,4008,2861,6805,3904,10369,5067,8868,3885,3966,12789,16159,8056,13898,161152,101580,31028,4787,102095,23,12,27,10
2021-04-07T23:59:59+02:00,10,6,4778,5669,8454,11972,9767,17421,13409,25898,18985,25695,20636,20216,30889,37411,12138,20551,4,2,1628,1577,2462,3955,2800,6723,3796,10224,4876,8678,3619,3674,12098,15352,7680,13338,155101,98242,29849,4209,98921,14,11,23,10
2021-04-06T23:59:59+02:00,10,6,4729,5624,8311,11860,9607,17254,13090,25630,18465,25308,18781,18147,28962,34916,11935,20205,4,2,1592,1558,2438,3929,2766,6683,3733,10179,4793,8585,3508,3549,11620,14704,7393,12923,148243,95916,28884,4010,95680,13,11,22,9
2021-04-05T23:59:59+02:00,10,6,4698,5583,8215,11769,9468,17156,12877,25418,18063,24963,17053,16216,27334,32761,11787,19977,4,2,1570,1546,2407,3911,2736,6634,3690,10120,4705,8469,3395,3440,11277,14335,7235,12641,142818,94517,28450,3568,92055,12,11,20,9
2021-04-04T23:59:59+02:00,10,6,4691,5577,8206,11759,9454,17140,12851,25397,18035,24938,16921,16040,27139,32515,11778,19963,4,2,1568,1545,2405,3908,2733,6630,3688,10116,4700,8466,3386,3429,11266,14323,7231,12633,142098,94435,28357,3568,91938,12,9,18,9
2021-04-03T23:59:59+02:00,10,6,4687,5569,8192,11752,9435,17120,12812,25365,17957,24874,16841,15950,27092,32458,11773,19956,4,2,1565,1543,2396,3900,2715,6616,3665,10088,4617,8411,3269,3314,11184,14249,7225,12623,141567,93788,28329,3568,91926,12,9,18,9
2021-04-02T23:59:59+02:00,10,6,4662,5549,8133,11698,9370,17051,12672,25258,17720,24672,16388,15473,26616,31881,11741,19901,4,2,1563,1534,2381,3895,2708,6600,3644,10056,4547,8318,3199,3245,10946,13946,7074,12420,140352,92489,26914,3564,91508,12,9,18,8
2021-04-01T23:59:59+02:00,9,6,4619,5488,8021,11555,9240,16891,12397,24971,17275,24272,15634,14746,25856,30920,11614,19718,4,2,1546,1514,2352,3862,2685,6571,3605,10017,4480,8253,3086,3114,10010,12827,6458,11568,138103,88470,26248,3458,88857,11,7,17,8
2021-03-31T23:59:59+02:00,9,6,4407,5408,7909,11432,9098,16724,12177,24693,16920,23907,14937,13981,25022,29909,11505,19518,4,2,1537,1509,2338,3842,2657,6542,3555,9969,4408,8181,2994,3024,9435,12123,6093,11071,136297,86027,24782,3232,86461,11,6,16,8
2021-03-30T23:59:59+02:00,9,6,4376,5356,7833,11305,9011,16567,12016,24503,16634,23595,14336,13337,24262,28923,11366,19273,4,2,1523,1499,2317,3817,2631,6512,3514,9904,4341,8110,2867,2876,8840,11463,5740,10575,134806,83689,23565,2826,84315,6,6,16,8
2021-03-29T23:59:59+02:00,9,6,4336,5303,7733,11193,8903,16401,11853,24230,16304,23247,13793,12737,23498,27946,11206,19024,4,2,1504,1486,2298,3801,2608,6484,3480,9844,4277,8035,2814,2808,8548,11075,5551,10262,132954,82294,22803,2567,81943,6,6,16,8
2021-03-28T23:59:59+02:00,9,6,4301,5219,7648,11085,8822,16246,11718,24000,16044,22974,13464,12426,22925,27250,11032,18738,4,2,1494,1479,2276,3785,2593,6454,3441,9794,4240,7976,2766,2757,8469,10969,5506,10195,132452,81943,22275,2238,79158,5,6,16,8
2021-03-27T23:59:59+01:00,9,6,4287,5208,7622,11053,8756,16173,11619,23905,15898,22858,13260,12213,22722,27036,10997,18709,4,2,1493,1477,2273,3783,2592,6453,3427,9767,4230,7953,2757,2751,8411,10905,5471,10155,131568,81647,21630,2238,79111,5,6,16,8
2021-03-26T23:59:59+01:00,9,6,4243,5140,7512,10919,8581,15988,11281,23600,15284,22355,12339,11383,21930,26189,10850,18480,2,2,1488,1463,2268,3762,2579,6430,3410,9741,4189,7917,2727,2712,8230,10686,5350,9984,127496,80797,20018,2124,78553,5,6,16,8
2021-03-25T23:59:59+01:00,9,5,4188,4978,7348,10640,8335,15579,10896,22976,14639,21655,11666,10720,21059,25120,10531,17934,2,2,1468,1450,2235,3735,2544,6392,3373,9694,4118,7835,2592,2572,7251,9424,4731,9066,124202,76581,19236,1885,74820,5,5,15,8
2021-03-24T23:59:59+01:00,9,5,4112,4838,7211,10351,8119,15166,10632,22426,14167,21044,11060,10159,20122,24030,10198,17367,2,2,1447,1421,2208,3697,2500,6355,3331,9629,4039,7735,2491,2475,6600,8656,4345,8484,121594,73942,18041,1462,71366,3,2,13,8
2021-03-23T23:59:59+01:00,9,5,4072,4745,7104,10110,7967,14824,10369,21921,13765,20551,10592,9718,19395,23177,9883,16900,2,2,1436,1403,2182,3676,2480,6327,3271,9575,3945,7659,2397,2374,5871,7725,3892,7791,120128,70864,16932,1132,68033,3,1,13,8
2021-03-22T23:59:59+01:00,9,5,4019,4666,6974,9869,7806,14502,10109,21453,13414,20049,10200,9361,18824,22466,9689,16552,2,1,1427,1396,2175,3662,2468,6311,3247,9552,3915,7625,2336,2323,5414,7114,3530,7298,119228,68742,16529,1042,64196,3,1,13,8
2021-03-21T23:59:59+01:00,9,5,3972,4564,6842,9604,7638,14142,9887,20911,13071,19523,9880,9082,18287,21864,9499,16239,2,1,1424,1392,2174,3651,2464,6303,3241,9543,3905,7611,2322,2304,5297,6982,3472,7197,119021,68231,16132,1042,59852,3,1,13,8
2021-03-20T23:59:59+01:00,9,5,3961,4544,6805,9549,7580,14068,9803,20801,12965,19433,9793,8989,18147,21686,9448,16152,2,1,1421,1387,2170,3647,2459,6298,3227,9533,3885,7601,2287,2272,4969,6608,3283,6955,118187,66951,16037,1042,59500,3,1,13,8
2021-03-19T23:59:59+01:00,8,5,3787,4403,6513,9299,7139,13642,8891,20070,11234,18105,6930,6634,15889,19481,9086,15587,2,1,1417,1383,2165,3640,2447,6285,3214,9507,3833,7555,2220,2231,4594,6134,3014,6630,108872,65252,11311,1009,56506,3,1,13,7
2021-03-18T23:59:59+01:00,8,4,3683,4272,6336,8991,6869,13203,8501,19412,10596,17365,6211,5982,14664,18008,8567,14761,2,1,1413,1377,2142,3613,2429,6249,3185,9465,3794,7522,2175,2197,4172,5601,2732,6215,103725,63372,10305,901,53389,3,1,13,7
2021-03-17T23:59:59+01:00,8,4,3604,4198,6206,8844,6697,13026,8202,19102,10191,16974,5802,5596,13844,17080,8167,14172,2,1,1403,1364,2126,3593,2399,6217,3154,9437,3757,7485,2120,2137,3762,5155,2479,5826,100473,61639,8612,767,52618,3,1,13,7
2021-03-16T23:59:59+01:00,8,4,3526,4066,6051,8574,6490,12656,7890,18518,9642,16318,5273,5140,13024,16117,7828,13672,2,1,1394,1355,2117,3576,2383,6202,3138,9418,3732,7459,2093,2100,3241,4514,2139,5313,98138,59403,7200,763,49445,3,1,13,7
2021-03-15T23:59:59+01:00,8,4,3478,3920,5864,8299,6271,12243,7613,17945,9206,15693,4956,4855,12365,15375,7563,13210,2,1,1394,1345,2101,3561,2363,6178,3119,9369,3708,7420,2056,2049,2873,4051,1852,4918,96637,57605,6220,745,45998,3,0,13,7
2021-03-14T23:59:59+01:00,8,4,3432,3787,5635,7970,5981,11796,7304,17225,8745,14942,4632,4580,12077,15119,7514,13110,2,1,1387,1340,2085,3532,2350,6129,3101,9310,3690,7381,2049,2038,2795,3943,1799,4832,96510,57204,5605,550,41733,3,0,13,7
2021-03-13T23:59:59+01:00,8,4,3415,3746,5594,7854,5920,11674,7217,17077,8596,14786,4481,4430,11986,15034,7508,13099,2,1,1387,1340,2085,3532,2349,6129,3100,9308,3689,7381,2046,2030,2742,3887,1765,4778,95816,56992,5605,550,40995,2,0,13,7
2021-03-12T23:59:59+01:00,8,4,3395,3676,5537,7716,5860,11522,7130,16850,8461,14553,4375,4333,11712,14708,7352,12881,2,1,1387,1340,2081,3526,2348,6121,3095,9302,3687,7376,2044,2028,2654,3776,1681,4689,94389,56579,5597,550,40075,2,0,12,7
2021-03-11T23:59:59+01:00,8,4,3317,3483,5328,7420,5629,11104,6791,16180,8022,13914,4031,3997,10632,13447,6693,11968,2,1,1382,1338,2070,3512,2329,6096,3072,9267,3663,7343,2014,2003,2415,3510,1524,4469,90181,55484,5162,518,36613,2,0,12,6
2021-03-10T23:59:59+01:00,8,4,3221,3365,5109,7148,5416,10741,6520,15633,7681,13367,3806,3768,9984,12654,6305,11432,2,1,1377,1327,2043,3474,2300,6006,3024,9144,3606,7223,1970,1926,2199,3273,1392,4273,87703,54268,4786,284,33661,2,0,12,6
2021-03-09T23:59:59+01:00,7,4,3147,3237,4942,6961,5212,10456,6288,15197,7384,12858,3622,3561,9347,11950,5926,10906,2,1,1370,1316,2009,3414,2269,5904,2962,9002,3538,7141,1940,1900,1919,2955,1220,4026,85410,52844,4521,36,31062,2,0,12,6
2021-03-08T23:59:59+01:00,7,4,3083,3081,4711,6697,4970,10102,6027,14683,7022,12272,3420,3368,8953,11507,5728,10588,2,1,1367,1298,1995,3336,2238,5807,2924,8856,3505,7046,1925,1878,1716,2723,1096,3831,83929,51504,4149,34,28134,0,0,11,6
2021-03-07T23:59:59+01:00,7,4,3050,3021,4638,6582,4886,9989,5922,14519,6904,12124,3369,3321,8864,11398,5687,10521,2,1,1361,1293,1989,3324,2230,5782,2917,8817,3493,7027,1917,1866,1661,2655,1045,3762,83566,51102,3971,34,27258,0,0,11,6
2021-03-06T23:59:59+01:00,6,4,3036,2963,4596,6490,4849,9922,5864,14400,6856,12012,3345,3298,8807,11332,5652,10478,2,1,1359,1280,1984,3310,2218,5755,2914,8790,3482,7008,1907,1842,1633,2631,1039,3753,83241,50868,3971,34,26687,0,0,11,6
2021-03-05T23:59:59+01:00,6,4,3012,2870,4537,6378,4785,9824,5801,14247,6753,11859,3300,3243,8621,11104,5529,10302,2,1,1350,1247,1952,3255,2193,5649,2874,8656,3438,6870,1863,1796,1569,2561,1017,3725,82333,49978,3963,34,25868,0,0,11,6
2021-03-04T23:59:59+01:00,4,4,2960,2681,4379,6139,4566,9511,5594,13830,6440,11470,3124,3067,7600,9808,4894,9382,2,1,1331,1198,1915,3132,2161,5467,2828,8379,3381,6637,1791,1706,1532,2509,1012,3707,78157,48650,3689,33,23596,0,0,11,6
2021-03-03T23:59:59+01:00,3,4,2921,2610,4239,5948,4399,9243,5390,13451,6185,11051,2998,2934,6950,9029,4496,8772,2,1,1319,1162,1888,3059,2139,5356,2798,8200,3328,6479,1723,1663,1490,2439,992,3652,75422,47652,3446,33,21744,0,0,11,5
2021-03-02T23:59:59+01:00,3,4,2861,2519,4051,5729,4194,8972,5192,13071,5916,10675,2850,2772,6183,8064,4023,8062,2,1,1286,1120,1861,2987,2115,5214,2748,7927,3279,6281,1649,1603,1424,2359,968,3601,72245,46387,2990,33,19895,0,0,11,5
2021-03-01T23:59:59+01:00,3,3,2822,2456,3887,5576,4008,8753,5003,12752,5677,10282,2748,2657,5688,7407,3657,7551,2,1,1280,1084,1838,2886,2089,5020,2707,7677,3219,6045,1606,1567,1375,2298,938,3558,70073,45152,2681,33,18165,0,0,11,5
2021-02-28T23:59:59+01:00,3,3,2780,2408,3729,5458,3785,8563,4820,12501,5490,9976,2691,2583,5566,7251,3595,7450,2,1,1276,1079,1833,2873,2080,4996,2700,7641,3209,6028,1597,1560,1369,2289,935,3548,69593,44979,2459,32,16589,0,0,11,5
2021-02-27T23:59:59+01:00,3,2,2767,2347,3703,5378,3751,8489,4786,12407,5455,9902,2650,2549,5231,6862,3394,7198,2,1,1269,1071,1826,2861,2067,4961,2681,7576,3193,5972,1579,1550,1363,2278,933,3547,68270,44694,2459,31,16134,0,0,11,5
2021-02-26T23:59:59+01:00,3,2,2747,2306,3663,5290,3685,8385,4723,12296,5368,9814,2573,2496,4847,6379,3115,6864,2,1,1212,1021,1776,2755,2018,4780,2625,7301,3120,5762,1518,1499,1340,2256,919,3538,66447,43408,2332,30,15767,0,0,10,5
2021-02-25T23:59:59+01:00,3,2,2576,2199,3476,5108,3500,8158,4520,12009,5149,9539,2484,2430,4398,5824,2826,6436,2,1,1196,964,1745,2646,1964,4506,2556,6904,3025,5475,1472,1456,1319,2241,916,3529,64580,41885,2005,27,14042,0,0,10,5
2021-02-24T23:59:59+01:00,3,2,2423,2066,3287,4914,3354,7952,4322,11753,4928,9288,2347,2310,3939,5312,2563,6037,1,1,1181,935,1722,2561,1928,4366,2496,6648,2972,5269,1441,1425,1301,2220,912,3506,62799,40861,1527,19,12464,0,0,10,5
2021-02-23T23:59:59+01:00,3,2,2295,1928,3108,4687,3201,7713,4147,11482,4744,9040,2258,2216,3381,4647,2218,5517,1,1,1167,887,1689,2466,1889,4175,2428,6348,2874,5009,1383,1369,1272,2176,896,3479,60578,39488,1174,16,10825,0,0,10,5
2021-02-22T23:59:59+01:00,3,2,2255,1877,3024,4594,3131,7604,4053,11295,4636,8915,2206,2175,3010,4179,1930,5132,1,1,1155,828,1657,2340,1847,3929,2352,5953,2749,4711,1320,1316,1249,2142,888,3454,58895,37881,1087,6,10029,0,0,10,5
2021-02-21T23:59:59+01:00,3,2,2219,1846,2972,4525,3051,7491,3972,11150,4570,8798,2191,2152,2926,4064,1874,5044,1,1,1152,810,1640,2288,1820,3822,2319,5797,2686,4585,1289,1293,1239,2128,881,3439,58462,37179,1054,6,9324,0,0,10,5
2021-02-20T23:59:59+01:00,3,2,2207,1843,2949,4512,3035,7455,3946,11117,4549,8776,2188,2144,2872,4007,1839,4989,1,1,1152,807,1640,2286,1819,3813,2318,5792,2685,4581,1288,1290,1238,2125,880,3438,58246,37143,1053,6,9124,0,0,10,5
2021-02-19T23:59:59+01:00,2,2,2195,1829,2913,4460,3010,7369,3901,11035,4495,8713,2180,2138,2781,3893,1754,4895,1,1,1102,798,1601,2278,1808,3804,2308,5771,2677,4568,1282,1279,1227,2120,875,3431,57824,36921,1021,5,8710,0,0,10,5
2021-02-18T23:59:59+01:00,2,2,2064,1734,2756,4277,2886,7170,3764,10748,4356,8508,2146,2104,2538,3621,1596,4672,1,1,1023,762,1529,2179,1759,3681,2235,5613,2620,4483,1268,1258,1220,2105,861,3413,56749,36002,953,4,7233,0,0,9,5
2021-02-17T23:59:59+01:00,2,2,2020,1686,2665,4146,2776,6958,3612,10407,4214,8265,2087,2020,2320,3392,1469,4479,1,1,871,697,1416,2054,1682,3490,2138,5385,2548,4310,1234,1212,1194,2060,845,3368,55677,34498,807,3,6027,0,0,9,5
2021-02-16T23:59:59+01:00,2,2,1850,1575,2491,3938,2635,6683,3451,10053,4036,7959,2042,1993,2038,3072,1295,4226,1,1,844,675,1346,1976,1613,3349,2043,5211,2453,4176,1172,1166,1134,1970,812,3265,54336,33200,771,2,4225,0,0,9,5
2021-02-15T23:59:59+01:00,2,2,1815,1520,2403,3767,2558,6411,3329,9685,3921,7689,2016,1964,1819,2831,1169,4033,1,1,826,663,1316,1929,1571,3280,1985,5038,2389,4075,1113,1125,1067,1879,793,3161,53226,32207,755,1,2944,0,0,9,4
2021-02-14T23:59:59+01:00,2,2,1725,1490,2355,3706,2516,6317,3258,9581,3874,7611,2005,1954,1761,2771,1119,3973,1,1,811,653,1300,1906,1544,3257,1951,4997,2363,4019,1103,1115,1060,1870,790,3149,52887,31886,726,1,2398,0,0,9,3
2021-02-13T23:59:59+01:00,2,2,1724,1478,2345,3699,2510,6303,3255,9565,3867,7601,1996,1934,1737,2751,1115,3963,1,1,811,653,1300,1906,1544,3257,1951,4997,2363,4019,1103,1115,1060,1870,790,3149,52730,31886,726,1,2382,0,0,9,3
2021-02-12T23:59:59+01:00,2,2,1645,1393,2244,3585,2431,6130,3150,9327,3743,7335,1948,1876,1673,2680,1092,3934,1,1,804,645,1288,1883,1531,3238,1943,4966,2347,3999,1098,1110,1059,1851,790,3118,51786,31669,726,0,1669,0,0,9,3
2021-02-11T23:59:59+01:00,2,2,1450,1258,2063,3373,2303,5838,2999,8893,3586,6987,1875,1774,1631,2616,1072,3911,1,1,775,597,1193,1704,1404,2960,1803,4604,2181,3709,1045,1046,1015,1773,749,2975,50386,29534,685,0,553,0,0,9,1
2021-02-10T23:59:59+01:00,2,2,1357,1211,1979,3246,2234,5666,2917,8614,3475,6755,1805,1727,1583,2549,1053,3848,1,1,565,513,971,1478,1261,2649,1618,4144,1977,3327,925,918,882,1514,657,2633,49208,26033,646,0,161,0,0,8,1
2021-02-09T23:59:59+01:00,2,2,1322,1162,1944,3152,2206,5481,2850,8274,3405,6497,1731,1665,1521,2488,1034,3806,1,1,303,380,756,1212,1075,2271,1412,3604,1727,2871,759,756,708,1207,523,2128,47939,21693,516,0,80,0,0,7,1
2021-02-08T23:59:59+01:00,2,2,1315,1127,1912,3035,2169,5259,2798,7995,3346,6261,1688,1631,1472,2433,1017,3783,1,1,267,341,653,1059,970,2055,1253,3211,1531,2555,657,636,606,1019,451,1842,46813,19107,346,0,79,0,0,7,1
2021-02-07T23:59:59+01:00,2,2,1289,1111,1882,2983,2143,5177,2768,7892,3304,6195,1672,1615,1457,2414,1005,3768,1,1,233,286,604,969,909,1900,1163,2983,1433,2383,616,616,584,984,441,1811,46527,17917,145,0,0,0,0,7,0
2021-02-06T23:59:59+01:00,2,2,1284,1105,1876,2971,2134,5149,2755,7848,3293,6150,1659,1607,1452,2404,1002,3767,1,1,214,255,582,930,881,1835,1120,2864,1376,2300,600,597,577,984,441,1811,46308,17369,145,0,0,0,0,7,0
2021-02-05T23:59:59+01:00,2,2,1225,1053,1827,2863,2082,4953,2694,7552,3216,5934,1596,1552,1435,2380,994,3761,1,1,197,222,546,879,845,1755,1082,2744,1323,2200,566,573,565,960,429,1786,44969,16674,145,0,0,0,0,7,0
2021-02-04T23:59:59+01:00,2,2,1213,990,1786,2715,2010,4641,2612,7104,3116,5605,1551,1519,1418,2363,989,3750,1,1,168,170,472,759,746,1614,969,2505,1209,1986,520,520,517,904,408,1666,43343,15135,37,0,0,0,0,6,0
2021-02-03T23:59:59+01:00,2,2,1195,961,1756,2635,1971,4493,2546,6842,3064,5391,1514,1487,1388,2328,970,3720,1,1,139,141,397,646,630,1376,823,2127,1011,1694,400,384,373,682,288,1259,42222,12372,37,0,0,0,0,6,0
2021-02-02T23:59:59+01:00,2,2,1178,905,1722,2534,1930,4273,2473,6510,2958,5119,1460,1440,1364,2297,960,3695,1,1,116,116,321,524,524,1137,678,1796,822,1385,299,280,292,500,225,947,40779,9964,37,0,0,0,0,6,0
2021-02-01T23:59:59+01:00,1,2,1165,845,1687,2410,1879,4028,2396,6119,2836,4823,1392,1357,1334,2251,947,3666,0,0,83,76,221,353,351,744,430,1159,480,863,186,170,171,298,126,562,39095,6273,37,0,0,0,0,6,0
2021-01-31T23:59:59+01:00,1,2,1161,827,1670,2353,1854,3906,2364,5935,2769,4702,1361,1334,1323,2235,940,3650,0,0,72,70,187,281,273,577,341,905,398,696,160,155,159,289,122,548,38347,5233,34,0,0,0,0,6,0
2021-01-30T23:59:59+01:00,1,2,1161,824,1669,2348,1852,3895,2362,5924,2766,4692,1360,1330,1322,2234,940,3649,0,0,69,63,154,234,245,509,306,787,355,621,159,148,154,285,122,547,38292,4758,33,0,0,0,0,6,0
2021-01-29T23:59:59+01:00,1,2,1110,815,1630,2340,1841,3888,2354,5909,2758,4681,1356,1327,1318,2234,940,3649,0,0,61,45,117,179,201,353,250,639,310,493,148,139,143,275,119,546,38116,4018,31,0,0,0,0,6,0
2021-01-28T23:59:59+01:00,1,2,1035,789,1574,2277,1808,3819,2307,5837,2725,4629,1344,1315,1308,2228,928,3635,0,0,39,20,75,106,132,206,155,383,202,296,115,106,117,221,107,496,37527,2776,28,0,0,0,0,6,0
2021-01-27T23:59:59+01:00,1,2,888,737,1479,2202,1740,3706,2234,5708,2667,4503,1314,1269,1279,2189,912,3599,0,0,30,13,63,88,106,162,122,326,175,250,107,88,104,201,103,459,36405,2397,19,0,0,0,0,5,0
2021-01-26T23:59:59+01:00,1,2,873,717,1416,2127,1679,3576,2146,5536,2579,4391,1255,1229,1229,2115,887,3538,0,0,29,12,60,85,102,156,118,311,174,240,104,82,97,180,92,409,35277,2251,14,0,0,0,0,5,0
2021-01-25T23:59:59+01:00,1,2,861,696,1384,2066,1646,3479,2100,5366,2522,4299,1201,1204,1174,2055,870,3472,0,0,27,12,57,85,99,154,117,309,173,240,103,81,96,179,90,406,34389,2228,5,0,0,0,0,4,0
2021-01-24T23:59:59+01:00,1,2,858,695,1378,2055,1641,3462,2092,5341,2510,4267,1197,1196,1169,2048,869,3466,0,0,27,12,57,85,98,153,117,309,173,239,103,81,96,179,90,405,34239,2224,5,0,0,0,0,3,0
2021-01-23T23:59:59+01:00,1,2,858,695,1378,2055,1640,3462,2092,5341,2510,4267,1197,1196,1169,2048,869,3466,0,0,27,12,57,85,98,153,117,309,172,239,103,81,96,179,90,405,34239,2223,4,0,0,0,0,3,0
2021-01-22T23:59:59+01:00,1,2,857,685,1364,2032,1625,3438,2079,5307,2494,4247,1195,1191,1168,2025,868,3432,0,0,27,12,57,85,98,153,117,309,171,239,103,81,96,179,90,405,34003,2222,4,0,0,0,0,3,0
2021-01-21T23:59:59+01:00,1,2,825,649,1287,1877,1524,3245,1983,5035,2384,4047,1154,1131,1139,1955,830,3311,0,0,25,11,53,80,90,144,107,280,157,216,89,72,85,155,74,345,32375,1983,3,0,0,0,0,1,0
2021-01-20T23:59:59+01:00,1,2,626,551,1093,1660,1386,2971,1806,4629,2179,3706,1025,1012,1009,1714,753,3007,0,0,23,11,52,76,87,143,99,267,146,197,78,65,79,130,62,307,29126,1822,3,0,0,0,0,1,0
2021-01-19T23:59:59+01:00,1,2,341,407,844,1404,1182,2623,1570,4100,1915,3257,850,842,838,1425,631,2565,0,0,19,8,37,53,58,78,73,180,103,134,58,50,51,96,47,238,24794,1283,2,0,0,0,0,1,0
2021-01-18T23:59:59+01:00,1,2,300,371,731,1215,1064,2369,1377,3599,1674,2876,709,690,677,1169,527,2120,0,0,8,4,12,18,20,26,24,52,25,47,13,11,13,33,11,72,21469,389,1,0,0,0,0,1,0
2021-01-17T23:59:59+01:00,1,2,258,319,664,1119,984,2198,1279,3326,1560,2664,663,660,648,1109,499,2052,0,0,0,0,1,0,3,2,2,1,2,2,1,4,1,0,0,1,20004,20,1,0,0,0,0,0,0
2021-01-16T23:59:59+01:00,1,2,241,289,648,1083,960,2136,1237,3215,1509,2590,647,642,640,1109,499,2051,0,0,0,0,0,0,1,2,1,1,1,2,0,1,1,0,0,1,19498,11,1,0,0,0,0,0,0
2021-01-15T23:59:59+01:00,1,2,225,255,618,1031,933,2058,1203,3097,1457,2493,616,616,633,1088,492,2039,0,0,0,0,0,0,0,0,0,0,0,0,0,0,0,0,0,0,18857,0,0,0,0,0,0,0,0
2021-01-14T23:59:59+01:00,1,2,195,206,557,908,844,1913,1108,2875,1342,2308,572,572,593,1042,485,1993,0,0,0,0,0,0,0,0,0,0,0,0,0,0,0,0,0,0,17516,0,0,0,0,0,0,0,0
2021-01-13T23:59:59+01:00,1,2,166,185,508,836,771,1787,1009,2638,1187,2083,456,453,451,824,369,1552,0,0,0,0,0,0,0,0,0,0,0,0,0,0,0,0,0,0,15278,0,0,0,0,0,0,0,0
2021-01-12T23:59:59+01:00,1,2,142,164,477,767,719,1632,920,2435,1079,1851,366,344,351,591,270,1115,0,0,0,0,0,0,0,0,0,0,0,0,0,0,0,0,0,0,13226,0,0,0,0,0,0,0,0
2021-01-11T23:59:59+01:00,0,1,113,127,401,637,629,1378,757,1977,847,1462,228,203,201,357,153,673,0,0,0,0,0,0,0,0,0,0,0,0,0,0,0,0,0,0,10144,0,0,0,0,0,0,0,0
2021-01-10T23:59:59+01:00,0,1,87,92,310,458,473,1000,548,1449,623,1065,190,179,184,344,147,659,0,0,0,0,0,0,0,0,0,0,0,0,0,0,0,0,0,0,7809,0,0,0,0,0,0,0,0
2021-01-09T23:59:59+01:00,0,1,77,84,263,396,402,867,481,1232,547,908,183,169,179,339,147,657,0,0,0,0,0,0,0,0,0,0,0,0,0,0,0,0,0,0,6932,0,0,0,0,0,0,0,0
2021-01-08T23:59:59+01:00,0,1,64,64,190,288,304,585,367,934,440,689,175,164,163,327,145,657,0,0,0,0,0,0,0,0,0,0,0,0,0,0,0,0,0,0,5557,0,0,0,0,0,0,0,0
2021-01-07T23:59:59+01:00,0,0,45,25,81,122,140,231,165,421,222,344,130,128,144,277,131,602,0,0,0,0,0,0,0,0,0,0,0,0,0,0,0,0,0,0,3208,0,0,0,0,0,0,0,0
2021-01-06T23:59:59+01:00,0,0,33,18,70,93,119,180,137,344,193,279,111,99,115,227,112,517,0,0,0,0,0,0,0,0,0,0,0,0,0,0,0,0,0,0,2647,0,0,0,0,0,0,0,0
2021-01-05T23:59:59+01:00,0,0,30,13,60,89,108,166,121,329,179,256,109,94,114,220,109,499,0,0,0,0,0,0,0,0,0,0,0,0,0,0,0,0,0,0,2496,0,0,0,0,0,0,0,0
2021-01-04T23:59:59+01:00,0,0,27,12,57,86,100,158,116,314,177,244,108,90,107,206,99,461,0,0,0,0,0,0,0,0,0,0,0,0,0,0,0,0,0,0,2362,0,0,0,0,0,0,0,0
2021-01-03T23:59:59+01:00,0,0,27,12,57,86,100,158,116,314,177,244,108,90,106,205,99,461,0,0,0,0,0,0,0,0,0,0,0,0,0,0,0,0,0,0,2360,0,0,0,0,0,0,0,0
2021-01-02T23:59:59+01:00,0,0,27,12,57,86,100,158,116,314,176,244,108,90,106,205,99,461,0,0,0,0,0,0,0,0,0,0,0,0,0,0,0,0,0,0,2359,0,0,0,0,0,0,0,0
2021-01-01T23:59:59+01:00,0,0,27,12,57,86,100,158,116,314,174,243,108,90,106,205,99,461,0,0,0,0,0,0,0,0,0,0,0,0,0,0,0,0,0,0,2356,0,0,0,0,0,0,0,0
2020-12-31T23:59:59+01:00,0,0,27,12,57,86,100,158,116,314,174,243,108,90,106,205,99,461,0,0,0,0,0,0,0,0,0,0,0,0,0,0,0,0,0,0,2356,0,0,0,0,0,0,0,0
2020-12-30T23:59:59+01:00,0,0,26,12,57,85,99,155,116,313,174,243,108,90,106,205,99,461,0,0,0,0,0,0,0,0,0,0,0,0,0,0,0,0,0,0,2349,0,0,0,0,0,0,0,0
2020-12-29T23:59:59+01:00,0,0,20,9,42,60,76,91,86,218,128,191,83,77,77,171,80,373,0,0,0,0,0,0,0,0,0,0,0,0,0,0,0,0,0,0,1782,0,0,0,0,0,0,0,0
2020-12-28T23:59:59+01:00,0,0,9,6,18,30,31,45,40,113,53,103,36,42,39,98,43,211,0,0,0,0,0,0,0,0,0,0,0,0,0,0,0,0,0,0,917,0,0,0,0,0,0,0,0
2020-12-27T23:59:59+01:00,0,0,2,2,4,5,7,11,10,24,6,23,6,7,7,25,5,56,0,0,0,0,0,0,0,0,0,0,0,0,0,0,0,0,0,0,200,0,0,0,0,0,0,0,0
