Datum,<15_m,<15_w,15-24_1_m,15-24_1_w,25-34_1_m,25-34_1_w,35-44_1_m,35-44_1_w,45-54_1_m,45-54_1_w,55-64_1_m,55-64_1_w,65-74_1_m,65-74_1_w,75-84_1_m,75-84_1_w,>84_1_m,>84_1_w,<24_2_m,<24_2_w,25-34_2_m,25-34_2_w,35-44_2_m,35-44_2_w,45-54_2_m,45-54_2_w,55-64_2_m,55-64_2_w,65-74_2_m,65-74_2_w,75-84_2_m,75-84_2_w,>84_2_m,>84_2_w,bp_1,bp_2,mo_1,mo_2,az_1,az_2,ja,unb_1,unb_2
2021-10-10T23:59:59+02:00,10646,9933,60423,56833,66679,62315,75371,76491,96719,98711,108056,106928,74178,80499,52167,64003,15075,25975,55081,52016,62383,57721,71437,71924,92475,94065,104102,103161,72222,78322,50814,62288,14544,24876,838479,791106,70789,68233,182596,175921,49186,38,52
2021-10-09T23:59:59+02:00,10645,9930,60414,56826,66667,62308,75366,76485,96714,98702,108051,106926,74178,80495,52167,64003,15075,25974,55060,51999,62371,57705,71427,71916,92467,94059,104096,103157,72219,78321,50814,62288,14544,24876,838422,790992,70784,68227,182595,175921,49173,38,52
2021-10-08T23:59:59+02:00,10594,9881,60320,56731,66594,62231,75312,76419,96669,98660,108019,106898,74168,80487,52160,63991,15070,25973,54959,51910,62296,57641,71361,71850,92418,94006,104068,103124,72211,78310,50807,62282,14542,24874,837748,790330,70758,68195,182595,175912,49124,38,52
2021-10-07T23:59:59+02:00,10532,9817,60173,56626,66508,62138,75237,76326,96599,98608,107958,106845,74147,80470,52150,63977,15064,25967,54831,51770,62196,57515,71256,71743,92337,93917,103984,103062,72164,78277,50787,62259,14530,24864,836846,789117,70748,68184,182594,175895,49002,38,52
2021-10-06T23:59:59+02:00,10478,9776,60042,56535,66425,62060,75161,76267,96537,98566,107911,106800,74124,80446,52130,63952,15060,25950,54690,51608,62105,57381,71161,71639,92232,93832,103893,102979,72126,78234,50762,62228,14520,24850,836018,787852,70737,68177,182592,175879,48894,38,52
2021-10-05T23:59:59+02:00,10412,9707,59906,56413,66325,61963,75081,76196,96461,98507,107864,106746,74103,80418,52118,63922,15052,25936,54505,51438,61993,57235,71048,71522,92123,93734,103824,102908,72074,78190,50738,62190,14512,24837,835075,786485,70722,68148,182589,175868,48765,38,52
2021-10-04T23:59:59+02:00,10352,9654,59764,56297,66202,61853,74994,76109,96374,98434,107803,106697,74080,80387,52097,63885,15046,25916,54335,51255,61881,57083,70923,71394,92043,93628,103727,102821,72038,78135,50693,62151,14502,24817,834025,785050,70709,68141,182586,175850,48645,38,52
2021-10-03T23:59:59+02:00,10308,9615,59712,56212,66141,61804,74937,76071,96345,98403,107771,106658,74068,80369,52081,63859,15040,25902,54221,51142,61800,56993,70835,71294,91977,93555,103663,102736,72004,78106,50674,62118,14495,24813,833503,784092,70704,68136,182573,175822,48537,38,52
2021-10-02T23:59:59+02:00,10303,9613,59704,56197,66125,61792,74929,76058,96340,98398,107769,106655,74067,80369,52080,63857,15040,25902,54207,51131,61787,56986,70832,71284,91973,93552,103661,102727,72001,78106,50673,62116,14494,24813,833430,784021,70693,68130,182573,175821,48523,38,52
2021-10-01T23:59:59+02:00,10248,9556,59550,56099,66049,61707,74849,75992,96289,98345,107710,106620,74051,80346,52069,63844,15039,25898,54093,51023,61732,56923,70785,71237,91920,93496,103626,102694,71988,78099,50669,62104,14492,24808,832599,783359,70674,68103,182571,175819,48437,38,52
2021-09-30T23:59:59+02:00,10177,9475,59416,55949,65921,61586,74749,75904,96186,98258,107623,106560,74026,80309,52053,63820,15035,25884,53948,50890,61640,56818,70694,71156,91842,93414,103555,102629,71954,78058,50650,62070,14492,24797,831531,782386,70644,68081,182567,175810,48208,38,52
2021-09-29T23:59:59+02:00,10106,9419,59286,55824,65804,61470,74669,75812,96090,98171,107559,106503,73987,80264,52045,63791,15030,25873,53795,50738,61526,56683,70599,71049,91749,93321,103459,102562,71904,78014,50625,62019,14485,24787,830558,781202,70614,68051,182564,175791,47985,38,52
2021-09-28T23:59:59+02:00,10023,9336,59146,55674,65641,61329,74564,75726,95984,98086,107478,106436,73937,80222,52023,63763,15022,25853,53643,50587,61389,56569,70508,70934,91672,93243,103384,102484,71863,77976,50602,61986,14481,24776,829395,780150,70602,68032,182560,175782,47703,38,52
2021-09-27T23:59:59+02:00,9964,9283,58994,55515,65502,61201,74475,75623,95881,97980,107389,106382,73891,80179,52004,63736,15014,25833,53491,50459,61267,56435,70415,70827,91570,93146,103300,102432,71814,77929,50580,61950,14474,24757,828346,779161,70585,68017,182555,175736,47370,38,52
2021-09-26T23:59:59+02:00,9923,9243,58909,55428,65424,61120,74419,75546,95818,97925,107342,106345,73865,80154,51990,63707,15004,25816,53392,50345,61183,56357,70339,70739,91500,93070,103246,102400,71785,77900,50558,61926,14468,24745,827705,778414,70567,68009,182539,175701,47177,38,52
2021-09-25T23:59:59+02:00,9915,9231,58891,55409,65408,61110,74409,75537,95812,97917,107332,106341,73865,80153,51989,63706,15004,25816,53366,50337,61169,56339,70327,70731,91494,93064,103236,102398,71785,77898,50558,61923,14468,24745,827627,778338,70560,68005,182537,175700,47131,38,52
2021-09-24T23:59:59+02:00,9863,9176,58779,55285,65308,61010,74320,75445,95727,97844,107273,106300,73837,80131,51981,63696,15003,25806,53262,50231,61095,56265,70254,70660,91424,93003,103163,102348,71759,77880,50547,61907,14463,24735,826744,777555,70542,67998,182531,175694,46976,38,52
2021-09-23T23:59:59+02:00,9776,9084,58541,55095,65132,60852,74195,75301,95583,97708,107164,106191,73792,80095,51961,63656,14991,25788,53084,50096,60976,56129,70138,70548,91306,92893,103070,102275,71725,77835,50529,61882,14450,24719,825343,776544,70489,67970,182527,175676,46553,38,52
2021-09-22T23:59:59+02:00,9692,9024,58354,54946,64971,60707,74075,75176,95456,97608,107064,106133,73748,80046,51934,63610,14971,25762,52940,49946,60856,56009,70047,70451,91212,92787,103007,102223,71684,77787,50500,61845,14436,24705,824079,775557,70470,67947,182517,175662,46218,38,52
2021-09-21T23:59:59+02:00,9624,8936,58205,54790,64825,60562,73940,75044,95319,97489,106970,106040,73714,79987,51915,63584,14963,25740,52796,49786,60738,55880,69946,70346,91105,92683,102913,102129,71645,77742,50473,61804,14427,24680,822804,774390,70453,67935,182513,175655,45884,38,52
2021-09-20T23:59:59+02:00,9564,8875,58068,54652,64665,60428,73822,74893,95190,97398,106883,105947,73652,79943,51888,63548,14950,25719,52673,49651,60613,55761,69838,70238,91005,92593,102836,102054,71592,77698,50448,61755,14420,24662,821603,773408,70439,67918,182506,175626,45544,38,52
2021-09-19T23:59:59+02:00,9512,8835,57948,54564,64554,60312,73732,74788,95116,97297,106821,105875,73635,79918,51874,63528,14948,25708,52564,49534,60519,55649,69744,70144,90937,92522,102756,101985,71559,77665,50427,61724,14413,24656,820816,772633,70419,67904,182494,175601,45243,38,52
2021-09-18T23:59:59+02:00,9495,8818,57922,54535,64520,60281,73706,74764,95100,97275,106809,105854,73632,79917,51871,63525,14948,25707,52534,49499,60489,55625,69724,70124,90917,92506,102743,101965,71555,77662,50427,61723,14412,24654,820598,772440,70409,67895,182494,175600,45185,38,52
2021-09-17T23:59:59+02:00,9409,8740,57751,54387,64387,60153,73581,74645,94996,97173,106725,105781,73597,79885,51859,63507,14941,25700,52367,49388,60364,55515,69632,70034,90836,92425,102670,101906,71522,77625,50412,61693,14403,24647,819451,771493,70365,67876,182492,175593,44915,38,52
2021-09-16T23:59:59+02:00,9333,8666,57536,54235,64211,59966,73403,74478,94847,97040,106571,105669,73526,79826,51837,63465,14934,25685,52200,49262,60212,55393,69506,69920,90727,92324,102566,101825,71477,77577,50390,61655,14396,24634,817982,770522,70348,67857,182469,175561,44435,38,52
2021-09-15T23:59:59+02:00,9241,8585,57333,54015,64027,59763,73224,74300,94700,96889,106424,105534,73466,79758,51792,63414,14924,25664,52040,49096,60084,55258,69381,69816,90625,92245,102458,101736,71430,77520,50356,61617,14386,24623,816230,769440,70329,67840,182465,175549,44035,38,52
2021-09-14T23:59:59+02:00,9132,8479,57143,53782,63846,59575,73079,74122,94569,96733,106299,105434,73394,79693,51762,63364,14906,25642,51868,48897,59932,55117,69259,69696,90516,92118,102366,101644,71378,77459,50328,61572,14379,24610,814473,768114,70317,67827,182445,175514,43725,37,52
2021-09-13T23:59:59+02:00,9070,8412,56920,53577,63689,59381,72921,73952,94417,96580,106162,105304,73340,79642,51723,63317,14886,25613,51698,48733,59805,54986,69178,69604,90397,92029,102270,101572,71332,77418,50299,61530,14367,24599,812773,767055,70306,67814,182430,175486,43403,37,52
2021-09-12T23:59:59+02:00,9025,8384,56800,53490,63601,59286,72844,73866,94344,96514,106099,105236,73312,79617,51708,63294,14881,25606,51566,48623,59705,54886,69103,69527,90322,91964,102197,101502,71296,77388,50284,61505,14362,24586,812054,766247,70289,67800,182413,175461,43157,37,51
2021-09-11T23:59:59+02:00,9021,8375,56782,53467,63583,59273,72832,73853,94339,96500,106094,105231,73311,79616,51708,63294,14881,25606,51546,48603,59684,54874,69088,69516,90314,91949,102195,101497,71292,77386,50284,61505,14362,24584,811976,766198,70282,67756,182410,175459,43104,37,51
2021-09-10T23:59:59+02:00,8949,8314,56620,53321,63469,59153,72724,73748,94220,96384,106017,105170,73275,79580,51695,63268,14877,25601,51419,48538,59621,54811,69025,69469,90249,91892,102159,101459,71271,77370,50275,61495,14358,24578,810859,765735,70250,67701,182404,175456,42878,37,51
2021-09-09T23:59:59+02:00,8878,8249,56421,53129,63305,58970,72567,73604,94073,96246,105892,105076,73217,79518,51664,63234,14873,25588,51236,48372,59466,54679,68892,69342,90130,91786,102043,101367,71227,77325,50247,61466,14352,24562,809511,764678,70229,67651,182385,175434,42385,36,51
2021-09-08T23:59:59+02:00,8794,8172,56242,52957,63154,58789,72424,73452,93917,96116,105797,104967,73150,79456,51635,63180,14868,25573,51060,48207,59341,54541,68767,69190,90006,91680,101959,101267,71174,77269,50220,61424,14348,24545,808118,763521,70202,67600,182349,175411,41978,36,51
2021-09-07T23:59:59+02:00,8706,8112,56078,52802,63037,58649,72307,73321,93811,96015,105690,104866,73097,79408,51609,63140,14861,25551,50891,48044,59212,54396,68645,69074,89900,91565,101860,101167,71127,77224,50197,61398,14344,24526,806857,762309,70197,67586,182345,175389,41665,36,51
2021-09-06T23:59:59+02:00,8643,8046,55929,52633,62899,58493,72204,73190,93710,95904,105610,104778,73045,79359,51577,63110,14850,25535,50742,47903,59074,54247,68529,68954,89819,91469,101764,101082,71078,77176,50173,61369,14337,24515,805641,761184,70170,67543,182312,175367,41395,36,51
2021-09-05T23:59:59+02:00,8614,8008,55861,52539,62836,58434,72157,73133,93661,95854,105583,104734,73020,79336,51567,63090,14843,25529,50650,47820,59008,54183,68470,68895,89775,91412,101723,101032,71057,77147,50159,61352,14331,24506,805117,760564,70161,67533,182291,175347,41233,36,51
2021-09-04T23:59:59+02:00,8607,8003,55841,52530,62827,58425,72149,73125,93654,95850,105580,104728,73019,79335,51567,63090,14843,25529,50636,47805,58992,54169,68466,68886,89768,91407,101719,101028,71056,77145,50158,61352,14331,24506,805058,760499,70158,67528,182290,175346,41199,36,51
2021-09-03T23:59:59+02:00,8541,7934,55709,52443,62754,58328,72070,73045,93576,95787,105510,104667,72989,79301,51548,63059,14836,25519,50521,47710,58913,54102,68405,68814,89707,91346,101654,100975,71028,77112,50136,61326,14328,24497,804137,759715,70150,67510,182283,175337,41049,36,51
2021-09-02T23:59:59+02:00,8448,7839,55517,52287,62629,58223,71976,72916,93457,95672,105405,104582,72932,79246,51517,63012,14825,25499,50296,47540,58769,53983,68301,68697,89572,91238,101537,100876,70970,77065,50112,61298,14320,24481,803003,758550,70107,67469,182269,175288,40604,36,51
2021-09-01T23:59:59+02:00,8372,7746,55367,52141,62498,58091,71889,72792,93362,95581,105327,104511,72894,79202,51496,62977,14818,25481,50122,47332,58643,53843,68221,68585,89470,91135,101432,100782,70929,77022,50085,61257,14313,24465,801890,757318,70085,67430,182256,175235,40315,36,51
2021-08-31T23:59:59+02:00,8264,7652,55206,51986,62392,57977,71812,72692,93277,95498,105245,104432,72853,79161,51474,62948,14808,25467,49915,47131,58524,53704,68107,68462,89372,91030,101322,100703,70883,76969,50063,61221,14301,24448,800817,755955,70077,67414,182247,175210,40004,36,51
2021-08-30T23:59:59+02:00,8188,7572,55025,51821,62280,57849,71697,72575,93153,95369,105125,104337,72802,79119,51457,62914,14786,25444,49718,46919,58402,53565,68008,68351,89254,90917,101208,100594,70831,76934,50036,61192,14287,24431,799623,754752,70037,67348,182214,175154,39639,36,51
2021-08-29T23:59:59+02:00,8147,7526,54935,51742,62222,57771,71629,72527,93101,95305,105077,104302,72782,79097,51442,62898,14780,25435,49600,46816,58313,53465,67936,68276,89199,90856,101147,100541,70804,76918,50022,61179,14281,24428,799097,754094,70035,67338,182204,175110,39382,36,51
2021-08-28T23:59:59+02:00,8129,7512,54896,51704,62192,57750,71602,72510,93083,95289,105063,104291,72777,79095,51440,62894,14780,25435,49562,46797,58287,53449,67915,68262,89179,90833,101140,100528,70798,76914,50020,61177,14281,24428,798891,753947,70034,67331,182202,175110,39315,36,51
2021-08-27T23:59:59+02:00,8046,7434,54714,51566,62078,57613,71505,72387,92961,95168,104952,104205,72732,79045,51417,62858,14768,25429,49436,46712,58208,53367,67833,68190,89101,90766,101082,100480,70762,76879,50006,61166,14279,24428,797574,753242,70029,67325,182191,175102,39084,36,51
2021-08-26T23:59:59+02:00,7982,7361,54553,51419,61955,57502,71407,72279,92858,95040,104846,104124,72690,78993,51394,62838,14763,25415,49274,46556,58086,53262,67733,68095,88997,90687,101013,100411,70721,76843,49982,61144,14274,24418,796520,752412,70019,67286,182181,175069,38697,36,51
2021-08-25T23:59:59+02:00,7919,7308,54409,51269,61844,57350,71301,72163,92751,94939,104744,104038,72631,78942,51366,62802,14750,25401,49078,46365,57961,53122,67615,67971,88884,90573,100912,100321,70664,76795,49955,61104,14267,24403,795516,751277,69993,67253,182170,175031,38246,36,51
2021-08-24T23:59:59+02:00,7810,7219,54269,51065,61718,57213,71195,72034,92634,94819,104639,103940,72578,78895,51331,62757,14742,25385,48858,46142,57823,52951,67506,67836,88782,90480,100821,100239,70626,76742,49930,61078,14263,24386,794116,749879,69976,67231,182160,175009,37989,36,51
2021-08-23T23:59:59+02:00,7748,7145,54086,50892,61586,57090,71081,71923,92508,94712,104541,103841,72526,78835,51297,62715,14735,25374,48674,45968,57706,52825,67400,67739,88679,90389,100734,100160,70585,76691,49902,61039,14259,24374,792908,748861,69946,67205,182145,174954,37634,36,51
2021-08-22T23:59:59+02:00,7720,7119,54003,50814,61533,57027,71041,71870,92465,94670,104499,103812,72505,78819,51288,62702,14734,25368,48555,45859,57616,52732,67325,67679,88608,90331,100692,100118,70556,76667,49887,61021,14256,24367,792485,748182,69938,67197,182124,174904,37440,36,51
2021-08-21T23:59:59+02:00,7714,7116,53976,50799,61514,57016,71025,71856,92452,94652,104489,103802,72500,78817,51288,62701,14734,25367,48535,45842,57595,52725,67307,67660,88590,90316,100682,100108,70555,76664,49887,61020,14256,24367,792414,748092,69895,67178,182120,174898,37387,36,51
2021-08-20T23:59:59+02:00,7683,7079,53886,50723,61440,56955,70955,71793,92387,94589,104436,103766,72475,78789,51276,62675,14726,25356,48442,45767,57524,52662,67238,67604,88532,90256,100622,100070,70532,76641,49881,61004,14247,24363,791871,747575,69823,67165,182117,174874,37176,36,51
2021-08-19T23:59:59+02:00,7617,6999,53753,50600,61290,56839,70838,71686,92272,94500,104341,103676,72426,78733,51247,62635,14717,25336,48310,45664,57408,52569,67148,67526,88441,90177,100524,100004,70499,76613,49861,60980,14243,24354,790834,746931,69787,67131,182100,174829,36782,36,51
2021-08-18T23:59:59+02:00,7542,6943,53605,50463,61163,56728,70727,71594,92163,94412,104239,103593,72367,78680,51212,62599,14707,25315,48191,45537,57290,52471,67058,67452,88323,90088,100446,99928,70451,76571,49839,60952,14235,24337,789832,746204,69758,67092,182089,174777,36371,36,51
2021-08-17T23:59:59+02:00,7459,6862,53442,50299,61055,56603,70611,71473,92058,94307,104132,103493,72316,78637,51184,62573,14699,25304,47998,45359,57158,52332,66937,67345,88193,89992,100336,99831,70395,76522,49814,60931,14228,24325,788754,745172,69737,67058,182084,174722,35930,36,51
2021-08-16T23:59:59+02:00,7387,6799,53312,50168,60958,56489,70511,71378,91964,94202,104039,103393,72272,78586,51155,62528,14691,25296,47858,45241,57050,52262,66842,67260,88092,89905,100249,99737,70348,76481,49787,60900,14220,24320,787881,744544,69689,66994,182069,174655,35487,36,50
2021-08-15T23:59:59+02:00,7338,6759,53234,50087,60890,56419,70445,71318,91906,94151,103984,103345,72237,78557,51147,62512,14687,25287,47752,45145,56958,52174,66773,67198,88014,89840,100194,99690,70310,76444,49773,60879,14215,24308,787408,744056,69675,66965,182056,174574,35162,36,49
2021-08-14T23:59:59+02:00,7316,6743,53161,50017,60841,56375,70409,71271,91869,94112,103945,103309,72216,78549,51138,62501,14685,25284,47513,44871,56791,51986,66620,67044,87880,89718,100078,99583,70260,76401,49762,60856,14211,24303,786924,742224,69668,66959,182056,174563,35091,36,49
2021-08-13T23:59:59+02:00,7275,6707,53051,49921,60756,56295,70356,71202,91793,94056,103894,103264,72193,78527,51126,62490,14683,25277,47009,44372,56550,51718,66390,66789,87607,89465,99881,99378,70173,76299,49723,60796,14205,24282,786170,738743,69664,66949,182056,174489,34974,36,49
2021-08-12T23:59:59+02:00,7244,6680,52950,49850,60697,56216,70282,71152,91722,93997,103833,103218,72159,78495,51112,62474,14681,25263,46510,43927,56274,51416,66129,66567,87347,89241,99530,99102,70058,76160,49664,60732,14194,24253,785732,735689,69639,66893,182040,174035,34612,36,48
2021-08-11T23:59:59+02:00,7178,6611,52783,49681,60566,56097,70198,71058,91614,93893,103733,103111,72099,78430,51080,62432,14674,25247,45833,43308,55903,51034,65867,66270,87052,88976,99193,98734,69918,76014,49603,60629,14182,24224,784557,731574,69618,66856,182031,173600,34277,36,48
2021-08-10T23:59:59+02:00,7101,6527,52584,49494,60421,55977,70091,70936,91489,93763,103609,103006,72047,78373,51049,62401,14666,25238,44876,42401,55232,50380,65371,65816,86592,88491,98699,98277,69713,75815,49503,60528,14161,24185,783197,725303,69609,66805,182025,173097,33938,36,48
2021-08-09T23:59:59+02:00,7058,6480,52473,49403,60344,55902,70033,70876,91421,93691,103538,102947,72004,78337,51043,62385,14662,25230,43869,41337,54518,49690,64896,65384,86147,88057,98182,97808,69523,75591,49410,60402,14133,24145,782632,718839,69539,66726,182014,172534,33639,36,48
2021-08-08T23:59:59+02:00,7013,6440,52409,49335,60304,55870,69995,70851,91364,93644,103485,102907,71983,78315,51029,62364,14656,25225,43813,41274,54455,49644,64833,65346,86075,88000,98115,97758,69497,75561,49387,60375,14125,24138,782350,718551,69532,66710,182000,172451,33302,36,48
2021-08-07T23:59:59+02:00,6974,6399,52299,49208,60226,55794,69937,70786,91294,93582,103435,102859,71966,78298,51020,62358,14656,25224,42846,40251,53900,49072,64397,64941,85700,87602,97795,97411,69354,75418,49331,60293,14108,24120,781565,712180,69528,66693,182000,172443,33217,36,46
2021-08-06T23:59:59+02:00,6931,6338,52164,49081,60153,55728,69871,70704,91214,93506,103375,102802,71943,78275,51009,62339,14654,25220,42165,39638,53657,48805,64174,64700,85465,87380,97566,97210,69270,75327,49289,60252,14102,24107,780693,708565,69524,66611,181999,172306,33086,36,46
2021-08-05T23:59:59+02:00,6821,6231,51912,48858,59977,55539,69730,70559,91052,93360,103233,102666,71882,78212,50981,62299,14641,25201,41330,38942,53137,48345,63801,64352,85008,86980,96943,96692,69083,75143,49223,60154,14083,24076,779077,704019,69471,66560,181966,171177,32634,36,46
2021-08-04T23:59:59+02:00,6732,6146,51716,48626,59830,55361,69617,70408,90916,93246,103114,102549,71821,78150,50955,62253,14630,25172,40486,38154,52767,47942,63479,64032,84636,86653,96531,96285,68920,74971,49146,60056,14067,24042,777670,699426,69436,66541,181952,170390,32178,36,46
2021-08-03T23:59:59+02:00,6659,6089,51547,48489,59705,55232,69526,70317,90817,93147,103017,102468,71768,78115,50935,62227,14622,25156,39488,37208,51972,47258,62936,63499,84118,86169,95817,95655,68676,74755,49054,59939,14046,23997,776636,693176,69427,66518,181945,169208,31822,36,46
2021-08-02T23:59:59+02:00,6611,6046,51412,48350,59614,55153,69442,70248,90762,93074,102938,102406,71729,78074,50914,62204,14615,25143,38215,36045,51007,46447,62219,62911,83512,85603,95017,94954,68422,74498,48966,59805,14025,23958,775941,685541,69380,66467,181917,167896,31491,36,46
2021-08-01T23:59:59+02:00,6569,5991,51242,48188,59460,55038,69349,70134,90654,92983,102850,102313,71688,78037,50892,62164,14610,25127,38030,35911,50847,46347,62088,62818,83334,85461,94564,94551,68305,74388,48927,59756,14014,23938,774894,684896,69351,66408,181899,166586,31139,36,45
2021-07-31T23:59:59+02:00,6526,5957,51148,48067,59405,54966,69300,70090,90615,92953,102823,102289,71677,78025,50884,62160,14610,25124,36420,34399,49936,45478,61551,62251,82830,84948,94083,94117,68116,74183,48848,59661,13996,23905,774284,675734,69347,66399,181899,166471,31083,36,45
2021-07-30T23:59:59+02:00,6490,5904,50998,47926,59323,54885,69231,70031,90541,92873,102767,102251,71660,78001,50875,62137,14607,25120,34959,32994,48964,44526,60819,61560,82145,84327,93400,93541,67882,73946,48744,59511,13977,23874,773522,666199,69322,66388,181893,166166,30877,36,45
2021-07-29T23:59:59+02:00,6375,5784,50568,47557,59108,54615,69039,69841,90352,92685,102604,102113,71585,77919,50842,62082,14592,25102,34223,32378,48339,44077,60416,61205,81721,83976,92627,92865,67687,73788,48681,59424,13957,23843,771205,662331,69268,66242,181850,164520,30434,36,45
2021-07-28T23:59:59+02:00,6303,5720,50313,47363,58976,54460,68911,69745,90224,92561,102497,102019,71529,77862,50815,62042,14583,25085,33898,32083,48019,43838,60185,60981,81542,83804,92388,92665,67613,73721,48648,59391,13944,23833,769887,660623,69235,66153,181823,163998,30057,36,44
2021-07-27T23:59:59+02:00,6251,5673,50150,47223,58834,54364,68818,69656,90122,92451,102389,101942,71484,77809,50785,62008,14575,25071,32430,30678,46745,42744,59352,60186,80937,83272,91365,91817,67336,73436,48560,59264,13912,23792,768981,651953,69209,66082,181799,162202,29610,36,44
2021-07-26T23:59:59+02:00,6228,5644,50031,47134,58736,54276,68741,69603,90035,92390,102324,101891,71444,77772,50761,61988,14569,25062,31061,29418,45423,41618,58250,59199,80227,82637,90199,90787,67028,73163,48468,59147,13888,23750,768445,642867,69143,65987,181761,159906,29275,35,44
2021-07-25T23:59:59+02:00,6208,5627,49917,47029,58646,54210,68677,69544,89970,92332,102264,101843,71410,77736,50743,61965,14566,25052,30854,29261,45149,41422,57994,58968,79955,82429,89237,89932,66821,72990,48400,59074,13876,23726,768032,641681,69131,65868,181735,157450,28837,34,44
2021-07-24T23:59:59+02:00,6173,5598,49797,46941,58577,54148,68629,69488,89924,92289,102223,101802,71404,77729,50740,61962,14565,25048,29256,27669,43993,40335,57296,58253,79335,81855,88593,89365,66641,72799,48329,58972,13862,23702,767426,631606,69122,65851,181727,157310,28758,34,44
2021-07-23T23:59:59+02:00,6088,5511,49623,46763,58482,54044,68520,69385,89819,92185,102133,101706,71368,77672,50719,61931,14561,25042,27558,26148,42732,39245,56363,57364,78643,81239,87884,88701,66371,72527,48251,58871,13841,23672,766048,621037,69118,65685,181708,156838,28674,34,44
2021-07-22T23:59:59+02:00,5948,5398,49326,46478,58282,53839,68348,69218,89635,92032,101978,101572,71301,77589,50677,61880,14550,25023,26736,25319,41820,38431,55419,56535,77899,80612,86218,87193,65995,72127,48141,58740,13810,23620,764109,612540,69073,65183,181677,155366,28211,34,44
2021-07-21T23:59:59+02:00,5672,5115,48793,45950,57979,53526,68116,68940,89356,91784,101708,101305,71173,77459,50617,61815,14541,24997,26480,25095,41399,38149,54978,56144,77529,80330,85409,86587,65828,71999,48085,58674,13792,23595,760500,610566,69048,64904,181654,153590,27640,34,44
2021-07-20T23:59:59+02:00,5595,5041,48507,45671,57809,53318,67939,68795,89176,91629,101542,101161,71097,77392,50578,61768,14532,24969,25303,23940,40104,37115,53634,54940,76624,79556,84045,85242,65521,71657,47977,58537,13764,23549,758814,600153,69041,64749,181610,152007,27050,34,44
2021-07-19T23:59:59+02:00,5515,4955,48181,45344,57588,53109,67774,68592,88987,91451,101392,101000,71024,77310,50535,61717,14523,24940,24472,23102,38792,35993,51904,53442,75358,78501,82932,84261,65226,71401,47877,58419,13739,23509,757011,590109,69031,64603,181581,150215,26310,34,44
2021-07-18T23:59:59+02:00,5507,4954,48109,45287,57491,53030,67703,68518,88894,91384,101320,100936,70988,77268,50509,61684,14521,24928,24334,23003,38521,35771,51571,53152,75106,78305,82029,83492,65034,71222,47820,58346,13734,23487,756734,589044,69008,64440,181540,147986,25745,34,44
2021-07-17T23:59:59+02:00,5480,4917,48009,45209,57417,52970,67642,68461,88833,91323,101276,100917,70980,77253,50504,61677,14521,24927,22945,21540,37132,34466,50327,51960,74502,77748,81394,82895,64905,71074,47753,58284,13725,23467,756171,578158,69003,64414,181533,147847,25604,34,44
2021-07-16T23:59:59+02:00,5377,4838,47767,44977,57293,52865,67525,68347,88694,91226,101169,100813,70934,77201,50481,61658,14515,24921,21687,20300,35835,33219,48871,50639,73490,76813,80693,82235,64685,70851,47671,58183,13706,23435,754716,566512,69001,64351,181526,147644,25353,34,44
2021-07-15T23:59:59+02:00,5235,4709,47367,44651,57083,52669,67332,68161,88482,91025,100981,100645,70836,77100,50432,61584,14506,24892,21081,19799,34907,32520,47633,49691,72304,75894,78540,80099,64085,70253,47527,58004,13687,23372,752648,557152,68984,63321,181479,145802,24566,34,44
2021-07-14T23:59:59+02:00,4861,4385,46775,44076,56849,52403,67124,67958,88268,90784,100763,100448,70729,76990,50364,61501,14494,24868,20874,19653,34645,32360,47260,49388,71772,75502,77874,79563,63761,69977,47443,57920,13664,23338,749197,555341,68968,63134,181427,143899,24035,34,42
2021-07-13T23:59:59+02:00,4770,4304,46575,43922,56684,52245,66962,67810,88110,90657,100617,100321,70656,76927,50326,61454,14490,24852,20311,19120,33619,31539,45639,47933,70012,73839,76269,78003,63386,69585,47314,57748,13635,23286,747830,544407,68951,62363,181353,142280,23535,34,42
2021-07-12T23:59:59+02:00,4705,4226,46387,43731,56532,52103,66807,67683,87937,90518,100460,100180,70580,76839,50288,61398,14483,24834,19834,18684,32832,30916,43975,46476,67630,71766,74376,76499,62856,68998,47169,57586,13607,23235,746556,533299,68928,61794,181253,139707,22941,34,42
2021-07-11T23:59:59+02:00,4700,4223,46316,43678,56469,52053,66756,67644,87875,90465,100388,100119,70542,76796,50278,61383,14480,24820,19625,18541,32481,30668,43526,46100,67168,71407,73597,75799,62456,68618,47097,57496,13591,23202,746406,531500,68917,61468,181188,137232,22461,34,42
2021-07-10T23:59:59+02:00,4574,4087,46032,43371,56283,51856,66606,67467,87741,90325,100286,100012,70486,76739,50257,61357,14477,24811,19061,17990,31537,29805,41775,44519,65684,70125,72961,75178,62291,68469,47044,57444,13584,23188,744305,520880,68911,61452,181176,137186,22362,34,42
2021-07-09T23:59:59+02:00,4445,3969,45757,43119,56115,51661,66444,67302,87589,90160,100153,99907,70433,76666,50221,61316,14472,24799,18469,17416,30563,28842,39821,42589,63386,67998,71801,74037,62017,68144,46968,57319,13567,23163,742249,507179,68897,61071,181170,136780,22199,34,42
2021-07-08T23:59:59+02:00,4416,3943,45612,43005,55989,51543,66312,67202,87464,90038,100033,99809,70379,76612,50199,61277,14461,24785,17526,16609,29159,27807,38100,41134,61254,66176,68442,70880,61118,67169,46722,56977,13522,23068,741515,491902,68837,58990,181099,134200,21608,33,42
2021-07-07T23:59:59+02:00,4404,3937,45546,42963,55905,51489,66229,67158,87412,89997,99989,99758,70364,76590,50190,61259,14457,24775,16565,15755,27766,26794,36573,39903,59634,64720,65211,67402,60100,66127,46486,56656,13472,22996,741211,476597,68790,57077,181047,132051,21341,33,42
2021-07-06T23:59:59+02:00,4352,3889,45400,42835,55779,51347,66124,67049,87303,89904,99908,99674,70326,76532,50172,61231,14454,24761,15794,15014,26687,25885,34726,38190,56232,61696,62559,64942,59346,65338,46213,56321,13431,22893,740078,458690,68770,56259,180988,129921,21172,32,42
2021-07-05T23:59:59+02:00,4289,3844,45223,42659,55627,51244,66000,66940,87186,89810,99823,99576,70263,76467,50150,61204,14451,24746,15135,14387,25737,25068,33493,37056,53130,58721,59783,62475,58507,64526,45960,56009,13386,22815,738889,442599,68732,55903,180908,127434,20941,32,42
2021-07-04T23:59:59+02:00,4280,3838,45176,42627,55561,51211,65957,66914,87147,89778,99791,99548,70239,76446,50144,61189,14445,24735,14930,14183,25298,24712,32895,36528,52464,58192,58797,61610,57845,63894,45776,55804,13367,22766,738694,438520,68700,55698,180838,124732,20762,32,41
2021-07-03T23:59:59+02:00,4060,3660,44642,42063,55244,50834,65660,66637,86901,89517,99591,99352,70166,76374,50121,61143,14441,24723,14644,13861,24944,24357,31917,35607,50718,56644,57928,60874,57671,63696,45709,55719,13355,22741,734882,429940,68685,55680,180832,124684,20698,32,41
2021-07-02T23:59:59+02:00,3751,3373,43989,41468,54918,50497,65377,66333,86627,89264,99355,99126,70062,76261,50069,61073,14435,24706,14226,13412,24248,23750,30758,34538,48085,54474,55792,59084,57276,63265,45549,55560,13339,22703,730541,417420,68668,54629,180819,123953,20625,31,26
2021-07-01T23:59:59+02:00,3613,3263,43634,41117,54716,50322,65217,66169,86473,89124,99201,99006,69991,76193,50038,61039,14427,24691,13537,12727,22946,22668,29079,33024,46071,52729,53297,56802,55852,61690,45055,54944,13266,22576,728396,403879,68604,52315,180769,120120,20434,31,25
2021-06-30T23:59:59+02:00,3602,3246,43370,40920,54532,50188,65100,66072,86380,89057,99131,98953,69964,76169,50026,61017,14423,24680,12792,12125,21777,21769,27490,31654,44218,51012,49660,52840,54523,60355,44699,54506,13210,22448,727251,388114,68552,50412,180748,116687,20249,30,25
2021-06-29T23:59:59+02:00,3385,3026,42454,40085,53925,49587,64660,65644,85969,88605,98784,98626,69839,76020,49969,60946,14403,24649,12191,11518,20978,21001,26124,30446,41593,48599,47787,51292,53553,59244,44292,53968,13116,22295,721272,376069,68500,48887,180732,113303,20042,30,24
2021-06-28T23:59:59+02:00,3167,2846,41497,39086,53259,48935,64196,65253,85587,88216,98451,98282,69699,75860,49904,60846,14385,24626,11689,11067,20320,20410,25154,29548,39499,46659,46162,49926,52444,58197,43930,53460,13036,22174,715105,366580,68389,47851,180723,109625,19848,30,24
2021-06-27T23:59:59+02:00,3162,2843,41460,39054,53213,48900,64158,65219,85535,88180,98398,98255,69680,75847,49895,60832,14380,24623,11495,10873,19994,20093,24576,28986,38473,45809,44997,48832,51411,57184,43496,52953,12954,22031,714896,361973,68360,47407,180687,105310,19661,30,24
2021-06-26T23:59:59+02:00,2680,2370,40065,37684,52488,48155,63606,64655,85049,87661,97973,97822,69489,75672,49822,60728,14361,24600,11380,10770,19824,19938,24377,28768,37993,45370,44629,48479,51297,57039,43450,52905,12949,22016,706180,359013,68333,47402,180687,105292,19650,30,24
2021-06-25T23:59:59+02:00,2273,2037,39211,36872,52136,47796,63277,64330,84768,87351,97721,97555,69385,75556,49775,60666,14346,24578,11081,10460,19442,19512,23850,28145,35304,43066,42443,46564,50959,56660,43352,52774,12925,21985,701108,347437,68197,46956,180680,104642,19618,30,24
2021-06-24T23:59:59+02:00,2219,1985,38722,36411,51785,47468,63060,64121,84534,87158,97533,97398,69303,75490,49740,60620,14340,24562,10483,9876,18379,18634,22426,26889,33205,41227,40010,44269,49477,55009,42782,52073,12808,21782,698161,334551,68168,44353,180659,101089,19431,30,24
2021-06-23T23:59:59+02:00,2206,1960,38491,36179,51622,47299,62946,64010,84436,87063,97456,97314,69272,75459,49722,60599,14336,24551,10028,9445,17753,18078,21497,26031,31273,39594,36041,39807,48184,53645,42396,51566,12728,21616,696925,319023,68136,43731,180643,97781,19189,28,24
2021-06-22T23:59:59+02:00,2127,1899,37505,35251,50871,46626,62464,63562,84060,86652,97092,97002,69123,75316,49655,60518,14323,24518,9556,9012,16883,17390,20273,24951,28147,36827,33735,37930,47226,52673,41986,51009,12588,21382,690783,306840,68091,40990,180630,94712,19032,28,23
2021-06-21T23:59:59+02:00,1980,1760,36153,34028,49850,45758,61743,62900,83564,86180,96652,96597,68954,75145,49589,60423,14311,24483,9237,8714,16422,17026,19647,24472,26401,35261,32197,36636,46176,51593,41533,50460,12481,21190,682824,299480,68063,40347,180615,91073,18541,27,23
2021-06-20T23:59:59+02:00,1969,1751,36066,33975,49707,45637,61606,62765,83484,86122,96583,96538,68920,75117,49574,60405,14311,24472,9089,8611,16204,16858,19331,24214,25584,34607,31254,35686,45981,51390,41502,50408,12472,21170,682189,295693,68024,39755,180597,90741,18165,27,23
2021-06-19T23:59:59+02:00,1601,1451,34448,32426,48797,44817,61117,62260,83013,85645,96174,96184,68771,74951,49508,60323,14296,24448,9049,8536,16100,16735,19211,24061,25479,34448,31124,35544,45885,51294,41484,50383,12468,21160,673462,294351,68007,39752,180590,90705,18144,27,23
2021-06-18T23:59:59+02:00,1405,1278,32799,30837,47590,43627,60179,61341,82207,84898,95558,95606,68552,74729,49419,60184,14280,24418,8974,8451,15941,16580,19023,23868,25226,34209,30841,35224,45591,50947,41400,50306,12455,21146,662323,292157,67873,39637,180589,90284,18095,27,23
2021-06-17T23:59:59+02:00,1330,1220,31874,29994,46723,42918,59372,60491,81465,84252,95146,95222,68409,74585,49377,60108,14266,24389,8432,8085,15251,16024,18195,23042,24123,33083,29360,33862,44266,49444,40915,49694,12335,20958,655386,283212,67759,38810,180557,87626,17412,27,23
2021-06-16T23:59:59+02:00,1247,1156,31183,29292,45920,42172,58447,59613,80687,83480,94723,94843,68271,74425,49320,60016,14246,24363,7944,7759,14636,15509,17417,22314,22982,32128,28181,32753,42371,47326,40369,49115,12227,20773,648315,273468,67635,38210,180537,85227,16890,27,23
2021-06-15T23:59:59+02:00,1105,1037,29291,27502,44172,40650,56859,57975,79300,82160,93965,94172,67984,74132,49206,59859,14213,24298,7769,7632,14327,15269,17056,22012,22464,31743,27649,32324,41434,46310,39985,48689,12103,20553,633361,270396,67587,37703,180499,82803,16406,27,23
2021-06-14T23:59:59+02:00,1012,923,27741,26032,42571,39135,55206,56325,78198,81050,93271,93544,67734,73891,49111,59738,14193,24253,7586,7459,13953,14935,16530,21566,21772,31159,26970,31730,41049,45886,39601,48239,11972,20348,620127,267718,67533,37288,180470,79966,15771,27,22
2021-06-13T23:59:59+02:00,988,898,27542,25852,42187,38802,54662,55804,77852,80743,93078,93354,67644,73811,49074,59680,14178,24228,7444,7291,13680,14641,16142,21166,21344,30668,26432,31227,40651,45482,39139,47674,11793,20063,617428,265624,67392,37219,180442,76894,15088,27,22
2021-06-12T23:59:59+02:00,859,784,26028,24260,41023,37722,53989,55071,77319,80249,92527,92828,67489,73634,49005,59603,14165,24207,7399,7241,13558,14533,16010,21053,21160,30522,26314,31128,40634,45465,39129,47663,11793,20062,607887,264844,67386,37217,180436,76565,15026,27,22
2021-06-11T23:59:59+02:00,745,675,24410,22737,39672,36530,52759,53862,76350,79397,91953,92252,67254,73399,48943,59495,14146,24172,7343,7153,13386,14346,15793,20857,20888,30261,26043,30871,40328,45089,39044,47548,11776,20033,596124,262949,67306,37072,180427,75859,14867,27,22
2021-06-10T23:59:59+02:00,644,585,23413,21729,38452,35348,51154,52358,75033,78201,90347,90706,66899,73003,48816,59321,14121,24117,7062,6928,12860,13910,15154,20285,20127,29505,25252,30195,39623,44228,38692,47130,11662,19849,583227,259485,66824,37038,180373,72131,13796,27,22
2021-06-09T23:59:59+02:00,574,536,22959,21341,37792,34825,50045,51312,73788,77005,89756,90200,66772,72858,48766,59236,14106,24087,6789,6619,12268,13306,14370,19474,19210,28480,24267,29032,37056,41309,38128,46485,11514,19610,576054,249162,66363,36965,180334,68598,13180,27,22
2021-06-08T23:59:59+02:00,468,425,21441,19876,36183,33462,47930,49353,71646,75067,88281,88721,66456,72473,48631,59075,14073,24043,6658,6445,11884,12935,13886,18985,18606,27879,23711,28495,36772,41054,37837,46118,11405,19453,558676,247504,66087,36887,180300,65206,12514,27,22
2021-06-07T23:59:59+02:00,353,331,20434,18903,34638,32133,45655,47331,69511,73190,87305,87873,66232,72207,48557,58940,14053,24007,6503,6284,11459,12584,13343,18501,17878,27290,23078,27897,36452,40750,37419,45637,11292,19254,543497,245511,65916,36817,180247,61315,11966,27,22
2021-06-06T23:59:59+02:00,330,310,20254,18757,34243,31848,45047,46757,68892,72705,87094,87706,66176,72146,48545,58913,14046,23995,6371,6109,11131,12169,12914,17929,17241,26480,22382,27088,35985,40274,36937,45084,11136,18985,540375,243063,65589,36768,180204,56804,11569,27,21
2021-06-05T23:59:59+02:00,258,245,19007,17491,32911,30634,43820,45583,68317,72187,86562,87196,66085,72044,48497,58864,14039,23983,6320,6028,11027,12006,12789,17751,17071,26269,22211,26899,35921,40197,36915,45060,11134,18980,530376,242460,65589,36355,180183,56204,11548,27,21
2021-06-04T23:59:59+02:00,177,175,17813,16340,31602,29341,42267,44086,66972,70871,85752,86443,65898,71830,48420,58772,14023,23954,6217,5886,10853,11796,12575,17495,16715,25884,21691,26461,35035,39342,36600,44760,11117,18957,517535,240618,65522,36028,180176,53252,11476,27,20
2021-06-03T23:59:59+02:00,122,122,17173,15766,30616,28514,40808,42791,65197,69340,83503,84158,65472,71377,48292,58610,14005,23916,6047,5677,10543,11441,12257,17029,16264,25223,21143,25882,34371,38552,36424,44557,11084,18907,503742,238284,64825,35641,180137,50416,11051,27,19
2021-06-02T23:59:59+02:00,93,79,16830,15455,30306,28249,40144,42170,63607,67948,82562,83356,65331,71214,48232,58526,14002,23901,5930,5586,10368,11282,12027,16813,15972,24917,20797,25489,31123,34925,36196,44334,11055,18854,496234,229584,64822,35310,180136,49978,10786,27,19
2021-06-01T23:59:59+02:00,37,44,16038,14783,28806,27144,37781,40109,60041,64763,80130,81033,64982,70850,48104,58336,13968,23847,5656,5306,9850,10848,11490,16219,15307,24121,20060,24733,30780,34628,36000,44157,11026,18792,477869,228122,63265,34805,180067,46468,9569,26,18
2021-05-31T23:59:59+02:00,29,36,15473,14304,27866,26442,35820,38444,56596,61734,78098,79330,64651,70494,47960,58161,13936,23795,5492,5098,9438,10482,11062,15738,14772,23437,19435,24028,30494,34374,35817,43965,10991,18735,462097,227442,62544,34418,180000,42986,8502,26,18
2021-05-30T23:59:59+02:00,27,33,15327,14178,27580,26210,35367,38034,55882,61113,77777,79057,64589,70436,47935,58126,13932,23784,5389,4902,9110,10120,10650,15251,14321,22635,18907,23258,29816,33658,35590,43772,10969,18673,459114,226977,62106,34338,179951,37506,8190,26,18
2021-05-29T23:59:59+02:00,25,32,14930,13785,26731,25394,33608,36442,54399,59817,77188,78491,64439,70287,47882,58073,13925,23770,5356,4827,9047,10007,10556,15133,14212,22486,18776,23119,29787,33635,35584,43764,10968,18670,448987,226494,62073,34338,179947,36900,8185,26,18
2021-05-28T23:59:59+02:00,22,31,14524,13384,25916,24649,31759,34679,52228,57810,76136,77495,64233,70034,47830,57996,13915,23747,5272,4709,8870,9863,10400,14959,14051,22249,18565,22818,29718,33588,35567,43747,10967,18665,437025,225821,61603,34332,179858,35969,7876,26,18
2021-05-27T23:59:59+02:00,18,26,13894,12917,24848,23932,30509,33751,50621,56434,73031,74506,63791,69496,47695,57834,13892,23692,5159,4474,8538,9523,9997,14528,13610,21617,18060,22219,29495,33384,35457,43635,10946,18637,424861,225173,59644,34261,179225,32704,7131,26,18
2021-05-26T23:59:59+02:00,17,24,13407,12494,23934,23288,29588,33048,49536,55508,70072,71314,63176,68886,47560,57663,13861,23646,5072,4311,8282,9206,9697,14139,13252,21015,17627,21619,29299,33218,35359,43530,10919,18585,414036,224559,57469,34143,178728,29655,6763,26,18
2021-05-25T23:59:59+02:00,17,19,13064,12197,23352,22883,28531,32187,46934,53271,67810,69188,62824,68519,47447,57514,13843,23592,4993,4190,8073,8944,9443,13761,12940,20494,17243,21069,29140,33063,35275,43425,10892,18530,402174,224008,56401,34062,178105,26909,6486,26,18
2021-05-24T23:59:59+02:00,16,18,12766,11914,22854,22500,27910,31734,44311,50838,65349,66997,62515,68219,47336,57388,13807,23535,4921,4081,7823,8711,9122,13376,12610,19980,16859,20512,28998,32922,35200,43353,10868,18483,390504,223429,55917,33995,177438,24263,6122,26,18
2021-05-23T23:59:59+02:00,16,18,12704,11845,22759,22415,27830,31655,44054,50611,64761,66448,62435,68131,47311,57370,13805,23533,4900,4066,7788,8680,9063,13342,12531,19919,16780,20457,28989,32909,35196,43346,10868,18481,388299,223147,55836,33988,177424,24054,6116,26,18
2021-05-22T23:59:59+02:00,16,18,12480,11607,22438,22107,26829,30765,42218,49035,63905,65707,62272,67940,47245,57279,13795,23510,4883,4011,7760,8616,9022,13277,12500,19833,16750,20389,28978,32899,35192,43340,10867,18480,379808,223055,55825,33988,177419,23656,6088,26,18
2021-05-21T23:59:59+02:00,16,17,12177,11356,21869,21666,26014,30073,39824,47140,61929,64038,62010,67667,47161,57191,13780,23484,4864,3984,7705,8530,8956,13188,12423,19740,16675,20304,28962,32873,35185,43330,10865,18479,369374,222859,54769,33973,177227,23205,6016,26,18
2021-05-20T23:59:59+02:00,15,17,11564,10783,20740,20772,24862,29043,38317,45861,59584,61964,61191,66766,46960,56932,13746,23428,4587,3806,7304,8239,8515,12793,11967,19228,16255,19784,28841,32777,35134,43277,10861,18469,358866,222453,52414,33862,175946,20219,5293,26,18
2021-05-19T23:59:59+02:00,15,17,11124,10470,19953,20220,24014,28443,37416,45177,56351,58327,60501,66063,46851,56797,13723,23381,4434,3645,7049,7996,8239,12464,11638,18797,15885,19361,28742,32665,35091,43201,10850,18454,348398,221969,50792,33744,174817,17978,4810,26,18
2021-05-18T23:59:59+02:00,15,17,10793,10183,19371,19769,23361,27882,36010,43949,54938,57198,60129,65636,46721,56635,13698,23356,4327,3518,6801,7762,7979,12179,11403,18394,15537,18931,28658,32573,35061,43160,10846,18447,343007,221677,48938,33662,173337,15874,4353,26,18
2021-05-17T23:59:59+02:00,14,16,10572,10002,18933,19479,22925,27571,34807,42956,53628,56162,59880,65389,46657,56536,13682,23323,4256,3432,6593,7545,7727,11884,11146,17998,15226,18525,28566,32485,35036,43119,10840,18434,338923,221378,47943,33594,171817,14007,3823,26,18
2021-05-16T23:59:59+02:00,14,15,10380,9873,18637,19275,22591,27330,34168,42496,52389,54990,59687,65224,46620,56482,13671,23303,4187,3358,6376,7379,7437,11631,10877,17646,14932,18161,28500,32423,35020,43101,10833,18430,336482,221127,47065,33532,170197,12247,3376,25,17
2021-05-15T23:59:59+02:00,14,15,10285,9773,18486,19128,22420,27185,33783,42127,51993,54612,59571,65078,46572,56437,13668,23287,4147,3322,6292,7314,7344,11528,10775,17527,14828,18031,28405,32305,34928,43008,10829,18425,334080,220039,47064,33530,170063,12228,3202,25,17
2021-05-14T23:59:59+02:00,13,15,10002,9569,18056,18885,22018,26898,31431,40348,49841,52755,59351,64849,46524,56352,13652,23265,4018,3239,6006,7150,7039,11304,10430,17176,14482,17704,27833,31599,34805,42816,10811,18396,324917,216749,47011,33524,169451,12105,2421,24,17
2021-05-13T23:59:59+02:00,13,15,9541,9200,17263,18323,21149,26217,30315,39358,47597,50582,58500,63875,46314,56069,13613,23192,3517,3045,5667,6897,6727,10995,10019,16786,14105,17270,26938,30400,34381,42298,10780,18334,316424,212155,45148,32968,167428,10914,2113,23,17
2021-05-12T23:59:59+02:00,13,15,9250,9006,16831,18066,20678,25928,29786,38972,44595,46938,57927,63233,46230,55955,13595,23167,3377,2957,5435,6786,6447,10849,9736,16577,13866,17006,26290,29577,34215,42105,10754,18301,307239,209124,44331,32942,167135,10746,1457,23,17
2021-05-11T23:59:59+02:00,13,13,8813,8727,16058,17548,19816,25308,28048,37530,42660,45436,57550,62787,46146,55820,13574,23139,3258,2826,5202,6444,6149,10436,9368,16020,13427,16445,24867,27907,33704,41477,10703,18213,301754,203143,41272,32759,164649,9248,1288,23,16
2021-05-10T23:59:59+02:00,13,12,8552,8574,15547,17293,19182,24987,27058,36840,41199,44291,57283,62514,46066,55716,13554,23108,3148,2701,4970,6209,5895,10112,9045,15543,13063,16023,23816,26576,33215,40894,10668,18156,298449,198488,40363,32731,161979,7832,976,22,14
2021-05-09T23:59:59+02:00,13,12,8396,8492,15240,17113,18799,24732,26392,36411,39420,42624,56987,62235,46011,55658,13546,23088,3028,2647,4789,6069,5727,9938,8848,15336,12895,15850,23541,26244,33070,40721,10658,18141,295476,197293,39989,32688,158977,6809,705,22,14
2021-05-08T23:59:59+02:00,13,12,8321,8419,15059,16967,18590,24532,26164,36173,39187,42433,56860,62085,45973,55621,13543,23077,3020,2628,4758,6033,5683,9892,8771,15270,12809,15780,23171,25818,32784,40408,10650,18125,293912,196103,39536,31979,158854,6806,705,22,14
2021-05-07T23:59:59+02:00,12,11,8147,8323,14732,16783,18202,24295,25741,35884,38731,42053,56586,61730,45924,55574,13536,23067,2720,2494,4409,5846,5413,9630,8455,14959,12413,15384,22072,24444,32134,39573,10622,18075,291369,192639,39104,30477,158526,5212,310,22,12
2021-05-06T23:59:59+02:00,11,11,7496,7966,13833,16184,17143,23440,24399,34770,36585,40388,55457,60409,45681,55267,13501,23001,2595,2381,4235,5650,5205,9326,8112,14518,11980,14930,20765,22767,31279,38564,10568,17961,280721,187019,37821,29518,156705,4021,273,22,12
2021-05-05T23:59:59+02:00,9,11,6958,7657,13049,15636,16106,22673,23012,33744,34755,38899,53618,58368,45360,54921,13468,22935,2508,2322,4060,5493,5014,9114,7765,14180,11611,14569,19375,20985,30085,37148,10528,17858,269251,180884,36899,28346,154913,3286,94,22,12
2021-05-04T23:59:59+02:00,9,10,6769,7565,12683,15459,15618,22403,22363,33398,33794,38201,52763,57405,45237,54793,13450,22893,2453,2252,3906,5324,4838,8860,7423,13772,11185,14110,17723,19058,28987,35816,10431,17738,265469,174067,36031,27405,153251,2358,41,21,12
2021-05-03T23:59:59+02:00,9,10,6623,7416,12305,15240,15112,22091,21656,32991,32642,37311,52464,57087,45141,54685,13435,22861,2394,2182,3812,5144,4698,8624,7206,13423,10864,13702,16520,17559,28107,34712,10366,17630,262177,168489,35570,27055,151281,1364,30,21,12
2021-05-02T23:59:59+02:00,9,10,6542,7324,12090,15068,14817,21858,21179,32670,31492,36363,52180,56796,45079,54594,13417,22830,2379,2175,3791,5111,4668,8588,7140,13352,10780,13610,16208,17163,27810,34407,10354,17617,259740,166923,35496,26941,149032,1257,29,21,10
2021-05-01T23:59:59+02:00,9,10,6524,7301,12027,15019,14737,21794,21078,32597,31365,36269,52174,56781,45075,54593,13415,22828,2376,2168,3767,5094,4627,8563,7103,13315,10719,13555,16010,16940,27695,34270,10351,17607,259170,165957,35495,26916,148881,1255,29,21,10
2021-04-30T23:59:59+02:00,9,10,6486,7262,11936,14924,14631,21675,20883,32411,31125,36078,51903,56421,45030,54540,13409,22816,2348,2147,3705,5031,4531,8454,6953,13132,10441,13292,15194,15913,26824,33196,10310,17519,257386,162749,35452,25024,148662,1186,28,21,10
2021-04-29T23:59:59+02:00,9,10,6281,7135,11613,14736,14277,21438,20364,32121,30372,35587,51254,55595,44938,54421,13382,22737,2310,2101,3613,4944,4408,8318,6759,12914,10164,13006,14218,14679,25520,31649,10248,17426,254203,157045,35357,24276,146662,926,27,21,10
2021-04-28T23:59:59+02:00,9,10,6017,6971,11236,14400,13784,20970,19723,31513,29205,34454,48586,52590,44643,54096,13319,22659,2272,2060,3546,4883,4293,8201,6599,12730,9916,12787,13077,13197,24028,29771,10186,17323,244249,151074,35229,23072,144671,707,15,21,8
2021-04-27T23:59:59+02:00,9,10,5913,6879,11083,14278,13584,20806,19444,31303,28645,34067,48380,52370,44587,54042,13310,22637,2230,2026,3457,4789,4200,8092,6433,12545,9634,12511,11860,11632,22372,27614,10107,17177,242876,144247,35181,21887,143254,530,15,21,7
2021-04-26T23:59:59+02:00,9,10,5864,6835,10966,14210,13423,20684,19218,31092,27811,33500,48042,52001,44532,53976,13301,22608,2208,1999,3403,4746,4138,8024,6331,12412,9445,12337,10941,10473,21092,25857,10046,17087,242145,138967,35154,21139,140748,420,15,20,5
2021-04-25T23:59:59+02:00,9,10,5818,6788,10861,14115,13263,20528,18971,30808,27050,32761,47544,51489,44448,53877,13287,22588,2182,1989,3373,4727,4120,8005,6298,12370,9388,12276,10779,10280,20849,25534,10036,17073,240433,138113,35111,20791,138636,362,15,20,5
2021-04-24T23:59:59+02:00,9,10,5796,6739,10784,14026,13164,20384,18838,30629,26889,32580,47442,51366,44354,53781,13283,22583,2175,1979,3348,4699,4081,7958,6226,12298,9257,12158,10622,10099,20714,25402,10020,17055,238952,137585,35093,20150,138577,343,15,20,5
2021-04-23T23:59:59+02:00,9,10,5734,6650,10651,13827,12962,20130,18528,30249,26492,32218,46496,50229,44200,53536,13260,22551,2157,1957,3305,4662,4032,7904,6131,12207,9093,12030,10355,9799,20390,24980,9972,16973,234555,136460,35033,19142,138109,332,15,20,5
2021-04-22T23:59:59+02:00,9,10,5632,6536,10441,13628,12609,19794,18016,29776,25862,31625,44767,48074,43628,52807,13214,22450,2143,1946,3266,4609,3955,7831,6002,12107,8834,11865,9921,9392,19934,24389,9922,16896,228300,134335,34921,18363,135622,300,15,20,5
2021-04-21T23:59:59+02:00,9,9,5534,6399,10211,13426,12278,19480,17514,29281,25144,30892,40486,43203,43148,52273,13147,22346,2130,1937,3230,4572,3900,7773,5921,12014,8658,11706,9591,9009,19435,23797,9856,16799,216168,132686,34855,17351,133722,277,15,20,5
2021-04-20T23:59:59+02:00,9,9,5456,6309,10018,13210,12002,19214,17091,28873,24591,30324,38731,41187,42493,51493,13075,22205,2105,1924,3189,4548,3833,7729,5788,11916,8487,11578,9307,8691,18962,23128,9759,16658,209923,131318,34765,16047,131568,223,15,19,5
2021-04-19T23:59:59+02:00,9,8,5377,6231,9857,13080,11797,19004,16728,28491,24045,29853,37174,39393,41901,50771,13020,22116,2089,1907,3154,4513,3793,7685,5748,11847,8402,11486,9069,8407,18554,22560,9712,16566,204882,129622,34707,15653,129234,203,15,17,5
2021-04-18T23:59:59+02:00,9,7,5315,6180,9726,12995,11597,18865,16447,28293,23637,29540,35862,38028,41548,50366,12986,22052,2076,1892,3126,4491,3767,7669,5704,11800,8352,11437,8971,8318,18400,22372,9699,16541,203336,129141,34665,15262,125421,198,15,16,5
2021-04-17T23:59:59+02:00,9,7,5309,6164,9692,12964,11550,18825,16370,28225,23573,29481,35551,37687,41440,50268,12980,22041,2066,1884,3099,4478,3709,7624,5634,11749,8266,11385,8861,8208,18294,22256,9678,16528,202104,128337,34656,15172,125345,196,15,16,5
2021-04-16T23:59:59+02:00,9,7,5244,6125,9603,12903,11415,18713,16159,28065,23220,29133,34467,36424,41027,49742,12960,22006,1933,1798,2869,4299,3349,7307,4864,11216,6776,10297,6342,6143,16484,20562,9483,16230,197930,118992,34565,10753,124697,193,15,15,5
2021-04-15T23:59:59+02:00,9,7,5178,6035,9401,12730,11120,18466,15663,27671,22530,28528,32569,34108,39980,48533,12879,21838,1890,1766,2802,4234,3230,7186,4647,11034,6398,9989,5885,5744,15892,19875,9290,15895,192101,115858,34512,9701,120602,184,15,15,5
2021-04-14T23:59:59+02:00,9,7,5116,5989,9234,12603,10904,18289,15261,27356,21878,28048,30641,31856,38760,47111,12804,21651,1807,1712,2718,4166,3119,7093,4446,10868,6090,9739,5406,5330,15309,19187,9086,15539,185719,113231,34373,8241,117395,129,15,15,5
2021-04-13T23:59:59+02:00,9,7,5069,5935,9097,12475,10727,18121,14918,27080,21355,27585,28535,29404,37497,45512,12660,21444,1763,1695,2681,4123,3063,7032,4312,10728,5820,9528,5063,5027,14858,18738,8950,15335,178821,111808,34307,6861,114272,33,15,15,5
2021-04-12T23:59:59+02:00,9,7,5006,5886,8989,12338,10520,17973,14597,26799,20816,27130,26494,27130,36337,44042,12530,21243,1728,1652,2651,4103,3035,6979,4253,10661,5717,9428,4897,4881,14557,18370,8837,15134,173097,110962,34228,5875,110491,32,15,15,5
2021-04-11T23:59:59+02:00,9,7,4970,5843,8896,12259,10363,17872,14334,26622,20392,26806,25291,25839,35631,43257,12441,21093,1719,1646,2630,4083,3010,6951,4218,10614,5629,9360,4806,4826,14441,18247,8798,15081,171311,110752,34157,5267,106427,26,15,15,5
2021-04-10T23:59:59+02:00,9,7,4959,5830,8854,12231,10308,17837,14266,26573,20296,26726,24975,25464,35284,42838,12434,21072,1714,1640,2621,4075,2996,6934,4188,10583,5570,9321,4728,4749,14312,18081,8751,14996,170098,109953,33432,5266,106403,26,15,15,5
2021-04-09T23:59:59+02:00,9,7,4912,5798,8770,12152,10184,17713,14098,26399,20035,26482,24135,24309,34329,41627,12402,20998,1686,1611,2564,4041,2924,6874,4038,10473,5316,9097,4313,4374,13742,17363,8521,14627,166730,106269,31915,5258,105689,26,11,14,5
2021-04-08T23:59:59+02:00,9,7,4836,5733,8624,12043,9971,17541,13702,26085,19430,26015,22427,22319,32634,39653,12253,20762,1656,1595,2510,3996,2841,6787,3890,10337,5024,8833,3856,3947,12748,16116,8037,13864,160965,101277,31008,4728,102046,21,11,14,5
2021-04-07T23:59:59+02:00,9,6,4789,5680,8440,11965,9744,17391,13384,25858,18959,25653,20617,20203,30872,37389,12135,20548,1623,1580,2456,3944,2780,6706,3783,10192,4836,8645,3593,3655,12058,15312,7660,13303,154916,97950,29830,4154,98876,12,10,10,5
2021-04-06T23:59:59+02:00,9,6,4742,5634,8296,11853,9584,17225,13064,25590,18439,25266,18761,18137,28944,34896,11932,20202,1588,1561,2432,3918,2747,6668,3721,10149,4754,8554,3484,3531,11585,14664,7374,12891,148062,95641,28865,3959,95634,11,10,9,5
2021-04-05T23:59:59+02:00,9,6,4711,5593,8201,11763,9445,17128,12851,25378,18037,24920,17031,16205,27315,32744,11785,19974,1566,1549,2401,3900,2717,6619,3678,10090,4668,8438,3371,3422,11244,14296,7216,12610,142644,94244,28429,3520,92006,11,10,7,5
2021-04-04T23:59:59+02:00,9,6,4704,5587,8193,11752,9431,17113,12825,25357,18009,24895,16899,16029,27119,32498,11776,19960,1565,1548,2399,3897,2714,6615,3676,10086,4665,8435,3362,3411,11232,14284,7213,12602,141925,94165,28335,3520,91889,11,8,5,5
2021-04-03T23:59:59+02:00,9,6,4700,5580,8179,11745,9412,17093,12786,25326,17931,24831,16819,15939,27072,32441,11771,19953,1562,1546,2390,3889,2696,6601,3653,10058,4582,8380,3245,3296,11151,14210,7207,12592,141394,93519,28309,3520,91877,11,8,5,5
2021-04-02T23:59:59+02:00,9,6,4674,5560,8120,11691,9348,17025,12647,25219,17695,24630,16366,15461,26596,31862,11739,19899,1560,1537,2376,3883,2689,6585,3632,10026,4512,8287,3175,3228,10914,13909,7055,12389,140181,92222,26896,3516,91457,11,8,5,5
2021-04-01T23:59:59+02:00,8,6,4631,5499,8008,11549,9218,16865,12374,24933,17250,24229,15615,14734,25837,30899,11612,19716,1543,1517,2347,3850,2666,6556,3593,9987,4444,8221,3063,3097,9978,12791,6441,11539,137937,88206,26232,3411,88803,10,6,5,5
2021-03-31T23:59:59+02:00,8,6,4419,5420,7896,11427,9077,16698,12155,24657,16896,23863,14918,13970,25002,29887,11502,19517,1534,1512,2334,3830,2641,6527,3545,9939,4378,8152,2975,3008,9407,12088,6075,11040,136132,85770,24768,3199,86407,10,6,5,5
2021-03-30T23:59:59+02:00,8,6,4388,5367,7822,11300,8990,16541,11993,24467,16612,23551,14318,13327,24241,28902,11363,19272,1520,1502,2313,3805,2615,6498,3505,9874,4312,8081,2848,2860,8812,11433,5724,10545,134641,83443,23551,2792,84265,6,6,5,5
2021-03-29T23:59:59+02:00,8,6,4348,5312,7722,11188,8883,16378,11834,24193,16283,23204,13773,12725,23475,27925,11203,19023,1502,1489,2294,3789,2593,6469,3470,9815,4248,8006,2795,2792,8523,11046,5535,10233,132791,82055,22791,2532,81890,6,6,5,5
2021-03-28T23:59:59+02:00,8,6,4313,5228,7637,11078,8804,16224,11699,23963,16024,22930,13444,12414,22904,27230,11028,18739,1493,1482,2272,3773,2578,6440,3430,9765,4210,7948,2747,2741,8444,10942,5490,10165,132292,81704,22266,2205,79104,5,6,5,5
2021-03-27T23:59:59+01:00,8,6,4299,5217,7611,11046,8738,16152,11600,23868,15879,22814,13238,12201,22701,27016,10993,18710,1492,1480,2269,3771,2577,6439,3416,9737,4200,7926,2739,2735,8386,10877,5455,10125,131407,81408,21620,2205,79059,5,6,5,5
2021-03-26T23:59:59+01:00,8,6,4256,5150,7501,10912,8562,15967,11265,23564,15265,22311,12317,11371,21910,26173,10846,18482,1487,1466,2264,3750,2564,6416,3399,9711,4159,7889,2709,2696,8205,10658,5334,9955,127345,80558,20007,2091,78503,5,6,5,5
2021-03-25T23:59:59+01:00,8,5,4201,4989,7338,10633,8317,15560,10881,22940,14620,21613,11642,10707,21039,25105,10526,17936,1467,1452,2232,3724,2530,6377,3364,9664,4089,7808,2580,2559,7229,9398,4719,9038,124055,76354,19225,1864,74770,5,5,5,5
2021-03-24T23:59:59+01:00,8,5,4125,4848,7201,10344,8102,15148,10617,22392,14149,21004,11036,10148,20104,24013,10193,17369,1446,1423,2205,3686,2486,6340,3322,9599,4010,7708,2481,2462,6579,8635,4334,8454,121453,73714,18031,1449,71316,3,2,4,5
2021-03-23T23:59:59+01:00,8,5,4085,4756,7094,10106,7947,14807,10354,21886,13746,20513,10569,9706,19377,23162,9879,16902,1435,1405,2179,3665,2467,6312,3263,9545,3920,7631,2388,2362,5852,7702,3883,7764,119986,70636,16925,1131,67986,3,1,4,5
2021-03-22T23:59:59+01:00,8,5,4032,4677,6966,9866,7787,14485,10094,21418,13396,20012,10175,9351,18808,22452,9685,16553,1426,1398,2172,3651,2455,6296,3239,9522,3890,7597,2327,2311,5397,7094,3525,7272,119094,68524,16522,1041,64149,3,1,4,5
2021-03-21T23:59:59+01:00,8,5,3985,4574,6832,9602,7619,14128,9873,20879,13053,19486,9855,9071,18271,21849,9495,16239,1423,1394,2171,3640,2452,6289,3233,9513,3880,7583,2313,2292,5280,6961,3467,7171,118889,68015,16125,1041,59805,2,1,4,5
2021-03-20T23:59:59+01:00,8,5,3974,4554,6797,9548,7561,14055,9789,20770,12947,19397,9768,8978,18131,21671,9443,16152,1420,1389,2167,3637,2447,6284,3220,9503,3861,7573,2278,2260,4952,6588,3278,6929,118055,66739,16030,1041,59458,2,1,4,5
2021-03-19T23:59:59+01:00,7,5,3799,4414,6504,9299,7120,13630,8877,20040,11220,18072,6906,6629,15875,19466,9078,15587,1416,1385,2162,3630,2435,6271,3208,9478,3810,7527,2211,2219,4577,6116,3009,6604,108750,65044,11307,1008,56466,2,1,4,5
2021-03-18T23:59:59+01:00,7,4,3695,4282,6327,8989,6852,13190,8489,19381,10581,17336,6191,5977,14650,17993,8560,14762,1412,1379,2139,3603,2417,6235,3179,9437,3770,7494,2166,2185,4155,5585,2726,6190,103613,63166,10299,900,53349,2,1,4,5
2021-03-17T23:59:59+01:00,7,4,3616,4209,6196,8844,6681,13013,8191,19071,10178,16945,5783,5590,13833,17065,8158,14173,1402,1366,2123,3584,2387,6203,3148,9409,3733,7458,2111,2126,3747,5139,2472,5802,100368,61439,8605,765,52579,2,1,4,5
2021-03-16T23:59:59+01:00,7,4,3537,4075,6043,8574,6474,12644,7877,18489,9630,16290,5255,5136,13015,16103,7820,13673,1393,1358,2114,3567,2371,6188,3132,9390,3708,7432,2084,2090,3230,4496,2132,5289,98040,59207,7193,761,49408,2,1,4,5
2021-03-15T23:59:59+01:00,7,4,3489,3929,5854,8301,6255,12233,7600,17916,9194,15668,4938,4851,12357,15360,7553,13208,1393,1348,2098,3552,2351,6164,3113,9341,3684,7393,2047,2039,2862,4034,1848,4894,96538,57413,6213,743,45962,2,0,4,5
2021-03-14T23:59:59+01:00,7,4,3445,3794,5624,7970,5965,11787,7292,17198,8735,14916,4616,4576,12066,15105,7505,13109,1386,1342,2082,3523,2338,6115,3095,9283,3667,7355,2040,2028,2783,3926,1795,4808,96415,57013,5597,548,41698,2,0,4,5
2021-03-13T23:59:59+01:00,7,4,3429,3754,5583,7854,5906,11665,7207,17050,8586,14761,4466,4426,11977,15020,7499,13098,1386,1342,2082,3523,2337,6115,3094,9282,3666,7355,2037,2020,2731,3871,1761,4755,95724,56804,5597,548,40967,2,0,4,5
2021-03-12T23:59:59+01:00,7,4,3410,3683,5526,7719,5845,11513,7121,16824,8450,14529,4359,4330,11704,14695,7342,12879,1386,1342,2078,3517,2336,6107,3090,9276,3664,7350,2035,2018,2643,3760,1677,4668,94295,56394,5589,548,40052,2,0,4,5
2021-03-11T23:59:59+01:00,7,4,3333,3491,5318,7419,5612,11095,6782,16156,8012,13891,4016,3993,10623,13436,6684,11964,1381,1340,2067,3503,2317,6082,3068,9243,3640,7317,2005,1994,2404,3496,1523,4449,90088,55308,5154,516,36590,2,0,4,5
2021-03-10T23:59:59+01:00,7,4,3236,3373,5100,7148,5399,10733,6512,15610,7674,13345,3793,3765,9977,12644,6294,11426,1377,1329,2040,3465,2288,5992,3020,9121,3583,7198,1961,1917,2188,3259,1389,4255,87610,54095,4777,282,33649,2,0,4,5
2021-03-09T23:59:59+01:00,6,4,3163,3246,4935,6959,5196,10447,6281,15177,7377,12837,3609,3558,9340,11943,5917,10898,1370,1318,2005,3405,2257,5890,2958,8978,3515,7116,1931,1891,1909,2943,1217,4008,85322,52672,4515,34,31052,2,0,4,5
2021-03-08T23:59:59+01:00,6,4,3098,3089,4707,6694,4957,10094,6021,14664,7016,12252,3407,3365,8946,11499,5719,10581,1367,1300,1991,3327,2226,5793,2920,8832,3482,7023,1916,1869,1706,2711,1093,3814,83844,51335,4144,32,28127,0,0,4,5
2021-03-07T23:59:59+01:00,6,4,3066,3030,4634,6579,4873,9981,5916,14500,6899,12106,3356,3319,8859,11391,5678,10512,1361,1295,1985,3315,2218,5768,2914,8793,3470,7004,1908,1857,1651,2643,1041,3745,83484,50933,3968,32,27253,0,0,4,5
2021-03-06T23:59:59+01:00,6,4,3052,2973,4593,6488,4836,9914,5858,14380,6851,11995,3332,3296,8802,11326,5643,10470,1359,1282,1980,3301,2206,5741,2911,8766,3459,6985,1898,1833,1623,2619,1035,3736,83163,50699,3968,32,26684,0,0,4,5
2021-03-05T23:59:59+01:00,6,4,3028,2879,4534,6377,4772,9815,5795,14228,6748,11843,3287,3241,8614,11096,5520,10295,1350,1249,1948,3246,2181,5635,2870,8632,3415,6847,1854,1787,1559,2548,1013,3708,82251,49807,3960,32,25867,0,0,4,5
2021-03-04T23:59:59+01:00,4,4,2975,2688,4377,6141,4554,9502,5588,13812,6435,11454,3111,3065,7594,9799,4885,9377,1331,1200,1910,3123,2150,5452,2824,8356,3360,6615,1782,1698,1522,2496,1008,3690,78079,48483,3686,31,23596,0,0,4,5
2021-03-03T23:59:59+01:00,3,4,2936,2617,4238,5949,4388,9233,5384,13434,6179,11032,2985,2932,6945,9024,4487,8766,1319,1164,1883,3050,2128,5342,2793,8177,3307,6458,1714,1656,1481,2426,987,3636,75347,47488,3443,31,21742,0,0,4,4
2021-03-02T23:59:59+01:00,3,4,2876,2526,4052,5730,4182,8962,5187,13055,5910,10656,2837,2770,6178,8056,4016,8057,1286,1121,1856,2977,2104,5200,2743,7904,3258,6260,1641,1596,1415,2346,963,3585,72171,46222,2987,31,19895,0,0,4,4
2021-03-01T23:59:59+01:00,3,3,2837,2463,3888,5578,3995,8743,4997,12734,5671,10263,2736,2655,5683,7397,3650,7547,1280,1085,1832,2876,2078,5007,2703,7654,3199,6024,1598,1560,1365,2285,933,3542,69998,44988,2678,31,18163,0,0,4,4
2021-02-28T23:59:59+01:00,3,3,2795,2415,3730,5459,3774,8554,4813,12483,5485,9958,2679,2581,5560,7242,3588,7446,1276,1080,1827,2863,2069,4983,2696,7618,3189,6007,1589,1553,1360,2277,930,3532,69518,44817,2456,30,16590,0,0,4,4
2021-02-27T23:59:59+01:00,3,2,2780,2353,3703,5379,3740,8482,4779,12390,5450,9884,2638,2547,5227,6857,3388,7195,1269,1072,1820,2851,2056,4948,2677,7553,3173,5951,1571,1544,1354,2266,928,3531,68204,44533,2456,29,16133,0,0,4,4
2021-02-26T23:59:59+01:00,3,2,2760,2312,3661,5291,3674,8378,4717,12279,5364,9797,2561,2494,4846,6377,3111,6863,1212,1023,1770,2745,2007,4768,2621,7278,3101,5743,1510,1493,1331,2245,915,3522,66392,43254,2329,28,15765,0,0,4,4
2021-02-25T23:59:59+01:00,3,2,2588,2205,3478,5108,3490,8153,4513,11993,5145,9523,2473,2427,4396,5822,2822,6436,1196,965,1739,2636,1953,4493,2552,6883,3006,5457,1464,1450,1310,2230,912,3513,64526,41732,2002,25,14045,0,0,4,4
2021-02-24T23:59:59+01:00,3,2,2435,2072,3288,4914,3343,7949,4317,11738,4925,9273,2336,2307,3936,5311,2560,6038,1181,936,1716,2552,1919,4353,2492,6628,2954,5253,1433,1418,1292,2209,908,3490,62750,40714,1523,17,12470,0,0,4,4
2021-02-23T23:59:59+01:00,3,2,2302,1934,3110,4686,3191,7710,4142,11467,4740,9026,2247,2213,3380,4645,2215,5520,1167,888,1683,2456,1881,4162,2424,6329,2860,4993,1377,1364,1264,2165,892,3463,60532,39351,1170,14,10827,0,0,4,4
2021-02-22T23:59:59+01:00,3,2,2262,1883,3026,4593,3121,7603,4048,11281,4632,8901,2196,2172,3009,4177,1929,5132,1156,829,1651,2332,1839,3916,2348,5935,2735,4696,1314,1310,1241,2132,884,3440,58848,37751,1083,4,10035,0,0,4,4
2021-02-21T23:59:59+01:00,3,2,2226,1852,2974,4524,3041,7489,3967,11136,4566,8784,2181,2149,2925,4062,1872,5044,1153,811,1634,2280,1813,3809,2315,5779,2673,4573,1284,1287,1231,2118,877,3425,58414,37055,1050,4,9329,0,0,4,4
2021-02-20T23:59:59+01:00,3,2,2214,1849,2951,4511,3025,7453,3941,11103,4545,8762,2178,2141,2872,4005,1837,4991,1152,808,1634,2278,1812,3800,2314,5774,2672,4569,1283,1284,1230,2115,876,3424,58201,37019,1049,4,9129,0,0,4,3
2021-02-19T23:59:59+01:00,2,2,2202,1835,2915,4459,3000,7365,3896,11021,4491,8699,2170,2135,2781,3891,1753,4897,1101,799,1595,2270,1802,3791,2304,5753,2664,4556,1277,1273,1219,2110,871,3417,57780,36796,1017,4,8713,0,0,4,3
2021-02-18T23:59:59+01:00,2,2,2071,1740,2759,4276,2876,7167,3759,10736,4352,8494,2136,2101,2539,3621,1598,4674,1023,763,1523,2170,1752,3670,2231,5597,2607,4471,1263,1254,1213,2096,858,3399,56711,35884,949,4,7239,0,0,4,3
2021-02-17T23:59:59+01:00,2,2,2027,1692,2668,4144,2767,6955,3606,10395,4210,8251,2077,2017,2320,3391,1469,4481,871,698,1411,2044,1675,3480,2135,5370,2535,4298,1231,1209,1187,2051,842,3354,55636,34386,803,3,6031,0,0,4,3
2021-02-16T23:59:59+01:00,2,2,1857,1581,2492,3937,2627,6680,3445,10042,4032,7946,2032,1990,2038,3072,1295,4228,844,676,1341,1966,1606,3338,2043,5197,2443,4166,1171,1163,1128,1963,809,3252,54295,33102,767,2,4232,0,0,4,3
2021-02-15T23:59:59+01:00,2,2,1822,1526,2404,3767,2550,6407,3323,9674,3918,7677,2006,1961,1819,2832,1169,4035,826,664,1312,1918,1564,3269,1986,5026,2381,4065,1114,1123,1065,1871,789,3150,53187,32120,751,1,2952,0,0,4,3
2021-02-14T23:59:59+01:00,2,2,1733,1495,2356,3705,2508,6314,3252,9570,3871,7599,1995,1951,1761,2772,1118,3975,811,654,1296,1894,1537,3246,1952,4985,2355,4009,1104,1114,1058,1862,786,3138,52848,31798,722,1,2405,0,0,4,3
2021-02-13T23:59:59+01:00,2,2,1732,1483,2346,3698,2502,6300,3249,9554,3864,7589,1986,1931,1737,2752,1114,3965,811,654,1296,1894,1537,3246,1952,4985,2355,4009,1104,1114,1058,1862,786,3138,52691,31798,722,1,2389,0,0,4,3
2021-02-12T23:59:59+01:00,2,2,1653,1398,2245,3584,2423,6127,3145,9316,3740,7324,1939,1873,1673,2680,1091,3936,804,646,1284,1871,1524,3227,1944,4954,2339,3989,1099,1109,1057,1843,786,3107,51749,31581,722,0,1676,0,0,4,3
2021-02-11T23:59:59+01:00,2,2,1456,1262,2063,3372,2295,5835,2994,8882,3582,6977,1866,1771,1631,2616,1071,3914,775,597,1189,1692,1397,2949,1804,4593,2172,3698,1046,1045,1013,1766,745,2965,50349,29446,682,0,556,0,0,4,1
2021-02-10T23:59:59+01:00,2,2,1362,1215,1978,3243,2227,5663,2912,8603,3471,6746,1796,1724,1584,2549,1052,3852,564,515,967,1468,1258,2638,1619,4132,1968,3316,926,917,880,1508,654,2623,49173,25953,643,0,161,0,0,4,1
2021-02-09T23:59:59+01:00,2,2,1326,1165,1942,3150,2199,5478,2845,8262,3401,6487,1722,1662,1522,2488,1033,3809,302,382,750,1204,1071,2261,1410,3594,1719,2860,756,752,705,1200,522,2122,47899,21610,513,0,80,0,0,3,1
2021-02-08T23:59:59+01:00,2,2,1319,1130,1910,3031,2162,5256,2794,7983,3342,6252,1679,1628,1472,2432,1015,3786,266,342,647,1051,966,2045,1251,3200,1523,2544,654,633,604,1014,450,1837,46770,19027,343,0,79,0,0,3,1
2021-02-07T23:59:59+01:00,2,2,1293,1114,1880,2979,2137,5174,2764,7880,3300,6186,1663,1612,1457,2413,1003,3771,232,287,598,962,907,1889,1160,2974,1426,2371,613,613,583,979,440,1806,46485,17841,142,0,0,0,0,3,0
2021-02-06T23:59:59+01:00,2,2,1288,1108,1874,2967,2128,5146,2751,7836,3289,6141,1650,1604,1452,2403,1000,3770,213,254,576,924,879,1824,1117,2855,1369,2289,597,594,576,979,440,1806,46266,17293,142,0,0,0,0,3,0
2021-02-05T23:59:59+01:00,2,2,1229,1057,1825,2859,2076,4950,2691,7539,3212,5925,1587,1551,1435,2380,992,3764,197,222,540,875,843,1744,1079,2735,1316,2190,563,570,564,955,428,1781,44931,16603,142,0,0,0,0,3,0
2021-02-04T23:59:59+01:00,2,2,1217,993,1784,2711,2004,4637,2608,7093,3112,5597,1542,1518,1418,2363,987,3753,168,169,466,757,744,1604,966,2497,1203,1976,517,517,516,899,407,1662,43305,15069,34,0,0,0,0,2,0
2021-02-03T23:59:59+01:00,2,2,1199,964,1754,2632,1965,4489,2542,6831,3060,5382,1506,1486,1388,2328,968,3723,139,140,393,644,628,1366,820,2120,1010,1686,398,381,373,679,287,1257,42185,12322,34,0,0,0,0,2,0
2021-02-02T23:59:59+01:00,2,2,1181,908,1720,2531,1923,4269,2469,6499,2955,5111,1453,1439,1364,2297,958,3698,117,116,318,524,523,1129,675,1790,820,1377,297,279,292,497,225,946,40743,9926,34,0,0,0,0,2,0
2021-02-01T23:59:59+01:00,1,2,1168,848,1684,2408,1873,4024,2392,6109,2834,4815,1386,1358,1334,2251,945,3669,84,76,219,352,350,738,427,1155,480,857,185,170,171,296,126,562,39065,6248,34,0,0,0,0,2,0
2021-01-31T23:59:59+01:00,1,2,1164,830,1667,2351,1848,3902,2360,5925,2767,4696,1355,1335,1323,2235,938,3653,73,70,186,281,272,572,338,901,398,690,159,155,159,287,122,548,38319,5211,31,0,0,0,0,2,0
2021-01-30T23:59:59+01:00,1,2,1164,827,1666,2346,1846,3891,2358,5914,2764,4686,1354,1331,1322,2234,938,3652,70,63,153,233,244,504,303,783,355,615,158,148,154,283,122,547,38264,4735,30,0,0,0,0,2,0
2021-01-29T23:59:59+01:00,1,2,1112,818,1627,2339,1835,3884,2350,5900,2756,4675,1350,1328,1318,2234,938,3652,62,45,116,178,200,350,248,635,311,487,147,139,143,273,119,546,38089,3999,28,0,0,0,0,2,0
2021-01-28T23:59:59+01:00,1,2,1038,792,1571,2276,1802,3815,2303,5829,2723,4623,1338,1316,1309,2228,926,3638,40,20,74,105,131,204,153,379,203,290,115,106,117,220,107,496,37503,2760,25,0,0,0,0,2,0
2021-01-27T23:59:59+01:00,1,2,890,740,1475,2200,1734,3701,2230,5700,2665,4497,1309,1271,1280,2190,910,3603,31,13,62,87,105,160,120,322,176,245,107,88,105,201,103,459,36380,2384,16,0,0,0,0,2,0
2021-01-26T23:59:59+01:00,1,2,876,720,1412,2124,1673,3571,2143,5528,2577,4385,1250,1231,1230,2117,885,3543,30,12,59,84,101,154,116,307,175,236,104,82,98,180,92,409,35255,2239,11,0,0,0,0,2,0
2021-01-25T23:59:59+01:00,1,2,862,699,1381,2062,1640,3474,2097,5360,2520,4293,1197,1206,1175,2057,867,3477,28,12,56,84,98,152,115,305,174,236,103,81,97,179,90,406,34366,2216,3,0,0,0,0,1,0
2021-01-24T23:59:59+01:00,1,2,859,698,1375,2051,1635,3457,2089,5335,2508,4261,1193,1199,1170,2050,866,3471,28,12,56,84,97,151,115,305,174,235,103,81,97,179,90,405,34216,2212,3,0,0,0,0,1,0
2021-01-23T23:59:59+01:00,1,2,859,698,1375,2051,1635,3457,2089,5335,2508,4261,1193,1199,1170,2050,866,3471,28,12,56,84,97,151,115,305,173,235,103,81,97,179,90,405,34216,2211,3,0,0,0,0,1,0
2021-01-22T23:59:59+01:00,1,2,858,688,1361,2028,1620,3433,2076,5301,2492,4242,1191,1194,1169,2027,865,3437,28,12,56,84,97,151,115,305,172,235,103,81,97,179,90,405,33981,2210,3,0,0,0,0,1,0
2021-01-21T23:59:59+01:00,1,2,827,651,1284,1871,1519,3241,1980,5030,2381,4043,1151,1134,1140,1959,828,3317,26,11,52,79,89,142,105,276,158,212,89,72,86,155,74,345,32355,1971,3,0,0,0,0,1,0
2021-01-20T23:59:59+01:00,1,2,626,554,1090,1655,1383,2966,1804,4624,2178,3702,1023,1015,1010,1719,752,3013,24,11,51,75,86,141,97,263,147,193,78,65,80,130,62,307,29113,1810,3,0,0,0,0,1,0
2021-01-19T23:59:59+01:00,1,2,341,410,839,1397,1179,2619,1568,4095,1914,3251,848,843,837,1424,629,2564,20,8,36,53,57,76,71,176,103,130,58,50,52,96,47,238,24758,1271,2,0,0,0,0,1,0
2021-01-18T23:59:59+01:00,1,2,300,373,726,1210,1061,2366,1375,3595,1673,2869,708,689,677,1168,525,2119,8,4,12,18,19,26,23,51,25,46,13,11,13,33,11,72,21435,385,1,0,0,0,0,1,0
2021-01-17T23:59:59+01:00,1,2,258,319,660,1115,982,2195,1277,3323,1559,2657,662,659,648,1108,497,2051,0,0,1,0,3,2,2,1,2,2,1,4,1,0,0,1,19972,20,1,0,0,0,0,0,0
2021-01-16T23:59:59+01:00,1,2,241,288,644,1080,958,2133,1236,3212,1508,2583,646,641,640,1108,497,2050,0,0,0,0,1,2,1,1,1,2,0,1,1,0,0,1,19467,11,1,0,0,0,0,0,0
2021-01-15T23:59:59+01:00,1,2,226,254,614,1030,931,2055,1202,3095,1456,2487,615,615,633,1087,490,2038,0,0,0,0,0,0,0,0,0,0,0,0,0,0,0,0,18831,0,0,0,0,0,0,0,0
2021-01-14T23:59:59+01:00,1,2,196,204,553,909,842,1911,1107,2874,1341,2302,571,571,593,1041,483,1992,0,0,0,0,0,0,0,0,0,0,0,0,0,0,0,0,17493,0,0,0,0,0,0,0,0
2021-01-13T23:59:59+01:00,1,2,166,185,505,838,770,1786,1008,2637,1187,2080,455,452,451,824,367,1551,0,0,0,0,0,0,0,0,0,0,0,0,0,0,0,0,15265,0,0,0,0,0,0,0,0
2021-01-12T23:59:59+01:00,1,2,143,164,474,769,719,1631,919,2434,1079,1848,365,343,351,592,270,1114,0,0,0,0,0,0,0,0,0,0,0,0,0,0,0,0,13218,0,0,0,0,0,0,0,0
2021-01-11T23:59:59+01:00,0,1,114,127,398,638,629,1377,755,1976,847,1459,227,202,201,357,153,673,0,0,0,0,0,0,0,0,0,0,0,0,0,0,0,0,10134,0,0,0,0,0,0,0,0
2021-01-10T23:59:59+01:00,0,1,88,92,308,459,473,998,547,1448,623,1062,189,178,184,343,147,659,0,0,0,0,0,0,0,0,0,0,0,0,0,0,0,0,7799,0,0,0,0,0,0,0,0
2021-01-09T23:59:59+01:00,0,1,78,84,261,396,402,866,480,1231,547,904,183,168,179,338,147,657,0,0,0,0,0,0,0,0,0,0,0,0,0,0,0,0,6922,0,0,0,0,0,0,0,0
2021-01-08T23:59:59+01:00,0,1,65,64,188,288,304,585,366,933,441,685,175,163,163,326,145,657,0,0,0,0,0,0,0,0,0,0,0,0,0,0,0,0,5549,0,0,0,0,0,0,0,0
2021-01-07T23:59:59+01:00,0,0,46,24,81,121,140,231,164,420,223,340,130,127,144,276,131,602,0,0,0,0,0,0,0,0,0,0,0,0,0,0,0,0,3200,0,0,0,0,0,0,0,0
2021-01-06T23:59:59+01:00,0,0,34,18,70,92,119,180,136,343,194,276,111,98,116,227,112,517,0,0,0,0,0,0,0,0,0,0,0,0,0,0,0,0,2643,0,0,0,0,0,0,0,0
2021-01-05T23:59:59+01:00,0,0,31,13,60,88,108,166,121,329,180,253,109,94,115,220,109,499,0,0,0,0,0,0,0,0,0,0,0,0,0,0,0,0,2495,0,0,0,0,0,0,0,0
2021-01-04T23:59:59+01:00,0,0,28,12,57,85,100,158,116,314,178,241,108,90,108,206,99,461,0,0,0,0,0,0,0,0,0,0,0,0,0,0,0,0,2361,0,0,0,0,0,0,0,0
2021-01-03T23:59:59+01:00,0,0,28,12,57,85,100,158,116,314,178,241,108,90,107,205,99,461,0,0,0,0,0,0,0,0,0,0,0,0,0,0,0,0,2359,0,0,0,0,0,0,0,0
2021-01-02T23:59:59+01:00,0,0,28,12,57,85,100,158,116,314,177,241,108,90,107,205,99,461,0,0,0,0,0,0,0,0,0,0,0,0,0,0,0,0,2358,0,0,0,0,0,0,0,0
2021-01-01T23:59:59+01:00,0,0,28,12,57,85,100,158,116,314,175,240,108,90,107,205,99,461,0,0,0,0,0,0,0,0,0,0,0,0,0,0,0,0,2355,0,0,0,0,0,0,0,0
2020-12-31T23:59:59+01:00,0,0,28,12,57,85,100,158,116,314,175,240,108,90,107,205,99,461,0,0,0,0,0,0,0,0,0,0,0,0,0,0,0,0,2355,0,0,0,0,0,0,0,0
2020-12-30T23:59:59+01:00,0,0,27,12,57,84,99,155,116,313,175,240,108,90,107,205,99,461,0,0,0,0,0,0,0,0,0,0,0,0,0,0,0,0,2348,0,0,0,0,0,0,0,0
2020-12-29T23:59:59+01:00,0,0,20,9,42,60,76,91,86,218,128,188,83,77,78,171,80,373,0,0,0,0,0,0,0,0,0,0,0,0,0,0,0,0,1780,0,0,0,0,0,0,0,0
2020-12-28T23:59:59+01:00,0,0,9,6,18,30,31,45,40,113,53,101,36,42,40,98,43,211,0,0,0,0,0,0,0,0,0,0,0,0,0,0,0,0,916,0,0,0,0,0,0,0,0
2020-12-27T23:59:59+01:00,0,0,2,2,4,5,7,11,10,24,6,22,6,7,7,25,5,56,0,0,0,0,0,0,0,0,0,0,0,0,0,0,0,0,199,0,0,0,0,0,0,0,0
