Datum,<15_m,<15_w,15-24_1_m,15-24_1_w,25-34_1_m,25-34_1_w,35-44_1_m,35-44_1_w,45-54_1_m,45-54_1_w,55-64_1_m,55-64_1_w,65-74_1_m,65-74_1_w,75-84_1_m,75-84_1_w,>84_1_m,>84_1_w,<24_2_m,<24_2_w,25-34_2_m,25-34_2_w,35-44_2_m,35-44_2_w,45-54_2_m,45-54_2_w,55-64_2_m,55-64_2_w,65-74_2_m,65-74_2_w,75-84_2_m,75-84_2_w,>84_2_m,>84_2_w,bp_1,bp_2,mo_1,mo_2,az_1,az_2,ja,unb_1,unb_2
2021-09-18T23:59:59+02:00,9465,8787,58058,54889,64354,60128,73441,74466,95003,97176,106780,105809,73543,79821,51553,63317,14510,25003,52696,49820,60367,55469,69468,69833,90796,92401,102719,101898,71523,77588,50254,61573,14114,24148,818580,770907,70103,67677,182454,175616,44977,35,52
2021-09-17T23:59:59+02:00,9386,8712,57906,54755,64243,60008,73333,74357,94907,97090,106701,105741,73512,79790,51542,63303,14502,24996,52543,49717,60255,55364,69389,69749,90719,92329,102648,101844,71493,77553,50241,61544,14105,24142,817528,770013,70070,67660,182452,175609,44744,35,52
2021-09-16T23:59:59+02:00,9312,8639,57703,54609,64073,59826,73159,74193,94758,96957,106550,105631,73441,79732,51521,63264,14495,24982,52385,49593,60114,55245,69269,69635,90611,92231,102547,101764,71448,77505,50219,61507,14098,24131,816103,769077,70054,67639,182430,175584,44268,35,52
2021-09-15T23:59:59+02:00,9221,8561,57511,54394,63898,59634,72982,74019,94612,96807,106406,105497,73379,79663,51468,63206,14479,24959,52229,49429,59989,55114,69147,69531,90510,92153,102439,101677,71400,77448,50185,61471,14087,24119,814383,768025,70034,67622,182425,175572,43864,35,52
2021-09-14T23:59:59+02:00,9113,8457,57328,54163,63724,59451,72838,73843,94484,96651,106285,105398,73307,79599,51435,63155,14463,24937,52063,49236,59846,54976,69025,69415,90403,92029,102349,101589,71349,77391,50156,61426,14080,24106,812645,766727,70022,67609,182403,175537,43571,34,52
2021-09-13T23:59:59+02:00,9052,8390,57117,53958,63577,59261,72688,73677,94335,96500,106149,105268,73252,79549,51395,63109,14443,24909,51907,49070,59721,54847,68946,69325,90284,91941,102254,101517,71302,77351,50128,61385,14069,24095,810985,765685,70010,67596,182388,175511,43256,34,52
2021-09-12T23:59:59+02:00,9008,8362,57002,53870,63487,59168,72614,73592,94259,96433,106086,105201,73225,79526,51379,63086,14439,24903,51777,48962,59617,54748,68872,69249,90211,91876,102182,101447,71266,77323,50112,61359,14063,24084,810267,764874,69993,67582,182371,175486,43019,34,52
2021-09-11T23:59:59+02:00,9004,8355,56985,53849,63468,59154,72602,73579,94255,96419,106081,105196,73224,79525,51379,63086,14439,24903,51755,48943,59596,54736,68859,69238,90202,91860,102180,101442,71262,77321,50112,61359,14063,24082,810189,764822,69986,67538,182370,175484,42968,34,52
2021-09-10T23:59:59+02:00,8933,8295,56819,53705,63358,59035,72498,73475,94138,96304,106004,105135,73188,79490,51366,63060,14435,24898,51627,48878,59536,54672,68801,69193,90140,91803,102144,101404,71241,77305,50103,61349,14059,24075,809079,764368,69954,67484,182368,175481,42744,34,52
2021-09-09T23:59:59+02:00,8861,8231,56621,53514,63203,58852,72347,73333,93995,96170,105880,105044,73130,79429,51335,63025,14431,24885,51445,48716,59388,54542,68670,69067,90024,91699,102028,101312,71198,77260,50073,61319,14052,24056,807737,763307,69934,67435,182352,175459,42271,34,52
2021-09-08T23:59:59+02:00,8775,8156,56442,53342,63055,58673,72205,73183,93839,96039,105787,104935,73062,79367,51304,62972,14426,24870,51273,48552,59267,54406,68545,68914,89901,91593,101943,101211,71145,77202,50045,61276,14048,24039,806354,762161,69908,67385,182316,175436,41860,34,52
2021-09-07T23:59:59+02:00,8687,8096,56281,53188,62943,58536,72092,73055,93734,95939,105683,104835,73010,79319,51278,62931,14419,24850,51103,48393,59146,54263,68426,68803,89796,91479,101845,101112,71098,77157,50022,61249,14043,24020,805104,760961,69903,67368,182312,175414,41563,34,52
2021-09-06T23:59:59+02:00,8624,8030,56135,53020,62810,58381,71989,72930,93635,95830,105605,104748,72958,79270,51247,62903,14409,24834,50954,48257,59013,54116,68313,68684,89715,91382,101748,101028,71050,77109,49998,61220,14036,24009,803905,759846,69876,67324,182284,175393,41298,34,52
2021-09-05T23:59:59+02:00,8596,7992,56069,52926,62749,58321,71942,72875,93585,95783,105577,104705,72933,79246,51236,62884,14402,24828,50864,48172,58948,54052,68255,68628,89671,91326,101706,100978,71026,77080,49983,61204,14030,23999,803387,759225,69866,67314,182263,175374,41138,34,52
2021-09-04T23:59:59+02:00,8590,7987,56049,52917,62740,58313,71935,72867,93578,95779,105573,104698,72932,79245,51236,62884,14402,24828,50850,48156,58933,54039,68251,68620,89664,91321,101701,100974,71025,77078,49982,61204,14030,23999,803330,759162,69863,67309,182262,175373,41103,34,52
2021-09-03T23:59:59+02:00,8524,7918,55920,52831,62670,58213,71855,72791,93503,95720,105504,104637,72902,79211,51217,62853,14395,24818,50735,48063,58854,53971,68189,68551,89604,91263,101636,100921,70996,77045,49960,61177,14027,23990,802421,758381,69855,67292,182255,175364,40956,34,52
2021-09-02T23:59:59+02:00,8431,7823,55725,52679,62543,58112,71762,72663,93386,95607,105398,104554,72843,79157,51186,62807,14384,24798,50508,47894,58711,53859,68082,68435,89473,91156,101520,100823,70938,76998,49935,61147,14019,23974,801294,757217,69809,67252,182241,175316,40517,34,52
2021-09-01T23:59:59+02:00,8354,7731,55575,52534,62415,57984,71679,72543,93293,95516,105320,104484,72804,79114,51165,62771,14377,24780,50333,47685,58584,53718,68004,68324,89373,91053,101415,100728,70898,76956,49908,61106,14012,23958,800196,755986,69786,67214,182229,175263,40231,34,52
2021-08-31T23:59:59+02:00,8246,7637,55420,52379,62307,57874,71602,72444,93211,95435,105240,104404,72762,79073,51142,62742,14367,24769,50125,47482,58463,53581,67892,68201,89278,90951,101305,100646,70852,76904,49885,61071,14000,23941,799137,754627,69779,67198,182220,175239,39921,34,52
2021-08-30T23:59:59+02:00,8170,7557,55252,52216,62194,57746,71485,72327,93086,95306,105120,104308,72710,79033,51125,62708,14346,24746,49924,47270,58346,53440,67790,68091,89158,90839,101191,100539,70800,76870,49858,61042,13986,23923,797962,753427,69739,67130,182186,175186,39550,34,52
2021-08-29T23:59:59+02:00,8131,7511,55162,52139,62139,57669,71420,72281,93035,95244,105071,104273,72690,79011,51110,62692,14340,24737,49807,47167,58260,53339,67721,68015,89103,90781,101132,100487,70773,76854,49843,61029,13979,23919,797443,752769,69737,67120,182176,175142,39301,34,52
2021-08-28T23:59:59+02:00,8114,7497,55123,52102,62110,57647,71393,72265,93017,95228,105058,104262,72685,79009,51108,62688,14340,24737,49769,47148,58235,53323,67702,68002,89083,90758,101125,100474,70767,76850,49841,61027,13979,23919,797238,752622,69736,67114,182174,175142,39237,34,52
2021-08-27T23:59:59+02:00,8031,7420,54943,51963,62001,57509,71294,72140,92895,95108,104948,104176,72640,78959,51084,62651,14328,24731,49644,47061,58160,53242,67619,67930,89005,90691,101068,100426,70730,76815,49827,61015,13977,23919,795925,751923,69731,67108,182164,175134,39003,34,52
2021-08-26T23:59:59+02:00,7967,7347,54785,51818,61882,57398,71200,72033,92793,94979,104842,104094,72598,78906,51061,62630,14323,24717,49482,46906,58041,53137,67522,67839,88899,90611,101001,100357,70688,76778,49804,60992,13972,23909,794877,751092,69720,67071,182153,175101,38623,34,52
2021-08-25T23:59:59+02:00,7904,7293,54641,51667,61772,57250,71095,71919,92689,94881,104741,104010,72539,78855,51033,62594,14310,24703,49283,46714,57916,53001,67405,67718,88789,90499,100900,100268,70631,76730,49777,60952,13965,23894,793881,749961,69695,67039,182142,175063,38178,34,52
2021-08-24T23:59:59+02:00,7801,7209,54516,51475,61651,57115,70993,71798,92576,94770,104644,103920,72489,78811,51000,62552,14302,24687,49068,46497,57777,52835,67299,67588,88692,90411,100811,100186,70596,76678,49753,60926,13961,23878,792577,748603,69678,67019,182132,175041,37922,34,52
2021-08-23T23:59:59+02:00,7739,7134,54345,51301,61520,56990,70879,71687,92451,94663,104546,103822,72437,78750,50966,62510,14295,24676,48882,46324,57665,52709,67194,67491,88590,90319,100723,100107,70555,76627,49726,60887,13957,23866,791379,747590,69650,66993,182114,174985,37568,34,52
2021-08-22T23:59:59+02:00,7711,7108,54261,51224,61466,56926,70840,71631,92409,94621,104503,103793,72416,78734,50957,62497,14294,24670,48765,46215,57575,52618,67120,67429,88522,90261,100679,100065,70526,76603,49710,60868,13954,23859,790955,746917,69641,66984,182093,174934,37372,34,52
2021-08-21T23:59:59+02:00,7705,7105,54235,51209,61448,56914,70824,71617,92396,94604,104493,103783,72411,78732,50957,62496,14294,24669,48745,46198,57554,52610,67104,67410,88504,90246,100670,100055,70526,76600,49710,60867,13954,23859,790886,746828,69598,66968,182090,174928,37318,34,52
2021-08-20T23:59:59+02:00,7674,7071,54148,51133,61377,56853,70756,71554,92333,94542,104439,103748,72386,78703,50945,62470,14285,24658,48652,46121,57485,52546,67038,67357,88448,90187,100609,100018,70504,76578,49703,60851,13945,23855,790353,746320,69528,66957,182087,174905,37107,34,52
2021-08-19T23:59:59+02:00,7609,6991,54012,51014,61236,56742,70641,71443,92220,94454,104344,103656,72338,78648,50916,62430,14276,24637,48520,46018,57369,52457,66949,67280,88355,90107,100512,99951,70471,76550,49683,60827,13941,23846,789338,745678,69491,66924,182066,174860,36712,34,52
2021-08-18T23:59:59+02:00,7535,6934,53866,50879,61113,56631,70529,71348,92111,94368,104244,103576,72280,78595,50882,62394,14266,24616,48402,45891,57254,52360,66857,67205,88239,90020,100434,99873,70423,76508,49661,60799,13933,23829,788350,744958,69463,66886,182058,174809,36296,34,52
2021-08-17T23:59:59+02:00,7452,6855,53704,50716,61011,56506,70413,71227,92007,94263,104137,103477,72229,78552,50854,62368,14258,24605,48207,45714,57122,52223,66738,67100,88111,89925,100324,99776,70367,76459,49636,60778,13926,23817,787280,743931,69441,66854,182053,174751,35860,34,52
2021-08-16T23:59:59+02:00,7380,6791,53575,50584,60914,56394,70313,71132,91913,94157,104044,103378,72184,78500,50826,62323,14250,24597,48067,45599,57017,52153,66643,67015,88010,89841,100235,99680,70320,76418,49608,60747,13918,23812,786408,743305,69394,66795,182039,174685,35414,34,51
2021-08-15T23:59:59+02:00,7331,6751,53495,50501,60845,56326,70248,71068,91857,94107,103992,103331,72149,78472,50818,62307,14246,24588,47961,45501,56922,52067,66574,66951,87936,89775,100180,99633,70283,76381,49594,60726,13913,23800,785931,742812,69382,66766,182029,174605,35090,34,51
2021-08-14T23:59:59+02:00,7309,6735,53422,50432,60798,56284,70213,71021,91819,94068,103953,103295,72128,78464,50809,62296,14244,24585,47717,45228,56757,51881,66424,66798,87802,89653,100064,99524,70233,76338,49583,60703,13909,23795,785449,740977,69375,66760,182029,174596,35022,34,51
2021-08-13T23:59:59+02:00,7268,6699,53313,50336,60713,56202,70160,70952,91743,94013,103902,103250,72105,78443,50797,62284,14242,24578,47207,44725,56514,51612,66194,66545,87530,89403,99868,99320,70146,76238,49544,60643,13903,23774,784696,737493,69370,66752,182029,174521,34905,34,51
2021-08-12T23:59:59+02:00,7238,6672,53208,50265,60652,56125,70089,70906,91673,93954,103841,103204,72071,78410,50783,62268,14240,24564,46706,44281,56235,51307,65934,66324,87269,89180,99518,99044,70031,76097,49485,60579,13892,23745,784264,734435,69345,66695,182013,174069,34541,34,50
2021-08-11T23:59:59+02:00,7174,6603,53043,50093,60522,56007,70003,70813,91565,93850,103739,103097,72010,78345,50751,62226,14233,24548,46027,43660,55858,50926,65677,66029,86973,88917,99181,98677,69891,75953,49424,60476,13880,23716,783093,730325,69324,66658,182004,173635,34201,34,50
2021-08-10T23:59:59+02:00,7098,6519,52844,49907,60382,55888,69900,70693,91441,93721,103615,102991,71958,78288,50720,62195,14225,24539,45071,42749,55191,50276,65186,65579,86514,88435,98687,98217,69686,75754,49324,60376,13859,23677,781742,724069,69315,66609,181998,173128,33868,34,50
2021-08-09T23:59:59+02:00,7056,6472,52732,49817,60308,55814,69845,70632,91374,93652,103545,102932,71915,78251,50714,62179,14221,24531,44058,41683,54480,49589,64713,65149,86070,87998,98170,97747,69495,75529,49231,60250,13831,23639,781187,717600,69246,66533,181987,172566,33569,34,50
2021-08-08T23:59:59+02:00,7011,6433,52667,49750,60264,55781,69809,70608,91320,93605,103491,102890,71894,78229,50700,62158,14215,24526,44003,41618,54412,49544,64657,65115,86000,87941,98105,97696,69471,75500,49209,60223,13823,23632,780905,717320,69241,66518,181972,172487,33231,34,50
2021-08-07T23:59:59+02:00,6972,6392,52554,49620,60195,55705,69754,70543,91250,93544,103440,102843,71877,78212,50690,62152,14215,24525,43035,40589,53852,48967,64223,64710,85628,87548,97786,97350,69328,75357,49153,60141,13806,23614,780119,710935,69236,66503,181972,172479,33154,34,48
2021-08-06T23:59:59+02:00,6930,6331,52415,49491,60119,55638,69688,70458,91172,93468,103380,102789,71853,78189,50679,62133,14213,24520,42352,39974,53604,48702,64000,64469,85395,87327,97558,97148,69244,75266,49111,60100,13800,23601,779243,707319,69233,66423,181971,172342,33017,34,48
2021-08-05T23:59:59+02:00,6821,6224,52160,49265,59946,55451,69544,70314,91011,93322,103238,102654,71792,78127,50652,62093,14200,24501,41517,39277,53088,48239,63633,64123,84941,86928,96939,96634,69058,75081,49045,60002,13781,23569,777625,702787,69181,66376,181940,171214,32567,34,48
2021-08-04T23:59:59+02:00,6733,6140,51966,49036,59797,55274,69434,70165,90876,93207,103120,102538,71731,78063,50626,62047,14189,24472,40672,38485,52713,47839,63317,63810,84571,86598,96526,96229,68894,74911,48969,59905,13766,23535,776226,698205,69144,66360,181926,170418,32116,34,48
2021-08-03T23:59:59+02:00,6659,6083,51798,48899,59670,55151,69342,70076,90776,93109,103024,102457,71678,78027,50606,62022,14181,24456,39678,37528,51916,47165,62778,63290,84053,86114,95816,95597,68650,74696,48878,59790,13745,23490,775194,691969,69135,66340,181919,169239,31764,34,48
2021-08-02T23:59:59+02:00,6610,6040,51663,48758,59580,55072,69260,70006,90721,93038,102945,102395,71639,77985,50585,61999,14174,24443,38397,36350,50950,46355,62069,62709,83449,85548,95016,94898,68397,74440,48790,59656,13724,23451,774495,684324,69087,66293,181891,167926,31438,34,48
2021-08-01T23:59:59+02:00,6568,5987,51491,48597,59433,54962,69167,69891,90613,92947,102858,102303,71599,77948,50563,61958,14169,24427,38213,36213,50797,46263,61940,62617,83270,85408,94566,94494,68281,74332,48751,59607,13713,23431,773453,683688,69059,66237,181873,166615,31094,34,48
2021-07-31T23:59:59+02:00,6525,5954,51396,48476,59379,54892,69119,69848,90573,92918,102831,102279,71588,77936,50555,61955,14169,24424,36598,34696,49887,45393,61404,62049,82763,84893,94086,94061,68091,74127,48672,59511,13695,23398,772848,674508,69055,66230,181873,166500,31039,34,48
2021-07-30T23:59:59+02:00,6490,5901,51245,48340,59298,54808,69048,69790,90498,92838,102775,102241,71571,77912,50546,61932,14166,24420,35129,33282,48910,44437,60675,61361,82076,84273,93402,93483,67857,73892,48567,59361,13676,23367,772089,664960,69031,66219,181867,166195,30830,34,48
2021-07-29T23:59:59+02:00,6375,5781,50813,47970,59087,54540,68857,69598,90309,92649,102613,102101,71496,77829,50513,61877,14151,24402,34394,32660,48285,43993,60272,61013,81652,83920,92631,92810,67661,73734,48503,59272,13656,23337,769772,661099,68978,66078,181824,164549,30385,34,48
2021-07-28T23:59:59+02:00,6303,5717,50557,47774,58956,54390,68731,69503,90185,92526,102506,102007,71439,77772,50487,61838,14142,24385,34066,32363,47969,43761,60046,60800,81474,83751,92395,92611,67586,73667,48470,59238,13643,23327,768461,659415,68948,65990,181797,164029,30010,34,47
2021-07-27T23:59:59+02:00,6251,5671,50395,47635,58820,54296,68637,69416,90084,92417,102399,101932,71396,77719,50458,61805,14135,24372,32598,30951,46697,42657,59214,60011,80868,83225,91378,91760,67311,73382,48382,59111,13612,23286,767570,650724,68924,65924,181774,162242,29568,34,47
2021-07-26T23:59:59+02:00,6228,5642,50273,47546,58720,54211,68561,69363,89995,92357,102335,101881,71356,77682,50433,61785,14129,24363,31225,29684,45374,41532,58112,59024,80164,82592,90211,90732,67002,73109,48289,58994,13588,23244,767032,641636,68856,65830,181736,159941,29235,33,47
2021-07-25T23:59:59+02:00,6208,5624,50159,47439,58632,54144,68499,69305,89931,92301,102275,101834,71322,77646,50416,61762,14126,24353,31017,29525,45109,41337,57857,58799,79892,82388,89248,89878,66794,72936,48222,58921,13577,23220,766619,640466,68844,65714,181712,157481,28800,33,47
2021-07-24T23:59:59+02:00,6173,5595,50039,47346,58567,54080,68450,69250,89885,92258,102235,101793,71317,77640,50413,61759,14125,24349,29402,27921,43943,40243,57161,58086,79275,81814,88604,89312,66614,72744,48151,58819,13563,23197,766012,630349,68836,65701,181704,157340,28721,33,47
2021-07-23T23:59:59+02:00,6089,5508,49861,47168,58471,53974,68341,69148,89780,92156,102145,101698,71281,77583,50392,61728,14121,24343,27695,26384,42681,39157,56233,57197,78586,81201,87895,88648,66342,72472,48073,58718,13542,23167,764633,619765,68832,65539,181685,156871,28636,33,47
2021-07-22T23:59:59+02:00,5950,5394,49564,46884,58269,53773,68168,68979,89597,92004,101990,101565,71215,77501,50350,61676,14110,24324,26871,25549,41761,38343,55289,56368,77843,80573,86223,87141,65968,72073,47963,58586,13511,23115,762703,611253,68789,65043,181654,155396,28166,33,47
2021-07-21T23:59:59+02:00,5673,5110,49027,46354,57962,53460,67937,68702,89319,91756,101719,101298,71088,77368,50291,61611,14101,24298,26615,25326,41340,38061,54853,55983,77476,80293,85413,86535,65801,71942,47908,58520,13493,23090,759089,609291,68764,64772,181630,153619,27590,33,47
2021-07-20T23:59:59+02:00,5596,5036,48741,46077,57790,53254,67761,68558,89139,91604,101556,101154,71012,77302,50252,61564,14092,24270,25442,24165,40038,37027,53514,54778,76576,79523,84050,85191,65495,71600,47800,58382,13465,23044,757410,598875,68757,64624,181586,152035,27004,33,47
2021-07-19T23:59:59+02:00,5516,4951,48413,45750,57575,53044,67594,68356,88952,91426,101407,100992,70937,77220,50210,61513,14083,24241,24609,23321,38728,35902,51783,53278,75311,78472,82937,84210,65197,71343,47700,58264,13440,23004,755609,588814,68747,64479,181557,150247,26266,33,47
2021-07-18T23:59:59+02:00,5508,4950,48339,45694,57476,52965,67527,68283,88861,91359,101335,100927,70901,77179,50184,61480,14081,24229,24467,23215,38456,35683,51455,52989,75059,78278,82034,83444,65004,71163,47643,58191,13435,22982,755337,587753,68724,64319,181517,148014,25699,33,47
2021-07-17T23:59:59+02:00,5482,4914,48240,45616,57403,52903,67467,68227,88802,91298,101292,100907,70894,77164,50179,61474,14081,24228,23070,21739,37060,34380,50205,51795,74459,77725,81399,82848,64875,71015,47577,58130,13426,22962,754780,576842,68722,64295,181512,147877,25556,33,47
2021-07-16T23:59:59+02:00,5378,4836,47995,45383,57279,52797,67352,68117,88666,91204,101186,100803,70849,77113,50154,61455,14075,24221,21808,20489,35754,33130,48753,50472,73453,76789,80697,82188,64655,70795,47494,58029,13407,22929,753337,565179,68722,64236,181506,147675,25297,33,47
2021-07-15T23:59:59+02:00,5236,4709,47596,45056,57070,52597,67161,67934,88454,91001,100998,100636,70751,77011,50105,61381,14065,24192,21200,19984,34824,32433,47516,49532,72267,75873,78538,80054,64054,70195,47350,57850,13387,22866,751273,555829,68706,63203,181459,145828,24506,33,47
2021-07-14T23:59:59+02:00,4863,4382,47004,44480,56837,52330,66958,67731,88240,90758,100779,100438,70644,76901,50038,61298,14054,24168,20990,19835,34564,32276,47150,49233,71734,75483,77871,79519,63731,69919,47267,57766,13364,22831,747822,554028,68691,63020,181407,143924,23974,33,45
2021-07-13T23:59:59+02:00,4774,4303,46801,44325,56671,52177,66794,67584,88083,90631,100634,100310,70571,76839,49999,61252,14050,24152,20424,19295,33537,31459,45531,47775,69978,73820,76267,77962,63355,69527,47137,57595,13335,22779,746458,543093,68674,62245,181334,142308,23475,33,45
2021-07-12T23:59:59+02:00,4709,4227,46615,44135,56521,52035,66639,67457,87910,90492,100477,100170,70496,76753,49961,61196,14043,24134,19943,18857,32747,30835,43869,46320,67600,71744,74374,76459,62822,68940,46992,57433,13307,22728,745194,531978,68653,61681,181232,139729,22882,33,45
2021-07-11T23:59:59+02:00,4704,4223,46543,44082,56463,51985,66590,67420,87850,90443,100405,100110,70458,76710,49951,61181,14040,24120,19736,18710,32408,30588,43424,45947,67142,71387,73592,75758,62422,68561,46920,57342,13291,22695,745056,530200,68644,61355,181166,137252,22403,33,45
2021-07-10T23:59:59+02:00,4578,4088,46260,43770,56277,51790,66443,67246,87716,90303,100306,100004,70402,76653,49930,61155,14037,24111,19172,18148,31456,29721,41672,44363,65658,70103,72957,75139,62257,68410,46867,57290,13284,22681,742961,519549,68639,61339,181155,137208,22305,33,45
2021-07-09T23:59:59+02:00,4451,3971,45988,43516,56109,51599,66286,67086,87565,90141,100174,99897,70349,76580,49894,61114,14032,24099,18572,17572,30484,28762,39709,42430,63357,67978,71794,73998,61984,68085,46791,57163,13267,22656,740917,505823,68628,60957,181149,136801,22148,33,45
2021-07-08T23:59:59+02:00,4419,3945,45849,43402,55989,51481,66158,66984,87444,90019,100051,99800,70296,76526,49872,61075,14021,24086,17630,16764,29084,27725,37987,40982,61221,66152,68432,70841,61087,67111,46544,56820,13222,22561,740186,490537,68572,58881,181079,134217,21562,33,45
2021-07-07T23:59:59+02:00,4408,3939,45781,43359,55912,51437,66075,66942,87391,89979,100008,99749,70280,76504,49863,61057,14017,24076,16663,15902,27702,26715,36462,39752,59602,64693,65202,67359,60070,66071,46308,56498,13172,22488,739895,475223,68529,56973,181025,132071,21295,33,45
2021-07-06T23:59:59+02:00,4354,3891,45637,43232,55781,51297,65970,66833,87284,89889,99930,99665,70242,76445,49845,61029,14014,24062,15888,15156,26623,25804,34625,38045,56203,61669,62552,64903,59316,65282,46036,56164,13131,22384,738774,457330,68509,56158,180962,129942,21123,32,45
2021-07-05T23:59:59+02:00,4293,3847,45460,43055,55633,51201,65854,66725,87168,89794,99846,99569,70179,76380,49823,61002,14011,24047,15227,14524,25664,24988,33398,36914,53104,58698,59780,62437,58479,64472,45784,55852,13086,22307,737599,441244,68476,55801,180885,127460,20895,32,45
2021-07-04T23:59:59+02:00,4284,3839,45413,43029,55573,51175,65814,66704,87130,89762,99814,99541,70156,76360,49817,60987,14006,24036,15018,14318,25227,24636,32802,36386,52437,58171,58796,61571,57820,63839,45601,55647,13067,22259,737423,437158,68446,55593,180817,124771,20722,32,43
2021-07-03T23:59:59+02:00,4064,3662,44877,42463,55251,50803,65524,66429,86885,89502,99615,99343,70083,76288,49794,60941,14002,24025,14730,13996,24875,24282,31821,35465,50693,56618,57927,60833,57647,63644,45534,55562,13055,22234,733616,428566,68433,55577,180811,124728,20659,32,43
2021-07-02T23:59:59+02:00,3755,3375,44222,41870,54926,50472,65241,66127,86613,89250,99379,99117,69979,76175,49742,60872,13996,24008,14309,13546,24172,23674,30662,34402,48061,54452,55795,59043,57252,63218,45374,55405,13039,22196,729279,416051,68417,54525,180798,123996,20594,31,26
2021-07-01T23:59:59+02:00,3617,3265,43869,41516,54724,50297,65084,65967,86461,89111,99226,98995,69908,76106,49711,60838,13988,23993,13617,12851,22873,22584,28984,32886,46050,52707,53298,56763,55831,61648,44879,54788,12966,22068,727142,402494,68354,52210,180747,120172,20402,31,25
2021-06-30T23:59:59+02:00,3606,3249,43600,41319,54543,50171,64972,65880,86375,89045,99156,98944,69881,76081,49699,60816,13984,23982,12863,12245,21703,21689,27392,31521,44207,50990,49655,52797,54500,60312,44523,54349,12910,21940,726025,386726,68308,50310,180725,116730,20215,30,25
2021-06-29T23:59:59+02:00,3388,3029,42684,40476,53935,49577,64541,65454,85967,88593,98809,98614,69753,75932,49642,60745,13965,23951,12262,11638,20906,20925,26043,30317,41586,48587,47786,51251,53529,59202,44115,53812,12816,21786,720040,374701,68257,48799,180709,113347,20019,30,24
2021-06-28T23:59:59+02:00,3171,2849,41720,39470,53276,48934,64081,65072,85583,88203,98476,98270,69615,75771,49577,60644,13947,23928,11756,11185,20253,20336,25081,29421,39493,46644,46158,49886,52423,58156,43753,53304,12737,21665,713875,365215,68151,47768,180700,109667,19831,30,24
2021-06-27T23:59:59+02:00,3166,2846,41685,39438,53234,48903,64045,65039,85531,88167,98423,98243,69597,75759,49568,60630,13942,23925,11562,10991,19927,20019,24503,28862,38469,45794,44996,48794,51388,57143,43319,52797,12655,21529,713678,360624,68126,47326,180663,105349,19644,30,24
2021-06-26T23:59:59+02:00,2684,2373,40284,38063,52497,48150,63491,64476,85044,87651,97998,97811,69406,75583,49495,60526,13923,23902,11446,10889,19759,19865,24306,28645,37991,45356,44629,48444,51274,56997,43273,52749,12650,21514,704929,357675,68101,47321,180663,105331,19634,30,24
2021-06-25T23:59:59+02:00,2277,2040,39428,37242,52146,47787,63162,64151,84762,87338,97746,97544,69302,75470,49448,60464,13908,23880,11142,10577,19377,19440,23782,28026,35292,43052,42447,46530,50936,56617,43174,52620,12626,21484,699842,346097,67966,46873,180656,104683,19601,30,24
2021-06-24T23:59:59+02:00,2223,1989,38938,36781,51797,47454,62948,63947,84529,87145,97561,97393,69221,75403,49413,60418,13902,23864,10541,9991,18315,18570,22362,26778,33190,41216,40015,44237,49453,54968,42603,51918,12509,21281,696904,333231,67942,44266,180634,101130,19416,30,24
2021-06-23T23:59:59+02:00,2210,1965,38707,36544,51634,47292,62842,63845,84434,87051,97485,97308,69190,75372,49396,60397,13899,23853,10084,9559,17687,18022,21426,25927,31257,39585,36042,39773,48160,53607,42218,51411,12428,21115,695687,317703,67914,43644,180619,97821,19176,28,24
2021-06-22T23:59:59+02:00,2132,1903,37717,35600,50887,46619,62365,63405,84057,86641,97122,96995,69040,75229,49330,60316,13886,23820,9609,9114,16822,17334,20202,24853,28131,36814,33738,37899,47202,52636,41809,50852,12288,20879,689536,305523,67873,40902,180609,94745,19018,28,24
2021-06-21T23:59:59+02:00,1986,1764,36357,34365,49866,45739,61646,62746,83560,86171,96681,96590,68871,75058,49264,60221,13874,23785,9290,8815,16361,16969,19573,24372,26385,35249,32201,36600,46152,51556,41354,50303,12181,20687,681555,298160,67847,40260,180593,91102,18521,28,24
2021-06-20T23:59:59+02:00,1975,1755,36272,34312,49729,45627,61514,62619,83481,86113,96612,96532,68837,75030,49249,60203,13874,23774,9143,8713,16146,16802,19259,24114,25569,34596,31264,35651,45956,51354,41323,50251,12172,20667,680947,294384,67810,39670,180575,90771,18148,28,24
2021-06-19T23:59:59+02:00,1606,1455,34649,32751,48818,44805,61024,62110,83010,85634,96204,96178,68687,74864,49183,60120,13859,23750,9103,8634,16044,16680,19141,23964,25463,34437,31136,35513,45860,51258,41305,50226,12168,20657,672185,293049,67797,39667,180569,90737,18128,28,23
2021-06-18T23:59:59+02:00,1410,1281,32993,31151,47603,43612,60086,61192,82202,84889,95587,95600,68468,74643,49093,59981,13843,23720,9028,8545,15886,16529,18956,23774,25211,34198,30850,35195,45568,50913,41220,50150,12155,20643,661013,290874,67668,39551,180568,90311,18077,28,23
2021-06-17T23:59:59+02:00,1334,1222,32059,30302,46728,42906,59281,60346,81463,84240,95176,95217,68325,74499,49050,59905,13829,23691,8486,8175,15198,15967,18130,22951,24105,33071,29370,33841,44239,49409,40735,49538,12035,20454,654057,281923,67557,38727,180536,87651,17395,28,23
2021-06-16T23:59:59+02:00,1251,1158,31362,29597,45929,42157,58362,59475,80684,83472,94757,94840,68186,74338,48993,59813,13810,23665,7994,7848,14584,15453,17363,22227,22971,32116,28192,32732,42346,47291,40192,48956,11927,20269,646990,272196,67441,38128,180514,85253,16876,28,23
2021-06-15T23:59:59+02:00,1109,1039,29469,27792,44176,40617,56778,57834,79297,82155,94000,94171,67899,74045,48880,59655,13777,23599,7817,7717,14278,15214,17000,21927,22455,31734,27666,32309,41409,46275,39807,48534,11804,20048,632004,269133,67396,37625,180475,82837,16389,28,23
2021-06-14T23:59:59+02:00,1016,925,27915,26310,42565,39101,55119,56185,78197,81049,93304,93545,67648,73804,48784,59533,13757,23555,7632,7542,13900,14883,16476,21488,21768,31153,26988,31713,41027,45852,39424,48085,11673,19843,618745,266469,67341,37216,180446,79998,15752,28,23
2021-06-13T23:59:59+02:00,992,900,27713,26127,42183,38771,54581,55665,77850,80745,93110,93355,67557,73724,48747,59475,13742,23530,7488,7371,13632,14590,16093,21095,21339,30664,26451,31213,40629,45448,38966,47520,11494,19558,616043,264389,67207,37147,180417,76931,15072,28,23
2021-06-12T23:59:59+02:00,862,785,26177,24522,41011,37685,53906,54931,77318,80250,92559,92830,67402,73545,48678,59398,13729,23509,7442,7320,13511,14481,15960,20984,21154,30517,26335,31116,40612,45432,38958,47510,11494,19557,606444,263612,67203,37145,180411,76603,15011,28,23
2021-06-11T23:59:59+02:00,748,676,24547,22982,39650,36489,52679,53723,76348,79399,91982,92255,67166,73311,48616,59290,13710,23474,7385,7231,13340,14297,15749,20793,20885,30260,26066,30859,40303,45056,38873,47395,11477,19528,594636,261726,67124,37000,180403,75905,14854,28,23
2021-06-10T23:59:59+02:00,647,588,23546,21967,38425,35303,51076,52221,75028,78207,90370,90709,66811,72916,48489,59116,13685,23419,7104,7003,12819,13860,15116,20226,20121,29506,25273,30186,39601,44195,38522,46978,11364,19344,581713,258284,66648,36967,180350,72171,13784,28,23
2021-06-09T23:59:59+02:00,577,539,23092,21575,37763,34778,49966,51182,73788,77010,89780,90204,66685,72770,48439,59031,13670,23389,6828,6691,12220,13258,14336,19417,19205,28483,24289,29029,37031,41279,37957,46333,11216,19104,574540,247972,66191,36891,180310,68633,13169,28,22
2021-06-08T23:59:59+02:00,471,428,21572,20094,36146,33410,47857,49223,71649,75076,88309,88723,66369,72384,48304,58871,13638,23345,6698,6512,11845,12891,13855,18931,18604,27880,23734,28493,36747,41026,37667,45966,11107,18948,557143,246329,65916,36813,180276,65245,12506,28,22
2021-06-07T23:59:59+02:00,356,334,20562,19106,34599,32072,45578,47199,69513,73198,87331,87872,66145,72119,48230,58736,13618,23310,6544,6349,11425,12542,13316,18452,17877,27294,23100,27896,36426,40720,37248,45483,10994,18752,541923,244339,65746,36747,180222,61362,11959,28,22
2021-06-06T23:59:59+02:00,333,313,20379,18961,34206,31789,44973,46632,68896,72717,87120,87705,66090,72059,48219,58709,13611,23298,6411,6180,11104,12130,12888,17882,17240,26483,22403,27091,35958,40245,36768,44928,10836,18484,538817,241900,65423,36698,180179,56859,11563,28,22
2021-06-05T23:59:59+02:00,261,248,19127,17675,32864,30573,43742,45455,68322,72201,86590,87195,65999,71957,48171,58660,13604,23286,6360,6098,11001,11975,12765,17711,17072,26273,22233,26907,35896,40166,36746,44904,10834,18479,528780,241312,65423,36284,180156,56270,11543,28,22
2021-06-04T23:59:59+02:00,180,178,17927,16518,31545,29276,42184,43958,66979,70883,85779,86443,65812,71744,48094,58568,13588,23258,6257,5956,10825,11768,12549,17458,16714,25887,21713,26469,35012,39311,36430,44604,10817,18456,515910,239481,65356,35956,180148,53307,11472,28,21
2021-06-03T23:59:59+02:00,125,125,17287,15939,30558,28451,40726,42672,65205,69354,83524,84159,65387,71292,47966,58406,13570,23220,6086,5748,10517,11417,12233,16996,16268,25225,21165,25889,34346,38523,36254,44401,10784,18406,502118,237158,64662,35569,180108,50472,11050,28,20
2021-06-02T23:59:59+02:00,96,82,16942,15626,30250,28191,40059,42051,63615,67963,82584,83357,65245,71128,47906,58322,13567,23205,5970,5656,10347,11264,12009,16786,15975,24923,20823,25499,31104,34901,36027,44178,10755,18352,494604,228490,64661,35238,180107,50042,10789,28,20
2021-06-01T23:59:59+02:00,40,47,16146,14950,28751,27099,37698,39991,60054,64778,80152,81036,64895,70763,47778,58133,13533,23150,5695,5370,9832,10832,11478,16198,15317,24130,20084,24745,30757,34603,35830,43998,10727,18290,476248,227032,63103,34732,180038,46536,9577,28,19
2021-05-31T23:59:59+02:00,32,39,15575,14471,27816,26401,35733,38324,56612,61750,78119,79330,64561,70407,47634,57958,13500,23098,5533,5155,9424,10469,11048,15720,14783,23448,19458,24039,30469,34349,35647,43804,10691,18233,460461,226357,62386,34344,179971,43045,8514,28,19
2021-05-30T23:59:59+02:00,31,36,15429,14345,27536,26174,35282,37918,55898,61130,77799,79056,64499,70349,47609,57923,13496,23088,5430,4962,9097,10102,10637,15235,14333,22647,18930,23268,29793,33635,35420,43610,10669,18172,457493,225904,61951,34264,179921,37557,8205,28,19
2021-05-29T23:59:59+02:00,29,35,15031,13944,26680,25354,33520,36323,54414,59831,77210,78490,64348,70200,47556,57870,13489,23074,5396,4886,9035,9991,10547,15122,14225,22500,18800,23130,29763,33612,35414,43602,10668,18169,447334,225429,61919,34264,179917,36957,8200,28,19
2021-05-28T23:59:59+02:00,26,34,14619,13537,25861,24605,31667,34557,52239,57825,76154,77495,64143,69948,47504,57792,13479,23051,5311,4769,8862,9846,10394,14953,14066,22265,18592,22827,29694,33565,35397,43586,10667,18165,435343,224768,61448,34258,179827,36033,7890,28,19
2021-05-27T23:59:59+02:00,22,29,13992,13066,24796,23883,30420,33630,50630,56449,73051,74510,63701,69410,47369,57630,13455,22997,5197,4528,8533,9510,9995,14525,13627,21633,18092,22229,29472,33361,35287,43474,10645,18137,423182,224135,59488,34189,179197,32766,7145,28,19
2021-05-26T23:59:59+02:00,21,27,13503,12636,23885,23230,29501,32932,49542,55521,70089,71314,63089,68801,47234,57459,13424,22951,5111,4363,8278,9194,9697,14138,13269,21033,17658,21631,29279,33194,35189,43370,10618,18086,412349,223533,57309,34070,178699,29721,6774,28,19
2021-05-25T23:59:59+02:00,21,22,13156,12335,23305,22824,28449,32076,46942,53286,67826,69187,62737,68435,47121,57310,13406,22900,5030,4239,8071,8935,9443,13764,12957,20513,17276,21083,29120,33039,35104,43267,10591,18031,400491,222991,56242,33989,178080,26977,6497,28,18
2021-05-24T23:59:59+02:00,20,21,12857,12053,22804,22440,27831,31626,44320,50855,65371,67000,62429,68136,47011,57184,13373,22844,4958,4131,7821,8703,9125,13386,12629,20002,16891,20526,28978,32901,35029,43195,10569,17985,388833,222425,55760,33925,177414,24330,6140,28,18
2021-05-23T23:59:59+02:00,20,21,12796,11983,22709,22357,27751,31549,44064,50625,64783,66450,62349,68047,46986,57166,13371,22842,4938,4116,7784,8673,9067,13355,12551,19942,16816,20472,28969,32888,35025,43189,10569,17983,386628,222152,55679,33918,177400,24124,6134,28,18
2021-05-22T23:59:59+02:00,20,21,12572,11743,22387,22052,26746,30661,42228,49043,63928,65712,62187,67856,46920,57075,13361,22819,4922,4061,7757,8611,9026,13292,12521,19859,16786,20406,28959,32878,35021,43183,10568,17982,378132,222064,55668,33918,177395,23733,6108,28,18
2021-05-21T23:59:59+02:00,20,20,12267,11490,21816,21613,25936,29974,39837,47151,61956,64047,61926,67585,46836,56987,13346,22794,4903,4033,7703,8523,8958,13203,12443,19765,16713,20322,28941,32853,35014,43173,10566,17981,367725,221865,54608,33904,177205,23281,6035,28,18
2021-05-20T23:59:59+02:00,19,20,11645,10910,20697,20725,24795,28954,38330,45870,59612,61979,61108,66685,46637,56729,13312,22739,4622,3853,7299,8230,8519,12807,11989,19253,16295,19802,28819,32757,34963,43122,10562,17971,357244,221468,52253,33794,175929,20280,5312,28,18
2021-05-19T23:59:59+02:00,19,20,11205,10595,19910,20180,23946,28360,37427,45186,56376,58338,60416,65981,46528,56594,13290,22692,4469,3686,7043,7985,8241,12478,11661,18824,15926,19379,28720,32644,34920,43048,10552,17956,346785,220991,50637,33677,174792,18034,4821,28,18
2021-05-18T23:59:59+02:00,19,20,10872,10308,19336,19729,23301,27804,36026,43960,54966,57211,60044,65557,46398,56432,13265,22667,4361,3561,6797,7753,7981,12193,11427,18422,15581,18948,28637,32553,34890,43009,10548,17949,341417,220703,48795,33597,173310,15936,4365,28,18
2021-05-17T23:59:59+02:00,18,19,10651,10125,18903,19443,22870,27496,34825,42964,53656,56177,59795,65310,46334,56333,13249,22634,4289,3474,6588,7536,7731,11899,11169,18026,15270,18543,28545,32466,34865,42967,10542,17936,337350,220409,47802,33530,171789,14065,3833,28,18
2021-05-16T23:59:59+02:00,18,18,10461,9992,18608,19240,22534,27257,34189,42505,52419,55007,59602,65146,46298,56279,13238,22614,4221,3398,6368,7370,7438,11645,10900,17673,14976,18180,28479,32404,34849,42949,10535,17932,334924,220160,46922,33467,170166,12297,3385,28,17
2021-05-15T23:59:59+02:00,18,18,10362,9891,18456,19093,22365,27115,33804,42135,52025,54631,59485,64999,46250,56234,13235,22598,4180,3362,6284,7305,7345,11542,10798,17554,14868,18050,28384,32286,34758,42856,10531,17927,332525,219070,46921,33465,170031,12278,3209,28,17
2021-05-14T23:59:59+02:00,17,18,10077,9682,18022,18851,21966,26830,31446,40358,49874,52775,59267,64772,46202,56150,13219,22576,4050,3277,5998,7142,7037,11318,10449,17203,14521,17723,27810,31579,34636,42664,10513,17898,323364,215766,46868,33460,169417,12158,2426,27,17
2021-05-13T23:59:59+02:00,17,18,9614,9305,17228,18287,21094,26152,30326,39373,47631,50604,58419,63798,45993,55867,13180,22504,3545,3078,5661,6887,6725,11008,10038,16813,14144,17289,26914,30379,34211,42147,10482,17836,314868,211166,45004,32906,167394,10959,2118,26,17
2021-05-12T23:59:59+02:00,17,18,9321,9114,16793,18029,20625,25866,29798,38988,44624,46957,57845,63156,45909,55754,13162,22479,3404,2990,5430,6776,6446,10863,9756,16604,13905,17024,26268,29557,34046,41952,10456,17802,305687,208139,44181,32880,167102,10791,1461,24,17
2021-05-11T23:59:59+02:00,17,16,8877,8827,16021,17514,19765,25250,28055,37542,42691,45454,57467,62710,45825,55619,13142,22451,3284,2859,5200,6434,6143,10448,9390,16043,13465,16468,24843,27889,33536,41329,10405,17717,300192,202165,41122,32697,164613,9292,1292,24,16
2021-05-10T23:59:59+02:00,17,15,8616,8672,15508,17262,19132,24932,27063,36853,41229,44306,57205,62438,45746,55516,13122,22420,3173,2731,4968,6202,5888,10122,9062,15567,13102,16049,23796,26558,33049,40743,10369,17659,296906,197516,40213,32671,161932,7867,978,23,14
2021-05-09T23:59:59+02:00,17,15,8457,8588,15200,17078,18754,24682,26395,36428,39446,42645,56907,62160,45693,55458,13114,22402,3052,2676,4787,6065,5718,9949,8864,15360,12934,15875,23522,26226,32902,40568,10359,17644,293948,196315,39840,32630,158924,6846,704,23,14
2021-05-08T23:59:59+02:00,17,15,8382,8512,15023,16932,18544,24484,26167,36189,39215,42456,56780,62011,45656,55421,13111,22392,3045,2656,4754,6028,5675,9903,8787,15294,12848,15805,23153,25799,32616,40257,10351,17628,292392,195125,39385,31921,158803,6843,704,23,14
2021-05-07T23:59:59+02:00,16,14,8208,8411,14698,16750,18162,24251,25745,35901,38760,42078,56506,61656,45607,55374,13106,22382,2741,2522,4402,5841,5405,9641,8472,14982,12451,15409,22054,24427,31969,39426,10323,17578,289864,191670,38953,30421,158477,5238,308,23,14
2021-05-06T23:59:59+02:00,15,14,7556,8050,13803,16150,17108,23404,24407,34787,36613,40415,55377,60336,45365,55068,13071,22315,2614,2409,4228,5644,5196,9331,8129,14540,12018,14953,20746,22745,31115,38421,10272,17467,279231,186051,37673,29462,156657,4039,270,23,14
2021-05-05T23:59:59+02:00,13,14,7015,7743,13019,15598,16080,22639,23025,33763,34789,38929,53540,58297,45047,54722,13038,22249,2523,2349,4054,5486,5007,9119,7784,14200,11649,14595,19357,20963,29925,37007,10232,17365,267790,179926,36750,28292,154866,3300,91,23,14
2021-05-04T23:59:59+02:00,13,13,6826,7647,12662,15426,15597,22367,22384,33418,33828,38233,52680,57336,44925,54596,13020,22208,2467,2278,3900,5316,4832,8861,7442,13792,11219,14134,17706,19038,28831,35679,10138,17245,264029,173116,35884,27354,153208,2366,36,22,14
2021-05-03T23:59:59+02:00,13,13,6679,7498,12285,15210,15092,22057,21676,33014,32673,37343,52382,57019,44829,54488,13005,22176,2408,2207,3807,5136,4690,8624,7226,13443,10897,13726,16503,17545,27951,34580,10074,17138,260743,167550,35425,27002,151236,1371,26,22,14
2021-05-02T23:59:59+02:00,13,13,6599,7408,12074,15038,14798,21824,21201,32694,31521,36397,52099,56728,44767,54395,12985,22145,2394,2200,3786,5104,4661,8588,7160,13371,10815,13636,16191,17152,27655,34272,10062,17126,258313,165988,35354,26890,148985,1266,25,22,12
2021-05-01T23:59:59+02:00,13,13,6581,7383,12012,14993,14721,21765,21100,32621,31392,36305,52093,56712,44763,54394,12983,22143,2391,2191,3763,5087,4619,8563,7123,13334,10755,13581,15993,16929,27539,34135,10059,17116,257753,165022,35353,26863,148834,1264,25,22,12
2021-04-30T23:59:59+02:00,13,13,6544,7345,11922,14904,14616,21648,20905,32434,31154,36114,51821,56352,44718,54340,12978,22131,2362,2170,3701,5025,4523,8453,6972,13149,10478,13317,15180,15903,26669,33061,10018,17027,255980,161817,35310,24970,148616,1193,24,22,12
2021-04-29T23:59:59+02:00,13,13,6339,7221,11601,14717,14263,21412,20386,32146,30400,35623,51170,55527,44627,54225,12954,22056,2325,2124,3610,4936,4398,8317,6778,12931,10201,13031,14208,14670,25366,31516,9957,16935,252814,156121,35216,24222,146618,933,23,22,12
2021-04-28T23:59:59+02:00,13,13,6071,7056,11223,14382,13773,20947,19749,31541,29232,34496,48503,52522,44336,53900,12891,21978,2286,2084,3541,4876,4283,8201,6618,12747,9954,12812,13064,13190,23876,29637,9896,16832,242883,150153,35087,23016,144623,714,11,22,11
2021-04-27T23:59:59+02:00,13,13,5969,6964,11074,14261,13571,20786,19472,31330,28671,34109,48297,52301,44280,53849,12883,21956,2244,2050,3450,4782,4190,8092,6452,12563,9674,12536,11852,11627,22224,27482,9820,16687,241521,143344,35040,21831,143207,537,11,20,10
2021-04-26T23:59:59+02:00,13,13,5921,6919,10956,14196,13411,20665,19245,31120,27840,33540,47960,51935,44226,53784,12874,21927,2221,2022,3397,4739,4128,8023,6351,12430,9484,12359,10937,10466,20943,25731,9762,16601,240804,138070,35013,21087,140698,426,11,19,8
2021-04-25T23:59:59+02:00,13,13,5875,6872,10852,14101,13251,20511,19000,30837,27079,32801,47462,51423,44143,53684,12860,21907,2194,2011,3367,4720,4110,8004,6318,12388,9427,12299,10776,10274,20701,25408,9752,16587,239104,137215,34970,20743,138580,367,11,19,8
2021-04-24T23:59:59+02:00,13,13,5854,6823,10777,14016,13154,20370,18868,30660,26918,32622,47361,51300,44050,53589,12856,21902,2187,2001,3343,4693,4071,7958,6246,12315,9297,12181,10618,10093,20569,25277,9736,16569,237639,136691,34952,20103,138525,349,11,19,8
2021-04-23T23:59:59+02:00,13,13,5790,6731,10646,13817,12955,20117,18558,30283,26525,32260,46415,50165,43896,53344,12833,21870,2169,1979,3300,4658,4023,7903,6151,12223,9132,12053,10350,9795,20244,24856,9688,16489,233247,135568,34895,19096,138059,338,11,19,8
2021-04-22T23:59:59+02:00,13,13,5687,6615,10438,13622,12605,19785,18047,29811,25896,31667,44683,48010,43324,52614,12787,21769,2155,1968,3260,4605,3946,7829,6023,12123,8873,11887,9918,9388,19792,24267,9638,16411,227004,133447,34783,18318,135569,306,11,19,8
2021-04-21T23:59:59+02:00,13,12,5591,6477,10209,13420,12276,19472,17543,29317,25181,30937,40411,43145,42847,52079,12721,21665,2143,1959,3225,4569,3891,7771,5944,12030,8697,11727,9588,9005,19292,23676,9578,16316,214902,131804,34717,17312,133667,283,11,19,8
2021-04-20T23:59:59+02:00,13,12,5511,6387,10014,13204,12000,19209,17121,28907,24627,30375,38655,41133,42194,51304,12651,21527,2118,1946,3186,4544,3824,7726,5811,11933,8525,11599,9304,8685,18821,23009,9480,16175,208679,130437,34627,16008,131509,229,11,18,8
2021-04-19T23:59:59+02:00,13,11,5431,6309,9855,13077,11797,19004,16759,28526,24085,29905,37101,39339,41606,50578,12595,21438,2102,1927,3151,4509,3783,7682,5772,11863,8441,11508,9067,8402,18415,22443,9434,16084,203655,128746,34571,15617,129176,208,11,16,8
2021-04-18T23:59:59+02:00,13,10,5369,6257,9724,12994,11596,18867,16479,28328,23682,29593,35795,37977,41257,50171,12563,21375,2090,1911,3122,4487,3757,7666,5727,11816,8390,11459,8968,8311,18262,22255,9421,16061,202118,128260,34529,15228,125376,203,11,16,8
2021-04-17T23:59:59+02:00,13,10,5363,6241,9689,12963,11551,18827,16402,28260,23618,29535,35485,37639,41149,50074,12557,21364,2080,1903,3095,4475,3699,7621,5656,11765,8304,11407,8857,8201,18157,22138,9400,16048,200890,127455,34520,15138,125303,201,11,16,8
2021-04-16T23:59:59+02:00,13,10,5298,6202,9600,12903,11417,18715,16189,28100,23269,29187,34400,36378,40739,49549,12537,21330,1947,1815,2867,4294,3340,7305,4884,11232,6809,10314,6348,6145,16349,20453,9210,15751,196724,118128,34432,10725,124653,198,11,16,8
2021-04-15T23:59:59+02:00,13,10,5231,6111,9400,12733,11121,18467,15692,27706,22580,28588,32499,34058,39697,48340,12461,21165,1902,1783,2802,4230,3223,7186,4666,11050,6432,10002,5886,5746,15758,19769,9024,15421,190902,115004,34381,9674,120562,190,11,16,8
2021-04-14T23:59:59+02:00,13,9,5169,6065,9232,12604,10902,18290,15291,27392,21932,28107,30576,31807,38481,46923,12387,20980,1820,1728,2719,4164,3114,7093,4461,10883,6126,9750,5403,5333,15173,19080,8822,15068,184533,112379,34243,8212,117357,134,11,16,8
2021-04-13T23:59:59+02:00,13,9,5122,6012,9094,12474,10723,18120,14948,27117,21410,27642,28477,29358,37223,45329,12247,20776,1775,1711,2681,4121,3059,7032,4330,10742,5856,9540,5063,5027,14726,18631,8690,14867,177651,110960,34177,6842,114239,37,11,16,8
2021-04-12T23:59:59+02:00,12,9,5060,5962,8983,12336,10518,17972,14626,26837,20867,27183,26438,27089,36065,43860,12120,20579,1742,1667,2652,4102,3032,6979,4270,10675,5753,9440,4902,4881,14427,18260,8579,14668,171927,110118,34100,5863,110462,36,11,16,8
2021-04-11T23:59:59+02:00,12,9,5021,5919,8892,12257,10360,17871,14363,26659,20442,26859,25236,25802,35360,43075,12032,20431,1733,1661,2631,4082,3009,6954,4235,10629,5666,9372,4810,4826,14312,18138,8541,14616,170146,109917,34029,5258,106398,28,11,16,8
2021-04-10T23:59:59+02:00,12,9,5010,5905,8851,12228,10305,17836,14295,26610,20346,26779,24922,25428,35015,42656,12025,20410,1728,1655,2622,4074,2994,6938,4206,10600,5609,9333,4732,4747,14186,17976,8494,14532,168933,109129,33306,5257,106376,28,11,16,8
2021-04-09T23:59:59+02:00,12,9,4963,5872,8766,12150,10182,17712,14126,26434,20085,26537,24087,24274,34060,41448,11992,20337,1700,1625,2568,4039,2922,6876,4055,10487,5355,9108,4309,4372,13625,17260,8268,14167,165572,105449,31791,5249,105659,28,8,16,8
2021-04-08T23:59:59+02:00,12,9,4886,5807,8617,12039,9967,17535,13730,26121,19478,26069,22384,22291,32371,39481,11847,20103,1670,1609,2514,3992,2841,6789,3907,10349,5060,8843,3856,3947,12639,16015,7796,13409,159821,100475,30884,4728,102018,23,8,16,8
2021-04-07T23:59:59+02:00,12,8,4839,5755,8435,11962,9739,17385,13410,25893,19007,25705,20573,20177,30611,37220,11732,19892,1637,1593,2458,3940,2779,6709,3799,10203,4871,8652,3595,3657,11954,15210,7427,12864,153774,97169,29708,4156,98853,14,7,13,8
2021-04-06T23:59:59+02:00,12,8,4792,5710,8291,11850,9578,17220,13092,25627,18484,25319,18722,18114,28693,34732,11537,19549,1602,1574,2435,3914,2746,6672,3734,10159,4789,8561,3486,3535,11477,14564,7145,12456,146946,94862,28746,3965,95619,13,7,12,8
2021-04-05T23:59:59+02:00,12,8,4761,5668,8195,11761,9439,17120,12881,25415,18081,24971,16994,16178,27062,32587,11393,19327,1580,1563,2405,3895,2717,6624,3691,10099,4704,8446,3375,3428,11139,14194,6989,12177,141530,93470,28309,3535,91997,12,7,10,8
2021-04-04T23:59:59+02:00,12,8,4753,5662,8187,11750,9426,17107,12855,25395,18053,24946,16861,16004,26866,32339,11384,19314,1579,1562,2403,3892,2715,6621,3689,10096,4700,8443,3365,3415,11127,14182,6986,12169,140808,93389,28216,3535,91884,12,6,8,8
2021-04-03T23:59:59+02:00,12,8,4749,5654,8173,11742,9406,17087,12816,25364,17975,24883,16781,15915,26821,32282,11379,19307,1576,1560,2394,3884,2697,6607,3665,10068,4617,8388,3247,3300,11045,14108,6980,12159,140280,92740,28188,3535,91872,12,6,8,8
2021-04-02T23:59:59+02:00,12,8,4723,5634,8115,11688,9343,17018,12677,25257,17740,24681,16330,15437,26345,31708,11347,19254,1574,1551,2381,3878,2690,6591,3644,10036,4548,8295,3178,3232,10808,13808,6828,11956,139074,91447,26777,3531,91452,12,6,8,8
2021-04-01T23:59:59+02:00,11,8,4680,5573,8003,11545,9211,16857,12404,24971,17294,24281,15579,14710,25589,30748,11221,19070,1557,1529,2350,3846,2668,6561,3604,9997,4479,8230,3067,3103,9876,12692,6217,11110,136834,87442,26113,3427,88796,11,4,8,8
2021-03-31T23:59:59+02:00,11,8,4470,5493,7892,11422,9069,16692,12185,24695,16941,23915,14882,13947,24756,29738,11116,18878,1548,1524,2336,3825,2642,6532,3556,9948,4408,8158,2977,3013,9306,11995,5853,10615,135037,85017,24651,3202,86410,11,4,8,8
2021-03-30T23:59:59+02:00,11,8,4439,5439,7819,11295,8983,16533,12022,24505,16662,23605,14288,13303,23999,28760,10979,18636,1534,1514,2317,3800,2616,6503,3516,9883,4342,8087,2853,2867,8721,11339,5502,10128,133557,82706,23439,2804,84278,6,4,8,8
2021-03-29T23:59:59+02:00,11,8,4398,5381,7719,11182,8876,16370,11863,24232,16333,23257,13747,12701,23236,27788,10826,18391,1516,1501,2298,3784,2594,6474,3481,9826,4278,8012,2800,2799,8434,10953,5312,9819,131715,81324,22684,2545,81908,6,4,8,8
2021-03-28T23:59:59+02:00,11,8,4363,5296,7634,11074,8799,16218,11728,24003,16073,22984,13421,12390,22670,27096,10652,18112,1507,1495,2276,3770,2579,6445,3441,9776,4239,7954,2752,2748,8356,10849,5269,9753,131212,80980,22165,2218,79143,5,4,8,8
2021-03-27T23:59:59+01:00,11,8,4349,5285,7608,11044,8733,16147,11628,23907,15930,22868,13213,12177,22469,26883,10617,18083,1506,1493,2273,3768,2578,6444,3428,9752,4228,7932,2742,2741,8298,10783,5235,9713,130328,80685,21520,2218,79100,5,4,8,8
2021-03-26T23:59:59+01:00,11,8,4305,5216,7499,10912,8557,15964,11293,23605,15315,22361,12287,11349,21682,26041,10476,17858,1501,1479,2267,3747,2565,6421,3411,9726,4187,7895,2712,2702,8119,10565,5118,9545,126271,79844,19910,2103,78546,5,4,8,8
2021-03-25T23:59:59+01:00,11,7,4246,5056,7338,10633,8313,15558,10909,22982,14673,21661,11613,10686,20816,24975,10163,17319,1481,1465,2235,3721,2530,6382,3374,9678,4115,7814,2577,2562,7144,9309,4512,8637,122991,75657,19135,1867,74822,5,3,8,8
2021-03-24T23:59:59+01:00,11,7,4168,4915,7199,10347,8099,15143,10644,22433,14204,21052,11006,10126,19884,23887,9839,16758,1460,1435,2209,3683,2485,6346,3332,9614,4037,7715,2478,2463,6498,8545,4128,8058,120394,73027,17947,1451,71373,3,1,7,8
2021-03-23T23:59:59+01:00,11,7,4128,4820,7092,10110,7945,14802,10386,21929,13800,20560,10540,9681,19163,23036,9528,16295,1448,1417,2183,3662,2465,6319,3271,9560,3944,7640,2385,2361,5769,7613,3682,7369,118931,69955,16843,1126,68052,3,0,7,8
2021-03-22T23:59:59+01:00,11,7,4076,4739,6965,9870,7785,14481,10127,21462,13451,20061,10147,9323,18601,22327,9341,15953,1439,1410,2174,3648,2453,6303,3248,9537,3914,7606,2323,2310,5316,7006,3335,6880,118047,67855,16444,1039,64229,3,0,7,8
2021-03-21T23:59:59+01:00,11,7,4029,4634,6832,9605,7617,14126,9904,20920,13109,19535,9824,9043,18072,21724,9151,15646,1436,1406,2173,3637,2450,6296,3242,9528,3904,7592,2309,2291,5199,6873,3277,6779,117850,67346,16049,1039,59883,2,0,7,8
2021-03-20T23:59:59+01:00,11,7,4018,4612,6797,9551,7558,14055,9820,20815,13003,19445,9737,8948,17937,21549,9100,15559,1433,1401,2169,3634,2445,6291,3229,9518,3885,7582,2274,2259,4875,6500,3093,6537,117023,66079,15954,1039,59538,2,0,7,8
2021-03-19T23:59:59+01:00,10,7,3842,4470,6507,9297,7117,13628,8901,20081,11266,18109,6876,6603,15700,19348,8747,14998,1429,1397,2164,3627,2433,6278,3217,9493,3835,7536,2207,2218,4506,6028,2830,6222,107721,64406,11233,1007,56546,2,0,7,8
2021-03-18T23:59:59+01:00,10,6,3737,4336,6329,8986,6851,13188,8508,19419,10623,17371,6162,5949,14485,17880,8240,14183,1425,1391,2141,3600,2415,6242,3189,9452,3795,7502,2162,2184,4086,5499,2549,5812,102607,62538,10226,899,53423,2,0,7,8
2021-03-17T23:59:59+01:00,10,6,3659,4261,6197,8842,6684,13010,8212,19108,10222,16975,5755,5565,13669,16947,7847,13608,1415,1379,2125,3581,2385,6209,3158,9424,3758,7466,2106,2121,3675,5052,2298,5429,99375,60810,8536,764,52659,2,0,7,8
2021-03-16T23:59:59+01:00,9,6,3581,4126,6045,8571,6477,12643,7895,18520,9673,16317,5229,5108,12853,15980,7516,13117,1406,1370,2116,3564,2370,6194,3142,9404,3733,7440,2078,2084,3156,4412,1964,4922,97057,58588,7128,760,49474,2,0,7,8
2021-03-15T23:59:59+01:00,9,6,3533,3978,5857,8292,6258,12234,7621,17945,9236,15693,4912,4827,12200,15236,7253,12659,1406,1360,2100,3549,2350,6169,3124,9355,3709,7401,2042,2034,2793,3951,1678,4530,95566,56799,6156,745,46020,2,0,7,8
2021-03-14T23:59:59+01:00,9,6,3487,3846,5630,7963,5972,11789,7314,17227,8775,14940,4595,4555,11910,14979,7208,12559,1399,1354,2084,3520,2336,6119,3106,9297,3691,7362,2035,2023,2715,3844,1626,4445,95449,56398,5547,551,41761,2,0,7,8
2021-03-13T23:59:59+01:00,9,6,3470,3805,5591,7850,5913,11671,7231,17081,8628,14786,4443,4405,11818,14893,7202,12548,1399,1354,2084,3520,2335,6119,3105,9296,3690,7362,2032,2015,2662,3789,1592,4391,94758,56187,5547,551,41038,2,0,7,8
2021-03-12T23:59:59+01:00,9,6,3452,3733,5535,7714,5850,11523,7147,16856,8493,14553,4336,4309,11547,14568,7048,12333,1399,1354,2080,3514,2334,6111,3101,9290,3688,7356,2030,2013,2576,3679,1512,4305,93338,55784,5539,551,40128,2,0,7,8
2021-03-11T23:59:59+01:00,9,6,3374,3537,5326,7416,5619,11102,6808,16188,8060,13913,4001,3975,10474,13312,6399,11429,1394,1351,2070,3501,2314,6086,3078,9256,3664,7323,2001,1988,2338,3416,1362,4086,89161,54703,5120,518,36660,2,0,7,8
2021-03-10T23:59:59+01:00,9,6,3278,3419,5113,7145,5405,10745,6538,15642,7721,13366,3779,3746,9832,12519,6015,10896,1390,1340,2042,3463,2284,5996,3030,9134,3606,7204,1957,1912,2122,3179,1233,3898,86693,53500,4744,283,33730,2,0,7,8
2021-03-09T23:59:59+01:00,8,6,3204,3289,4957,6956,5209,10465,6305,15210,7424,12862,3596,3540,9202,11815,5642,10378,1383,1330,2006,3403,2253,5894,2969,8990,3538,7123,1927,1886,1846,2861,1064,3653,84423,52083,4486,36,31152,2,0,7,8
2021-03-08T23:59:59+01:00,8,6,3138,3128,4731,6690,4970,10112,6044,14700,7059,12274,3397,3347,8815,11372,5445,10066,1380,1311,1992,3324,2222,5798,2930,8844,3505,7030,1912,1864,1645,2630,946,3463,82954,50758,4125,33,28216,0,0,7,8
2021-03-07T23:59:59+01:00,8,6,3106,3069,4657,6578,4886,9999,5939,14537,6942,12129,3347,3305,8731,11268,5407,9999,1374,1306,1985,3312,2214,5771,2923,8805,3493,7011,1904,1852,1589,2562,894,3396,82603,50353,3960,33,27343,0,0,7,8
2021-03-06T23:59:59+01:00,8,6,3092,3011,4613,6488,4852,9936,5881,14422,6894,12020,3322,3281,8674,11202,5373,9956,1372,1293,1980,3298,2202,5744,2920,8777,3482,6992,1895,1828,1562,2538,889,3387,82285,50121,3960,33,26779,0,0,7,8
2021-03-05T23:59:59+01:00,8,6,3068,2918,4555,6379,4790,9838,5818,14271,6793,11867,3277,3226,8488,10972,5254,9784,1363,1260,1950,3243,2177,5637,2878,8643,3438,6854,1851,1783,1498,2466,867,3361,81385,49231,3952,33,25968,0,0,7,8
2021-03-04T23:59:59+01:00,6,6,3015,2723,4395,6140,4571,9526,5610,13850,6476,11474,3094,3048,7471,9681,4633,8872,1343,1210,1912,3120,2146,5454,2832,8365,3382,6622,1779,1693,1462,2417,863,3342,77235,47905,3661,32,23688,0,0,7,8
2021-03-03T23:59:59+01:00,4,6,2976,2650,4254,5949,4405,9257,5406,13472,6222,11054,2971,2916,6825,8912,4240,8269,1331,1172,1885,3048,2124,5343,2800,8186,3329,6464,1709,1649,1420,2347,843,3289,74518,46903,3431,32,21832,0,0,7,7
2021-03-02T23:59:59+01:00,4,6,2915,2561,4069,5732,4197,8982,5207,13095,5954,10679,2825,2758,6058,7947,3776,7562,1298,1129,1858,2976,2100,5204,2751,7913,3280,6266,1637,1589,1356,2269,823,3246,71351,45659,2984,32,19985,0,0,7,7
2021-03-01T23:59:59+01:00,4,5,2875,2497,3903,5581,4010,8762,5018,12773,5713,10290,2723,2644,5564,7292,3423,7056,1292,1093,1834,2875,2073,5011,2710,7663,3220,6030,1594,1553,1308,2210,797,3207,69192,44434,2685,32,18249,0,0,7,7
2021-02-28T23:59:59+01:00,4,5,2834,2447,3743,5462,3789,8572,4834,12522,5526,9984,2666,2572,5441,7135,3361,6955,1288,1088,1830,2861,2064,4987,2703,7627,3210,6013,1585,1545,1302,2201,795,3197,68713,44261,2465,31,16667,0,0,7,7
2021-02-27T23:59:59+01:00,4,4,2819,2382,3717,5382,3755,8502,4800,12431,5491,9909,2625,2538,5112,6747,3165,6704,1281,1080,1823,2849,2051,4952,2684,7562,3194,5957,1567,1536,1296,2190,792,3196,67404,43976,2465,30,16211,0,0,7,7
2021-02-26T23:59:59+01:00,4,4,2799,2341,3677,5296,3689,8400,4739,12320,5406,9822,2548,2485,4735,6265,2895,6381,1222,1030,1773,2740,2002,4771,2630,7288,3121,5745,1506,1484,1271,2166,778,3186,65610,42681,2339,29,15850,0,0,7,6
2021-02-25T23:59:59+01:00,4,4,2625,2232,3489,5115,3507,8176,4533,12034,5184,9547,2458,2414,4285,5710,2606,5959,1206,972,1742,2631,1948,4497,2559,6893,3026,5459,1461,1441,1251,2151,776,3177,63750,41162,2004,26,14121,0,0,7,5
2021-02-24T23:59:59+01:00,4,4,2470,2094,3298,4922,3359,7970,4337,11780,4962,9298,2319,2294,3829,5196,2348,5566,1191,943,1719,2545,1914,4358,2499,6636,2974,5252,1429,1409,1233,2131,772,3158,61984,40142,1525,18,12534,0,0,7,5
2021-02-23T23:59:59+01:00,4,4,2333,1956,3117,4694,3201,7734,4164,11506,4777,9052,2231,2197,3268,4531,2009,5052,1177,895,1688,2450,1875,4165,2431,6337,2876,4992,1371,1354,1204,2088,759,3133,59775,38778,1166,14,10882,0,0,7,5
2021-02-22T23:59:59+01:00,4,4,2293,1905,3033,4600,3131,7626,4070,11318,4670,8927,2181,2156,2904,4067,1720,4665,1165,836,1656,2324,1832,3918,2355,5942,2748,4694,1309,1298,1181,2055,752,3112,58098,37170,1082,4,10087,0,0,7,5
2021-02-21T23:59:59+01:00,4,4,2257,1873,2982,4531,3048,7510,3989,11170,4603,8808,2167,2133,2820,3953,1665,4577,1161,818,1639,2271,1807,3809,2322,5787,2685,4570,1277,1275,1171,2041,745,3099,57661,36470,1049,4,9377,0,0,7,5
2021-02-20T23:59:59+01:00,4,4,2246,1870,2960,4518,3032,7474,3963,11137,4582,8786,2164,2125,2765,3896,1630,4521,1161,815,1639,2269,1806,3800,2321,5782,2684,4566,1276,1272,1170,2038,744,3098,57443,36434,1048,4,9179,0,0,7,5
2021-02-19T23:59:59+01:00,2,4,2234,1857,2924,4466,3007,7385,3918,11055,4528,8723,2156,2119,2677,3783,1550,4428,1109,806,1600,2261,1796,3791,2311,5761,2675,4553,1270,1261,1159,2033,739,3091,57031,36209,1017,4,8761,0,0,7,5
2021-02-18T23:59:59+01:00,2,4,2101,1760,2767,4280,2883,7187,3780,10767,4389,8518,2124,2085,2435,3515,1397,4205,1030,771,1525,2162,1746,3668,2238,5603,2618,4466,1256,1241,1154,2019,729,3073,55967,35292,950,4,7275,0,0,7,5
2021-02-17T23:59:59+01:00,2,4,2057,1711,2675,4147,2774,6973,3626,10426,4247,8274,2066,2002,2213,3286,1273,4018,876,708,1416,2036,1671,3478,2144,5378,2544,4295,1222,1196,1129,1974,714,3033,54900,33808,805,3,6062,0,0,7,5
2021-02-16T23:59:59+01:00,2,4,1884,1598,2499,3940,2635,6698,3465,10071,4071,7965,2021,1975,1938,2964,1103,3766,849,686,1344,1961,1602,3336,2050,5206,2447,4164,1161,1149,1071,1884,682,2940,53568,32527,769,2,4255,0,0,7,5
2021-02-15T23:59:59+01:00,2,4,1849,1542,2410,3771,2556,6425,3342,9704,3954,7696,1994,1946,1721,2725,982,3580,831,673,1315,1915,1561,3268,1995,5034,2384,4064,1096,1109,1007,1793,663,2847,52470,31551,756,1,2970,0,0,7,5
2021-02-14T23:59:59+01:00,2,4,1759,1511,2365,3710,2514,6334,3272,9600,3908,7618,1983,1936,1662,2665,930,3521,816,663,1298,1890,1534,3245,1961,4993,2358,4008,1086,1100,1000,1783,660,2835,52131,31226,727,1,2429,0,0,7,5
2021-02-13T23:59:59+01:00,2,4,1758,1499,2355,3703,2508,6320,3268,9584,3901,7608,1973,1916,1639,2645,927,3511,816,663,1298,1890,1534,3245,1961,4993,2358,4008,1086,1100,1000,1783,660,2835,51975,31226,727,1,2412,0,0,7,5
2021-02-12T23:59:59+01:00,2,4,1678,1413,2256,3591,2428,6145,3163,9346,3777,7341,1926,1859,1576,2572,904,3484,810,656,1286,1868,1519,3226,1953,4962,2342,3988,1081,1095,998,1764,660,2805,51034,31010,727,0,1697,0,0,7,5
2021-02-11T23:59:59+01:00,2,4,1473,1274,2073,3375,2299,5852,3011,8912,3617,6995,1854,1756,1534,2510,890,3461,780,605,1191,1688,1393,2951,1814,4603,2176,3698,1028,1032,955,1691,627,2674,49634,28907,686,0,565,0,0,7,1
2021-02-10T23:59:59+01:00,2,4,1376,1225,1984,3247,2230,5678,2929,8633,3506,6764,1783,1708,1489,2443,874,3404,566,521,968,1463,1254,2643,1629,4140,1973,3319,909,904,833,1438,547,2357,48465,25465,646,0,161,0,0,7,1
2021-02-09T23:59:59+01:00,2,4,1340,1175,1947,3155,2203,5497,2862,8290,3436,6505,1708,1646,1428,2383,857,3367,303,384,749,1200,1067,2268,1419,3601,1724,2866,740,740,665,1151,437,1911,47202,21226,517,0,80,0,0,6,1
2021-02-08T23:59:59+01:00,2,4,1333,1140,1915,3035,2165,5274,2810,8010,3376,6268,1667,1612,1382,2327,841,3347,267,343,647,1045,961,2050,1259,3209,1525,2549,637,620,561,971,380,1661,46077,18686,346,0,79,0,0,6,1
2021-02-07T23:59:59+01:00,2,4,1306,1124,1886,2982,2140,5192,2781,7907,3334,6202,1651,1596,1367,2308,829,3332,233,287,599,955,901,1895,1166,2983,1426,2377,597,600,540,938,370,1632,45793,17501,144,0,0,0,0,6,0
2021-02-06T23:59:59+01:00,2,4,1301,1118,1880,2970,2131,5164,2768,7863,3323,6157,1638,1588,1362,2298,825,3331,214,253,577,918,873,1828,1123,2865,1368,2295,581,582,533,938,370,1632,45573,16952,144,0,0,0,0,6,0
2021-02-05T23:59:59+01:00,2,4,1240,1066,1831,2858,2079,4967,2709,7567,3245,5937,1574,1534,1343,2272,817,3324,198,223,542,871,839,1748,1085,2747,1315,2196,547,558,522,914,360,1607,44219,16274,144,0,0,0,0,6,0
2021-02-04T23:59:59+01:00,2,4,1228,1002,1790,2709,2008,4654,2624,7119,3144,5609,1529,1501,1325,2256,812,3316,170,169,469,753,740,1609,974,2507,1202,1982,500,506,479,860,343,1494,42592,14759,36,0,0,0,0,4,0
2021-02-03T23:59:59+01:00,2,4,1210,973,1760,2626,1968,4507,2557,6856,3092,5392,1492,1468,1296,2221,794,3287,139,140,393,641,624,1372,828,2129,1005,1690,381,371,344,646,240,1133,41465,12078,36,0,0,0,0,4,0
2021-02-02T23:59:59+01:00,2,4,1192,917,1726,2526,1925,4284,2484,6523,2983,5119,1437,1421,1272,2191,785,3263,118,116,317,520,521,1136,683,1799,815,1379,283,271,266,474,188,849,40014,9737,36,0,0,0,0,4,0
2021-02-01T23:59:59+01:00,1,4,1178,857,1691,2401,1874,4038,2407,6129,2859,4822,1368,1340,1241,2145,774,3238,85,76,217,349,348,741,435,1161,479,860,177,166,154,279,100,496,38327,6123,36,0,0,0,0,4,0
2021-01-31T23:59:59+01:00,1,4,1173,839,1674,2343,1850,3914,2375,5946,2791,4702,1335,1317,1230,2130,767,3226,74,70,184,279,271,575,346,908,397,693,151,150,145,271,96,482,37580,5092,33,0,0,0,0,4,0
2021-01-30T23:59:59+01:00,1,4,1173,836,1673,2338,1848,3903,2373,5935,2788,4692,1334,1313,1229,2129,767,3225,71,63,152,232,243,507,311,790,354,618,150,143,140,267,96,481,37525,4618,32,0,0,0,0,4,0
2021-01-29T23:59:59+01:00,1,4,1120,827,1634,2331,1837,3896,2365,5921,2780,4680,1330,1310,1225,2129,767,3225,63,45,115,177,199,353,254,641,310,490,139,134,128,256,93,481,37349,3878,30,0,0,0,0,3,0
2021-01-28T23:59:59+01:00,1,4,1045,802,1575,2268,1804,3826,2317,5850,2747,4626,1318,1298,1218,2123,758,3211,41,20,73,105,130,206,157,383,202,293,105,102,103,205,83,434,36761,2642,27,0,0,0,0,3,0
2021-01-27T23:59:59+01:00,1,4,895,751,1484,2192,1737,3711,2245,5720,2687,4501,1287,1253,1192,2084,746,3179,30,12,63,86,105,162,123,326,175,248,97,84,91,186,79,403,35648,2270,18,0,0,0,0,3,0
2021-01-26T23:59:59+01:00,1,4,881,732,1419,2118,1674,3581,2155,5548,2593,4389,1226,1212,1139,2009,720,3129,29,11,60,83,101,156,119,311,174,238,95,79,84,165,68,357,34515,2130,12,0,0,0,0,3,0
2021-01-25T23:59:59+01:00,1,4,868,711,1387,2058,1643,3484,2110,5381,2535,4298,1166,1186,1082,1950,700,3068,27,11,57,83,98,154,118,309,173,238,94,78,83,164,66,354,33626,2107,3,0,0,0,0,3,0
2021-01-24T23:59:59+01:00,1,4,865,710,1381,2047,1638,3467,2102,5355,2524,4266,1162,1178,1077,1943,699,3063,27,11,57,83,97,153,118,309,173,237,94,78,83,164,66,354,33476,2104,3,0,0,0,0,3,0
2021-01-23T23:59:59+01:00,1,4,865,710,1381,2047,1638,3467,2102,5355,2524,4266,1162,1178,1077,1943,699,3063,27,11,57,83,97,153,118,309,172,237,94,78,83,164,66,354,33476,2103,3,0,0,0,0,3,0
2021-01-22T23:59:59+01:00,1,4,865,700,1367,2025,1622,3443,2089,5321,2508,4246,1160,1173,1076,1920,698,3030,26,11,57,83,97,153,118,309,171,237,94,78,83,164,66,354,33242,2101,3,0,0,0,0,3,0
2021-01-21T23:59:59+01:00,1,4,833,663,1289,1870,1522,3253,1993,5049,2397,4047,1121,1115,1049,1854,667,2925,24,10,52,78,89,145,107,280,157,214,81,70,74,144,54,301,31648,1880,3,0,0,0,0,1,0
2021-01-20T23:59:59+01:00,1,4,629,564,1093,1651,1388,2979,1816,4642,2193,3707,995,997,931,1625,602,2654,22,10,51,74,86,144,99,267,146,195,71,64,69,122,45,269,28467,1734,3,0,0,0,0,1,0
2021-01-19T23:59:59+01:00,1,4,342,418,840,1393,1187,2637,1580,4112,1927,3258,824,827,767,1352,503,2249,18,7,36,52,57,78,73,180,102,132,54,49,48,91,34,208,24218,1219,2,0,0,0,0,1,0
2021-01-18T23:59:59+01:00,1,4,300,377,728,1205,1064,2382,1385,3613,1686,2877,690,675,616,1106,428,1863,7,3,11,17,20,27,24,52,25,46,13,11,13,33,7,61,20998,370,1,0,0,0,0,1,0
2021-01-17T23:59:59+01:00,1,4,259,322,662,1110,986,2209,1285,3338,1571,2665,645,645,588,1049,407,1805,0,0,1,0,3,2,2,1,2,2,1,4,1,0,0,1,19550,20,1,0,0,0,0,0,0
2021-01-16T23:59:59+01:00,1,4,242,290,646,1076,962,2146,1244,3227,1520,2591,629,628,580,1049,407,1804,0,0,0,0,1,2,1,1,1,2,0,1,1,0,0,1,19045,11,1,0,0,0,0,0,0
2021-01-15T23:59:59+01:00,1,4,227,257,617,1028,935,2068,1210,3111,1468,2495,598,602,573,1028,400,1792,0,0,0,0,0,0,0,0,0,0,0,0,0,0,0,0,18414,0,0,0,0,0,0,0,0
2021-01-14T23:59:59+01:00,1,3,197,205,557,905,846,1924,1117,2888,1351,2311,553,559,535,984,394,1750,0,0,0,0,0,0,0,0,0,0,0,0,0,0,0,0,17080,0,0,0,0,0,0,0,0
2021-01-13T23:59:59+01:00,1,3,165,186,507,836,774,1798,1019,2651,1194,2086,439,442,406,778,296,1353,0,0,0,0,0,0,0,0,0,0,0,0,0,0,0,0,14934,0,0,0,0,0,0,0,0
2021-01-12T23:59:59+01:00,1,3,143,165,475,767,724,1642,929,2448,1087,1852,350,333,315,558,214,965,0,0,0,0,0,0,0,0,0,0,0,0,0,0,0,0,12971,0,0,0,0,0,0,0,0
2021-01-11T23:59:59+01:00,0,1,114,128,398,636,634,1388,765,1989,860,1466,216,195,175,330,116,568,0,0,0,0,0,0,0,0,0,0,0,0,0,0,0,0,9979,0,0,0,0,0,0,0,0
2021-01-10T23:59:59+01:00,0,1,88,92,308,460,478,1007,557,1461,632,1065,179,171,163,317,111,555,0,0,0,0,0,0,0,0,0,0,0,0,0,0,0,0,7645,0,0,0,0,0,0,0,0
2021-01-09T23:59:59+01:00,0,1,78,84,261,397,408,875,490,1244,555,907,172,161,158,312,111,553,0,0,0,0,0,0,0,0,0,0,0,0,0,0,0,0,6767,0,0,0,0,0,0,0,0
2021-01-08T23:59:59+01:00,0,1,65,64,187,289,309,593,374,944,446,687,164,156,142,300,109,553,0,0,0,0,0,0,0,0,0,0,0,0,0,0,0,0,5383,0,0,0,0,0,0,0,0
2021-01-07T23:59:59+01:00,0,0,46,24,79,121,140,235,168,427,224,342,118,121,124,251,98,504,0,0,0,0,0,0,0,0,0,0,0,0,0,0,0,0,3022,0,0,0,0,0,0,0,0
2021-01-06T23:59:59+01:00,0,0,32,17,70,92,119,185,139,349,195,278,99,93,98,205,83,429,0,0,0,0,0,0,0,0,0,0,0,0,0,0,0,0,2483,0,0,0,0,0,0,0,0
2021-01-05T23:59:59+01:00,0,0,29,12,60,87,109,171,123,334,181,255,98,88,96,198,81,411,0,0,0,0,0,0,0,0,0,0,0,0,0,0,0,0,2333,0,0,0,0,0,0,0,0
2021-01-04T23:59:59+01:00,0,0,26,11,57,84,101,162,118,319,179,242,97,85,89,184,71,380,0,0,0,0,0,0,0,0,0,0,0,0,0,0,0,0,2205,0,0,0,0,0,0,0,0
2021-01-03T23:59:59+01:00,0,0,26,11,57,84,101,162,118,319,179,242,97,85,88,183,71,380,0,0,0,0,0,0,0,0,0,0,0,0,0,0,0,0,2203,0,0,0,0,0,0,0,0
2021-01-02T23:59:59+01:00,0,0,26,11,57,84,101,162,118,319,178,242,97,85,88,183,71,380,0,0,0,0,0,0,0,0,0,0,0,0,0,0,0,0,2202,0,0,0,0,0,0,0,0
2021-01-01T23:59:59+01:00,0,0,26,11,57,84,101,162,118,319,176,241,97,85,88,183,71,380,0,0,0,0,0,0,0,0,0,0,0,0,0,0,0,0,2199,0,0,0,0,0,0,0,0
2020-12-31T23:59:59+01:00,0,0,26,11,57,84,101,162,118,319,176,241,97,85,88,183,71,380,0,0,0,0,0,0,0,0,0,0,0,0,0,0,0,0,2199,0,0,0,0,0,0,0,0
2020-12-30T23:59:59+01:00,0,0,25,11,57,83,100,159,118,318,176,241,97,85,88,183,71,380,0,0,0,0,0,0,0,0,0,0,0,0,0,0,0,0,2192,0,0,0,0,0,0,0,0
2020-12-29T23:59:59+01:00,0,0,18,8,42,59,77,95,88,223,129,189,74,73,65,151,56,304,0,0,0,0,0,0,0,0,0,0,0,0,0,0,0,0,1651,0,0,0,0,0,0,0,0
2020-12-28T23:59:59+01:00,0,0,8,5,17,28,32,45,41,115,53,101,30,40,37,91,29,175,0,0,0,0,0,0,0,0,0,0,0,0,0,0,0,0,847,0,0,0,0,0,0,0,0
2020-12-27T23:59:59+01:00,0,0,2,2,4,5,7,11,10,24,6,22,5,7,6,25,3,48,0,0,0,0,0,0,0,0,0,0,0,0,0,0,0,0,187,0,0,0,0,0,0,0,0
