Datum,<15_1_m,<15_1_w,15-24_1_m,15-24_1_w,25-34_1_m,25-34_1_w,35-44_1_m,35-44_1_w,45-54_1_m,45-54_1_w,55-64_1_m,55-64_1_w,65-74_1_m,65-74_1_w,75-84_1_m,75-84_1_w,>84_1_m,>84_1_w,<15_2_m,<15_2_w,15-24_2_m,15-24_2_w,25-34_2_m,25-34_2_w,35-44_2_m,35-44_2_w,45-54_2_m,45-54_2_w,55-64_2_m,55-64_2_w,65-74_2_m,65-74_2_w,75-84_2_m,75-84_2_w,>84_2_m,>84_2_w,bp_1,bp_2,mo_1,mo_2,az_1,az_2,ja,unb_1,unb_2
2021-12-07T23:59:59+01:00,24078,22595,69418,64121,75920,71205,83306,83626,103349,104854,112906,111412,76043,82714,53077,65467,15440,26845,12552,11778,62513,58311,69731,64751,77786,77930,98068,99294,108478,107095,74072,80374,51799,63641,14854,25563,934618,858442,76482,71206,182948,176483,52382,63,77
2021-12-06T23:59:59+01:00,23602,22107,69353,64058,75855,71130,83246,83540,103297,104782,112855,111336,76013,82672,53059,65424,15433,26816,12363,11603,62289,58116,69502,64505,77580,77739,97913,99104,108335,106967,74001,80300,51771,63603,14844,25548,933003,856051,76314,71105,182948,176483,52367,63,77
2021-12-05T23:59:59+01:00,23200,21740,69298,64009,75785,71058,83191,83476,103247,104738,112808,111282,75975,82630,53039,65389,15423,26788,12261,11507,62090,57942,69300,64321,77398,77561,97782,98959,108228,106841,73956,80249,51753,63576,14839,25529,931646,854227,76180,70957,182948,176476,52355,63,77
2021-12-04T23:59:59+01:00,22890,21449,69258,63969,75748,71011,83164,83444,103221,104708,112791,111253,75966,82610,53033,65378,15422,26782,12202,11445,61921,57813,69135,64209,77283,77447,97672,98878,108145,106788,73934,80230,51743,63564,14837,25527,930747,852950,76105,70920,182948,176476,52350,63,77
2021-12-03T23:59:59+01:00,22007,20573,69187,63904,75704,70929,83110,83377,103180,104652,112746,111207,75935,82566,53019,65356,15412,26765,12051,11311,61674,57591,68926,63985,77096,77252,97508,98731,108011,106663,73907,80193,51730,63542,14832,25520,928389,850806,75998,70817,182947,176475,52348,63,77
2021-12-02T23:59:59+01:00,21071,19726,69084,63813,75601,70795,83031,83287,103107,104580,112694,111125,75902,82506,52988,65312,15403,26727,11856,11111,61394,57324,68656,63693,76802,76989,97284,98502,107843,106491,73865,80148,51702,63495,14822,25492,925742,847950,75777,70628,182947,176475,52339,63,77
2021-12-01T23:59:59+01:00,20588,19292,69013,63759,75533,70710,82964,83209,103052,104511,112633,111069,75863,82455,52963,65275,15393,26703,11741,11006,61196,57190,68453,63493,76623,76833,97121,98373,107718,106382,73816,80098,51685,63464,14816,25475,924114,846096,75644,70501,182946,176475,52334,63,77
2021-11-30T23:59:59+01:00,20053,18761,68940,63686,75452,70584,82893,83123,102987,104428,112569,110987,75819,82388,52939,65226,15382,26659,11643,10900,60984,57021,68237,63261,76414,76647,96950,98217,107570,106248,73767,80037,51664,63430,14812,25460,922224,843996,75434,70388,182945,176475,52326,63,77
2021-11-29T23:59:59+01:00,19346,18096,68869,63618,75358,70483,82818,83046,102925,104351,112493,110909,75786,82334,52921,65180,15372,26623,11567,10803,60769,56878,68016,63071,76209,76481,96791,98080,107444,106118,73715,79981,51633,63393,14806,25444,920066,842043,75256,70303,182943,176460,52316,63,77
2021-11-28T23:59:59+01:00,18742,17594,68797,63560,75261,70380,82755,82978,102861,104289,112428,110841,75755,82295,52906,65135,15365,26601,11494,10746,60613,56760,67842,62928,76037,76355,96650,97980,107353,106033,73684,79944,51615,63372,14799,25429,918283,840592,75070,70201,182934,176456,52308,63,77
2021-11-27T23:59:59+01:00,18087,16973,68725,63518,75207,70316,82696,82938,102822,104253,112401,110816,75739,82277,52899,65120,15358,26595,11453,10699,60505,56665,67705,62819,75934,76280,96562,97909,107296,105998,73671,79930,51610,63365,14797,25426,916592,839654,74959,70130,182934,176456,52307,63,77
2021-11-26T23:59:59+01:00,17174,16036,68616,63408,75135,70225,82633,82854,102743,104183,112356,110760,75714,82253,52888,65101,15354,26577,11371,10615,60332,56516,67526,62678,75777,76145,96430,97767,107214,105912,73653,79906,51597,63353,14793,25422,914019,838183,74809,69993,182933,176453,52301,63,77
2021-11-25T23:59:59+01:00,16283,15282,68484,63284,75009,70059,82514,82738,102647,104070,112266,110664,75672,82193,52871,65064,15345,26564,11275,10516,60125,56360,67305,62498,75623,75974,96274,97622,107110,105804,73623,79870,51585,63334,14790,25414,911318,836459,74525,69824,182926,176453,52289,63,77
2021-11-24T23:59:59+01:00,15879,14903,68381,63207,74907,69939,82408,82636,102561,103980,112191,110577,75627,82136,52848,65024,15332,26538,11207,10450,59964,56234,67122,62343,75483,75856,96142,97503,107003,105719,73592,79824,51561,63311,14784,25401,909584,834974,74341,69723,182923,176450,52275,63,77
2021-11-23T23:59:59+01:00,15600,14657,68255,63065,74784,69771,82259,82497,102443,103861,112083,110465,75581,82054,52810,64971,15312,26508,11122,10393,59829,56120,66930,62182,75313,75731,96005,97391,106897,105629,73554,79785,51544,63281,14776,25386,907758,833445,74088,69639,182921,176449,52258,63,77
2021-11-22T23:59:59+01:00,15340,14443,68106,62944,74633,69609,82135,82376,102331,103725,111976,110344,75512,81985,52774,64922,15302,26471,11070,10334,59655,56008,66742,62039,75162,75629,95895,97259,106795,105549,73514,79737,51519,63250,14771,25375,905945,831967,73878,69579,182921,176447,52233,63,77
2021-11-21T23:59:59+01:00,15059,14155,67979,62832,74481,69456,82018,82281,102231,103613,111885,110251,75465,81929,52747,64887,15286,26440,11045,10297,59565,55933,66620,61952,75059,75546,95800,97181,106739,105491,73486,79707,51498,63228,14767,25366,904214,831052,73702,69495,182915,176444,52212,63,77
2021-11-20T23:59:59+01:00,14793,13923,67853,62722,74352,69320,81895,82190,102148,103535,111807,110159,75441,81893,52735,64860,15280,26430,11030,10282,59520,55871,66559,61901,75003,75502,95745,97133,106693,105456,73477,79692,51494,63223,14765,25365,902637,830520,73627,69464,182914,176444,52206,63,77
2021-11-19T23:59:59+01:00,14458,13573,67595,62532,74159,69121,81738,82024,102014,103367,111696,110044,75385,81849,52710,64828,15272,26413,10968,10215,59361,55765,66415,61776,74861,75376,95613,97023,106584,105381,73453,79658,51480,63201,14761,25359,900214,829122,73509,69418,182914,176444,52189,63,77
2021-11-18T23:59:59+01:00,14146,13283,67313,62250,73928,68854,81518,81793,101835,103179,111557,109898,75328,81766,52680,64778,15264,26394,10876,10144,59196,55628,66216,61613,74710,75244,95460,96900,106452,105301,73417,79595,51463,63176,14756,25347,897415,827499,73346,69337,182914,176444,52137,63,77
2021-11-17T23:59:59+01:00,13962,13103,67118,62076,73689,68636,81348,81629,101652,103045,111426,109773,75273,81705,52652,64724,15250,26368,10817,10087,59046,55506,66065,61474,74578,75123,95319,96794,106344,105230,73382,79546,51437,63145,14753,25328,895254,826085,73225,69289,182912,176438,52085,63,77
2021-11-16T23:59:59+01:00,13761,12924,66888,61872,73436,68380,81125,81416,101467,102892,111293,109651,75212,81638,52618,64662,15235,26339,10769,10035,58919,55401,65927,61341,74450,75012,95203,96700,106259,105160,73345,79507,51417,63117,14747,25311,892749,824811,73155,69255,182912,176437,52040,63,77
2021-11-15T23:59:59+01:00,13601,12761,66627,61656,73182,68104,80905,81200,101276,102695,111155,109515,75158,81587,52598,64632,15223,26314,10724,9998,58814,55306,65819,61239,74351,74926,95135,96623,106184,105087,73305,79467,51398,63090,14740,25302,890267,823770,73070,69228,182901,176435,51998,63,77
2021-11-14T23:59:59+01:00,13327,12514,66231,61347,72853,67785,80624,80967,101053,102478,110996,109388,75101,81530,52576,64596,15216,26292,10671,9938,58677,55194,65712,61142,74246,74814,95043,96542,106107,105011,73254,79428,51379,63074,14735,25293,887117,822604,72965,69206,182897,176431,51942,63,77
2021-11-13T23:59:59+01:00,13185,12371,65926,61108,72600,67554,80404,80778,100886,102299,110869,109306,75067,81493,52559,64577,15211,26287,10651,9915,58606,55126,65646,61086,74199,74767,94978,96497,106084,104977,73245,79416,51374,63071,14735,25291,884800,822047,72914,69192,182896,176431,51917,63,77
2021-11-12T23:59:59+01:00,13021,12192,65581,60822,72317,67316,80181,80560,100709,102095,110742,109184,75044,81458,52547,64553,15208,26284,10618,9871,58492,55017,65525,60993,74087,74678,94883,96416,106027,104938,73225,79394,51365,63060,14731,25283,882236,821047,72840,69159,182895,176430,51890,63,77
2021-11-11T23:59:59+01:00,12784,11962,65159,60488,71958,66969,79838,80253,100459,101848,110550,109008,74992,81384,52517,64514,15202,26269,10532,9790,58339,54884,65397,60881,73975,74554,94788,96309,105929,104858,73188,79348,51348,63034,14720,25271,878832,819684,72648,69127,182891,176428,51829,63,77
2021-11-10T23:59:59+01:00,12643,11839,64905,60240,71649,66668,79590,80035,100274,101681,110407,108869,74933,81309,52484,64472,15195,26254,10472,9739,58231,54771,65263,60749,73867,74458,94677,96215,105851,104794,73155,79300,51327,63012,14715,25264,876301,818526,72572,69104,182883,176416,51737,63,77
2021-11-09T23:59:59+01:00,12485,11679,64492,59949,71248,66338,79294,79770,100014,101444,110202,108723,74865,81253,52461,64428,15189,26238,10412,9684,58107,54643,65145,60624,73776,74353,94583,96121,105768,104722,73113,79261,51301,62984,14708,25243,873098,817336,72507,69091,182870,176401,51643,63,77
2021-11-08T23:59:59+01:00,12375,11567,64121,59703,70873,66032,79007,79528,99775,101244,110054,108576,74811,81192,52440,64381,15184,26218,10363,9650,57996,54549,65060,60505,73690,74256,94489,96022,105699,104659,73083,79217,51285,62954,14704,25227,870277,816304,72428,69065,182856,176396,51566,63,77
2021-11-07T23:59:59+01:00,12291,11489,63829,59499,70580,65772,78729,79343,99576,101090,109928,108459,74775,81131,52420,64361,15180,26206,10325,9602,57887,54476,64977,60411,73601,74187,94408,95956,105638,104602,73064,79193,51273,62934,14702,25218,868064,815485,72324,69036,182845,176385,51471,63,77
2021-11-06T23:59:59+01:00,12186,11390,63635,59288,70340,65541,78548,79196,99402,100925,109822,108370,74759,81108,52408,64352,15178,26203,10310,9592,57836,54439,64933,60360,73575,74159,94380,95927,105618,104580,73051,79182,51269,62930,14701,25216,866115,815121,72296,69035,182844,176383,51442,63,77
2021-11-05T23:59:59+01:00,12044,11266,63392,59079,70085,65289,78323,78983,99237,100753,109710,108266,74726,81081,52401,64341,15177,26201,10270,9548,57752,54388,64867,60297,73518,74108,94335,95875,105576,104542,73035,79164,51261,62921,14701,25213,864039,814526,72123,68993,182842,176380,51395,63,77
2021-11-04T23:59:59+01:00,11957,11166,63154,58886,69795,65048,78115,78780,99036,100587,109581,108148,74686,81049,52390,64322,15172,26177,10207,9480,57622,54307,64778,60189,73425,74025,94265,95803,105516,104477,73005,79138,51237,62897,14693,25197,862029,813569,71940,68954,182838,176374,51287,63,77
2021-11-03T23:59:59+01:00,11874,11108,62932,58730,69563,64870,77927,78638,98880,100475,109476,108081,74663,81023,52375,64305,15168,26167,10142,9427,57497,54184,64665,60066,73331,73941,94180,95735,105459,104427,72977,79106,51217,62871,14685,25181,860413,812518,71859,68933,182837,176373,51190,63,77
2021-11-02T23:59:59+01:00,11795,11030,62705,58566,69267,64648,77702,78472,98688,100322,109353,107981,74641,80987,52361,64279,15162,26155,10082,9359,57344,54085,64555,59950,73227,73861,94088,95657,105401,104359,72941,79065,51209,62845,14677,25164,858471,811435,71774,68914,182835,176369,51074,63,77
2021-11-01T23:59:59+01:00,11701,10948,62430,58381,69000,64449,77495,78322,98513,100186,109242,107894,74615,80965,52350,64259,15157,26145,10014,9289,57212,53978,64421,59851,73138,73759,94014,95585,105343,104306,72905,79032,51196,62814,14670,25143,856617,810391,71697,68871,182814,176366,50965,62,77
2021-10-31T23:59:59+01:00,11690,10936,62397,58363,68972,64424,77466,78294,98494,100174,109230,107886,74613,80965,52350,64259,15157,26144,9997,9271,57193,53964,64408,59835,73127,73746,94010,95580,105338,104302,72905,79030,51196,62813,14669,25143,856418,810277,71683,68865,182812,176366,50942,62,77
2021-10-30T23:59:59+02:00,11684,10932,62382,58345,68946,64406,77446,78275,98478,100162,109222,107884,74611,80965,52350,64259,15156,26143,9993,9271,57178,53954,64400,59832,73114,73737,94003,95574,105335,104301,72905,79029,51195,62813,14669,25142,856284,810227,71674,68858,182812,176366,50917,62,77
2021-10-29T23:59:59+02:00,11618,10872,62195,58226,68736,64255,77261,78152,98308,100034,109112,107825,74587,80951,52339,64243,15152,26135,9961,9244,57067,53873,64309,59756,73051,73674,93930,95526,105295,104278,72888,79011,51190,62801,14665,25136,854793,809574,71631,68830,182810,176366,50808,62,77
2021-10-28T23:59:59+02:00,11532,10800,61970,58067,68483,64056,77052,77994,98110,99875,109009,107739,74562,80908,52324,64232,15147,26127,9903,9192,56911,53721,64177,59644,72949,73577,93861,95446,105213,104209,72864,78979,51178,62788,14661,25126,853004,808516,71564,68800,182806,176352,50654,62,77
2021-10-27T23:59:59+02:00,11461,10714,61805,57911,68281,63900,76889,77866,97981,99774,108935,107685,74542,80874,52317,64216,15145,26114,9842,9135,56793,53603,64069,59544,72846,73489,93789,95381,105154,104174,72841,78948,51165,62765,14657,25111,851659,807561,71442,68776,182803,176345,50547,62,77
2021-10-26T23:59:59+02:00,11375,10615,61662,57754,68101,63734,76730,77757,97866,99672,108853,107627,74515,80850,52302,64191,15135,26093,9781,9060,56643,53485,63963,59426,72770,73418,93711,95316,105108,104129,72818,78924,51142,62738,14650,25103,850243,806572,71381,68749,182797,176335,50452,62,77
2021-10-25T23:59:59+02:00,11349,10595,61605,57704,68050,63693,76683,77714,97830,99651,108831,107609,74506,80838,52301,64186,15132,26092,9757,9037,56582,53443,63927,59396,72741,73380,93684,95298,105091,104112,72816,78919,51140,62734,14650,25101,849815,806224,71371,68745,182797,176335,50427,62,77
2021-10-24T23:59:59+02:00,11306,10555,61494,57626,67949,63603,76602,77639,97752,99604,108795,107580,74492,80824,52295,64184,15130,26091,9708,8997,56506,53364,63850,59314,72676,73330,93633,95244,105061,104072,72792,78903,51131,62724,14647,25099,849134,805605,71320,68732,182797,176326,50311,62,77
2021-10-23T23:59:59+02:00,11302,10552,61485,57614,67932,63587,76589,77625,97738,99596,108790,107575,74491,80823,52295,64184,15129,26091,9703,8995,56497,53350,63836,59306,72669,73316,93624,95237,105058,104068,72790,78901,51131,62722,14647,25098,849050,805534,71305,68724,182796,176325,50288,62,77
2021-10-22T23:59:59+02:00,11239,10504,61327,57502,67753,63454,76450,77505,97609,99494,108714,107524,74474,80804,52291,64176,15128,26086,9649,8947,56379,53253,63753,59226,72595,73244,93555,95181,105021,104041,72773,78883,51126,62712,14647,25098,847857,804795,71227,68692,182795,176323,50196,62,77
2021-10-21T23:59:59+02:00,11161,10425,61168,57380,67589,63322,76309,77372,97484,99400,108624,107455,74446,80775,52279,64148,15123,26075,9575,8843,56248,53117,63626,59096,72512,73141,93457,95097,104964,103991,72738,78848,51116,62688,14641,25091,846525,803659,71193,68668,182794,176321,50064,62,77
2021-10-20T23:59:59+02:00,11120,10375,61067,57280,67480,63212,76216,77285,97400,99338,108574,107416,74432,80756,52267,64140,15119,26068,9492,8783,56116,52979,63519,58990,72437,73025,93387,95038,104895,103935,72712,78816,51104,62663,14638,25082,845627,802577,71171,68643,182790,176318,49996,62,77
2021-10-19T23:59:59+02:00,11069,10323,60998,57206,67401,63125,76141,77217,97348,99300,108535,107381,74407,80739,52254,64117,15108,26051,9408,8696,55976,52866,63403,58877,72351,72930,93305,94939,104829,103865,72662,78770,51086,62625,14631,25062,844893,801339,71147,68617,182787,176316,49932,62,77
2021-10-18T23:59:59+02:00,11022,10276,60919,57131,67317,63054,76080,77152,97297,99245,108493,107335,74391,80720,52248,64093,15104,26035,9355,8646,55860,52724,63276,58740,72259,72832,93221,94839,104771,103808,72621,78733,51059,62597,14620,25045,844162,800141,71122,68604,182787,176305,49879,62,77
2021-10-17T23:59:59+02:00,10994,10250,60872,57092,67280,63017,76049,77126,97257,99207,108482,107309,74381,80710,52244,64081,15100,26029,9299,8599,55766,52644,63196,58646,72193,72747,93165,94785,104733,103766,72594,78702,51047,62570,14614,25027,843788,799322,71117,68579,182781,176284,49831,62,77
2021-10-16T23:59:59+02:00,10990,10245,60866,57088,67271,63008,76042,77122,97250,99205,108481,107306,74380,80710,52244,64080,15100,26029,9292,8594,55762,52630,63190,58640,72188,72743,93162,94780,104731,103762,72593,78700,51047,62570,14614,25027,843742,799275,71113,68571,182781,176284,49818,62,77
2021-10-15T23:59:59+02:00,10952,10199,60773,57025,67210,62943,75980,77060,97199,99152,108442,107284,74369,80695,52242,64078,15098,26027,9244,8545,55642,52511,63113,58566,72119,72670,93093,94719,104683,103719,72576,78681,51037,62553,14613,25023,843118,798448,71092,68525,182781,176283,49774,62,77
2021-10-14T23:59:59+02:00,10904,10135,60664,56930,67145,62845,75915,76985,97135,99091,108405,107234,74354,80676,52231,64064,15094,26021,9138,8462,55476,52378,62996,58436,72049,72571,92988,94628,104623,103651,72541,78648,51015,62520,14603,25009,842341,797205,71071,68500,182771,176269,49681,62,77
2021-10-13T23:59:59+02:00,10847,10093,60573,56846,67080,62751,75846,76915,97074,99052,108354,107193,74334,80656,52216,64048,15091,26011,9071,8401,55341,52248,62893,58307,71952,72474,92911,94541,104545,103576,72503,78614,50995,62486,14592,24989,841586,796020,71057,68488,182768,176249,49605,62,77
2021-10-12T23:59:59+02:00,10788,10041,60465,56759,66980,62669,75777,76858,97029,98999,108316,107161,74310,80632,52208,64036,15085,26002,8996,8340,55208,52096,62784,58186,71867,72365,92854,94455,104472,103509,72463,78566,50971,62455,14587,24970,840801,794820,71047,68468,182765,176241,49538,62,77
2021-10-11T23:59:59+02:00,10734,9992,60365,56694,66889,62571,75699,76789,96967,98944,108262,107116,74284,80603,52191,64009,15070,25983,8935,8284,55085,51967,62658,58053,71788,72253,92776,94379,104396,103443,72417,78521,50942,62419,14574,24948,839967,793633,71027,68450,182757,176232,49446,62,77
2021-10-10T23:59:59+02:00,10704,9963,60304,56652,66829,62525,75658,76745,96934,98912,108234,107095,74272,80592,52188,64003,15065,25973,8883,8242,54984,51850,62565,57927,71703,72169,92702,94295,104335,103391,72386,78491,50921,62397,14568,24936,839552,792648,71018,68440,182751,176218,49362,62,77
2021-10-09T23:59:59+02:00,10703,9960,60294,56644,66816,62518,75652,76739,96928,98903,108228,107093,74272,80588,52188,64003,15065,25972,8871,8234,54966,51834,62555,57910,71692,72158,92695,94289,104327,103387,72383,78490,50921,62397,14568,24936,839491,792539,71012,68434,182750,176215,49348,62,77
2021-10-08T23:59:59+02:00,10652,9910,60198,56549,66742,62438,75592,76671,96878,98856,108193,107066,74262,80580,52181,63991,15060,25971,8829,8183,54863,51743,62478,57846,71624,72092,92646,94234,104299,103355,72375,78479,50914,62391,14566,24934,838795,791872,70986,68403,182748,176203,49296,62,77
2021-10-07T23:59:59+02:00,10588,9841,60047,56438,66649,62341,75504,76572,96802,98801,108129,107010,74236,80558,52171,63979,15053,25964,8721,8089,54731,51598,62373,57717,71513,71981,92558,94141,104213,103291,72323,78442,50891,62366,14554,24923,837836,790632,70973,68369,182747,176186,49162,62,76
2021-10-06T23:59:59+02:00,10532,9800,59908,56340,66563,62258,75424,76508,96741,98754,108082,106966,74216,80535,52154,63957,15050,25949,8646,8019,54591,51435,62279,57581,71417,71874,92454,94054,104124,103208,72285,78399,50866,62332,14544,24909,836987,789357,70961,68362,182745,176169,49053,62,76
2021-10-05T23:59:59+02:00,10465,9728,59770,56216,66463,62159,75343,76435,96664,98691,108035,106911,74194,80508,52145,63928,15044,25938,8559,7939,54409,51264,62163,57434,71304,71757,92345,93950,104053,103137,72231,78355,50842,62293,14536,24897,836039,787982,70946,68333,182742,176158,48919,62,76
2021-10-04T23:59:59+02:00,10404,9676,59618,56094,66321,62040,75238,76342,96565,98609,107971,106857,74172,80477,52125,63895,15040,25919,8484,7878,54235,51079,62047,57280,71171,71626,92262,93845,103953,103050,72196,78300,50798,62254,14526,24877,834913,786530,70933,68326,182737,176140,48789,62,76
2021-10-03T23:59:59+02:00,10361,9637,59563,56009,66252,61986,75178,76303,96533,98578,107937,106816,74160,80459,52116,63883,15039,25912,8426,7835,54117,50964,61964,57189,71085,71525,92196,93771,103887,102963,72162,78271,50779,62221,14519,24873,834403,785562,70928,68321,182725,176113,48675,62,76
2021-10-02T23:59:59+02:00,10355,9635,59553,55994,66235,61973,75168,76288,96528,98573,107935,106813,74159,80459,52115,63881,15039,25912,8421,7831,54103,50953,61952,57180,71082,71515,92192,93768,103885,102954,72159,78271,50778,62219,14518,24873,834320,785491,70918,68314,182725,176112,48661,62,76
2021-10-01T23:59:59+02:00,10300,9579,59395,55894,66156,61883,75087,76221,96474,98519,107876,106777,74143,80436,52104,63868,15038,25908,8359,7768,53986,50844,61896,57114,71035,71467,92136,93713,103850,102920,72146,78264,50773,62207,14516,24868,833473,784819,70899,68287,182723,176109,48571,62,76
2021-09-30T23:59:59+02:00,10226,9493,59251,55739,66019,61749,74983,76129,96366,98425,107785,106712,74114,80398,52089,63843,15034,25891,8279,7693,53837,50711,61795,57005,70941,71383,92051,93626,103777,102853,72110,78220,50752,62172,14516,24857,832328,783804,70870,68264,182719,176098,48336,62,76
2021-09-29T23:59:59+02:00,10148,9436,59100,55607,65900,61631,74897,76034,96266,98334,107720,106655,74076,80353,52081,63813,15029,25880,8200,7607,53680,50558,61682,56868,70844,71276,91956,93530,103681,102785,72060,78176,50727,62121,14509,24847,831295,782606,70842,68233,182716,176079,48113,62,76
2021-09-28T23:59:59+02:00,10062,9354,58961,55455,65735,61490,74791,75948,96159,98247,107637,106590,74024,80311,52061,63785,15022,25863,8125,7538,53534,50407,61544,56751,70750,71159,91879,93451,103605,102707,72020,78138,50704,62089,14505,24835,830128,781551,70829,68214,182712,176069,47831,62,76
2021-09-27T23:59:59+02:00,10002,9302,58806,55296,65593,61363,74698,75844,96054,98141,107546,106537,73978,80267,52042,63758,15016,25843,8059,7472,53382,50277,61417,56618,70658,71052,91776,93354,103518,102655,71972,78091,50683,62053,14498,24816,829078,780560,70805,68198,182707,176023,47494,62,76
2021-09-26T23:59:59+02:00,9960,9261,58720,55210,65508,61278,74640,75768,95990,98084,107499,106500,73953,80242,52031,63733,15009,25830,8012,7430,53283,50167,61328,56537,70580,70962,91707,93278,103463,102623,71943,78063,50661,62029,14492,24805,828438,779813,70788,68191,182691,175987,47296,62,76
2021-09-25T23:59:59+02:00,9951,9249,58703,55189,65492,61267,74629,75759,95983,98076,107490,106496,73953,80241,52030,63732,15009,25830,8011,7419,53258,50157,61314,56518,70567,70955,91701,93272,103452,102621,71943,78061,50661,62025,14492,24805,828357,779734,70781,68187,182689,175986,47249,62,76
2021-09-24T23:59:59+02:00,9899,9193,58593,55065,65395,61165,74538,75667,95896,98002,107431,106455,73925,80219,52022,63722,15008,25820,7957,7363,53151,50049,61238,56442,70494,70884,91630,93211,103379,102571,71917,78043,50650,62009,14487,24795,827470,778942,70764,68179,182683,175979,47094,62,76
2021-09-23T23:59:59+02:00,9807,9101,58356,54876,65218,61008,74414,75522,95751,97866,107322,106344,73880,80183,52002,63682,14996,25801,7890,7286,52970,49915,61117,56305,70378,70769,91510,93103,103286,102497,71882,77997,50632,61985,14474,24781,826058,777915,70711,68150,182679,175960,46676,62,76
2021-09-22T23:59:59+02:00,9724,9041,58169,54728,65056,60862,74299,75396,95623,97765,107222,106286,73837,80135,51976,63640,14976,25773,7815,7223,52826,49763,60993,56183,70287,70672,91418,92995,103223,102444,71840,77947,50601,61947,14460,24767,824801,776915,70689,68125,182671,175946,46342,62,76
2021-09-21T23:59:59+02:00,9654,8953,58021,54573,64910,60715,74160,75260,95485,97647,107130,106195,73803,80076,51959,63616,14968,25751,7722,7139,52678,49603,60874,56053,70186,70566,91312,92891,103128,102351,71801,77902,50575,61906,14451,24742,823519,775740,70673,68113,182667,175939,46012,62,76
2021-09-20T23:59:59+02:00,9593,8892,57883,54431,64751,60581,74041,75109,95358,97556,107041,106101,73741,80032,51933,63580,14955,25731,7665,7083,52561,49468,60751,55936,70077,70458,91212,92801,103051,102275,71748,77858,50551,61857,14444,24724,822312,774766,70659,68095,182660,175910,45673,62,76
2021-09-19T23:59:59+02:00,9541,8852,57766,54347,64644,60464,73953,75006,95286,97456,106979,106030,73724,80007,51920,63561,14953,25720,7628,7042,52453,49354,60660,55823,69985,70364,91145,92729,102972,102207,71715,77825,50530,61826,14439,24718,821537,773995,70640,68080,182648,175885,45379,62,76
2021-09-18T23:59:59+02:00,9524,8835,57739,54318,64609,60432,73925,74981,95270,97433,106968,106009,73721,80006,51917,63558,14953,25719,7619,7029,52423,49320,60629,55799,69964,70344,91125,92713,102960,102187,71712,77822,50530,61825,14438,24716,821313,773803,70630,68071,182648,175884,45321,62,76
2021-09-17T23:59:59+02:00,9437,8756,57566,54169,64479,60304,73801,74860,95164,97329,106884,105937,73686,79973,51905,63540,14946,25712,7556,6968,52256,49209,60505,55688,69872,70253,91042,92633,102887,102129,71679,77785,50515,61795,14429,24709,820159,772855,70586,68052,182646,175876,45051,62,76
2021-09-16T23:59:59+02:00,9359,8681,57356,54015,64303,60118,73621,74689,95014,97196,106729,105827,73616,79915,51882,63498,14939,25697,7492,6903,52092,49084,60362,55563,69745,70139,90931,92531,102782,102049,71634,77737,50494,61757,14422,24696,818687,771890,70567,68033,182623,175843,44571,62,76
2021-09-15T23:59:59+02:00,9266,8600,57150,53794,64121,59915,73441,74508,94868,97042,106584,105694,73556,79848,51838,63449,14929,25676,7433,6844,51933,48917,60235,55426,69619,70035,90828,92451,102676,101961,71588,77677,50460,61720,14412,24685,816930,770803,70549,68016,182619,175832,44173,62,76
2021-09-14T23:59:59+02:00,9158,8493,56960,53561,63939,59729,73293,74331,94736,96886,106458,105594,73483,79784,51809,63399,14913,25656,7358,6765,51763,48717,60081,55283,69497,69914,90720,92322,102582,101868,71537,77616,50432,61676,14404,24672,815169,769464,70538,68002,182598,175796,43869,61,76
2021-09-13T23:59:59+02:00,9096,8426,56746,53355,63784,59533,73134,74160,94588,96734,106324,105463,73430,79734,51770,63352,14893,25626,7312,6711,51602,48553,59958,55149,69414,69821,90602,92234,102488,101795,71493,77575,50404,61636,14394,24661,813482,768419,70527,67990,182583,175769,43548,61,76
2021-09-12T23:59:59+02:00,9050,8398,56623,53268,63693,59438,73058,74073,94514,96666,106261,105395,73402,79710,51756,63330,14888,25619,7265,6665,51468,48441,59856,55048,69338,69743,90526,92169,102415,101725,71457,77544,50389,61611,14389,24649,812760,767604,70510,67977,182566,175744,43298,61,75
2021-09-11T23:59:59+02:00,9044,8389,56607,53246,63674,59422,73045,74060,94506,96652,106256,105390,73401,79709,51756,63330,14888,25619,7258,6659,51449,48422,59835,55035,69322,69732,90516,92154,102412,101720,71452,77542,50389,61611,14389,24647,812681,767553,70501,67933,182563,175742,43241,61,75
2021-09-10T23:59:59+02:00,8972,8328,56447,53100,63558,59303,72940,73954,94388,96534,106180,105328,73364,79673,51741,63304,14884,25614,7226,6634,51323,48355,59770,54972,69262,69684,90452,92097,102376,101680,71431,77526,50380,61601,14385,24642,811562,767087,70468,67878,182557,175739,43017,61,75
2021-09-09T23:59:59+02:00,8901,8263,56248,52906,63392,59118,72781,73810,94238,96394,106055,105234,73305,79610,51710,63270,14880,25601,7160,6572,51136,48187,59615,54837,69129,69557,90331,91990,102262,101588,71388,77481,50351,61571,14379,24626,810200,766017,70447,67828,182538,175717,42523,60,75
2021-09-08T23:59:59+02:00,8815,8186,56067,52734,63240,58935,72635,73658,94076,96263,105961,105127,73240,79550,51682,63214,14875,25586,7084,6503,50961,48023,59491,54696,69006,69410,90205,91879,102177,101486,71332,77423,50328,61530,14375,24610,808796,764861,70420,67776,182502,175692,42115,60,75
2021-09-07T23:59:59+02:00,8727,8126,55911,52578,63123,58796,72518,73524,93972,96161,105856,105028,73188,79502,51655,63174,14867,25566,7006,6449,50792,47860,59360,54551,68879,69291,90099,91763,102077,101386,71284,77374,50306,61504,14370,24591,807548,763633,70414,67764,182499,175670,41800,60,75
2021-09-06T23:59:59+02:00,8665,8060,55765,52410,62983,58639,72409,73391,93869,96050,105774,104940,73136,79454,51624,63144,14856,25550,6940,6393,50643,47720,59221,54402,68765,69170,90018,91669,101981,101298,71235,77327,50284,61475,14363,24581,806326,762516,70388,67722,182467,175646,41526,60,75
2021-09-05T23:59:59+02:00,8636,8022,55698,52317,62918,58578,72361,73333,93823,95999,105746,104896,73115,79432,51614,63124,14849,25544,6890,6342,50553,47635,59156,54337,68701,69110,89972,91613,101939,101248,71215,77299,50271,61458,14357,24572,805806,761896,70379,67712,182445,175623,41362,60,75
2021-09-04T23:59:59+02:00,8629,8017,55678,52308,62908,58567,72353,73325,93816,95995,105743,104890,73114,79431,51614,63124,14849,25544,6886,6337,50539,47620,59141,54322,68696,69102,89964,91608,101935,101244,71214,77297,50270,61458,14357,24572,805744,761831,70376,67707,182444,175621,41328,60,75
2021-09-03T23:59:59+02:00,8563,7949,55546,52221,62836,58471,72274,73244,93738,95930,105673,104830,73084,79398,51595,63093,14842,25534,6827,6285,50424,47526,59062,54255,68638,69031,89903,91547,101871,101192,71186,77263,50249,61435,14354,24563,804825,761058,70369,67687,182435,175612,41179,60,75
2021-09-02T23:59:59+02:00,8467,7852,55357,52064,62711,58363,72180,73114,93617,95816,105568,104745,73027,79342,51563,63045,14831,25514,6732,6196,50202,47353,58917,54135,68533,68917,89771,91444,101754,101097,71129,77216,50225,61407,14347,24547,803686,759913,70324,67644,182421,175560,40730,60,75
2021-09-01T23:59:59+02:00,8391,7759,55204,51916,62579,58231,72092,72989,93524,95728,105490,104674,72989,79299,51540,63008,14824,25496,6646,6087,50027,47143,58793,53995,68453,68805,89669,91341,101648,101003,71090,77174,50200,61366,14340,24531,802570,758683,70300,67604,182407,175510,40440,60,74
2021-08-31T23:59:59+02:00,8283,7667,55040,51761,62472,58114,72012,72885,93437,95644,105405,104596,72947,79257,51518,62978,14814,25482,6531,5969,49819,46940,58673,53853,68337,68679,89571,91235,101539,100923,71045,77121,50180,61330,14328,24515,801483,757320,70292,67586,182397,175485,40123,60,74
2021-08-30T23:59:59+02:00,8207,7587,54866,51599,62360,57985,71897,72768,93314,95516,105287,104501,72897,79214,51501,62945,14793,25459,6434,5884,49622,46726,58547,53713,68237,68566,89455,91125,101426,100815,70995,77084,50153,61301,14314,24498,800300,756114,70252,67519,182365,175428,39760,60,74
2021-08-29T23:59:59+02:00,8165,7540,54774,51519,62300,57904,71830,72720,93260,95452,105240,104467,72877,79192,51486,62930,14787,25450,6380,5835,49504,46622,58457,53615,68167,68489,89398,91065,101365,100762,70971,77068,50139,61288,14308,24495,799767,755460,70250,67509,182355,175383,39502,60,74
2021-08-28T23:59:59+02:00,8147,7526,54736,51482,62269,57884,71801,72702,93242,95435,105226,104455,72872,79190,51484,62926,14787,25450,6374,5831,49467,46603,58431,53599,68144,68475,89378,91043,101358,100749,70965,77064,50137,61286,14308,24495,799558,755312,70249,67503,182353,175383,39435,60,74
2021-08-27T23:59:59+02:00,8062,7448,54553,51344,62157,57744,71703,72580,93118,95314,105115,104370,72827,79139,51461,62890,14775,25444,6339,5791,49343,46518,58352,53518,68062,68403,89298,90977,101301,100701,70930,77031,50123,61275,14306,24495,798237,754612,70244,67497,182341,175377,39203,60,74
2021-08-26T23:59:59+02:00,7998,7375,54397,51196,62042,57630,71604,72472,93014,95186,105008,104288,72785,79089,51438,62870,14770,25430,6289,5751,49180,46361,58233,53410,67965,68309,89193,90896,101232,100633,70889,76996,50099,61253,14301,24486,797194,753788,70233,67457,182331,175344,38813,60,74
2021-08-25T23:59:59+02:00,7934,7321,54252,51047,61930,57477,71497,72357,92906,95084,104907,104206,72729,79038,51410,62833,14757,25415,6220,5669,48984,46169,58105,53268,67847,68185,89076,90783,101134,100543,70832,76948,50073,61214,14295,24471,796185,752647,70207,67420,182320,175309,38366,60,74
2021-08-24T23:59:59+02:00,7822,7232,54111,50840,61803,57341,71388,72224,92789,94964,104802,104109,72676,78990,51375,62790,14749,25400,6138,5579,48766,45949,57967,53097,67737,68047,88974,90689,101042,100461,70794,76895,50048,61191,14291,24455,794773,751253,70190,67398,182310,175287,38110,60,72
2021-08-23T23:59:59+02:00,7759,7158,53940,50668,61674,57215,71274,72112,92662,94858,104703,104011,72624,78929,51341,62748,14742,25389,6078,5524,48585,45778,57845,52967,67630,67949,88869,90598,100953,100385,70754,76844,50020,61152,14287,24443,793575,750231,70160,67374,182295,175230,37754,60,72
2021-08-22T23:59:59+02:00,7731,7132,53855,50589,61621,57149,71235,72059,92619,94816,104658,103981,72605,78913,51332,62736,14741,25383,6040,5486,48466,45667,57754,52873,67556,67887,88799,90540,100910,100343,70724,76820,50005,61134,14284,24436,793143,749547,70152,67366,182275,175179,37560,60,72
2021-08-21T23:59:59+02:00,7725,7129,53830,50574,61603,57138,71219,72045,92606,94798,104647,103971,72600,78911,51332,62735,14741,25382,6036,5482,48445,45649,57734,52865,67537,67867,88780,90525,100900,100333,70722,76817,50005,61133,14284,24436,793071,749450,70110,67347,182271,175173,37508,60,72
2021-08-20T23:59:59+02:00,7694,7092,53738,50497,61528,57078,71148,71982,92541,94736,104595,103934,72575,78883,51320,62709,14732,25371,6011,5462,48353,45573,57659,52802,67470,67812,88723,90465,100841,100295,70699,76795,49999,61117,14275,24432,792525,748931,70038,67334,182268,175150,37296,60,72
2021-08-19T23:59:59+02:00,7628,7012,53606,50372,61384,56963,71031,71874,92427,94647,104499,103844,72526,78826,51290,62668,14723,25351,5984,5435,48216,45469,57539,52710,67379,67733,88631,90385,100742,100230,70666,76766,49979,61093,14271,24423,791489,748275,70001,67297,182251,175103,36904,60,72
2021-08-18T23:59:59+02:00,7553,6955,53464,50233,61257,56854,70919,71780,92318,94559,104397,103760,72468,78773,51255,62632,14713,25330,5950,5392,48100,45343,57419,52613,67285,67657,88515,90295,100666,100156,70622,76728,49960,61069,14265,24406,790490,747556,69971,67267,182240,175053,36493,60,72
2021-08-17T23:59:59+02:00,7470,6874,53301,50070,61153,56730,70802,71656,92211,94454,104290,103660,72415,78730,51227,62605,14705,25318,5900,5353,47908,45164,57288,52471,67161,67551,88383,90200,100559,100060,70566,76679,49934,61047,14258,24394,789401,746513,69949,67231,182235,175000,36060,60,72
2021-08-16T23:59:59+02:00,7396,6811,53171,49940,61057,56617,70701,71562,92119,94349,104197,103560,72372,78679,51197,62562,14697,25310,5876,5317,47768,45044,57177,52401,67065,67467,88286,90114,100475,99965,70523,76639,49910,61020,14251,24389,788530,745880,69901,67185,182220,174931,35620,60,71
2021-08-15T23:59:59+02:00,7345,6771,53092,49859,60987,56546,70636,71501,92061,94297,104142,103510,72336,78649,51188,62546,14693,25301,5855,5299,47663,44950,57085,52309,66995,67405,88208,90051,100419,99915,70485,76604,49894,60999,14246,24377,788049,745395,69887,67153,182206,174849,35292,60,70
2021-08-14T23:59:59+02:00,7323,6755,53019,49791,60939,56501,70601,71454,92024,94257,104103,103474,72315,78641,51179,62535,14691,25298,5779,5245,47428,44678,56917,52120,66841,67250,88073,89929,100304,99808,70436,76561,49883,60976,14242,24372,787566,743566,69881,67147,182206,174838,35221,60,70
2021-08-13T23:59:59+02:00,7282,6719,52908,49696,60853,56420,70549,71385,91948,94199,104053,103429,72292,78618,51167,62524,14689,25291,5551,5030,46925,44181,56674,51850,66611,66994,87801,89674,100107,99602,70349,76460,49844,60916,14236,24351,786809,740082,69876,67136,182206,174763,35105,60,70
2021-08-12T23:59:59+02:00,7251,6692,52810,49627,60795,56341,70474,71335,91878,94140,103991,103382,72258,78584,51153,62508,14687,25277,5331,4855,46428,43736,56399,51542,66353,66769,87544,89453,99766,99328,70239,76325,49790,60852,14225,24323,786375,737030,69850,67111,182190,174306,34742,60,69
2021-08-11T23:59:59+02:00,7184,6623,52644,49456,60667,56222,70391,71241,91769,94036,103892,103273,72197,78518,51122,62467,14681,25261,5054,4572,45750,43119,56025,51159,66094,66473,87249,89188,99431,98960,70099,76179,49731,60751,14214,24294,785195,732912,69829,67080,182181,173868,34413,60,69
2021-08-10T23:59:59+02:00,7107,6539,52446,49271,60521,56102,70282,71118,91643,93906,103770,103167,72144,78460,51091,62436,14673,25252,4832,4331,44795,42220,55354,50499,65599,66016,86786,88704,98941,98505,69899,75980,49638,60653,14194,24256,783830,726645,69820,67047,182173,173363,34078,60,69
2021-08-09T23:59:59+02:00,7063,6492,52335,49179,60444,56027,70226,71057,91575,93834,103698,103107,72101,78424,51085,62420,14669,25244,4592,4112,43789,41163,54638,49814,65124,65582,86339,88267,98426,98037,69719,75756,49557,60530,14169,24218,783263,720190,69751,66995,182161,172800,33778,60,69
2021-08-08T23:59:59+02:00,7017,6451,52270,49109,60404,55994,70187,71031,91518,93785,103645,103067,72081,78402,51071,62399,14663,25239,4577,4099,43733,41100,54578,49765,65055,65540,86264,88206,98357,97986,69694,75725,49536,60504,14161,24211,782972,719888,69744,66978,182147,172715,33441,60,69
2021-08-07T23:59:59+02:00,6978,6410,52159,48981,60326,55917,70132,70966,91449,93722,103595,103020,72064,78385,51062,62393,14663,25238,4264,3788,42767,40083,54026,49196,64623,65132,85887,87809,98035,97639,69550,75580,49480,60422,14144,24193,782181,713523,69740,66958,182147,172707,33363,60,67
2021-08-06T23:59:59+02:00,6935,6349,52026,48853,60252,55851,70067,70885,91369,93646,103535,102962,72040,78362,51051,62375,14661,25234,3955,3566,42085,39468,53779,48927,64397,64888,85650,87587,97808,97436,69466,75489,49438,60382,14138,24180,781313,709899,69735,66873,182146,172570,33230,60,67
2021-08-05T23:59:59+02:00,6824,6242,51771,48630,60076,55663,69925,70739,91209,93499,103393,102825,71979,78299,51023,62335,14648,25215,3762,3395,41251,38777,53263,48469,64027,64533,85192,87186,97183,96916,69279,75305,49372,60284,14119,24150,779690,705352,69682,66821,182111,171442,32781,60,67
2021-08-04T23:59:59+02:00,6735,6156,51577,48397,59929,55484,69816,70587,91073,93382,103275,102710,71918,78235,50997,62289,14637,25186,3388,3040,40405,37994,52892,48063,63706,64210,84820,86856,96769,96508,69115,75134,49295,60188,14102,24116,778283,700757,69646,66796,182098,170656,32325,60,67
2021-08-03T23:59:59+02:00,6662,6099,51407,48262,59802,55356,69722,70495,90971,93283,103177,102628,71864,78199,50977,62263,14629,25170,3258,2938,39403,37052,52088,47376,63162,63674,84302,86370,96055,95877,68872,74917,49203,60071,14081,24072,777239,694493,69637,66772,182091,169471,31968,60,67
2021-08-02T23:59:59+02:00,6614,6056,51271,48121,59710,55277,69638,70426,90916,93209,103096,102566,71824,78156,50956,62242,14622,25157,3089,2760,38133,35900,51125,46567,62446,63086,83697,85802,95254,95175,68618,74659,49115,59938,14061,24033,776539,686877,69589,66718,182062,168159,31637,59,67
2021-08-01T23:59:59+02:00,6572,6001,51100,47959,59557,55161,69546,70311,90807,93119,103008,102473,71782,78119,50934,62202,14617,25141,3065,2742,37948,35767,50963,46467,62312,62990,83519,85658,94802,94771,68501,74549,49074,59889,14050,24013,775486,686216,69560,66658,182044,166850,31289,59,67
2021-07-31T23:59:59+02:00,6529,5967,51005,47839,59501,55089,69496,70267,90768,93089,102981,102448,71771,78107,50926,62197,14617,25138,2661,2361,36341,34256,50055,45600,61779,62424,83014,85142,94322,94336,68314,74344,48995,59793,14032,23980,774874,677070,69556,66646,182044,166735,31231,59,67
2021-07-30T23:59:59+02:00,6493,5915,50855,47700,59416,55008,69427,70206,90696,93009,102925,102410,71754,78083,50917,62173,14614,25134,2385,2132,34889,32853,49082,44646,61047,61730,82330,84518,93638,93757,68079,74108,48890,59643,14013,23949,774110,667531,69531,66634,182038,166431,31026,59,67
2021-07-29T23:59:59+02:00,6378,5796,50425,47333,59198,54733,69235,70015,90508,92821,102762,102273,71678,78000,50884,62118,14599,25116,2308,2065,34154,32239,48454,44194,60640,61370,81904,84168,92864,93081,67882,73949,48827,59556,13993,23918,771785,663644,69477,66486,181995,164784,30585,59,67
2021-07-28T23:59:59+02:00,6306,5733,50172,47140,59065,54579,69107,69918,90377,92697,102653,102179,71622,77943,50857,62078,14590,25099,2284,2046,33828,31944,48130,43953,60406,61145,81722,83996,92625,92880,67808,73882,48794,59523,13980,23908,770469,661919,69441,66397,181968,164264,30207,59,67
2021-07-27T23:59:59+02:00,6253,5686,50011,46996,58922,54482,69013,69828,90275,92587,102546,102103,71577,77890,50827,62045,14582,25086,2143,1931,32360,30551,46854,42863,59566,60345,81114,83461,91597,92028,67531,73597,48706,59397,13948,23868,769562,653242,69414,66322,181944,162469,29760,58,67
2021-07-26T23:59:59+02:00,6230,5657,49892,46910,58823,54392,68934,69773,90188,92526,102480,102051,71536,77854,50805,62025,14576,25077,2009,1815,30990,29303,45536,41730,58461,59354,80401,82827,90428,90997,67220,73323,48616,59279,13923,23826,769027,644151,69345,66224,181906,160173,29423,57,67
2021-07-25T23:59:59+02:00,6210,5640,49779,46804,58734,54324,68870,69714,90123,92470,102418,102002,71503,77818,50785,62002,14572,25067,1993,1807,30780,29145,45261,41527,58196,59116,80124,82615,89462,90142,67013,73148,48546,59206,13911,23803,768611,642924,69334,66101,181879,157720,28983,56,67
2021-07-24T23:59:59+02:00,6175,5611,49661,46713,58665,54261,68822,69657,90077,92425,102377,101961,71498,77811,50782,61999,14571,25063,1735,1587,29191,27565,44120,40450,57500,58402,79506,82037,88817,89573,66833,72957,48476,59104,13897,23779,768002,632896,69325,66083,181871,157581,28903,56,66
2021-07-23T23:59:59+02:00,6090,5524,49484,46535,58570,54156,68712,69552,89971,92321,102287,101864,71462,77755,50761,61968,14567,25057,1506,1367,27499,26052,42860,39361,56566,57511,78813,81416,88111,88910,66564,72683,48397,59003,13876,23749,766618,622334,69321,65916,181851,157110,28818,56,66
2021-07-22T23:59:59+02:00,5950,5408,49188,46247,58371,53950,68541,69382,89785,92169,102129,101730,71395,77672,50719,61917,14556,25038,1422,1313,26678,25228,41951,38553,55621,56679,78065,80785,86441,87398,66189,72284,48286,58873,13845,23697,764672,613838,69276,65407,181817,155643,28354,56,66
2021-07-21T23:59:59+02:00,5673,5125,48655,45720,58066,53633,68311,69100,89505,91922,101862,101464,71266,77541,50660,61852,14547,25012,1390,1287,26422,25004,41526,38271,55173,56288,77691,80498,85630,86793,66019,72156,48230,58807,13827,23672,761061,611844,69249,65130,181795,153863,27781,56,66
2021-07-20T23:59:59+02:00,5596,5050,48372,45441,57893,53424,68137,68952,89325,91767,101696,101320,71190,77473,50621,61805,14538,24984,1299,1202,25245,23859,40235,37235,53831,55079,76784,79719,84264,85446,65712,71813,48121,58671,13799,23626,759377,601438,69242,64968,181750,152281,27187,56,66
2021-07-19T23:59:59+02:00,5516,4964,48048,45117,57668,53215,67971,68747,89138,91587,101547,101159,71117,77391,50578,61754,14529,24955,1218,1140,24419,23020,38922,36117,52096,53579,75508,78659,83150,84463,65418,71556,48021,58553,13774,23586,757571,591376,69232,64819,181722,150490,26448,56,66
2021-07-18T23:59:59+02:00,5508,4963,47971,45058,57569,53134,67896,68672,89041,91519,101473,101091,71080,77349,50553,61722,14527,24943,1203,1134,24276,22919,38649,35893,51759,53281,75255,78461,82244,83692,65226,71377,47966,58481,13769,23564,757276,590295,69207,64655,181682,148257,25876,56,66
2021-07-17T23:59:59+02:00,5481,4926,47872,44981,57495,53073,67832,68615,88981,91456,101428,101072,71071,77334,50548,61715,14527,24942,1009,946,22895,21463,37268,34591,50512,52085,74647,77902,81608,83094,65096,71229,47899,58419,13760,23544,756709,579419,69202,64628,181673,148117,25737,56,66
2021-07-16T23:59:59+02:00,5378,4847,47630,44750,57367,52963,67713,68502,88842,91359,101321,100969,71025,77283,50525,61696,14521,24936,813,784,21645,20229,35975,33352,49055,50765,73637,76967,80906,82432,64875,71006,47817,58318,13741,23512,755243,567798,69200,64563,181666,147912,25490,56,66
2021-07-15T23:59:59+02:00,5235,4718,47229,44429,57157,52770,67518,68315,88627,91159,101132,100801,70927,77181,50476,61622,14512,24907,754,741,21041,19726,35041,32648,47816,49812,72448,76047,78746,80296,64275,70406,47675,58139,13722,23449,753177,558429,69182,63523,181621,146062,24702,56,66
2021-07-14T23:59:59+02:00,4863,4393,46638,43853,56923,52503,67313,68111,88413,90915,100916,100603,70819,77071,50408,61539,14500,24883,736,724,20838,19580,34775,32489,47441,49508,71908,75655,78077,79759,63951,70126,47592,58056,13699,23413,749726,556601,69163,63333,181568,144155,24174,56,64
2021-07-13T23:59:59+02:00,4772,4313,46441,43698,56760,52342,67150,67961,88256,90787,100769,100475,70746,77008,50370,61492,14496,24867,707,685,20278,19042,33743,31667,45816,48050,70139,73987,76468,78197,63574,69734,47462,57885,13670,23361,748360,545644,69146,62557,181494,142530,23670,56,64
2021-07-12T23:59:59+02:00,4707,4234,46255,43506,56606,52198,66995,67835,88085,90651,100613,100337,70672,76920,50332,61436,14489,24849,683,664,19806,18610,32950,31043,44154,46593,67758,71912,74573,76691,63044,69148,47318,57722,13641,23310,747087,534530,69122,61989,181394,139954,23083,56,64
2021-07-11T23:59:59+02:00,4702,4231,46184,43451,56542,52148,66942,67796,88022,90597,100541,100277,70635,76877,50322,61421,14486,24835,675,659,19596,18466,32597,30792,43703,46216,67298,71551,73791,75994,62643,68769,47247,57633,13625,23277,746932,532724,69111,61664,181328,137478,22602,56,64
2021-07-10T23:59:59+02:00,4576,4096,45898,43144,56357,51949,66795,67621,87888,90458,100439,100170,70579,76820,50301,61394,14483,24826,643,627,19034,17916,31653,29934,41954,44633,65812,70268,73155,75374,62476,68617,47194,57581,13618,23263,744833,522105,69105,61649,181316,137430,22504,56,64
2021-07-09T23:59:59+02:00,4447,3978,45627,42891,56192,51751,66633,67456,87736,90293,100303,100065,70526,76747,50264,61353,14478,24814,596,578,18449,17346,30685,28971,39999,42701,63519,68141,71995,74234,62201,68291,47118,57455,13600,23237,742779,508419,69089,61269,181310,137024,22340,56,64
2021-07-08T23:59:59+02:00,4418,3952,45486,42779,56066,51629,66504,67355,87609,90171,100184,99966,70471,76694,50243,61315,14467,24800,549,534,17510,16548,29285,27935,38279,41247,61387,66316,68632,71079,61302,67316,46873,57111,13555,23141,742052,493160,69030,59191,181239,134438,21746,56,64
2021-07-07T23:59:59+02:00,4406,3946,45419,42737,55980,51574,66417,67311,87553,90132,100140,99915,70454,76671,50233,61297,14463,24790,471,481,16553,15698,27898,26919,36752,40013,59766,64858,65398,67602,60281,66270,46635,56789,13505,23068,741737,477860,68983,57275,181187,132281,21477,56,64
2021-07-06T23:59:59+02:00,4354,3898,45274,42606,55847,51434,66313,67202,87446,90039,100057,99830,70415,76610,50215,61270,14460,24776,404,417,15787,14963,26820,26014,34905,38299,56363,61831,62741,65140,59523,65479,46361,56454,13465,22965,740596,459964,68960,56451,181130,130145,21307,55,64
2021-07-05T23:59:59+02:00,4291,3853,45089,42431,55695,51329,66186,67090,87326,89945,99970,99733,70352,76545,50193,61242,14457,24761,370,365,15124,14344,25870,25202,33669,37164,53266,58856,59964,62673,58682,64665,46106,56142,13420,22887,739394,443885,68916,56098,181051,127650,21073,55,63
2021-07-04T23:59:59+02:00,4283,3846,45040,42397,55626,51292,66140,67061,87287,89913,99938,99705,70328,76524,50187,61227,14451,24750,351,345,14920,14140,25425,24842,33065,36636,52601,58327,58976,61810,58014,64031,45922,55937,13401,22837,739190,439794,68882,55895,180982,124941,20887,55,63
2021-07-03T23:59:59+02:00,4064,3666,44509,41836,55306,50917,65844,66780,87038,89653,99738,99507,70255,76452,50164,61181,14447,24738,333,329,14631,13817,25067,24487,32088,35715,50856,56777,58108,61073,57840,63833,45854,55852,13389,22812,735388,431214,68863,55877,180976,124893,20814,55,63
2021-07-02T23:59:59+02:00,3753,3379,43858,41239,54979,50576,65556,66475,86765,89403,99503,99282,70153,76339,50112,61111,14441,24721,306,292,14214,13370,24364,23868,30929,34648,48223,54606,55968,59285,57443,63402,45694,55692,13373,22775,731051,418683,68842,54824,180963,124157,20736,54,52
2021-07-01T23:59:59+02:00,3615,3269,43503,40888,54775,50398,65396,66311,86608,89261,99348,99162,70084,76271,50081,61077,14434,24706,262,251,13522,12691,23060,22780,29249,33133,46203,52860,53472,57005,56018,61829,45199,55075,13299,22647,728910,405147,68775,52505,180914,120317,20535,54,51
2021-06-30T23:59:59+02:00,3604,3252,43238,40692,54593,50260,65274,66208,86517,89197,99276,99110,70056,76247,50069,61055,14430,24695,200,212,12779,12091,21896,21878,27658,31761,44350,51144,49835,53040,54684,60491,44843,54634,13243,22518,727754,389381,68719,50599,180894,116873,20353,54,51
2021-06-29T23:59:59+02:00,3389,3032,42320,39864,53983,49651,64833,65768,86101,88743,98927,98782,69931,76098,50012,60984,14410,24664,171,160,12181,11491,21093,21109,26286,30554,41726,48729,47960,51490,53712,59382,44435,54098,13148,22365,721756,377335,68665,49072,180878,113493,20140,54,50
2021-06-28T23:59:59+02:00,3171,2848,41364,38871,53314,48998,64368,65373,85719,88349,98594,98438,69791,75937,49947,60884,14392,24640,128,128,11680,11042,20430,20520,25317,29655,39632,46785,46331,50122,52608,58336,44074,53592,13068,22242,715585,367844,68551,48033,180867,109821,19942,54,50
2021-06-27T23:59:59+02:00,3166,2845,41327,38835,53265,48959,64326,65336,85666,88313,98542,98410,69772,75924,49938,60870,14387,24637,110,111,11487,10849,20106,20206,24738,29092,38605,45931,45165,49030,51577,57323,43639,53083,12986,22099,715359,363242,68521,47590,180831,105501,19754,54,50
2021-06-26T23:59:59+02:00,2684,2371,39935,37475,52544,48220,63774,64772,85178,87793,98117,97977,69582,75748,49865,60766,14368,24614,100,100,11372,10746,19938,20052,24538,28875,38127,45492,44795,48676,51463,57178,43592,53035,12981,22085,706664,360287,68492,47585,180831,105480,19743,54,50
2021-06-25T23:59:59+02:00,2279,2035,39091,36669,52191,47860,63448,64447,84898,87481,97868,97711,69478,75631,49818,60704,14354,24592,76,82,11071,10435,19557,19625,24006,28252,35444,43183,42607,46761,51124,56798,43493,52903,12957,22054,701612,348704,68355,47140,180824,104823,19711,54,50
2021-06-24T23:59:59+02:00,2225,1982,38601,36209,51842,47536,63227,64232,84662,87286,97682,97554,69396,75566,49783,60658,14348,24577,63,59,10476,9852,18493,18737,22579,26997,33340,41341,40173,44466,49641,55143,42922,52201,12840,21851,698663,335802,68325,44540,180803,101261,19522,54,49
2021-06-23T23:59:59+02:00,2212,1958,38369,35981,51674,47364,63109,64120,84561,87188,97605,97469,69365,75535,49763,60637,14344,24565,36,33,10021,9417,17864,18176,21646,26134,31399,39703,36208,39994,48343,53779,42536,51693,12758,21685,697415,320239,68288,43908,180787,97951,19278,52,49
2021-06-22T23:59:59+02:00,2133,1897,37382,35057,50920,46685,62624,63671,84186,86776,97238,97156,69216,75392,49696,60556,14331,24532,13,18,9554,8987,16992,17483,20417,25050,28271,36940,33903,38111,47386,52803,42126,51133,12618,21450,691262,308053,68241,41164,180774,94870,19120,52,48
2021-06-21T23:59:59+02:00,1986,1758,36036,33846,49899,45819,61901,63006,83688,86304,96798,96749,69045,75221,49630,60461,14320,24497,9,11,9236,8694,16530,17119,19791,24568,26524,35375,32363,36817,46331,51722,41673,50582,12512,21258,683319,300684,68207,40521,180759,91233,18629,51,48
2021-06-20T23:59:59+02:00,1975,1749,35948,33793,49749,45692,61757,62865,83607,86243,96724,96688,69011,75193,49615,60443,14320,24485,8,10,9086,8591,16313,16947,19475,24307,25707,34722,31422,35862,46135,51519,41642,50530,12503,21237,682652,296893,68164,39926,180741,90899,18250,51,48
2021-06-19T23:59:59+02:00,1607,1449,34339,32247,48851,44876,61272,62360,83137,85768,96318,96336,68864,75027,49549,60362,14305,24461,7,9,9045,8518,16209,16824,19357,24153,25602,34564,31294,35718,46039,51423,41624,50505,12499,21227,673969,295553,68145,39923,180734,90863,18230,51,48
2021-06-18T23:59:59+02:00,1409,1275,32700,30667,47643,43687,60331,61440,82329,85019,95705,95759,68645,74805,49460,60224,14289,24431,7,9,8971,8431,16048,16667,19167,23959,25349,34323,31008,35397,45742,51075,41538,50428,12486,21213,662848,293348,68010,39805,180733,90441,18177,51,47
2021-06-17T23:59:59+02:00,1334,1217,31780,29833,46781,42983,59524,60589,81585,84370,95293,95377,68504,74660,49418,60146,14275,24402,7,9,8432,8065,15356,16111,18336,23128,24241,33196,29529,34037,44414,49568,41052,49818,12366,21024,655931,284395,67894,38974,180702,87779,17494,51,47
2021-06-16T23:59:59+02:00,1251,1153,31091,29137,45976,42233,58605,59710,80807,83597,94869,94998,68369,74500,49360,60054,14255,24376,7,8,7944,7742,14735,15591,17553,22402,23100,32235,28349,32924,42514,47443,40500,49237,12258,20839,648872,274622,67766,38371,180683,85371,16970,51,47
2021-06-15T23:59:59+02:00,1109,1034,29205,27365,44228,40720,57011,58077,79420,82276,94108,94325,68081,74207,49246,59897,14222,24311,7,6,7772,7616,14421,15349,17186,22099,22579,31848,27809,32493,41574,46425,40113,48809,12134,20618,633951,271531,67717,37864,180644,82936,16480,51,47
2021-06-14T23:59:59+02:00,1016,920,27660,25903,42621,39202,55357,56427,78319,81164,93414,93696,67832,73965,49152,59774,14202,24267,6,5,7590,7443,14043,15011,16655,21652,21885,31264,27127,31899,41187,46002,39729,48356,12003,20413,620724,268839,67659,37448,180615,80094,15843,51,46
2021-06-13T23:59:59+02:00,992,895,27459,25723,42236,38865,54807,55900,77972,80854,93221,93506,67742,73885,49115,59715,14187,24242,6,5,7449,7275,13769,14717,16265,21251,21452,30770,26587,31395,40789,45597,39262,47788,11823,20125,618005,266735,67517,37375,180587,77012,15157,51,46
2021-06-12T23:59:59+02:00,863,781,25950,24139,41084,37793,54133,55167,77443,80359,92670,92981,67586,73708,49047,59638,14174,24221,6,5,7401,7225,13642,14606,16131,21136,21269,30620,26465,31290,40771,45580,39252,47777,11823,20124,608504,265940,67511,37373,180581,76672,15092,50,46
2021-06-11T23:59:59+02:00,750,672,24339,22624,39736,36605,52905,53957,76473,79508,92095,92405,67352,73474,48985,59530,14155,24186,6,5,7346,7133,13467,14416,15911,20939,20995,30360,26191,31029,40465,45204,39167,47662,11805,20095,596770,264030,67429,37228,180572,75961,14931,50,46
2021-06-10T23:59:59+02:00,648,583,23341,21622,38519,35428,51297,52453,75154,78312,90486,90858,66997,73078,48859,59356,14130,24132,6,5,7063,6910,12938,13981,15267,20366,20232,29608,25394,30350,39759,44342,38813,47243,11690,19910,583885,260550,66938,37193,180521,72228,13860,50,46
2021-06-09T23:59:59+02:00,578,533,22889,21236,37858,34908,50191,51408,73908,77119,89892,90353,66871,72933,48809,59271,14115,24101,6,5,6791,6601,12348,13376,14478,19551,19314,28586,24407,29187,37192,41421,38246,46599,11540,19672,576719,250223,66480,37120,180484,68690,13241,50,46
2021-06-08T23:59:59+02:00,472,422,21373,19786,36256,33543,48077,49446,71770,75181,88418,88872,66556,72548,48673,59110,14082,24057,6,5,6660,6429,11960,12999,13990,19062,18709,27981,23845,28649,36905,41165,37955,46232,11432,19515,559366,248551,66200,37039,180452,65289,12575,50,45
2021-06-07T23:59:59+02:00,356,328,20368,18819,34714,32212,45804,47424,69633,73298,87440,88024,66332,72280,48599,58975,14062,24020,6,5,6505,6268,11536,12644,13446,18579,17980,27394,23208,28051,36585,40861,37535,45751,11319,19316,544192,246548,66024,36970,180398,61401,12025,50,45
2021-06-06T23:59:59+02:00,333,307,20188,18671,34320,31928,45196,46852,69012,72812,87227,87858,66275,72218,48587,58949,14056,24008,6,5,6375,6094,11209,12230,13015,18006,17339,26582,22510,27242,36118,40385,37052,45200,11163,19046,541070,244095,65698,36916,180351,56893,11629,50,44
2021-06-05T23:59:59+02:00,261,242,18949,17413,33003,30718,43972,45677,68436,72293,86694,87348,66184,72116,48539,58901,14049,23996,6,5,6323,6010,11104,12063,12887,17827,17167,26372,22339,27047,36053,40307,37030,45176,11161,19041,531102,243481,65698,36503,180335,56283,11607,50,44
2021-06-04T23:59:59+02:00,180,172,17762,16267,31698,29433,42419,44179,67095,70976,85887,86595,65997,71904,48463,58809,14033,23967,6,5,6219,5871,10924,11852,12671,17570,16811,25987,21818,26606,35159,39449,36714,44876,11144,19019,518294,241627,65632,36175,180328,53323,11533,50,43
2021-06-03T23:59:59+02:00,125,119,17125,15696,30712,28604,40958,42880,65316,69442,83639,84313,65572,71449,48335,58647,14015,23929,6,5,6046,5660,10612,11496,12353,17102,16354,25323,21265,26023,34491,38655,36539,44672,11111,18969,504508,239274,64931,35787,180289,50481,11099,50,41
2021-06-02T23:59:59+02:00,96,76,16783,15388,30398,28338,40290,42257,63725,68048,82700,83511,65430,71284,48275,58565,14012,23914,6,4,5928,5567,10432,11334,12120,16884,16058,25013,20915,25624,31242,35030,36311,44450,11082,18916,496994,230553,64928,35454,180287,50036,10832,50,41
2021-06-01T23:59:59+02:00,38,41,15996,14722,28897,27236,37922,40193,60152,64868,80270,81189,65078,70919,48147,58375,13978,23861,6,4,5654,5291,9905,10904,11579,16287,15386,24215,20180,24861,30900,34731,36114,44272,11053,18854,478639,229080,63368,34948,180222,46525,9604,49,39
2021-05-31T23:59:59+02:00,30,33,15434,14248,27954,26531,35964,38529,56710,61837,78237,79486,64746,70562,48003,58200,13946,23809,6,3,5490,5087,9495,10538,11147,15801,14846,23527,19553,24154,30614,34476,35929,44079,11018,18797,462869,228383,62643,34560,180157,43037,8541,49,39
2021-05-30T23:59:59+02:00,28,30,15290,14119,27666,26294,35512,38117,55996,61220,77915,79211,64684,70505,47978,58165,13942,23798,6,3,5388,4892,9166,10176,10735,15311,14390,22723,19019,23378,29933,33760,35702,43887,10996,18734,459879,227909,62204,34478,180110,37548,8228,49,36
2021-05-29T23:59:59+02:00,26,29,14893,13727,26817,25483,33755,36529,54513,59922,77324,78646,64534,70354,47925,58112,13935,23784,6,3,5355,4819,9097,10059,10640,15190,14279,22572,18885,23237,29904,33737,35696,43879,10995,18731,449760,227409,62171,34478,180106,36939,8222,49,36
2021-05-28T23:59:59+02:00,23,28,14488,13331,26003,24740,31908,34769,52344,57914,76273,77650,64329,70102,47873,58035,13925,23761,6,3,5270,4705,8918,9914,10480,15015,14116,22332,18672,22935,29834,33688,35679,43862,10994,18726,437821,226724,61702,34471,180015,36010,7909,49,35
2021-05-27T23:59:59+02:00,19,23,13859,12864,24932,24019,30654,33841,50731,56538,73170,74666,63886,69563,47739,57873,13902,23705,6,3,5157,4472,8584,9573,10074,14578,13667,21695,18164,22335,29610,33482,35568,43748,10973,18697,425657,226059,59737,34399,179384,32736,7157,49,35
2021-05-26T23:59:59+02:00,18,21,13374,12444,24017,23371,29728,33137,49642,55611,70210,71472,63271,68950,47604,57703,13871,23659,6,3,5069,4310,8328,9258,9768,14187,13309,21093,17730,21733,29413,33314,35470,43642,10946,18645,414828,225435,57554,34280,178885,29687,6787,49,35
2021-05-25T23:59:59+02:00,18,16,13036,12147,23436,22965,28672,32273,47041,53369,67948,69345,62919,68584,47490,57554,13853,23605,6,3,4989,4189,8111,8996,9514,13809,12997,20571,17341,21179,29251,33156,35386,43536,10919,18590,402968,224863,56485,34197,178261,26942,6508,49,33
2021-05-24T23:59:59+02:00,17,15,12736,11866,22934,22584,28049,31819,44422,50937,65486,67153,62609,68285,47379,57428,13817,23548,6,3,4918,4080,7860,8762,9191,13423,12668,20057,16953,20617,29105,33015,35311,43464,10895,18542,391306,224268,55997,34131,177591,24297,6141,49,33
2021-05-23T23:59:59+02:00,17,15,12674,11799,22837,22499,27969,31740,44164,50709,64897,66604,62529,68197,47354,57410,13815,23546,6,3,4897,4065,7824,8730,9129,13388,12587,19993,16873,20558,29095,32999,35307,43456,10895,18540,389098,223968,55916,34123,177577,24088,6135,49,31
2021-05-22T23:59:59+02:00,17,15,12450,11561,22519,22191,26964,30851,42328,49132,64041,65862,62366,68006,47288,57318,13805,23522,6,3,4881,4010,7796,8664,9086,13321,12555,19906,16843,20488,29084,32989,35303,43450,10894,18539,380605,223873,55905,34123,177572,23686,6105,49,31
2021-05-21T23:59:59+02:00,17,14,12148,11307,21942,21743,26145,30159,39941,47239,62066,64193,62103,67732,47204,57230,13790,23496,6,3,4862,3982,7740,8577,9019,13233,12478,19812,16767,20401,29068,32963,35296,43439,10892,18538,370158,223671,54847,34108,177382,23233,6033,49,31
2021-05-20T23:59:59+02:00,16,14,11539,10735,20816,20843,24990,29131,38434,45961,59718,62117,61282,66832,47003,56969,13756,23440,6,3,4588,3805,7337,8290,8574,12835,12024,19299,16344,19877,28947,32865,35245,43384,10888,18528,359645,223257,52490,33997,176097,20239,5315,49,31
2021-05-19T23:59:59+02:00,16,14,11094,10421,20030,20286,24140,28530,37529,45275,56481,58477,60589,66128,46895,56835,13733,23393,6,3,4435,3647,7081,8043,8296,12503,11689,18865,15971,19455,28847,32752,35202,43308,10877,18513,349151,222761,50870,33878,174967,17995,4829,49,30
2021-05-18T23:59:59+02:00,16,14,10767,10136,19446,19835,23482,27964,36117,44042,55060,57342,60215,65701,46765,56674,13708,23367,6,3,4330,3520,6834,7806,8031,12218,11452,18460,15623,19019,28761,32658,35172,43266,10873,18506,343732,222458,49012,33795,173488,15885,4370,49,30
2021-05-17T23:59:59+02:00,15,13,10547,9960,19007,19544,23045,27651,34917,43050,53743,56300,59963,65453,46701,56575,13692,23333,6,3,4260,3434,6626,7587,7779,11924,11195,18065,15310,18611,28666,32568,35147,43225,10867,18492,339642,222151,48018,33726,171966,14022,3836,47,30
2021-05-16T23:59:59+02:00,15,12,10356,9830,18714,19340,22710,27409,34276,42588,52504,55129,59770,65287,46664,56521,13681,23313,6,3,4192,3359,6409,7422,7490,11669,10924,17710,15014,18246,28600,32506,35131,43207,10860,18488,337197,221892,47135,33664,170352,12261,3389,46,30
2021-05-15T23:59:59+02:00,15,12,10260,9730,18561,19192,22539,27263,33894,42221,52108,54750,59655,65141,46616,56476,13678,23297,6,3,4151,3323,6324,7355,7396,11566,10822,17590,14909,18115,28506,32388,35037,43115,10856,18483,334796,220798,47134,33661,170218,12242,3214,46,30
2021-05-14T23:59:59+02:00,14,12,9977,9528,18132,18952,22136,26973,31547,40441,49958,52893,59433,64912,46568,56390,13661,23276,6,3,4023,3241,6036,7189,7089,11340,10474,17237,14560,17787,27933,31682,34914,42923,10837,18455,325638,217494,47081,33655,169607,12118,2432,45,30
2021-05-13T23:59:59+02:00,14,12,9514,9161,17335,18386,21268,26290,30428,39450,47710,50722,58583,63935,46357,56106,13622,23202,6,3,3524,3048,5695,6935,6776,11029,10060,16847,14184,17349,27029,30482,34487,42402,10806,18395,317130,212877,45217,33097,167581,10929,2124,43,30
2021-05-12T23:59:59+02:00,14,12,9224,8968,16901,18126,20792,26000,29897,39065,44711,47074,58009,63293,46273,55992,13604,23177,6,3,3385,2960,5463,6824,6495,10882,9778,16638,13947,17082,26381,29658,34321,42209,10780,18361,307931,209842,44401,33071,167288,10761,1469,43,30
2021-05-11T23:59:59+02:00,14,12,8790,8694,16128,17606,19924,25379,28158,37620,42772,45568,57632,62844,46189,55857,13583,23149,6,3,3263,2831,5229,6483,6197,10468,9411,16078,13508,16521,24958,27987,33810,41581,10729,18273,302425,203857,41345,32887,164805,9261,1301,43,30
2021-05-10T23:59:59+02:00,14,11,8529,8542,15615,17350,19294,25056,27165,36928,41310,44421,57365,62569,46110,55752,13562,23118,6,2,3153,2705,4999,6245,5942,10144,9086,15600,13145,16097,23909,26656,33321,40996,10693,18215,299111,199199,40438,32857,162133,7841,987,42,30
2021-05-09T23:59:59+02:00,14,11,8373,8457,15311,17166,18912,24797,26495,36499,39529,42754,57068,62290,46054,55694,13554,23098,6,2,3032,2649,4818,6103,5773,9968,8886,15392,12974,15922,23632,26322,33175,40822,10683,18200,296130,197994,40058,32813,159136,6811,711,41,30
2021-05-08T23:59:59+02:00,14,11,8297,8384,15128,17020,18703,24597,26267,36259,39292,42558,56941,62140,46016,55657,13551,23087,6,2,3024,2628,4787,6067,5729,9922,8809,15325,12887,15852,23261,25894,32889,40508,10675,18184,294555,196803,39603,32097,159012,6808,711,41,30
2021-05-07T23:59:59+02:00,13,11,8127,8286,14799,16835,18310,24360,25841,35969,38832,42177,56665,61785,45967,55610,13544,23077,6,2,2725,2493,4438,5880,5458,9662,8493,15013,12491,15454,22162,24513,32239,39672,10647,18134,292003,193328,39171,30596,158679,5215,315,40,28
2021-05-06T23:59:59+02:00,12,11,7478,7928,13900,16230,17251,23504,24493,34856,36685,40510,55536,60464,45723,55304,13509,23010,6,2,2600,2381,4264,5683,5247,9355,8148,14572,12057,14997,20853,22836,31386,38661,10593,18020,281344,187701,37885,29634,156857,4022,278,40,26
2021-05-05T23:59:59+02:00,10,11,6942,7620,13114,15684,16206,22740,23105,33827,34855,39016,53692,58421,45401,54958,13475,22944,6,2,2514,2324,4088,5527,5054,9143,7799,14231,11686,14637,19461,21052,30190,37241,10553,17917,269867,181555,36958,28456,155057,3289,99,40,26
2021-05-04T23:59:59+02:00,10,10,6753,7528,12744,15507,15714,22468,22458,33481,33891,38313,52838,57458,45278,54831,13457,22903,6,2,2459,2254,3933,5355,4877,8889,7455,13820,11260,14176,17809,19120,29087,35906,10457,17797,266076,174717,36087,27515,153394,2359,46,39,25
2021-05-03T23:59:59+02:00,10,9,6607,7379,12365,15286,15203,22155,21745,33074,32736,37421,52535,57138,45182,54723,13442,22871,6,2,2399,2186,3839,5175,4736,8654,7236,13471,10940,13768,16604,17621,28206,34801,10392,17689,262763,169133,35624,27165,151422,1368,34,38,25
2021-05-02T23:59:59+02:00,10,9,6527,7288,12151,15115,14901,21920,21267,32753,31583,36471,52251,56847,45120,54632,13424,22840,6,2,2384,2179,3817,5142,4705,8618,7169,13400,10854,13674,16291,17225,27908,34496,10380,17675,260320,167557,35548,27051,149171,1261,33,37,23
2021-05-01T23:59:59+02:00,10,9,6509,7263,12087,15064,14820,21857,21164,32681,31457,36374,52245,56832,45116,54631,13422,22838,6,2,2381,2171,3793,5125,4664,8594,7131,13363,10793,13618,16093,17002,27793,34359,10377,17665,259742,166591,35547,27024,149020,1259,33,37,23
2021-04-30T23:59:59+02:00,10,9,6471,7225,11994,14970,14714,21736,20968,32493,31216,36182,51974,56472,45071,54578,13416,22826,6,2,2352,2150,3731,5063,4567,8483,6981,13181,10514,13353,15277,15976,26923,33286,10336,17577,257953,163380,35503,25133,148800,1190,32,37,23
2021-04-29T23:59:59+02:00,10,9,6267,7098,11673,14783,14356,21495,20446,32202,30460,35690,51325,55644,44980,54459,13390,22746,6,2,2314,2104,3639,4974,4443,8347,6789,12961,10236,13063,14302,14741,25615,31734,10273,17480,254756,157663,35407,24381,146802,927,31,37,21
2021-04-28T23:59:59+02:00,10,9,6004,6933,11291,14439,13861,21028,19801,31597,29291,34555,48657,52635,44686,54134,13327,22668,6,2,2276,2063,3570,4912,4327,8232,6627,12778,9984,12844,13156,13259,24123,29853,10211,17377,244784,151678,35280,23176,144808,710,17,37,19
2021-04-27T23:59:59+02:00,10,9,5901,6842,11135,14315,13659,20862,19515,31384,28727,34167,48448,52411,44630,54080,13318,22646,6,2,2234,2028,3479,4819,4234,8123,6462,12592,9700,12568,11941,11692,22465,27692,10132,17231,243386,144839,35233,21993,143387,533,17,36,18
2021-04-26T23:59:59+02:00,10,9,5852,6800,11013,14247,13496,20736,19286,31172,27889,33598,48110,52040,44577,54014,13309,22617,6,2,2212,2001,3424,4774,4172,8056,6358,12459,9512,12392,11024,10533,21183,25929,10071,17140,242637,139549,35205,21243,140881,423,17,35,16
2021-04-25T23:59:59+02:00,10,9,5807,6753,10906,14149,13333,20578,19036,30885,27126,32856,47613,51529,44493,53917,13295,22597,6,2,2187,1991,3392,4755,4153,8035,6325,12418,9455,12331,10862,10339,20941,25605,10061,17126,240914,138695,35160,20891,138767,365,17,34,16
2021-04-24T23:59:59+02:00,10,9,5785,6705,10825,14055,13233,20432,18901,30705,26963,32671,47510,51406,44400,53821,13291,22592,6,2,2180,1980,3367,4727,4115,7988,6254,12346,9324,12214,10705,10158,20807,25474,10045,17108,239413,138171,35142,20250,138708,346,17,34,16
2021-04-23T23:59:59+02:00,10,9,5724,6616,10691,13855,13027,20176,18587,30324,26560,32309,46562,50267,44246,53576,13268,22560,6,2,2162,1958,3325,4690,4065,7934,6160,12254,9160,12086,10438,9857,20481,25054,9996,17025,234997,137043,35083,19242,138236,335,17,34,16
2021-04-22T23:59:59+02:00,10,9,5623,6503,10479,13657,12673,19837,18072,29850,25926,31711,44831,48112,43677,52847,13222,22461,5,2,2148,1947,3284,4637,3988,7859,6030,12155,8901,11923,10004,9451,20023,24462,9946,16947,228729,134911,34970,18466,135750,303,17,34,15
2021-04-21T23:59:59+02:00,10,8,5525,6368,10249,13455,12341,19522,17568,29353,25207,30977,40548,43240,43200,52312,13155,22356,5,2,2135,1938,3247,4600,3932,7801,5948,12062,8725,11763,9672,9066,19522,23869,9880,16849,216586,133258,34907,17451,133850,279,17,34,11
2021-04-20T23:59:59+02:00,10,8,5447,6277,10051,13236,12062,19254,17144,28942,24647,30405,38794,41224,42544,51532,13084,22216,5,2,2110,1925,3206,4576,3866,7757,5817,11963,8553,11636,9388,8746,19049,23198,9783,16709,210325,131886,34816,16150,131685,225,17,34,11
2021-04-19T23:59:59+02:00,10,7,5367,6202,9891,13106,11854,19044,16782,28559,24100,29931,37237,39433,41951,50811,13029,22129,5,2,2094,1908,3170,4541,3825,7711,5777,11892,8470,11544,9150,8461,18640,22631,9736,16616,205285,130184,34758,15757,129349,204,17,34,11
2021-04-18T23:59:59+02:00,10,6,5305,6153,9757,13020,11653,18904,16500,28360,23689,29616,35921,38068,41597,50404,12995,22065,5,2,2081,1893,3143,4519,3798,7695,5732,11845,8419,11495,9052,8372,18487,22444,9723,16590,203724,129699,34715,15369,125533,199,17,34,11
2021-04-17T23:59:59+02:00,10,6,5299,6137,9723,12989,11606,18864,16422,28292,23625,29557,35608,37726,41488,50306,12989,22054,5,2,2071,1885,3115,4506,3739,7650,5662,11792,8331,11443,8940,8261,18381,22326,9702,16577,202493,128885,34705,15277,125452,198,17,34,11
2021-04-16T23:59:59+02:00,10,6,5234,6097,9636,12927,11469,18752,16208,28130,23273,29208,34523,36459,41075,49781,12969,22020,5,2,1938,1798,2886,4323,3379,7330,4887,11252,6832,10347,6400,6174,16555,20619,9506,16277,198316,119460,34615,10828,124797,195,16,33,11
2021-04-15T23:59:59+02:00,10,6,5168,6007,9431,12753,11172,18506,15710,27736,22580,28605,32622,34144,40027,48571,12887,21852,5,2,1895,1765,2818,4256,3259,7208,4669,11069,6454,10036,5940,5774,15964,19934,9314,15942,192480,116316,34561,9776,120699,186,16,31,10
2021-04-14T23:59:59+02:00,10,6,5106,5962,9264,12626,10953,18329,15305,27418,21925,28122,30689,31893,38809,47148,12812,21666,5,2,1810,1710,2735,4187,3145,7114,4465,10904,6144,9786,5462,5359,15380,19244,9110,15587,186085,113678,34421,8316,117490,129,16,31,10
2021-04-13T23:59:59+02:00,10,6,5058,5908,9126,12496,10773,18161,14960,27141,21402,27660,28581,29439,37543,45547,12669,21459,5,2,1767,1692,2698,4144,3089,7051,4331,10764,5874,9573,5121,5057,14929,18793,8974,15382,179169,112251,34354,6935,114370,34,16,30,10
2021-04-12T23:59:59+02:00,10,6,4993,5859,9018,12356,10566,18014,14638,26859,20861,27203,26539,27166,36382,44081,12539,21258,5,2,1732,1648,2667,4122,3060,6996,4272,10696,5771,9472,4955,4910,14627,18425,8862,15182,173443,111398,34273,5947,110586,33,16,30,10
2021-04-11T23:59:59+02:00,10,6,4957,5816,8924,12276,10406,17912,14373,26681,20434,26879,25332,25874,35677,43295,12450,21107,5,2,1723,1642,2644,4101,3035,6967,4237,10649,5684,9404,4862,4854,14511,18299,8823,15130,171649,111184,34199,5336,106516,27,15,30,10
2021-04-10T23:59:59+02:00,10,6,4945,5801,8882,12248,10350,17878,14305,26630,20337,26798,25017,25498,35329,42875,12443,21086,5,2,1719,1636,2634,4092,3021,6950,4207,10618,5625,9365,4784,4777,14382,18133,8776,15045,170432,110384,33472,5335,106489,27,15,30,10
2021-04-09T23:59:59+02:00,10,6,4898,5769,8797,12168,10224,17753,14136,26455,20075,26551,24174,24343,34373,41663,12410,21012,4,2,1691,1607,2578,4057,2949,6889,4057,10508,5368,9139,4367,4401,13811,17416,8548,14676,167052,106694,31954,5326,105771,27,11,29,10
2021-04-08T23:59:59+02:00,10,6,4824,5704,8650,12060,10010,17581,13736,26139,19471,26077,22464,22347,32674,39687,12260,20775,4,2,1661,1591,2523,4012,2865,6804,3909,10371,5075,8875,3906,3973,12814,16169,8062,13912,161271,101691,31046,4793,102119,23,11,28,10
2021-04-07T23:59:59+02:00,10,5,4777,5651,8466,11980,9784,17432,13417,25910,18997,25715,20651,20229,30911,37424,12142,20560,4,2,1628,1575,2468,3958,2804,6722,3802,10226,4884,8685,3640,3681,12122,15361,7685,13352,155216,98350,29865,4215,98946,14,10,24,10
2021-04-06T23:59:59+02:00,10,5,4728,5605,8323,11868,9624,17265,13098,25643,18476,25328,18795,18158,28979,34929,11939,20215,4,2,1593,1556,2443,3932,2770,6682,3738,10181,4801,8591,3528,3556,11644,14711,7398,12937,148352,96021,28899,4014,95704,13,10,23,9
2021-04-05T23:59:59+02:00,10,5,4697,5564,8228,11777,9486,17167,12885,25431,18074,24983,17068,16228,27350,32773,11791,19987,4,2,1571,1544,2411,3914,2741,6633,3695,10122,4714,8475,3415,3447,11301,14341,7241,12654,142927,94620,28465,3574,92081,12,10,21,9
2021-04-04T23:59:59+02:00,10,5,4690,5558,8219,11767,9472,17150,12859,25410,18046,24958,16936,16052,27154,32527,11782,19973,4,2,1569,1543,2409,3911,2738,6629,3693,10118,4709,8472,3406,3436,11290,14329,7237,12646,142205,94538,28372,3574,91964,12,8,19,9
2021-04-03T23:59:59+02:00,10,5,4686,5550,8204,11760,9453,17130,12820,25378,17968,24893,16856,15962,27107,32470,11777,19966,4,2,1566,1541,2400,3903,2720,6615,3670,10090,4626,8417,3289,3321,11208,14254,7231,12636,141674,93890,28343,3574,91951,12,8,19,9
2021-04-02T23:59:59+02:00,10,5,4661,5530,8144,11707,9388,17061,12680,25271,17731,24691,16403,15485,26630,31893,11745,19911,4,2,1564,1532,2385,3898,2713,6599,3649,10057,4556,8324,3219,3252,10971,13951,7079,12433,140457,92590,26929,3570,91533,12,8,19,8
2021-04-01T23:59:59+02:00,9,5,4618,5469,8033,11563,9258,16901,12405,24984,17285,24290,15649,14758,25871,30929,11618,19728,4,2,1547,1512,2356,3866,2690,6571,3611,10019,4489,8258,3105,3121,10034,12831,6463,11582,138208,88571,26262,3464,88877,11,8,18,7
2021-03-31T23:59:59+02:00,9,5,4406,5391,7920,11439,9116,16734,12185,24705,16930,23925,14951,13992,25035,29918,11508,19529,4,2,1538,1507,2341,3846,2662,6542,3561,9971,4415,8186,3013,3031,9457,12126,6098,11083,136398,86123,24797,3235,86479,11,7,17,7
2021-03-30T23:59:59+02:00,9,5,4375,5339,7845,11312,9030,16577,12025,24515,16644,23613,14350,13346,24276,28930,11369,19284,4,2,1524,1497,2320,3822,2636,6512,3520,9906,4348,8115,2886,2883,8863,11464,5745,10586,134905,83784,23581,2829,84334,6,7,17,7
2021-03-29T23:59:59+02:00,9,5,4335,5286,7745,11200,8922,16411,11861,24240,16314,23265,13807,12746,23510,27950,11209,19035,4,2,1504,1484,2301,3806,2613,6484,3486,9846,4284,8039,2833,2815,8571,11076,5556,10273,133049,82387,22818,2570,81959,6,7,17,7
2021-03-28T23:59:59+02:00,9,5,4300,5202,7658,11092,8841,16256,11725,24010,16054,22992,13478,12435,22936,27256,11033,18749,4,2,1494,1477,2279,3790,2598,6455,3447,9796,4247,7980,2785,2764,8492,10970,5511,10205,132543,82036,22290,2241,79174,5,7,17,7
2021-03-27T23:59:59+01:00,9,5,4286,5191,7631,11060,8774,16182,11626,23914,15906,22876,13274,12222,22733,27042,10998,18720,4,2,1493,1475,2276,3788,2597,6454,3430,9769,4237,7957,2775,2757,8434,10906,5476,10165,131654,81735,21644,2241,79127,5,7,17,7
2021-03-26T23:59:59+01:00,9,5,4242,5123,7521,10922,8599,15998,11288,23607,15292,22372,12351,11391,21941,26193,10851,18491,2,2,1488,1461,2271,3767,2583,6431,3413,9743,4196,7921,2745,2718,8252,10687,5355,9993,127575,80883,20029,2126,78568,5,7,17,7
2021-03-25T23:59:59+01:00,9,4,4187,4961,7357,10643,8353,15590,10903,22982,14647,21672,11678,10728,21070,25123,10532,17945,2,2,1468,1448,2238,3742,2548,6393,3376,9696,4125,7839,2610,2578,7272,9423,4737,9073,124280,76666,19246,1886,74836,5,6,16,7
2021-03-24T23:59:59+01:00,9,4,4111,4821,7220,10353,8135,15177,10638,22433,14175,21062,11072,10167,20133,24031,10199,17378,2,2,1447,1419,2211,3705,2504,6356,3333,9631,4046,7739,2509,2481,6620,8655,4351,8491,121668,74026,18051,1463,71382,3,3,14,7
2021-03-23T23:59:59+01:00,9,4,4071,4730,7114,10112,7980,14835,10374,21927,13773,20569,10604,9727,19407,23179,9884,16911,2,2,1436,1401,2185,3684,2484,6328,3273,9577,3952,7663,2414,2380,5890,7724,3898,7796,120199,70944,16945,1133,68050,3,2,14,7
2021-03-22T23:59:59+01:00,9,4,4018,4652,6985,9871,7820,14512,10114,21459,13422,20068,10211,9370,18835,22470,9690,16563,2,1,1427,1394,2178,3670,2472,6312,3249,9554,3922,7629,2353,2329,5433,7113,3536,7302,119299,68821,16541,1043,64217,3,2,14,7
2021-03-21T23:59:59+01:00,9,4,3971,4551,6852,9609,7652,14151,9891,20917,13079,19542,9892,9091,18298,21868,9500,16247,2,1,1424,1390,2177,3659,2468,6304,3243,9545,3912,7615,2339,2310,5316,6981,3478,7201,119089,68310,16144,1043,59875,3,2,14,7
2021-03-20T23:59:59+01:00,9,4,3960,4531,6815,9553,7595,14076,9807,20805,12973,19452,9805,8997,18158,21690,9449,16160,2,1,1421,1385,2173,3655,2463,6299,3229,9535,3892,7605,2304,2278,4989,6609,3289,6959,118255,67033,16048,1043,59520,3,2,14,7
2021-03-19T23:59:59+01:00,8,4,3786,4390,6524,9301,7153,13648,8894,20073,11241,18124,6937,6642,15899,19484,9088,15595,2,1,1417,1381,2168,3648,2451,6287,3216,9509,3840,7559,2237,2237,4613,6135,3020,6634,108936,65334,11319,1010,56520,3,2,14,6
2021-03-18T23:59:59+01:00,8,3,3682,4259,6348,8995,6883,13209,8504,19414,10603,17385,6216,5989,14675,18012,8569,14767,2,1,1413,1375,2144,3621,2433,6251,3187,9467,3801,7526,2192,2203,4190,5602,2738,6219,103787,63451,10312,903,53407,3,2,13,6
2021-03-17T23:59:59+01:00,8,3,3603,4185,6219,8847,6711,13032,8206,19104,10199,16994,5808,5603,13854,17084,8168,14178,2,1,1403,1362,2128,3601,2403,6219,3156,9439,3764,7489,2137,2143,3780,5156,2486,5831,100534,61720,8621,769,52636,3,2,13,6
2021-03-16T23:59:59+01:00,8,3,3526,4053,6062,8576,6503,12662,7893,18518,9650,16338,5279,5147,13034,16119,7829,13678,2,1,1394,1353,2119,3584,2387,6204,3140,9420,3739,7463,2110,2106,3260,4515,2145,5318,98197,59484,7208,765,49458,3,2,13,6
2021-03-15T23:59:59+01:00,8,3,3477,3908,5871,8301,6284,12249,7619,17943,9216,15713,4962,4862,12374,15376,7565,13217,2,1,1394,1343,2103,3569,2367,6180,3121,9370,3715,7424,2073,2055,2892,4052,1858,4920,96696,57682,6225,747,46013,3,1,13,6
2021-03-14T23:59:59+01:00,8,3,3431,3776,5642,7972,5993,11802,7309,17226,8754,14960,4638,4587,12085,15119,7516,13118,2,1,1387,1338,2087,3540,2354,6131,3103,9311,3697,7385,2066,2044,2814,3944,1805,4833,96569,57279,5609,553,41747,3,1,13,6
2021-03-13T23:59:59+01:00,8,3,3414,3733,5601,7855,5931,11680,7223,17078,8605,14803,4487,4436,11994,15033,7510,13107,2,1,1387,1338,2087,3540,2353,6131,3102,9309,3696,7385,2063,2036,2761,3888,1771,4778,95874,57066,5609,553,41004,2,1,13,6
2021-03-12T23:59:59+01:00,8,3,3394,3663,5543,7715,5871,11528,7136,16850,8469,14569,4380,4339,11721,14707,7353,12889,2,1,1387,1338,2083,3534,2352,6123,3097,9303,3694,7380,2061,2034,2673,3777,1687,4689,94444,56653,5600,553,40081,2,1,12,6
2021-03-11T23:59:59+01:00,8,3,3316,3470,5333,7422,5640,11109,6795,16182,8030,13928,4034,4002,10641,13442,6693,11977,2,1,1381,1336,2072,3521,2334,6098,3074,9268,3671,7347,2030,2009,2433,3511,1530,4468,90228,55558,5164,520,36621,2,1,11,5
2021-03-10T23:59:59+01:00,8,3,3220,3352,5115,7150,5424,10745,6524,15636,7688,13380,3809,3773,9991,12649,6305,11440,2,1,1376,1325,2046,3483,2304,6008,3026,9145,3614,7227,1986,1932,2217,3274,1397,4272,87747,54341,4788,286,33665,2,1,11,5
2021-03-09T23:59:59+01:00,7,3,3147,3224,4945,6964,5220,10461,6292,15201,7391,12870,3625,3566,9355,11945,5925,10912,2,1,1369,1314,2012,3423,2273,5906,2964,9003,3546,7145,1956,1906,1936,2956,1225,4025,85451,52916,4521,38,31069,2,1,11,5
2021-03-08T23:59:59+01:00,7,3,3081,3068,4715,6700,4977,10107,6030,14687,7029,12283,3424,3373,8961,11502,5727,10595,2,1,1366,1296,1998,3345,2242,5808,2926,8857,3513,7050,1940,1883,1733,2724,1101,3830,83969,51575,4151,34,28138,0,1,10,5
2021-03-07T23:59:59+01:00,7,3,3048,3009,4643,6584,4893,9995,5925,14522,6911,12134,3372,3325,8872,11393,5686,10527,2,1,1360,1291,1992,3333,2234,5783,2919,8818,3501,7031,1932,1871,1678,2656,1050,3761,83605,51173,3972,34,27261,0,1,10,5
2021-03-06T23:59:59+01:00,6,3,3034,2952,4600,6493,4855,9928,5864,14402,6862,12022,3348,3302,8815,11327,5651,10484,2,1,1358,1278,1987,3319,2222,5756,2916,8790,3490,7012,1922,1847,1650,2632,1044,3752,83277,50938,3972,34,26688,0,1,10,5
2021-03-05T23:59:59+01:00,6,3,3011,2863,4541,6381,4791,9830,5801,14249,6759,11869,3303,3247,8629,11099,5528,10307,2,1,1349,1244,1955,3263,2197,5650,2876,8656,3446,6874,1878,1801,1586,2562,1021,3724,82368,50046,3964,34,25875,0,0,10,5
2021-03-04T23:59:59+01:00,4,3,2959,2675,4382,6143,4570,9515,5594,13832,6446,11480,3127,3071,7607,9802,4895,9388,2,1,1330,1195,1918,3140,2165,5468,2830,8379,3388,6641,1806,1711,1549,2510,1016,3706,78194,48717,3690,33,23599,0,0,10,5
2021-03-03T23:59:59+01:00,3,3,2920,2604,4241,5954,4402,9247,5390,13453,6190,11061,3001,2938,6957,9023,4497,8777,2,1,1318,1159,1891,3067,2143,5357,2800,8199,3335,6483,1738,1668,1507,2440,996,3651,75459,47718,3446,33,21746,0,0,10,4
2021-03-02T23:59:59+01:00,3,3,2860,2514,4052,5737,4197,8976,5193,13073,5921,10685,2853,2776,6189,8058,4025,8065,2,1,1285,1117,1864,2995,2119,5215,2750,7926,3286,6285,1663,1608,1441,2360,972,3601,72281,46453,2990,33,19899,0,0,10,4
2021-03-01T23:59:59+01:00,3,2,2821,2451,3889,5587,4011,8757,5004,12754,5683,10292,2751,2661,5694,7401,3659,7553,2,1,1279,1081,1841,2894,2093,5020,2709,7676,3226,6049,1620,1572,1391,2299,942,3558,70108,45216,2682,33,18173,0,0,10,4
2021-02-28T23:59:59+01:00,3,2,2779,2403,3732,5469,3788,8568,4823,12503,5496,9986,2694,2587,5572,7245,3597,7452,2,1,1275,1076,1836,2881,2084,4996,2702,7640,3216,6032,1611,1565,1385,2290,939,3548,69628,45043,2460,32,16601,0,0,10,4
2021-02-27T23:59:59+01:00,3,2,2766,2342,3706,5388,3754,8493,4789,12408,5461,9911,2653,2553,5238,6858,3396,7200,2,1,1268,1068,1829,2869,2071,4961,2683,7575,3200,5976,1593,1555,1379,2279,937,3547,68308,44758,2460,31,16143,0,0,10,4
2021-02-26T23:59:59+01:00,3,2,2746,2301,3664,5299,3688,8390,4726,12297,5374,9823,2576,2500,4853,6375,3117,6866,2,1,1211,1018,1779,2764,2022,4780,2627,7300,3127,5766,1532,1504,1356,2257,923,3538,66485,43473,2333,30,15773,0,0,9,4
2021-02-25T23:59:59+01:00,3,2,2575,2196,3477,5116,3502,8163,4523,12008,5154,9548,2487,2434,4403,5819,2828,6438,2,1,1195,961,1748,2656,1967,4506,2558,6904,3032,5479,1486,1461,1335,2242,920,3529,64616,41951,2006,27,14045,0,0,9,4
2021-02-24T23:59:59+01:00,3,2,2422,2063,3288,4920,3356,7957,4326,11753,4932,9297,2350,2314,3944,5307,2566,6040,1,1,1180,932,1725,2570,1931,4366,2498,6648,2979,5272,1455,1427,1317,2221,916,3506,62837,40922,1528,19,12466,0,0,9,4
2021-02-23T23:59:59+01:00,3,2,2293,1924,3112,4696,3203,7719,4151,11481,4746,9047,2260,2220,3387,4642,2220,5520,1,1,1166,884,1691,2475,1892,4175,2430,6348,2881,5013,1397,1371,1288,2177,900,3479,60615,39549,1175,16,10827,0,0,9,4
2021-02-22T23:59:59+01:00,3,2,2253,1873,3029,4603,3133,7610,4057,11294,4638,8922,2208,2179,3016,4174,1932,5131,1,1,1154,825,1659,2349,1849,3929,2354,5953,2755,4715,1334,1318,1265,2143,892,3454,58928,37940,1088,6,10032,0,0,9,4
2021-02-21T23:59:59+01:00,3,2,2217,1842,2977,4534,3053,7497,3976,11149,4571,8805,2193,2156,2931,4059,1876,5042,1,1,1151,807,1642,2297,1822,3822,2321,5797,2692,4589,1303,1295,1255,2129,885,3439,58492,37238,1055,6,9327,0,0,9,4
2021-02-20T23:59:59+01:00,3,2,2205,1839,2954,4521,3037,7461,3950,11116,4550,8783,2190,2148,2877,4002,1841,4987,1,1,1151,804,1642,2295,1821,3813,2320,5792,2691,4585,1302,1292,1254,2126,884,3438,58276,37202,1054,6,9127,0,0,9,4
2021-02-19T23:59:59+01:00,2,2,2193,1825,2918,4469,3012,7375,3905,11034,4496,8720,2182,2142,2786,3888,1756,4893,1,1,1101,795,1603,2287,1810,3804,2310,5771,2683,4572,1296,1281,1243,2121,879,3431,57854,36980,1022,5,8713,0,0,9,4
2021-02-18T23:59:59+01:00,2,2,2063,1730,2760,4287,2888,7176,3767,10748,4358,8514,2148,2108,2543,3617,1598,4669,1,1,1022,759,1531,2188,1761,3681,2237,5613,2626,4487,1282,1260,1236,2106,865,3413,56778,36061,955,4,7237,0,0,8,4
2021-02-17T23:59:59+01:00,2,2,2019,1682,2668,4155,2778,6963,3615,10407,4217,8270,2089,2024,2325,3388,1470,4476,1,1,870,694,1419,2065,1684,3490,2140,5386,2553,4314,1247,1214,1208,2061,849,3368,55706,34557,809,3,6027,0,0,8,4
2021-02-16T23:59:59+01:00,2,2,1849,1573,2494,3946,2637,6688,3453,10053,4040,7964,2044,1997,2042,3068,1296,4223,1,1,844,671,1349,1986,1614,3349,2045,5212,2456,4180,1183,1167,1142,1968,814,3264,54364,33240,773,2,4226,0,0,8,4
2021-02-15T23:59:59+01:00,2,2,1814,1519,2406,3774,2560,6415,3331,9685,3925,7694,2018,1968,1823,2827,1170,4030,1,1,826,659,1320,1940,1572,3280,1987,5039,2392,4078,1115,1126,1070,1876,792,3159,53254,32228,757,1,2944,0,0,8,4
2021-02-14T23:59:59+01:00,2,2,1726,1489,2358,3713,2518,6320,3260,9581,3879,7616,2007,1958,1765,2767,1120,3970,1,1,811,649,1304,1917,1545,3256,1953,4998,2366,4022,1105,1115,1063,1867,789,3147,52914,31905,729,1,2400,0,0,8,3
2021-02-13T23:59:59+01:00,2,2,1725,1477,2348,3706,2512,6306,3257,9565,3872,7606,1998,1938,1741,2747,1116,3960,1,1,811,649,1304,1917,1545,3256,1953,4998,2366,4022,1105,1115,1063,1867,789,3147,52757,31905,729,1,2384,0,0,8,3
2021-02-12T23:59:59+01:00,2,2,1646,1390,2248,3593,2433,6133,3152,9327,3748,7340,1950,1880,1677,2676,1092,3931,1,1,804,641,1293,1894,1531,3238,1945,4967,2350,4002,1100,1110,1062,1848,789,3116,51812,31689,729,0,1671,0,0,8,3
2021-02-11T23:59:59+01:00,2,2,1450,1255,2066,3380,2305,5841,3001,8892,3590,6992,1877,1778,1635,2612,1072,3908,1,1,775,594,1199,1713,1403,2960,1805,4605,2184,3711,1046,1046,1018,1770,748,2973,50411,29551,687,0,552,0,0,8,1
2021-02-10T23:59:59+01:00,2,2,1357,1208,1981,3253,2236,5669,2919,8613,3479,6760,1807,1731,1587,2545,1053,3845,1,1,564,510,977,1484,1260,2650,1618,4145,1980,3328,926,918,885,1511,656,2632,49233,26045,648,0,159,0,0,7,1
2021-02-09T23:59:59+01:00,2,2,1322,1159,1947,3160,2208,5484,2852,8273,3409,6502,1732,1669,1525,2484,1034,3803,1,1,302,379,761,1216,1074,2272,1412,3604,1730,2871,760,756,711,1204,522,2127,47963,21702,518,0,80,0,0,6,1
2021-02-08T23:59:59+01:00,2,2,1315,1124,1915,3043,2171,5261,2800,7994,3350,6266,1688,1634,1475,2429,1017,3781,1,1,266,340,657,1062,969,2057,1253,3212,1532,2555,658,636,609,1016,450,1841,46836,19114,346,0,79,0,0,6,1
2021-02-07T23:59:59+01:00,2,2,1289,1108,1885,2990,2145,5179,2770,7891,3308,6200,1672,1618,1460,2410,1005,3766,1,1,232,285,609,972,908,1901,1163,2984,1434,2383,617,616,587,982,440,1811,46549,17926,145,0,0,0,0,6,0
2021-02-06T23:59:59+01:00,2,2,1284,1102,1879,2978,2136,5151,2757,7847,3297,6155,1659,1610,1455,2400,1002,3765,1,1,213,254,586,933,881,1836,1119,2866,1377,2300,601,597,580,982,440,1811,46330,17378,145,0,0,0,0,6,0
2021-02-05T23:59:59+01:00,2,2,1225,1050,1830,2872,2084,4955,2696,7551,3220,5939,1596,1555,1438,2376,994,3759,1,1,196,220,550,881,845,1755,1082,2746,1324,2200,567,573,568,958,428,1786,44993,16681,145,0,0,0,0,6,0
2021-02-04T23:59:59+01:00,2,2,1213,987,1789,2725,2012,4643,2614,7104,3120,5610,1551,1521,1421,2359,989,3748,1,1,166,168,476,763,746,1615,969,2507,1210,1985,520,520,520,902,407,1666,43368,15142,37,0,0,0,0,5,0
2021-02-03T23:59:59+01:00,2,2,1195,958,1759,2644,1973,4495,2548,6842,3068,5395,1514,1489,1391,2324,970,3718,1,1,137,140,401,647,629,1377,823,2128,1011,1693,400,384,376,681,287,1258,42245,12374,37,0,0,0,0,5,0
2021-02-02T23:59:59+01:00,2,2,1178,902,1724,2543,1932,4275,2475,6510,2962,5123,1460,1441,1367,2293,960,3693,1,1,114,115,325,524,523,1138,678,1797,821,1384,299,280,295,499,225,946,40800,9965,37,0,0,0,0,5,0
2021-02-01T23:59:59+01:00,1,2,1165,842,1689,2419,1880,4030,2398,6119,2840,4827,1392,1358,1337,2247,947,3664,0,0,82,76,224,354,351,745,431,1160,480,863,186,170,172,298,126,562,39115,6280,37,0,0,0,0,5,0
2021-01-31T23:59:59+01:00,1,2,1161,824,1672,2362,1855,3908,2366,5935,2773,4706,1361,1335,1326,2231,940,3648,0,0,72,70,190,282,273,576,342,906,398,696,160,155,160,289,122,548,38367,5239,34,0,0,0,0,5,0
2021-01-30T23:59:59+01:00,1,2,1161,821,1671,2357,1853,3897,2364,5924,2770,4696,1360,1331,1325,2230,940,3647,0,0,69,63,158,235,245,508,307,788,355,621,159,148,155,285,122,547,38312,4765,33,0,0,0,0,5,0
2021-01-29T23:59:59+01:00,1,2,1110,812,1632,2349,1842,3890,2356,5909,2762,4685,1356,1328,1321,2230,940,3647,0,0,61,45,120,180,201,352,251,641,310,493,148,139,144,275,119,546,38136,4025,31,0,0,0,0,5,0
2021-01-28T23:59:59+01:00,1,2,1035,786,1576,2286,1808,3821,2309,5837,2729,4633,1344,1316,1311,2224,928,3633,0,0,39,20,77,107,132,206,156,385,202,296,115,106,118,221,107,496,37546,2783,28,0,0,0,0,5,0
2021-01-27T23:59:59+01:00,1,2,888,733,1481,2210,1740,3707,2236,5708,2671,4507,1314,1270,1282,2185,912,3597,0,0,30,13,63,89,106,162,122,326,175,250,107,88,105,201,103,459,36421,2399,19,0,0,0,0,4,0
2021-01-26T23:59:59+01:00,1,2,874,713,1417,2135,1678,3577,2148,5536,2582,4395,1255,1230,1232,2111,887,3536,0,0,29,12,60,86,102,156,118,311,174,240,104,82,98,180,92,409,35291,2253,14,0,0,0,0,4,0
2021-01-25T23:59:59+01:00,1,2,862,692,1388,2076,1645,3480,2102,5367,2525,4303,1201,1205,1177,2052,869,3470,0,0,27,12,57,86,99,154,117,309,173,240,103,81,97,179,90,406,34408,2230,5,0,0,0,0,4,0
2021-01-24T23:59:59+01:00,1,2,859,691,1382,2065,1640,3463,2094,5342,2513,4271,1197,1197,1172,2045,868,3464,0,0,27,12,57,86,98,153,117,309,173,239,103,81,97,179,90,405,34258,2226,5,0,0,0,0,3,0
2021-01-23T23:59:59+01:00,1,2,859,691,1382,2065,1639,3463,2094,5342,2513,4271,1197,1197,1172,2045,868,3464,0,0,27,12,57,86,98,153,117,309,172,239,103,81,97,179,90,405,34258,2225,4,0,0,0,0,3,0
2021-01-22T23:59:59+01:00,1,2,858,682,1369,2042,1624,3439,2081,5308,2497,4251,1195,1192,1171,2022,867,3430,0,0,27,12,57,86,98,153,117,309,171,239,103,81,97,179,90,405,34024,2224,4,0,0,0,0,3,0
2021-01-21T23:59:59+01:00,1,2,826,646,1292,1886,1522,3246,1985,5036,2387,4051,1154,1132,1142,1952,829,3309,0,0,25,11,53,81,90,144,107,280,157,216,89,72,86,155,74,345,32394,1985,3,0,0,0,0,1,0
2021-01-20T23:59:59+01:00,1,2,625,548,1098,1667,1384,2973,1806,4629,2182,3709,1025,1013,1012,1711,752,3006,0,0,23,11,52,77,87,143,99,267,146,197,78,65,80,130,62,307,29139,1824,3,0,0,0,0,1,0
2021-01-19T23:59:59+01:00,1,2,340,406,849,1407,1180,2625,1570,4099,1918,3257,851,843,841,1422,630,2564,0,0,19,8,37,53,58,78,73,180,103,134,58,50,52,96,47,238,24802,1284,2,0,0,0,0,1,0
2021-01-18T23:59:59+01:00,1,2,299,370,735,1217,1062,2371,1377,3599,1675,2876,710,691,680,1166,526,2119,0,0,8,4,12,18,20,26,24,52,25,47,13,11,13,33,11,72,21474,389,1,0,0,0,0,1,0
2021-01-17T23:59:59+01:00,1,2,257,318,669,1122,982,2198,1278,3326,1561,2664,664,660,651,1107,498,2052,0,0,0,0,1,0,3,2,2,1,2,2,1,4,1,0,0,1,20009,20,1,0,0,0,0,0,0
2021-01-16T23:59:59+01:00,1,2,240,288,652,1086,959,2136,1236,3216,1510,2590,648,642,643,1107,498,2051,0,0,0,0,0,0,1,2,1,1,1,2,0,1,1,0,0,1,19504,11,1,0,0,0,0,0,0
2021-01-15T23:59:59+01:00,1,2,224,254,622,1033,932,2058,1203,3098,1458,2493,617,616,636,1086,491,2039,0,0,0,0,0,0,0,0,0,0,0,0,0,0,0,0,0,0,18863,0,0,0,0,0,0,0,0
2021-01-14T23:59:59+01:00,1,2,193,206,561,912,843,1915,1108,2876,1343,2307,572,572,596,1040,484,1993,0,0,0,0,0,0,0,0,0,0,0,0,0,0,0,0,0,0,17524,0,0,0,0,0,0,0,0
2021-01-13T23:59:59+01:00,1,2,164,184,512,838,770,1789,1009,2639,1188,2082,456,453,454,823,368,1551,0,0,0,0,0,0,0,0,0,0,0,0,0,0,0,0,0,0,15283,0,0,0,0,0,0,0,0
2021-01-12T23:59:59+01:00,1,2,140,164,481,768,718,1632,920,2436,1079,1850,366,344,354,590,270,1114,0,0,0,0,0,0,0,0,0,0,0,0,0,0,0,0,0,0,13229,0,0,0,0,0,0,0,0
2021-01-11T23:59:59+01:00,0,1,112,127,404,639,628,1378,757,1978,847,1461,228,203,203,358,153,673,0,0,0,0,0,0,0,0,0,0,0,0,0,0,0,0,0,0,10150,0,0,0,0,0,0,0,0
2021-01-10T23:59:59+01:00,0,1,87,92,313,460,472,1000,548,1450,623,1065,190,179,186,344,147,659,0,0,0,0,0,0,0,0,0,0,0,0,0,0,0,0,0,0,7816,0,0,0,0,0,0,0,0
2021-01-09T23:59:59+01:00,0,1,77,84,266,398,401,867,481,1233,547,908,183,169,181,339,147,657,0,0,0,0,0,0,0,0,0,0,0,0,0,0,0,0,0,0,6939,0,0,0,0,0,0,0,0
2021-01-08T23:59:59+01:00,0,1,64,64,193,288,303,585,368,936,440,689,175,164,164,327,145,657,0,0,0,0,0,0,0,0,0,0,0,0,0,0,0,0,0,0,5563,0,0,0,0,0,0,0,0
2021-01-07T23:59:59+01:00,0,0,45,25,83,123,140,231,165,422,222,344,130,128,145,277,131,602,0,0,0,0,0,0,0,0,0,0,0,0,0,0,0,0,0,0,3213,0,0,0,0,0,0,0,0
2021-01-06T23:59:59+01:00,0,0,33,18,71,94,119,180,137,345,193,279,111,99,116,227,112,517,0,0,0,0,0,0,0,0,0,0,0,0,0,0,0,0,0,0,2651,0,0,0,0,0,0,0,0
2021-01-05T23:59:59+01:00,0,0,30,13,60,90,108,166,121,329,179,256,109,94,115,220,109,499,0,0,0,0,0,0,0,0,0,0,0,0,0,0,0,0,0,0,2498,0,0,0,0,0,0,0,0
2021-01-04T23:59:59+01:00,0,0,27,12,57,87,100,158,116,314,177,244,108,90,108,206,99,461,0,0,0,0,0,0,0,0,0,0,0,0,0,0,0,0,0,0,2364,0,0,0,0,0,0,0,0
2021-01-03T23:59:59+01:00,0,0,27,12,57,87,100,158,116,314,177,244,108,90,107,205,99,461,0,0,0,0,0,0,0,0,0,0,0,0,0,0,0,0,0,0,2362,0,0,0,0,0,0,0,0
2021-01-02T23:59:59+01:00,0,0,27,12,57,87,100,158,116,314,176,244,108,90,107,205,99,461,0,0,0,0,0,0,0,0,0,0,0,0,0,0,0,0,0,0,2361,0,0,0,0,0,0,0,0
2021-01-01T23:59:59+01:00,0,0,27,12,57,87,100,158,116,314,174,243,108,90,107,205,99,461,0,0,0,0,0,0,0,0,0,0,0,0,0,0,0,0,0,0,2358,0,0,0,0,0,0,0,0
2020-12-31T23:59:59+01:00,0,0,27,12,57,87,100,158,116,314,174,243,108,90,107,205,99,461,0,0,0,0,0,0,0,0,0,0,0,0,0,0,0,0,0,0,2358,0,0,0,0,0,0,0,0
2020-12-30T23:59:59+01:00,0,0,26,12,57,86,99,155,116,313,174,243,108,90,107,205,99,461,0,0,0,0,0,0,0,0,0,0,0,0,0,0,0,0,0,0,2351,0,0,0,0,0,0,0,0
2020-12-29T23:59:59+01:00,0,0,20,9,42,60,76,91,86,218,128,191,83,77,78,171,80,373,0,0,0,0,0,0,0,0,0,0,0,0,0,0,0,0,0,0,1783,0,0,0,0,0,0,0,0
2020-12-28T23:59:59+01:00,0,0,9,6,18,30,31,45,40,113,53,103,36,42,40,98,43,211,0,0,0,0,0,0,0,0,0,0,0,0,0,0,0,0,0,0,918,0,0,0,0,0,0,0,0
2020-12-27T23:59:59+01:00,0,0,2,2,4,5,7,11,10,24,6,23,6,7,7,25,5,56,0,0,0,0,0,0,0,0,0,0,0,0,0,0,0,0,0,0,200,0,0,0,0,0,0,0,0
