Datum,<15_1_m,<15_1_w,15-24_1_m,15-24_1_w,25-34_1_m,25-34_1_w,35-44_1_m,35-44_1_w,45-54_1_m,45-54_1_w,55-64_1_m,55-64_1_w,65-74_1_m,65-74_1_w,75-84_1_m,75-84_1_w,>84_1_m,>84_1_w,<15_2_m,<15_2_w,15-24_2_m,15-24_2_w,25-34_2_m,25-34_2_w,35-44_2_m,35-44_2_w,45-54_2_m,45-54_2_w,55-64_2_m,55-64_2_w,65-74_2_m,65-74_2_w,75-84_2_m,75-84_2_w,>84_2_m,>84_2_w,bp_1,bp_2,mo_1,mo_2,az_1,az_2,ja,unb_1,unb_2
2021-11-22T23:59:59+01:00,15198,14301,68115,62971,74408,69412,81944,82195,102181,103597,111855,110201,75444,81905,52741,64870,15290,26457,11050,10315,59745,56084,66607,61930,75032,75493,95791,97160,106679,105420,73443,79659,51470,63187,14754,25350,904505,831168,73674,69483,182839,176330,52116,60,72
2021-11-21T23:59:59+01:00,15015,14121,68036,62895,74317,69312,81868,82133,102112,103518,111790,110138,75410,81869,52720,64843,15276,26430,11030,10286,59676,56016,66515,61862,74949,75431,95716,97099,106636,105375,73419,79634,51453,63170,14751,25341,903363,830452,73558,69413,182835,176327,52095,60,72
2021-11-20T23:59:59+01:00,14749,13888,67918,62785,74187,69178,81744,82043,102029,103440,111712,110047,75386,81834,52708,64816,15270,26420,11015,10272,59632,55955,66454,61813,74893,75387,95662,97054,106589,105341,73410,79619,51449,63165,14749,25340,901795,829927,73484,69384,182834,176327,52089,60,72
2021-11-19T23:59:59+01:00,14415,13541,67668,62591,74002,68981,81587,81878,101897,103274,111601,109933,75331,81790,52684,64784,15262,26403,10954,10206,59471,55850,66313,61690,74752,75260,95531,96945,106481,105267,73386,79586,51435,63143,14745,25334,899399,828539,73366,69339,182833,176327,52072,60,72
2021-11-18T23:59:59+01:00,14105,13255,67388,62314,73773,68722,81370,81650,101717,103086,111463,109788,75274,81709,52656,64737,15254,26385,10865,10136,59304,55717,66115,61529,74601,75131,95381,96828,106353,105189,73350,79525,51418,63118,14740,25322,896636,826942,73205,69261,182833,176327,52020,60,72
2021-11-17T23:59:59+01:00,13925,13080,67194,62144,73533,68507,81205,81487,101538,102956,111332,109662,75219,81648,52627,64683,15239,26359,10806,10079,59159,55599,65965,61393,74470,75010,95241,96724,106248,105119,73314,79475,51394,63088,14737,25303,894501,825546,73083,69215,182831,176321,51970,60,72
2021-11-16T23:59:59+01:00,13729,12904,66964,61940,73279,68252,80982,81276,101356,102801,111197,109542,75158,81580,52593,64622,15224,26329,10757,10027,59031,55495,65830,61262,74343,74901,95126,96629,106164,105050,73277,79435,51374,63062,14731,25286,892004,824278,73013,69183,182831,176320,51927,60,72
2021-11-15T23:59:59+01:00,13568,12738,66706,61730,73026,67980,80766,81063,101168,102610,111059,109406,75105,81530,52573,64592,15212,26304,10712,9990,58926,55399,65722,61164,74244,74815,95058,96552,106088,104977,73237,79395,51355,63036,14724,25277,889549,823240,72929,69156,182820,176318,51885,60,72
2021-11-14T23:59:59+01:00,13297,12490,66314,61420,72702,67664,80487,80831,100945,102394,110901,109279,75049,81473,52551,64556,15205,26282,10659,9930,58788,55290,65616,61070,74140,74702,94967,96471,106011,104902,73186,79356,51336,63020,14719,25268,886415,822080,72826,69134,182816,176315,51830,60,72
2021-11-13T23:59:59+01:00,13157,12349,66019,61181,72456,67437,80268,80643,100778,102218,110776,109197,75015,81436,52534,64538,15199,26277,10639,9907,58718,55222,65552,61017,74094,74656,94905,96427,105987,104868,73178,79344,51331,63017,14719,25266,884125,821529,72775,69121,182815,176315,51810,60,72
2021-11-12T23:59:59+01:00,12993,12169,65679,60898,72173,67200,80048,80425,100605,102017,110649,109076,74992,81401,52522,64514,15196,26274,10606,9863,58603,55113,65432,60924,73983,74567,94811,96347,105929,104830,73160,79322,51322,63005,14715,25258,881576,820532,72704,69088,182814,176314,51784,60,72
2021-11-11T23:59:59+01:00,12757,11940,65269,60568,71811,66856,79701,80119,100357,101772,110457,108900,74941,81327,52491,64475,15190,26259,10521,9784,58450,54978,65302,60810,73874,74443,94715,96240,105831,104750,73123,79276,51306,62979,14705,25246,878190,819171,72514,69056,182810,176312,51722,60,72
2021-11-10T23:59:59+01:00,12615,11818,65018,60321,71502,66557,79453,79899,100171,101605,110316,108760,74882,81252,52457,64434,15183,26244,10460,9733,58344,54865,65168,60680,73767,74348,94604,96147,105753,104686,73090,79227,51284,62957,14700,25239,875663,818018,72439,69033,182802,176300,51629,60,72
2021-11-09T23:59:59+01:00,12459,11662,64607,60030,71113,66236,79155,79633,99911,101366,110111,108614,74814,81196,52434,64391,15177,26228,10400,9678,58218,54739,65049,60554,73679,74245,94510,96052,105670,104614,73047,79188,51259,62929,14693,25218,872487,816832,72373,69020,182790,176285,51533,60,72
2021-11-08T23:59:59+01:00,12349,11553,64231,59783,70739,65932,78876,79395,99674,101169,109961,108468,74762,81135,52413,64344,15172,26208,10352,9644,58106,54645,64963,60435,73593,74149,94416,95954,105601,104552,73017,79144,51243,62899,14689,25202,869686,815804,72294,68994,182776,176280,51454,60,72
2021-11-07T23:59:59+01:00,12268,11475,63942,59584,70448,65679,78603,79216,99479,101018,109836,108354,74726,81075,52394,64324,15168,26196,10314,9596,57998,54571,64878,60341,73503,74079,94338,95887,105541,104495,72998,79120,51231,62879,14687,25193,867517,814985,72189,68966,182768,176269,51357,60,72
2021-11-06T23:59:59+01:00,12163,11377,63747,59374,70208,65448,78423,79068,99307,100854,109729,108265,74711,81052,52381,64315,15166,26193,10300,9586,57946,54535,64834,60290,73477,74051,94310,95858,105521,104473,72986,79109,51227,62875,14686,25191,865569,814621,72161,68965,182767,176267,51330,60,72
2021-11-05T23:59:59+01:00,12026,11256,63513,59167,69959,65205,78202,78861,99144,100688,109621,108169,74681,81026,52375,64304,15165,26191,10261,9542,57860,54485,64770,60229,73422,74001,94267,95807,105482,104436,72970,79091,51219,62866,14686,25188,863560,814035,71985,68923,182765,176264,51288,60,72
2021-11-04T23:59:59+01:00,11938,11160,63280,58974,69677,64966,77999,78659,98952,100526,109493,108052,74641,80995,52365,64286,15160,26167,10198,9474,57731,54403,64683,60122,73333,73919,94198,95735,105422,104371,72941,79065,51196,62842,14678,25172,861575,813083,71816,68887,182761,176258,51183,60,72
2021-11-03T23:59:59+01:00,11856,11100,63058,58818,69450,64789,77809,78517,98797,100415,109390,107986,74618,80969,52351,64268,15156,26157,10133,9421,57603,54283,64570,60000,73239,73836,94113,95669,105365,104322,72913,79031,51176,62815,14671,25156,859968,812039,71736,68864,182760,176257,51084,60,72
2021-11-02T23:59:59+01:00,11777,11022,62834,58657,69160,64567,77587,78353,98607,100264,109267,107887,74596,80932,52337,64243,15150,26146,10073,9353,57448,54184,64459,59886,73137,73756,94020,95589,105308,104255,72877,78990,51168,62788,14663,25140,858050,810959,71653,68845,182758,176253,50965,60,72
2021-11-01T23:59:59+01:00,11684,10940,62560,58475,68900,64375,77383,78208,98436,100132,109158,107801,74569,80908,52327,64222,15145,26135,10005,9283,57317,54077,64326,59790,73046,73654,93946,95517,105249,104202,72841,78957,51155,62757,14655,25119,856226,809917,71578,68799,182737,176250,50858,59,72
2021-10-31T23:59:59+01:00,11673,10928,62527,58459,68876,64354,77358,78184,98418,100122,109146,107793,74567,80908,52327,64222,15145,26134,9988,9265,57298,54062,64314,59774,73035,73641,93942,95512,105244,104198,72841,78955,51155,62756,14654,25119,856048,809803,71564,68793,182735,176250,50835,59,72
2021-10-30T23:59:59+02:00,11667,10924,62511,58441,68850,64337,77340,78164,98403,100110,109139,107791,74565,80908,52327,64222,15144,26133,9984,9265,57284,54053,64307,59771,73024,73632,93936,95506,105241,104197,72841,78954,51154,62756,14654,25118,855914,809755,71555,68787,182735,176250,50813,59,72
2021-10-29T23:59:59+02:00,11601,10865,62322,58321,68640,64188,77157,78041,98232,99984,109029,107732,74542,80894,52316,64206,15140,26125,9952,9238,57174,53972,64217,59694,72960,73570,93864,95461,105201,104174,72824,78936,51149,62744,14650,25112,854423,809106,71515,68759,182733,176250,50705,59,72
2021-10-28T23:59:59+02:00,11517,10793,62094,58164,68389,63991,76951,77884,98039,99827,108925,107647,74517,80851,52301,64195,15135,26117,9894,9186,57016,53822,64084,59583,72860,73473,93796,95384,105119,104105,72800,78904,51136,62731,14646,25102,852648,808049,71446,68729,182729,176236,50555,59,72
2021-10-27T23:59:59+02:00,11448,10709,61929,58010,68189,63837,76788,77759,97910,99726,108853,107593,74497,80818,52293,64177,15133,26104,9833,9129,56898,53705,63977,59484,72756,73386,93725,95319,105058,104070,72777,78873,51123,62708,14642,25087,851307,807093,71330,68706,182726,176228,50451,59,72
2021-10-26T23:59:59+02:00,11363,10610,61787,57853,68011,63670,76629,77650,97794,99623,108773,107535,74469,80792,52277,64152,15122,26081,9772,9054,56748,53588,63873,59369,72682,73315,93651,95254,105012,104025,72754,78849,51100,62681,14635,25079,849887,806116,71269,68679,182720,176218,50356,59,72
2021-10-25T23:59:59+02:00,11339,10591,61730,57803,67964,63632,76582,77607,97758,99602,108751,107517,74460,80780,52276,64147,15119,26080,9748,9031,56687,53546,63837,59340,72654,73277,93624,95235,104995,104008,72752,78844,51098,62677,14635,25077,849469,805770,71259,68674,182720,176218,50331,59,72
2021-10-24T23:59:59+02:00,11296,10551,61618,57725,67862,63542,76501,77533,97681,99555,108715,107488,74446,80766,52270,64145,15117,26079,9699,8991,56611,53467,63759,59258,72590,73229,93574,95181,104965,103969,72728,78828,51089,62667,14632,25075,848788,805155,71208,68661,182720,176209,50215,59,72
2021-10-23T23:59:59+02:00,11292,10548,61608,57712,67844,63526,76489,77519,97667,99547,108710,107483,74445,80765,52270,64145,15117,26079,9694,8989,56602,53454,63745,59250,72583,73215,93565,95174,104962,103965,72726,78826,51089,62665,14632,25074,848702,805085,71194,68653,182719,176208,50192,59,72
2021-10-22T23:59:59+02:00,11229,10500,61451,57599,67663,63392,76347,77399,97539,99446,108633,107433,74428,80746,52266,64137,15116,26074,9640,8941,56487,53357,63662,59170,72508,73143,93496,95118,104925,103938,72709,78808,51084,62655,14632,25074,847504,804348,71117,68621,182718,176206,50100,59,72
2021-10-21T23:59:59+02:00,11151,10421,61289,57475,67500,63262,76210,77267,97414,99351,108543,107364,74400,80717,52253,64109,15111,26063,9566,8837,56356,53221,63534,59040,72426,73040,93398,95034,104868,103888,72674,78773,51074,62631,14626,25067,846171,803212,71085,68597,182717,176204,49968,59,72
2021-10-20T23:59:59+02:00,11109,10371,61187,57375,67393,63156,76120,77180,97330,99290,108493,107324,74386,80698,52242,64101,15107,26056,9483,8777,56224,53081,63427,58935,72350,72925,93328,94975,104799,103832,72648,78741,51061,62606,14623,25057,845281,802127,71063,68572,182713,176201,49900,59,72
2021-10-19T23:59:59+02:00,11058,10320,61116,57303,67315,63072,76047,77112,97278,99252,108453,107289,74361,80681,52228,64077,15096,26039,9399,8690,56084,52968,63312,58823,72263,72831,93246,94876,104732,103762,72599,78695,51043,62568,14616,25037,844552,800893,71040,68546,182710,176199,49834,59,72
2021-10-18T23:59:59+02:00,11012,10273,61038,57229,67230,63003,75986,77047,97228,99197,108411,107243,74345,80662,52222,64053,15092,26023,9346,8640,55966,52823,63185,58687,72172,72732,93162,94776,104675,103705,72556,78657,51016,62540,14605,25020,843826,799692,71015,68530,182710,176188,49781,59,72
2021-10-17T23:59:59+02:00,10984,10247,60989,57190,67194,62963,75955,77022,97187,99158,108400,107217,74335,80652,52219,64041,15088,26017,9290,8593,55870,52743,63104,58593,72108,72646,93104,94721,104637,103663,72529,78626,51004,62513,14599,25002,843452,798871,71009,68505,182704,176167,49730,59,72
2021-10-16T23:59:59+02:00,10980,10242,60983,57186,67185,62954,75948,77018,97181,99156,108399,107214,74334,80652,52219,64040,15088,26017,9283,8588,55866,52729,63098,58587,72103,72642,93101,94716,104635,103659,72528,78624,51004,62513,14599,25002,843406,798824,71006,68497,182704,176167,49717,59,72
2021-10-15T23:59:59+02:00,10942,10196,60890,57123,67124,62890,75886,76957,97130,99103,108360,107191,74323,80637,52217,64038,15086,26015,9235,8539,55746,52610,63021,58513,72034,72569,93033,94656,104587,103616,72511,78605,50994,62496,14598,24998,842783,797999,70985,68451,182704,176166,49673,59,72
2021-10-14T23:59:59+02:00,10894,10132,60779,57027,67059,62792,75821,76883,97066,99042,108324,107143,74308,80618,52205,64024,15082,26009,9129,8456,55580,52477,62904,58383,71963,72471,92929,94565,104527,103547,72476,78572,50972,62462,14588,24984,842006,796756,70964,68426,182695,176152,49579,59,72
2021-10-13T23:59:59+02:00,10837,10090,60688,56943,66991,62698,75750,76813,97007,99003,108273,107102,74288,80597,52190,64006,15078,25999,9061,8395,55445,52347,62801,58256,71866,72374,92852,94479,104448,103472,72438,78539,50952,62428,14577,24964,841244,795573,70950,68414,182692,176132,49503,59,72
2021-10-12T23:59:59+02:00,10778,10038,60580,56859,66889,62616,75681,76756,96961,98950,108235,107068,74264,80573,52181,63993,15073,25990,8986,8333,55313,52195,62691,58135,71781,72267,92795,94395,104375,103405,72398,78491,50928,62397,14572,24945,840455,794376,70940,68393,182689,176124,49437,59,72
2021-10-11T23:59:59+02:00,10724,9989,60478,56795,66799,62517,75604,76687,96899,98895,108182,107023,74238,80543,52164,63965,15058,25970,8925,8277,55189,52066,62563,58002,71703,72158,92717,94319,104299,103339,72352,78446,50899,62361,14559,24923,839618,793191,70920,68374,182682,176115,49345,59,72
2021-10-10T23:59:59+02:00,10694,9960,60416,56753,66739,62471,75562,76643,96866,98863,108155,107002,74226,80532,52161,63959,15053,25960,8873,8235,55088,51948,62470,57877,71619,72073,92643,94235,104238,103287,72321,78416,50878,62339,14553,24911,839201,792205,70911,68364,182676,176101,49262,59,72
2021-10-09T23:59:59+02:00,10693,9957,60406,56745,66726,62464,75556,76637,96861,98854,108150,107000,74226,80528,52161,63959,15053,25959,8861,8227,55071,51932,62459,57861,71608,72063,92636,94229,104231,103283,72318,78415,50878,62339,14553,24911,839140,792098,70906,68358,182675,176098,49249,59,72
2021-10-08T23:59:59+02:00,10642,9907,60311,56649,66651,62384,75498,76570,96812,98809,108115,106973,74216,80520,52154,63947,15048,25958,8819,8176,54968,51841,62381,57797,71540,71997,92587,94174,104203,103251,72310,78404,50871,62333,14551,24909,838450,791430,70880,68326,182673,176088,49196,59,72
2021-10-07T23:59:59+02:00,10578,9839,60160,56537,66559,62287,75410,76471,96738,98754,108051,106919,74191,80498,52144,63935,15041,25951,8711,8082,54836,51697,62277,57668,71429,71888,92500,94082,104117,103187,72258,78367,50848,62308,14539,24898,837496,790195,70868,68293,182672,176071,49062,59,71
2021-10-06T23:59:59+02:00,10522,9798,60021,56443,66474,62207,75331,76408,96677,98708,108003,106873,74171,80474,52127,63912,15038,25935,8636,8012,54696,51534,62183,57533,71333,71782,92395,93995,104027,103104,72220,78324,50823,62274,14529,24884,836651,788920,70857,68286,182670,176054,48953,59,71
2021-10-05T23:59:59+02:00,10455,9726,59882,56319,66373,62109,75250,76335,96601,98645,107956,106818,74149,80447,52118,63883,15032,25924,8549,7933,54512,51364,62069,57388,71220,71665,92286,93892,103956,103033,72166,78279,50799,62235,14521,24871,835702,787547,70842,68257,182667,176043,48820,59,71
2021-10-04T23:59:59+02:00,10394,9673,59729,56195,66230,61991,75144,76241,96503,98563,107892,106764,74128,80416,52098,63850,15028,25905,8474,7872,54336,51179,61953,57234,71087,71534,92203,93786,103858,102946,72131,78224,50754,62196,14511,24851,834574,786095,70829,68250,182662,176025,48688,59,71
2021-10-03T23:59:59+02:00,10351,9634,59675,56110,66161,61939,75085,76202,96473,98532,107858,106724,74116,80398,52088,63838,15027,25898,8417,7829,54220,51066,61869,57141,71000,71433,92137,93712,103793,102860,72097,78195,50735,62163,14504,24847,834068,785128,70824,68245,182650,175998,48576,59,71
2021-10-02T23:59:59+02:00,10345,9632,59665,56094,66146,61927,75076,76188,96468,98527,107856,106721,74115,80398,52087,63836,15027,25898,8412,7825,54205,51055,61857,57132,70997,71423,92133,93709,103791,102851,72094,78195,50734,62161,14503,24847,833990,785056,70813,68238,182650,175997,48562,59,71
2021-10-01T23:59:59+02:00,10290,9576,59507,55994,66067,61838,74996,76121,96414,98474,107797,106686,74099,80375,52076,63823,15026,25894,8350,7762,54089,50946,61802,57067,70950,71375,92078,93654,103756,102818,72081,78188,50729,62149,14501,24842,833147,784389,70794,68211,182648,175994,48472,59,71
2021-09-30T23:59:59+02:00,10216,9490,59363,55842,65932,61706,74892,76029,96307,98381,107705,106620,74070,80337,52061,63798,15022,25877,8271,7687,53939,50814,61705,56958,70856,71291,91993,93568,103683,102752,72045,78144,50708,62114,14501,24831,832005,783377,70765,68188,182644,175983,48241,59,71
2021-09-29T23:59:59+02:00,10138,9433,59210,55709,65812,61588,74806,75934,96207,98290,107640,106563,74032,80292,52053,63770,15017,25866,8192,7601,53780,50661,61593,56819,70759,71184,91898,93474,103587,102684,71995,78100,50683,62063,14494,24821,830973,782180,70736,68157,182641,175964,48016,59,71
2021-09-28T23:59:59+02:00,10053,9351,59069,55558,65649,61448,74699,75847,96100,98204,107558,106498,73981,80250,52033,63742,15010,25849,8117,7532,53628,50510,61456,56702,70665,71068,91821,93396,103511,102605,71955,78062,50660,62030,14490,24810,829809,781120,70723,68138,182637,175954,47735,59,71
2021-09-27T23:59:59+02:00,9993,9299,58912,55398,65507,61320,74608,75743,95996,98099,107467,106445,73935,80206,52014,63715,15004,25829,8051,7465,53475,50382,61329,56568,70572,70961,91719,93300,103424,102553,71906,78015,50638,61994,14483,24791,828758,780128,70700,68122,182632,175907,47398,59,71
2021-09-26T23:59:59+02:00,9951,9258,58825,55311,65422,61234,74550,75667,95932,98042,107420,106408,73910,80181,52002,63690,14997,25816,8003,7423,53376,50271,61241,56487,70494,70871,91647,93224,103369,102521,71877,77987,50616,61970,14477,24780,828116,779379,70682,68114,182616,175871,47199,59,71
2021-09-25T23:59:59+02:00,9942,9246,58808,55291,65405,61223,74539,75658,95926,98034,107411,106404,73910,80180,52001,63689,14997,25816,8002,7412,53350,50261,61227,56467,70481,70863,91641,93218,103358,102519,71877,77985,50616,61967,14477,24780,828037,779299,70675,68110,182614,175870,47151,59,71
2021-09-24T23:59:59+02:00,9890,9190,58698,55167,65307,61123,74448,75565,95840,97961,107352,106363,73881,80158,51993,63679,14996,25806,7948,7356,53245,50154,61151,56392,70408,70792,91570,93157,103285,102469,71850,77967,50605,61951,14472,24770,827153,778510,70657,68102,182608,175864,46995,59,71
2021-09-23T23:59:59+02:00,9799,9098,58459,54978,65132,60965,74324,75419,95695,97824,107243,106252,73835,80121,51973,63639,14984,25787,7881,7281,53064,50019,61032,56256,70293,70681,91452,93047,103192,102395,71815,77921,50587,61926,14459,24756,825737,777490,70604,68074,182604,175845,46577,59,71
2021-09-22T23:59:59+02:00,9715,9038,58271,54830,64971,60820,74209,75293,95568,97723,107142,106194,73792,80073,51947,63596,14964,25759,7806,7217,52920,49868,60912,56136,70202,70584,91359,92939,103129,102342,71773,77871,50556,61889,14445,24742,824480,776496,70582,68049,182595,175831,46243,59,71
2021-09-21T23:59:59+02:00,9645,8950,58121,54675,64823,60673,74070,75158,95430,97605,107050,106102,73758,80014,51930,63572,14956,25737,7713,7132,52772,49708,60793,56005,70101,70478,91252,92835,103034,102249,71734,77826,50530,61848,14436,24717,823197,775320,70565,68037,182591,175824,45911,59,71
2021-09-20T23:59:59+02:00,9584,8889,57983,54533,64665,60539,73951,75008,95303,97514,106961,106008,73696,79970,51904,63536,14943,25717,7657,7076,52653,49573,60670,55888,69992,70370,91152,92745,102957,102173,71681,77782,50506,61799,14429,24699,821990,774343,70551,68019,182584,175795,45574,59,71
2021-09-19T23:59:59+02:00,9532,8849,57864,54447,64556,60423,73863,74904,95231,97414,106899,105936,73679,79945,51891,63517,14941,25706,7621,7035,52544,49458,60579,55775,69899,70276,91085,92673,102878,102104,71647,77748,50485,61768,14423,24693,821210,773568,70532,68004,182572,175770,45278,59,71
2021-09-18T23:59:59+02:00,9515,8832,57837,54417,64521,60392,73835,74880,95215,97391,106887,105915,73676,79944,51888,63514,14941,25705,7612,7022,52514,49423,60548,55751,69878,70256,91065,92657,102865,102084,71644,77745,50485,61767,14422,24691,820988,773376,70522,67995,182572,175769,45218,59,71
2021-09-17T23:59:59+02:00,9428,8753,57668,54268,64391,60264,73710,74761,95111,97287,106803,105843,73641,79911,51876,63496,14934,25698,7549,6961,52348,49312,60426,55640,69786,70165,90983,92577,102792,102027,71611,77708,50470,61737,14413,24684,819840,772431,70477,67976,182571,175762,44949,59,71
2021-09-16T23:59:59+02:00,9350,8678,57457,54116,64217,60078,73531,74593,94962,97154,106649,105732,73571,79853,51853,63454,14927,25683,7485,6896,52183,49187,60280,55514,69659,70052,90872,92475,102688,101946,71566,77660,50449,61700,14406,24671,818372,771460,70460,67957,182548,175730,44471,59,71
2021-09-15T23:59:59+02:00,9257,8597,57252,53895,64034,59875,73350,74412,94816,97000,106503,105599,73511,79786,51808,63405,14917,25662,7426,6837,52024,49020,60152,55377,69533,69947,90769,92395,102582,101858,71520,77600,50415,61663,14396,24660,816614,770372,70441,67940,182544,175719,44072,59,71
2021-09-14T23:59:59+02:00,9149,8491,57062,53662,63855,59688,73203,74235,94684,96843,106378,105499,73438,79721,51779,63355,14901,25641,7351,6758,51853,48820,59998,55236,69411,69826,90660,92266,102488,101765,71469,77539,50387,61619,14388,24647,814857,769033,70429,67926,182523,175684,43767,58,71
2021-09-13T23:59:59+02:00,9087,8424,56845,53456,63698,59493,73044,74064,94535,96690,106243,105368,73385,79671,51740,63308,14881,25611,7305,6704,51687,48656,59870,55102,69329,69734,90542,92178,102393,101692,71425,77498,50359,61579,14378,24636,813165,767981,70418,67914,182508,175657,43444,58,71
2021-09-12T23:59:59+02:00,9041,8396,56723,53369,63608,59398,72967,73978,94461,96622,106181,105300,73357,79646,51726,63286,14876,25604,7258,6658,51555,48543,59768,55001,69253,69655,90466,92112,102320,101622,71389,77468,50344,61554,14373,24623,812444,767165,70401,67900,182491,175632,43195,58,70
2021-09-11T23:59:59+02:00,9035,8387,56706,53347,63590,59382,72954,73965,94453,96608,106176,105295,73356,79645,51726,63286,14876,25604,7251,6652,51535,48523,59748,54988,69237,69644,90456,92097,102317,101617,71384,77466,50344,61554,14373,24621,812365,767115,70393,67855,182488,175630,43137,58,70
2021-09-10T23:59:59+02:00,8963,8326,56546,53202,63476,59264,72847,73859,94335,96490,106100,105234,73319,79609,51711,63260,14872,25599,7219,6627,51408,48457,59684,54925,69176,69596,90391,92040,102280,101579,71363,77450,50335,61544,14369,24616,811249,766649,70360,67800,182482,175627,42913,58,70
2021-09-09T23:59:59+02:00,8892,8261,56347,53010,63310,59080,72689,73715,94186,96350,105975,105140,73260,79546,51680,63226,14868,25586,7153,6568,51222,48290,59529,54790,69042,69470,90272,91933,102165,101487,71320,77405,50307,61514,14363,24600,809891,765585,70339,67750,182463,175605,42420,57,70
2021-09-08T23:59:59+02:00,8806,8184,56166,52837,63157,58898,72544,73563,94024,96219,105881,105034,73195,79486,51652,63170,14863,25571,7077,6499,51045,48123,59404,54650,68917,69321,90146,91823,102080,101385,71264,77347,50284,61473,14359,24584,808489,764421,70311,67698,182427,175580,42012,57,70
2021-09-07T23:59:59+02:00,8719,8124,56002,52681,63039,58759,72427,73431,93919,96117,105776,104935,73144,79439,51625,63130,14855,25551,6999,6445,50876,47960,59272,54505,68791,69203,90041,91707,101980,101285,71216,77298,50262,61447,14354,24565,807236,763195,70305,67686,182424,175558,41697,57,70
2021-09-06T23:59:59+02:00,8657,8058,55855,52512,62901,58602,72319,73300,93816,96006,105694,104847,73092,79391,51593,63100,14844,25535,6933,6389,50727,47818,59133,54355,68676,69082,89959,91612,101884,101197,71167,77251,50240,61417,14347,24555,806016,762071,70279,67644,182392,175534,41423,57,70
2021-09-05T23:59:59+02:00,8627,8020,55787,52419,62839,58541,72271,73242,93769,95956,105666,104803,73071,79369,51583,63080,14837,25529,6884,6337,50636,47733,59069,54290,68613,69022,89913,91556,101843,101147,71147,77223,50227,61400,14341,24546,805495,761450,70270,67634,182370,175512,41261,57,70
2021-09-04T23:59:59+02:00,8620,8015,55767,52410,62830,58530,72263,73234,93762,95952,105663,104797,73070,79368,51583,63080,14837,25529,6880,6332,50622,47718,59053,54275,68608,69014,89905,91551,101839,101143,71146,77221,50226,61400,14341,24546,805434,761384,70267,67629,182369,175510,41227,57,70
2021-09-03T23:59:59+02:00,8554,7947,55633,52323,62758,58434,72184,73153,93684,95888,105593,104737,73040,79335,51564,63049,14830,25519,6821,6280,50506,47624,58974,54208,68549,68943,89844,91489,101775,101091,71118,77187,50205,61377,14338,24537,804513,760608,70260,67610,182362,175501,41077,57,70
2021-09-02T23:59:59+02:00,8459,7851,55441,52166,62634,58327,72090,73024,93563,95774,105488,104652,72983,79279,51532,63001,14819,25499,6726,6190,50282,47451,58828,54089,68446,68828,89711,91385,101658,100996,71061,77139,50181,61349,14330,24521,803378,759458,70215,67567,182348,175450,40626,57,70
2021-09-01T23:59:59+02:00,8383,7757,55288,52018,62503,58195,72001,72899,93470,95686,105410,104581,72945,79236,51509,62965,14812,25481,6640,6081,50107,47242,58703,53949,68366,68716,89609,91282,101553,100902,71022,77097,50156,61308,14323,24505,802262,758228,70191,67528,182334,175400,40336,57,69
2021-08-31T23:59:59+02:00,8275,7664,55126,51864,62397,58078,71921,72796,93382,95602,105325,104503,72903,79194,51487,62935,14802,25467,6525,5963,49900,47040,58583,53805,68251,68590,89511,91176,101444,100822,70976,77044,50136,61272,14311,24489,801176,756864,70183,67510,182324,175374,40021,57,69
2021-08-30T23:59:59+02:00,8199,7584,54950,51703,62285,57950,71806,72679,93259,95474,105207,104408,72853,79151,51470,62902,14781,25444,6428,5878,49702,46827,58458,53666,68152,68477,89395,91065,101331,100715,70926,77008,50109,61243,14297,24472,799992,755658,70143,67444,182292,175319,39659,57,69
2021-08-29T23:59:59+02:00,8157,7537,54858,51623,62226,57870,71739,72631,93205,95410,105159,104373,72833,79129,51455,62887,14775,25435,6374,5830,49584,46726,58369,53568,68082,68400,89338,91005,101270,100662,70901,76992,50095,61230,14291,24469,799457,755006,70141,67434,182282,175274,39403,57,69
2021-08-28T23:59:59+02:00,8139,7523,54820,51585,62195,57850,71712,72614,93187,95393,105145,104361,72828,79127,51453,62883,14775,25435,6368,5826,49546,46706,58343,53552,68061,68386,89318,90982,101263,100649,70895,76988,50093,61228,14291,24469,799249,754857,70140,67427,182280,175274,39337,57,69
2021-08-27T23:59:59+02:00,8054,7445,54638,51447,62083,57710,71615,72492,93064,95272,105034,104276,72783,79076,51430,62847,14763,25429,6333,5786,49421,46622,58264,53471,67979,68314,89238,90916,101206,100601,70860,76953,50079,61217,14289,24469,797932,754156,70135,67421,182268,175268,39104,57,69
2021-08-26T23:59:59+02:00,7990,7372,54483,51300,61965,57598,71517,72384,92959,95143,104927,104194,72741,79026,51407,62827,14758,25415,6283,5745,49258,46466,58144,53366,67882,68220,89132,90836,101137,100532,70819,76918,50055,61195,14284,24460,796887,753331,70125,67382,182258,175235,38715,57,69
2021-08-25T23:59:59+02:00,7926,7318,54338,51151,61854,57446,71409,72268,92851,95042,104826,104112,72685,78975,51379,62790,14745,25400,6214,5663,49062,46274,58019,53225,67763,68095,89016,90723,101039,100442,70762,76870,50029,61156,14278,24445,795880,752193,70099,67346,182247,175200,38267,57,69
2021-08-24T23:59:59+02:00,7814,7229,54197,50946,61728,57309,71302,72137,92734,94923,104721,104015,72632,78927,51344,62746,14737,25385,6132,5573,48843,46052,57881,53053,67653,67957,88914,90629,100947,100361,70724,76818,50004,61132,14274,24429,794472,750793,70082,67324,182237,175178,38013,57,68
2021-08-23T23:59:59+02:00,7752,7155,54022,50774,61598,57184,71188,72026,92607,94816,104622,103916,72580,78866,51310,62704,14730,25374,6072,5518,48661,45878,57761,52925,67546,67859,88809,90537,100860,100284,70684,76767,49976,61093,14270,24417,793270,749770,70052,67300,182222,175122,37657,57,68
2021-08-22T23:59:59+02:00,7724,7129,53938,50695,61545,57119,71149,71972,92564,94774,104576,103886,72560,78851,51301,62692,14729,25368,6034,5480,48542,45768,57670,52831,67471,67797,88738,90478,100816,100242,70654,76743,49961,61075,14267,24410,792839,749082,70044,67292,182201,175072,37463,57,68
2021-08-21T23:59:59+02:00,7718,7126,53913,50680,61527,57108,71133,71958,92551,94756,104565,103876,72555,78849,51301,62691,14729,25367,6029,5476,48523,45750,57650,52823,67452,67777,88720,90463,100806,100232,70652,76740,49961,61074,14267,24410,792767,748987,70002,67273,182197,175066,37411,57,68
2021-08-20T23:59:59+02:00,7687,7089,53821,50604,61453,57047,71062,71895,92486,94694,104513,103840,72530,78821,51289,62665,14720,25356,6006,5457,48431,45675,57575,52760,67384,67722,88663,90403,100747,100194,70629,76718,49955,61058,14258,24406,792222,748470,69930,67260,182194,175043,37200,57,68
2021-08-19T23:59:59+02:00,7621,7009,53689,50481,61303,56930,70944,71787,92372,94606,104417,103750,72481,78764,51259,62624,14711,25336,5979,5431,48297,45572,57456,52667,67292,67643,88572,90324,100649,100129,70596,76690,49935,61034,14254,24397,791179,747818,69893,67224,182177,174998,36809,57,68
2021-08-18T23:59:59+02:00,7546,6952,53545,50342,61176,56820,70833,71693,92263,94518,104315,103666,72423,78711,51224,62588,14701,25315,5945,5388,48179,45445,57337,52572,67202,67568,88456,90234,100573,100056,70552,76652,49915,61010,14248,24380,790176,747101,69863,67196,182166,174947,36400,57,68
2021-08-17T23:59:59+02:00,7463,6871,53382,50178,61071,56695,70717,71571,92158,94412,104207,103566,72370,78668,51196,62562,14693,25303,5895,5349,47985,45266,57207,52432,67078,67462,88325,90138,100464,99960,70496,76603,49890,60989,14241,24368,789092,746063,69841,67161,182161,174893,35963,57,68
2021-08-16T23:59:59+02:00,7389,6808,53253,50046,60974,56580,70616,71476,92065,94307,104114,103466,72327,78617,51166,62518,14685,25295,5871,5314,47845,45146,57099,52363,66982,67378,88227,90050,100380,99865,70453,76563,49866,60961,14234,24363,788217,745432,69793,67116,182146,174825,35520,57,67
2021-08-15T23:59:59+02:00,7340,6768,53173,49965,60905,56509,70550,71416,92006,94255,104059,103418,72292,78587,51157,62502,14681,25286,5850,5296,47740,45052,57007,52273,66912,67316,88148,89986,100324,99816,70416,76528,49850,60940,14229,24351,787739,744947,69779,67085,182132,174743,35193,57,66
2021-08-14T23:59:59+02:00,7318,6752,53100,49895,60856,56465,70514,71369,91969,94215,104020,103382,72271,78579,51148,62491,14679,25283,5774,5242,47502,44779,56839,52085,66758,67162,88013,89864,100209,99709,70367,76485,49839,60917,14225,24346,787254,743116,69772,67079,182132,174732,35122,57,66
2021-08-13T23:59:59+02:00,7277,6716,52989,49800,60772,56384,70462,71300,91893,94158,103970,103337,72248,78556,51136,62480,14677,25276,5546,5027,46997,44282,56598,51817,66529,66907,87740,89611,100013,99503,70280,76384,49800,60857,14219,24325,786497,739634,69768,67069,182132,174658,35008,57,66
2021-08-12T23:59:59+02:00,7246,6689,52890,49731,60714,56305,70387,71250,91823,94099,103909,103291,72214,78523,51122,62464,14675,25262,5326,4853,46500,43836,56323,51509,66270,66684,87484,89388,99673,99229,70170,76250,49746,60793,14208,24297,786063,736580,69742,67044,182116,174203,34647,57,65
2021-08-11T23:59:59+02:00,7179,6620,52723,49560,60584,56186,70304,71156,91714,93995,103808,103182,72153,78457,51090,62423,14669,25246,5050,4570,45821,43217,55949,51125,66008,66386,87189,89123,99337,98860,70030,76104,49686,60692,14197,24268,784881,732455,69721,67011,182107,173767,34314,57,65
2021-08-10T23:59:59+02:00,7102,6536,52525,49375,60437,56067,70195,71033,91589,93864,103685,103076,72100,78399,51059,62392,14661,25237,4827,4329,44865,42314,55278,50468,65511,65932,86726,88638,98844,98404,69825,75905,49586,60591,14176,24230,783517,726187,69712,66958,182099,173262,33977,57,65
2021-08-09T23:59:59+02:00,7058,6489,52414,49283,60359,55992,70137,70973,91520,93791,103613,103017,72057,78363,51053,62376,14657,25229,4587,4112,43858,41254,54561,49780,65035,65500,86279,88203,98328,97935,69637,75681,49496,60465,14148,24191,782949,719727,69642,66883,182087,172699,33676,57,65
2021-08-08T23:59:59+02:00,7012,6448,52349,49214,60320,55959,70099,70947,91463,93743,103560,102977,72037,78341,51039,62355,14651,25224,4572,4099,43803,41190,54501,49732,64969,65459,86206,88143,98261,97885,69612,75650,49475,60439,14140,24184,782661,719433,69635,66866,182073,172616,33340,57,65
2021-08-07T23:59:59+02:00,6973,6407,52238,49087,60239,55882,70041,70882,91394,93680,103510,102929,72020,78324,51030,62349,14651,25223,4259,3787,42836,40172,53946,49162,64534,65052,85830,87744,97940,97537,69468,75506,49419,60357,14123,24166,781869,713063,69631,66847,182073,172608,33257,57,63
2021-08-06T23:59:59+02:00,6930,6345,52105,48959,60165,55816,69975,70801,91314,93603,103450,102872,71996,78301,51019,62331,14649,25219,3951,3565,42152,39559,53701,48894,64310,64809,85593,87521,97711,97335,69384,75415,49377,60317,14117,24153,780997,709442,69626,66763,182072,172470,33126,57,63
2021-08-05T23:59:59+02:00,6819,6237,51849,48735,59989,55628,69832,70654,91152,93455,103308,102735,71935,78238,50992,62291,14636,25200,3758,3394,41316,38867,53183,48433,63939,64457,85134,87120,97088,96816,69197,75231,49311,60219,14098,24123,779371,704895,69573,66711,182037,171341,32674,57,63
2021-08-04T23:59:59+02:00,6730,6151,51653,48503,59842,55448,69723,70503,91016,93338,103190,102619,71874,78174,50966,62245,14625,25171,3384,3039,40471,38083,52812,48027,63619,64135,84762,86791,96676,96409,69033,75060,49234,60123,14082,24089,777963,700304,69537,66690,182024,170555,32217,57,63
2021-08-03T23:59:59+02:00,6657,6094,51483,48366,59717,55319,69631,70410,90915,93238,103093,102538,71820,78138,50947,62219,14617,25155,3254,2937,39468,37136,52013,47341,63075,63599,84243,86305,95962,95779,68790,74843,49142,60006,14061,24045,776922,694040,69528,66666,182017,169370,31860,57,63
2021-08-02T23:59:59+02:00,6609,6051,51347,48226,59625,55240,69547,70341,90860,93164,103013,102476,71780,78096,50926,62197,14610,25142,3085,2759,38195,35981,51051,46531,62361,63013,83637,85739,95161,95077,68537,74585,49054,59873,14041,24006,776221,686422,69480,66612,181988,168058,31531,57,63
2021-08-01T23:59:59+02:00,6566,5996,51177,48064,59472,55125,69454,70226,90752,93073,102924,102383,71738,78059,50904,62157,14605,25126,3061,2741,38010,35847,50892,46432,62230,62918,83459,85595,94708,94672,68420,74475,49015,59824,14030,23986,775168,685771,69451,66552,181970,166747,31182,57,63
2021-07-31T23:59:59+02:00,6523,5962,51082,47944,59416,55053,69404,70182,90712,93043,102897,102358,71727,78047,50896,62153,14605,25123,2657,2359,36399,34335,49982,45560,61693,62352,82955,85079,94228,94238,68233,74270,48936,59729,14012,23953,774555,676609,69447,66541,181970,166632,31125,57,63
2021-07-30T23:59:59+02:00,6487,5909,50932,47804,59330,54972,69335,70121,90639,92963,102841,102320,71710,78023,50887,62129,14602,25119,2381,2130,34944,32929,49010,44611,60961,61657,82267,84455,93546,93661,67998,74034,48831,59579,13993,23922,773788,667071,69422,66529,181964,166327,30919,57,63
2021-07-29T23:59:59+02:00,6372,5789,50501,47435,59111,54699,69144,69930,90451,92774,102678,102183,71635,77940,50854,62074,14587,25101,2304,2064,34211,32312,48384,44160,60554,61301,81841,84105,92772,92986,67802,73876,48768,59492,13973,23891,771462,663194,69368,66382,181921,164680,30477,57,63
2021-07-28T23:59:59+02:00,6300,5726,50247,47240,58978,54544,69016,69833,90320,92650,102569,102089,71579,77883,50827,62034,14578,25084,2280,2045,33884,32013,48060,43920,60321,61075,81659,83934,92533,92786,67728,73809,48734,59459,13960,23881,770143,661469,69332,66293,181894,164159,30098,57,62
2021-07-27T23:59:59+02:00,6247,5679,50086,47096,58836,54446,68921,69743,90218,92540,102464,102012,71534,77830,50797,62001,14570,25071,2138,1930,32414,30615,46783,42826,59486,60278,81054,83400,91508,91936,67452,73524,48646,59333,13928,23841,769232,652791,69305,66221,181870,162363,29655,56,62
2021-07-26T23:59:59+02:00,6224,5650,49967,47009,58737,54357,68842,69688,90130,92479,102398,101960,71493,77794,50775,61981,14564,25062,2004,1814,31043,29360,45460,41698,58381,59288,80342,82765,90341,90903,67141,73250,48556,59216,13904,23799,768695,643698,69238,66123,181832,160065,29317,55,62
2021-07-25T23:59:59+02:00,6204,5633,49854,46904,58648,54290,68778,69629,90065,92423,102336,101911,71460,77758,50756,61958,14561,25052,1988,1806,30832,29201,45188,41498,58117,59052,80067,82554,89375,90047,66934,73076,48487,59143,13892,23775,768281,642481,69226,66000,181806,157609,28880,54,62
2021-07-24T23:59:59+02:00,6169,5604,49734,46813,58579,54227,68730,69572,90019,92378,102295,101870,71455,77751,50753,61955,14560,25048,1730,1587,29240,27615,44043,40412,57420,58336,79450,81976,88729,89479,66754,72885,48416,59041,13878,23751,767671,632428,69216,65982,181798,157470,28800,54,62
2021-07-23T23:59:59+02:00,6084,5517,49558,46636,58484,54122,68620,69468,89913,92274,102205,101773,71419,77695,50732,61924,14556,25042,1501,1367,27543,26097,42785,39320,56485,57446,78758,81355,88021,88815,66484,72611,48337,58940,13857,23721,766290,621852,69212,65816,181778,156998,28715,54,62
2021-07-22T23:59:59+02:00,5944,5403,49263,46349,58287,53918,68449,69299,89727,92122,102049,101639,71352,77612,50690,61873,14545,25023,1417,1312,26722,25273,41876,38509,55541,56615,78012,80727,86354,87305,66109,72210,48226,58810,13826,23669,764351,613357,69167,65311,181745,155529,28254,54,62
2021-07-21T23:59:59+02:00,5668,5120,48728,45820,57983,53602,68218,69018,89449,91875,101781,101372,71225,77481,50631,61808,14536,24997,1385,1286,26467,25049,41451,38225,55095,56222,77638,80442,85545,86701,65940,72082,48170,58744,13808,23644,760739,611366,69141,65031,181723,153753,27682,54,62
2021-07-20T23:59:59+02:00,5591,5046,48445,45541,57811,53392,68043,68870,89269,91720,101615,101228,71149,77413,50592,61761,14527,24969,1294,1201,25287,23902,40158,37187,53753,55017,76730,79664,84178,85356,65633,71740,48062,58607,13780,23598,759056,600956,69134,64870,181678,152172,27087,54,62
2021-07-19T23:59:59+02:00,5511,4960,48120,45216,57587,53184,67876,68667,89082,91540,101467,101067,71076,77331,50549,61710,14518,24940,1214,1139,24460,23062,38845,36065,52020,53516,75457,78605,83063,84374,65339,71484,47962,58489,13755,23558,757252,590895,69124,64722,181650,150380,26348,54,62
2021-07-18T23:59:59+02:00,5503,4959,48045,45157,57489,53104,67804,68593,88987,91472,101394,101002,71039,77290,50524,61678,14516,24928,1199,1133,24317,22961,38572,35841,51684,53224,75205,78408,82158,83605,65147,71305,47907,58417,13750,23536,756966,589819,69100,64559,181610,148148,25781,54,62
2021-07-17T23:59:59+02:00,5476,4922,47946,45080,57415,53044,67741,68536,88927,91410,101349,100983,71030,77275,50519,61671,14516,24927,1005,945,22932,21500,37188,34541,50439,52029,74598,77851,81523,83008,65017,71157,47840,58355,13741,23516,756400,578939,69095,64532,181601,148008,25644,54,62
2021-07-16T23:59:59+02:00,5374,4843,47704,44848,57288,52937,67622,68423,88789,91313,101241,100879,70984,77224,50496,61652,14510,24921,809,783,21679,20262,35894,33297,48982,50708,73588,76916,80822,82347,64797,70934,47758,58254,13722,23484,754938,567305,69093,64468,181594,147805,25396,54,62
2021-07-15T23:59:59+02:00,5232,4714,47305,44527,57078,52742,67426,68237,88575,91113,101053,100710,70887,77122,50447,61578,14501,24892,750,740,21073,19759,34960,32595,47743,49759,72403,75997,78665,80212,64198,70336,47616,58075,13703,23421,752874,557937,69075,63437,181548,145959,24610,54,62
2021-07-14T23:59:59+02:00,4859,4390,46714,43951,56844,52475,67220,68032,88360,90869,100836,100513,70780,77012,50379,61495,14489,24868,734,724,20866,19614,34695,32434,47370,49456,71868,75605,77999,79675,63874,70058,47533,57992,13680,23387,749422,556121,69057,63248,181496,144056,24079,54,60
2021-07-13T23:59:59+02:00,4768,4310,46515,43797,56679,52316,67057,67885,88202,90742,100690,100386,70707,76950,50342,61448,14485,24852,705,685,20303,19077,33668,31614,45747,48000,70100,73937,76389,78112,63497,69666,47404,57820,13651,23335,748059,545166,69040,62472,181422,142434,23578,54,60
2021-07-12T23:59:59+02:00,4703,4232,46328,43605,56528,52174,66902,67759,88030,90603,100533,100246,70632,76862,50304,61392,14478,24834,681,664,19828,18645,32882,30991,44082,46543,67719,71863,74495,76607,62966,69080,47259,57658,13623,23284,746787,534057,69016,61903,181321,139862,22988,54,60
2021-07-11T23:59:59+02:00,4698,4229,46258,43552,56464,52124,66850,67720,87967,90550,100461,100186,70594,76819,50294,61377,14475,24820,673,659,19619,18500,32529,30746,43632,46165,67257,71503,73715,75909,62564,68701,47188,57568,13607,23251,746635,532252,69005,61578,181255,137387,22509,54,60
2021-07-10T23:59:59+02:00,4572,4093,45972,43244,56279,51926,66701,67544,87833,90410,100359,100080,70539,76762,50273,61351,14472,24811,641,627,19055,17951,31581,29886,41878,44584,65771,70220,73079,75289,62397,68550,47135,57516,13600,23237,744535,521626,68999,61562,181243,137339,22410,54,60
2021-07-09T23:59:59+02:00,4443,3975,45699,42991,56112,51730,66539,67378,87681,90245,100225,99975,70486,76689,50236,61310,14467,24799,594,578,18465,17378,30610,28922,39922,42653,63476,68093,71918,74148,62123,68224,47059,57390,13582,23212,742478,507927,68985,61181,181237,136933,22246,54,60
2021-07-08T23:59:59+02:00,4414,3949,45556,42876,55988,51610,66408,67277,87555,90122,100106,99878,70431,76636,50214,61272,14456,24785,547,534,17526,16575,29210,27886,38204,41198,61344,66268,68551,70993,61223,67250,46812,57046,13537,23116,741744,492654,68925,59101,181167,134348,21657,54,60
2021-07-07T23:59:59+02:00,4402,3943,45489,42832,55903,51554,66322,67232,87500,90082,100062,99827,70414,76613,50205,61254,14452,24775,469,481,16567,15722,27817,26872,36676,39962,59721,64809,65321,67514,60205,66206,46575,56724,13487,23043,741430,477345,68876,57184,181115,132195,21387,54,60
2021-07-06T23:59:59+02:00,4350,3895,45344,42701,55773,51414,66218,67123,87393,89990,99980,99742,70375,76552,50187,61227,14449,24761,402,417,15795,14984,26737,25961,34825,38247,56317,61784,62665,65051,59449,65416,46301,56390,13447,22940,740293,459434,68855,56357,181057,130060,21217,53,60
2021-07-05T23:59:59+02:00,4287,3850,45161,42525,55619,51310,66095,67012,87272,89896,99894,99643,70312,76488,50165,61199,14446,24746,368,365,15133,14363,25787,25146,33590,37112,53216,58807,59888,62586,58609,64604,46047,56078,13402,22862,739094,443343,68812,56008,180977,127567,20985,53,60
2021-07-04T23:59:59+02:00,4278,3844,45113,42491,55551,51275,66050,66984,87233,89864,99862,99616,70288,76467,50159,61184,14440,24735,349,345,14929,14158,25345,24786,32990,36584,52551,58278,58900,61723,57941,63970,45863,55874,13383,22812,738892,439253,68779,55806,180908,124859,20803,53,60
2021-07-03T23:59:59+02:00,4059,3665,44581,41929,55233,50899,65752,66704,86986,89603,99661,99420,70215,76395,50136,61138,14436,24723,331,329,14642,13835,24989,24431,32010,35664,50805,56729,58031,60987,57767,63772,45795,55789,13371,22787,735084,430669,68761,55788,180902,124811,20736,53,60
2021-07-02T23:59:59+02:00,3749,3379,43928,41334,54905,50560,65465,66399,86712,89352,99425,99194,70112,76282,50084,61068,14430,24706,304,292,14224,13389,24291,23819,30848,34597,48171,54559,55892,59197,57373,63341,45635,55630,13355,22749,730741,418142,68742,54736,180889,124080,20661,52,47
2021-07-01T23:59:59+02:00,3611,3269,43573,40985,54703,50384,65305,66235,86556,89210,99271,99073,70043,76214,50053,61034,14422,24691,261,251,13533,12706,22986,22736,29171,33082,46152,52813,53397,56916,55947,61767,45141,55015,13282,22621,728598,404597,68677,52422,180839,120245,20467,52,46
2021-06-30T23:59:59+02:00,3600,3252,43309,40788,54521,50248,65185,66135,86464,89145,99200,99022,70015,76190,50041,61012,14418,24680,199,212,12790,12104,21821,21836,27582,31712,44296,51098,49758,52952,54615,60431,44786,54575,13226,22492,727444,388834,68625,50515,180819,116804,20286,52,46
2021-06-29T23:59:59+02:00,3384,3032,42389,39957,53910,49642,64744,65702,86050,88691,98851,98694,69890,76041,49984,60941,14398,24650,170,160,12188,11504,21019,21065,26213,30503,41672,48683,47882,51403,53644,59320,44377,54038,13132,22339,721447,376782,68571,48990,180803,113417,20078,52,45
2021-06-28T23:59:59+02:00,3166,2852,41433,38964,53242,48988,64278,65310,85667,88299,98517,98350,69750,75881,49919,60841,14380,24626,127,128,11685,11052,20358,20476,25244,29605,39574,46738,46255,50035,52540,58274,44016,53532,13052,22217,715280,367286,68459,47951,180792,109745,19881,52,45
2021-06-27T23:59:59+02:00,3161,2849,41396,38928,53196,48949,64239,65274,85615,88264,98465,98322,69731,75868,49910,60827,14375,24623,109,111,11491,10858,20034,20161,24665,29040,38549,45885,45088,48941,51508,57261,43581,53023,12970,22074,715062,362681,68429,47508,180756,105421,19694,52,45
2021-06-26T23:59:59+02:00,2679,2375,40003,37565,52474,48206,63687,64710,85127,87743,98040,97889,69540,75693,49837,60723,14356,24600,99,100,11376,10756,19865,20005,24465,28823,38070,45447,44720,48589,51394,57116,43535,52975,12965,22059,706357,359725,68400,47503,180756,105403,19683,52,45
2021-06-25T23:59:59+02:00,2274,2039,39156,36756,52122,47848,63363,64385,84847,87432,97790,97623,69436,75576,49790,60661,14342,24578,75,82,11075,10445,19482,19578,23935,28199,35386,43141,42534,46674,51055,56737,43436,52844,12941,22028,701304,348145,68263,47057,180749,104749,19651,52,45
2021-06-24T23:59:59+02:00,2220,1986,38668,36297,51772,47520,63144,64174,84613,87237,97603,97466,69354,75511,49755,60615,14336,24563,62,59,10478,9862,18422,18691,22511,26944,33286,41301,40102,44380,49572,55085,42866,52143,12824,21825,698357,335248,68234,44458,180728,101198,19464,52,45
2021-06-23T23:59:59+02:00,2207,1962,38438,36071,51608,47349,63028,64063,84513,87141,97527,97382,69323,75480,49735,60594,14332,24552,35,33,10023,9430,17795,18132,21577,26084,31351,39664,36137,39911,48276,53721,42480,51636,12743,21659,697121,319702,68200,43832,180712,97885,19223,50,45
2021-06-22T23:59:59+02:00,2128,1901,37453,35142,50855,46676,62546,63615,84138,86730,97162,97070,69174,75337,49668,60513,14319,24519,13,18,9555,9001,16923,17441,20350,25005,28223,36902,33836,38032,47319,52748,42072,51077,12603,21424,690978,307529,68154,41092,180700,94812,19065,50,44
2021-06-21T23:59:59+02:00,1981,1762,36103,33926,49832,45809,61825,62952,83639,86258,96722,96663,69004,75166,49602,60418,14308,24484,9,11,9237,8705,16462,17077,19725,24523,26477,35336,32296,36739,46265,51665,41619,50528,12497,21232,683025,300160,68120,40451,180685,91172,18576,49,44
2021-06-20T23:59:59+02:00,1970,1753,36015,33873,49687,45686,61684,62814,83559,86196,96649,96602,68970,75138,49587,60400,14308,24473,8,10,9089,8602,16243,16907,19408,24265,25661,34684,31354,35786,46070,51462,41588,50476,12488,21212,682372,296372,68078,39859,180667,90839,18199,49,44
2021-06-19T23:59:59+02:00,1602,1453,34400,32326,48786,44863,61196,62309,83088,85720,96243,96250,68822,74972,49522,60319,14293,24449,7,9,9048,8528,16140,16784,19289,24112,25556,34525,31226,35643,45975,51366,41570,50451,12484,21202,673667,295033,68059,39856,180660,90803,18179,49,44
2021-06-18T23:59:59+02:00,1406,1280,32757,30743,47584,43677,60255,61389,82282,84971,95631,95672,68603,74750,49433,60181,14277,24419,7,9,8973,8442,15980,16628,19099,23918,25303,34284,30941,35324,45679,51019,41485,50374,12471,21188,662551,292832,67925,39739,180659,90383,18127,49,43
2021-06-17T23:59:59+02:00,1331,1222,31836,29906,46719,42970,59449,60539,81539,84323,95219,95290,68461,74606,49391,60104,14263,24390,7,9,8432,8076,15290,16072,18269,23090,24199,33157,29461,33964,44353,49515,41000,49764,12351,20999,655629,283890,67808,38911,180628,87719,17445,49,43
2021-06-16T23:59:59+02:00,1248,1158,31147,29208,45916,42220,58525,59659,80759,83552,94795,94910,68326,74446,49333,60012,14243,24364,7,8,7944,7752,14677,15554,17491,22362,23057,32199,28281,32852,42453,47394,40451,49185,12244,20814,648560,274131,67681,38312,180609,85316,16923,49,43
2021-06-15T23:59:59+02:00,1106,1039,29255,27431,44167,40699,56933,58025,79370,82234,94035,94238,68038,74153,49220,59855,14210,24299,7,6,7771,7625,14368,15314,17127,22060,22536,31812,27744,32422,41514,46376,40064,48759,12120,20593,633620,271051,67632,37805,180571,82883,16436,49,43
2021-06-14T23:59:59+02:00,1013,925,27708,25964,42562,39182,55277,56374,78270,81122,93340,93610,67789,73911,49126,59733,14190,24254,6,5,7588,7452,13991,14977,16597,21614,21842,31228,27064,31828,41128,45953,39680,48306,11989,20387,620385,268363,67576,37389,180542,80042,15799,49,42
2021-06-13T23:59:59+02:00,989,900,27506,25784,42178,38844,54730,55852,77924,80813,93147,93420,67699,73831,49089,59675,14175,24229,6,5,7447,7284,13719,14682,16208,21215,21412,30735,26524,31324,40730,45548,39214,47740,11811,20100,617673,266265,67434,37318,180514,76963,15116,49,42
2021-06-12T23:59:59+02:00,860,786,25996,24197,41024,37766,54056,55117,77394,80318,92597,92895,67543,73654,49020,59598,14162,24208,6,5,7401,7233,13593,14572,16076,21102,21228,30588,26405,31222,40712,45531,39204,47729,11811,20099,608155,265478,67428,37316,180508,76629,15052,49,42
2021-06-11T23:59:59+02:00,747,677,24382,22678,39677,36575,52828,53907,76425,79466,92023,92318,67309,73420,48958,59490,14143,24173,6,5,7346,7145,13421,14383,15857,20906,20955,30328,26131,30963,40406,45156,39119,47614,11793,20070,596410,263578,67348,37171,180499,75922,14891,49,42
2021-06-10T23:59:59+02:00,646,587,23385,21672,38458,35396,51221,52402,75106,78269,90416,90773,66954,73024,48832,59316,14118,24119,6,5,7063,6921,12894,13946,15217,20332,20190,29573,25339,30286,39700,44293,38766,47196,11679,19885,583513,260099,66864,37137,180448,72192,13821,49,42
2021-06-09T23:59:59+02:00,576,537,22934,21287,37796,34874,50115,51356,73861,77076,89825,90269,66828,72879,48782,59231,14103,24088,6,5,6793,6612,12303,13346,14432,19518,19272,28549,24354,29121,37133,41373,38199,46551,11531,19646,576350,249775,66402,37064,180411,68657,13206,49,42
2021-06-08T23:59:59+02:00,470,426,21413,19836,36193,33509,48003,49394,71723,75136,88349,88788,66513,72494,48646,59070,14071,24044,6,5,6662,6442,11917,12972,13948,19029,18669,27948,23795,28582,36846,41118,37907,46184,11423,19489,558984,248113,66124,36985,180379,65259,12543,49,42
2021-06-07T23:59:59+02:00,355,332,20407,18865,34648,32176,45727,47371,69586,73255,87370,87940,66289,72228,48572,58935,14051,24007,6,5,6507,6278,11492,12618,13404,18546,17941,27360,23159,27986,36527,40814,37488,45702,11310,19290,543796,246117,65952,36915,180326,61367,11992,49,42
2021-06-06T23:59:59+02:00,332,311,20227,18718,34254,31893,45119,46798,68966,72769,87158,87775,66232,72167,48560,58909,14045,23995,6,5,6375,6105,11166,12202,12972,17974,17302,26549,22462,27177,36059,40340,37006,45151,11154,19023,540674,243666,65625,36862,180282,56860,11599,49,41
2021-06-05T23:59:59+02:00,260,246,18985,17456,32932,30680,43895,45626,68392,72251,86625,87265,66141,72065,48512,58861,14038,23983,6,5,6323,6024,11063,12036,12844,17795,17129,26339,22291,26988,35994,40263,36984,45127,11152,19018,530699,243058,65625,36449,180264,56256,11577,49,41
2021-06-04T23:59:59+02:00,179,176,17793,16307,31624,29390,42343,44128,67050,70935,85818,86512,65954,71852,48436,58769,14022,23954,6,5,6220,5884,10886,11824,12629,17539,16774,25955,21771,26549,35103,39406,36668,44827,11135,18996,517874,241210,65558,36122,180257,53300,11505,49,40
2021-06-03T23:59:59+02:00,124,123,17153,15734,30639,28561,40884,42832,65276,69402,83567,84228,65529,71398,48308,58607,14004,23916,6,5,6050,5673,10576,11465,12311,17071,16322,25292,21219,25968,34437,38614,36492,44623,11102,18946,504083,238865,64860,35734,180220,50461,11074,49,38
2021-06-02T23:59:59+02:00,95,80,16810,15425,30326,28295,40216,42211,63686,68008,82628,83426,65388,71234,48248,58525,14001,23901,6,4,5932,5581,10398,11305,12081,16854,16026,24985,20872,25572,31188,34987,36264,44401,11073,18893,496571,230152,64856,35402,180219,50021,10809,49,38
2021-06-01T23:59:59+02:00,38,45,16019,14757,28829,27189,37847,40146,60115,64823,80197,81104,65037,70870,48120,58336,13967,23847,6,4,5658,5304,9872,10874,11542,16258,15356,24189,20138,24810,30845,34688,36068,44223,11044,18831,478204,228681,63297,34896,180153,46513,9584,48,36
2021-05-31T23:59:59+02:00,30,37,15455,14283,27890,26488,35886,38482,56673,61793,78165,79401,64705,70513,47976,58161,13935,23795,6,3,5495,5100,9465,10509,11111,15775,14818,23502,19513,24104,30559,34433,35883,44030,11009,18774,462434,227992,62574,34510,180088,43027,8524,48,36
2021-05-30T23:59:59+02:00,28,34,15311,14154,27602,26254,35434,38072,55960,61176,77844,79127,64643,70456,47951,58126,13931,23784,6,3,5393,4902,9137,10148,10698,15286,14364,22696,18984,23330,29879,33718,35656,43837,10987,18711,459448,227522,62136,34430,180042,37537,8213,48,33
2021-05-29T23:59:59+02:00,26,33,14914,13763,26752,25442,33673,36484,54476,59878,77255,78561,64493,70306,47898,58073,13924,23770,6,3,5360,4826,9071,10032,10604,15167,14254,22546,18853,23191,29850,33695,35650,43829,10986,18708,449324,227032,62103,34430,180038,36928,8208,48,33
2021-05-28T23:59:59+02:00,23,32,14507,13363,25940,24699,31821,34724,52305,57871,76204,77565,64288,70054,47846,57996,13914,23747,6,3,5274,4711,8892,9888,10448,14994,14093,22307,18640,22890,29780,33648,35633,43812,10985,18703,437371,226356,61635,34424,179948,35997,7897,48,33
2021-05-27T23:59:59+02:00,19,27,13876,12894,24871,23980,30571,33795,50693,56494,73098,74579,63846,69517,47712,57834,13891,23691,6,3,5161,4477,8558,9547,10043,14558,13646,21670,18133,22291,29557,33444,35522,43699,10964,18674,425206,225697,59671,34353,179318,32725,7145,48,33
2021-05-26T23:59:59+02:00,18,25,13389,12471,23958,23332,29648,33092,49605,55568,70140,71386,63231,68906,47577,57664,13860,23645,6,3,5073,4314,8302,9233,9739,14170,13288,21068,17701,21690,29360,33276,35425,43593,10937,18622,414378,225080,57491,34235,178820,29674,6778,48,33
2021-05-25T23:59:59+02:00,18,20,13045,12173,23378,22924,28589,32228,47003,53329,67877,69259,62879,68539,47463,57515,13842,23591,6,3,4994,4192,8089,8970,9484,13792,12977,20547,17314,21138,29201,33119,35341,43487,10910,18567,402508,224518,56421,34153,178196,26928,6499,48,33
2021-05-24T23:59:59+02:00,17,19,12748,11892,22879,22545,27967,31775,44382,50897,65416,67068,62570,68240,47352,57389,13806,23534,6,3,4923,4083,7838,8736,9164,13407,12647,20033,16927,20577,29055,32977,35267,43415,10886,18520,390848,223930,55938,34087,177527,24279,6135,48,33
2021-05-23T23:59:59+02:00,17,19,12686,11824,22783,22460,27887,31695,44125,50669,64827,66519,62490,68152,47327,57371,13804,23532,6,3,4901,4068,7803,8705,9103,13372,12567,19970,16848,20521,29046,32963,35263,43407,10886,18518,388640,223642,55857,34080,177513,24068,6129,48,31
2021-05-22T23:59:59+02:00,17,19,12462,11586,22462,22151,26884,30807,42288,49093,63971,65778,62327,67961,47261,57280,13794,23509,6,3,4885,4013,7776,8640,9061,13306,12535,19884,16818,20452,29035,32953,35259,43401,10885,18517,380148,223548,55846,34080,177508,23670,6100,48,31
2021-05-21T23:59:59+02:00,17,18,12160,11334,21890,21707,26066,30115,39896,47199,61996,64109,62064,67688,47177,57192,13779,23483,6,3,4866,3985,7719,8554,8995,13218,12459,19791,16743,20365,29019,32927,35252,43390,10883,18516,369708,223349,54790,34065,177316,23218,6028,48,31
2021-05-20T23:59:59+02:00,16,18,11550,10762,20763,20806,24914,29086,38387,45920,59648,62035,61241,66788,46976,56932,13745,23427,6,3,4591,3807,7316,8264,8553,12821,12006,19279,16320,19842,28898,32829,35201,43337,10879,18506,359196,222940,52435,33953,176031,20230,5304,48,31
2021-05-19T23:59:59+02:00,16,18,11107,10448,19977,20252,24065,28487,37483,45234,56414,58396,60550,66085,46868,56798,13722,23380,6,3,4438,3649,7062,8022,8276,12491,11672,18846,15949,19421,28798,32717,35158,43261,10868,18491,348718,222451,50812,33835,174903,17993,4819,48,30
2021-05-18T23:59:59+02:00,16,18,10777,10162,19396,19801,23409,27926,36072,44001,54998,57265,60177,65658,46738,56637,13697,23355,6,3,4333,3522,6814,7785,8013,12208,11437,18442,15601,18988,28713,32625,35128,43220,10864,18484,343313,222156,48957,33753,173423,15885,4362,48,30
2021-05-17T23:59:59+02:00,15,17,10557,9981,18958,19510,22973,27613,34871,43008,53683,56224,59927,65411,46674,56538,13682,23321,6,3,4263,3435,6606,7567,7760,11915,11180,18045,15289,18581,28621,32536,35103,43179,10858,18470,339222,221853,47962,33685,171904,14020,3829,46,30
2021-05-16T23:59:59+02:00,15,16,10367,9852,18663,19306,22640,27372,34232,42547,52444,55053,59734,65246,46637,56484,13671,23301,6,3,4195,3362,6389,7401,7472,11659,10910,17692,14993,18217,28555,32474,35087,43161,10851,18466,336781,221598,47084,33624,170286,12257,3384,45,30
2021-05-15T23:59:59+02:00,15,16,10271,9752,18511,19158,22468,27227,33850,42179,52048,54675,59619,65100,46589,56439,13668,23285,6,3,4154,3326,6305,7335,7379,11556,10808,17572,14888,18086,28461,32356,34993,43068,10847,18461,334380,220505,47083,33621,170152,12238,3210,45,30
2021-05-14T23:59:59+02:00,14,16,9988,9549,18084,18918,22066,26939,31502,40399,49898,52820,59397,64871,46541,56354,13651,23264,6,3,4026,3243,6019,7170,7072,11332,10460,17220,14539,17758,27887,31650,34870,42876,10828,18433,325227,217203,47030,33615,169541,12115,2429,44,30
2021-05-13T23:59:59+02:00,14,16,9526,9180,17290,18352,21198,26255,30382,39408,47654,50647,58548,63896,46331,56071,13612,23190,6,3,3526,3049,5680,6917,6760,11021,10047,16828,14162,17321,26986,30450,34444,42357,10797,18372,316721,212593,45169,33057,167516,10925,2121,43,30
2021-05-12T23:59:59+02:00,14,16,9235,8985,16857,18093,20724,25965,29850,39022,44654,47000,57975,63254,46247,55957,13594,23165,6,3,3386,2961,5448,6806,6477,10874,9765,16619,13925,17055,26339,29627,34278,42164,10771,18338,307524,209559,44352,33031,167223,10757,1465,43,30
2021-05-11T23:59:59+02:00,14,14,8801,8709,16085,17575,19858,25344,28113,37579,42718,45494,57599,62807,46163,55822,13573,23137,6,3,3266,2830,5215,6465,6179,10459,9398,16060,13488,16495,24916,27957,33767,41536,10720,18250,302032,203577,41295,32848,164737,9257,1298,43,30
2021-05-10T23:59:59+02:00,14,13,8539,8556,15572,17319,19226,25023,27121,36889,41256,44348,57332,62532,46084,55718,13553,23106,6,2,3156,2704,4984,6231,5924,10135,9074,15582,13125,16072,23867,26625,33278,40951,10683,18192,298723,198918,40388,32819,162062,7840,986,42,28
2021-05-09T23:59:59+02:00,14,13,8383,8471,15266,17136,18843,24766,26453,36460,39477,42681,57036,62253,46028,55660,13545,23085,6,2,3035,2648,4802,6089,5755,9959,8876,15374,12957,15899,23590,26292,33133,40778,10673,18177,295746,197718,40008,32775,159064,6813,711,41,28
2021-05-08T23:59:59+02:00,14,13,8308,8398,15083,16989,18635,24567,26225,36222,39242,42489,56909,62103,45990,55623,13542,23074,6,2,3027,2629,4771,6053,5711,9913,8799,15308,12870,15829,23219,25865,32847,40464,10665,18161,294181,196528,39553,32062,158940,6810,711,41,28
2021-05-07T23:59:59+02:00,13,12,8136,8302,14757,16805,18245,24330,25802,35931,38783,42109,56634,61748,45941,55576,13535,23064,6,2,2728,2495,4423,5868,5440,9653,8483,14997,12474,15432,22119,24488,32197,39629,10637,18111,291636,193063,39122,30561,158610,5217,315,40,26
2021-05-06T23:59:59+02:00,12,12,7489,7945,13856,16202,17186,23473,24458,34817,36636,40443,55507,60426,45698,55269,13500,22997,6,2,2603,2382,4249,5671,5232,9348,8137,14556,12040,14978,20811,22812,31342,38621,10583,17997,280982,187442,37839,29601,156789,4025,278,38,24
2021-05-05T23:59:59+02:00,10,12,6951,7637,13074,15658,16149,22704,23069,33789,34805,38953,53664,58386,45376,54923,13467,22931,6,2,2515,2324,4074,5514,5041,9136,7789,14217,11670,14618,19421,21029,30146,37204,10543,17894,269514,181302,36915,28426,154992,3292,99,38,24
2021-05-04T23:59:59+02:00,10,11,6761,7547,12707,15482,15661,22433,22421,33444,33844,38252,52810,57423,45253,54796,13449,22890,6,2,2460,2254,3920,5345,4864,8882,7445,13808,11244,14159,17769,19099,29043,35872,10447,17774,265736,174475,36046,27485,153330,2364,46,36,23
2021-05-03T23:59:59+02:00,10,10,6615,7397,12329,15261,15153,22122,21709,33036,32690,37360,52507,57103,45157,54689,13434,22858,6,2,2400,2184,3826,5165,4724,8647,7227,13459,10923,13751,16564,17599,28164,34769,10383,17666,262430,168894,35584,27136,151356,1371,35,35,23
2021-05-02T23:59:59+02:00,10,10,6534,7307,12115,15089,14852,21890,21232,32715,31539,36411,52223,56811,45095,54598,13416,22827,6,2,2385,2177,3804,5132,4693,8611,7160,13388,10838,13658,16252,17203,27866,34464,10371,17652,259993,167321,35510,27022,149103,1264,34,34,21
2021-05-01T23:59:59+02:00,10,10,6516,7283,12051,15039,14772,21827,21129,32643,31412,36317,52217,56796,45091,54597,13414,22825,6,2,2382,2169,3780,5115,4652,8586,7123,13351,10777,13603,16054,16980,27751,34327,10368,17642,259419,166355,35509,26996,148953,1262,34,34,21
2021-04-30T23:59:59+02:00,10,10,6478,7245,11958,14944,14666,21707,20933,32456,31172,36126,51946,56436,45046,54544,13408,22813,6,2,2353,2149,3718,5052,4555,8475,6973,13168,10500,13340,15239,15953,26880,33254,10327,17554,257633,163146,35465,25104,148733,1194,33,34,21
2021-04-29T23:59:59+02:00,10,10,6273,7117,11636,14754,14310,21467,20413,32165,30419,35637,51297,55609,44954,54425,13382,22733,6,2,2314,2103,3625,4963,4431,8339,6780,12950,10223,13053,14265,14719,25574,31706,10264,17458,254439,157437,35370,24354,146736,931,32,34,21
2021-04-28T23:59:59+02:00,10,10,6010,6951,11255,14416,13816,20999,19769,31558,29250,34504,48629,52601,44660,54101,13319,22655,6,2,2276,2062,3556,4901,4315,8222,6620,12767,9974,12834,13122,13237,24081,29825,10202,17355,244473,151457,35243,23150,144745,714,18,34,18
2021-04-27T23:59:59+02:00,10,10,5906,6860,11099,14293,13614,20835,19488,31347,28687,34115,48421,52379,44604,54047,13310,22633,6,2,2234,2027,3466,4807,4222,8113,6454,12580,9690,12558,11907,11672,22425,27666,10123,17209,243085,144625,35195,21965,143327,536,18,33,17
2021-04-26T23:59:59+02:00,10,10,5857,6818,10981,14225,13452,20711,19260,31135,27851,33548,48083,52009,44549,53981,13301,22604,6,2,2212,2000,3411,4762,4160,8046,6350,12447,9501,12382,10990,10513,21144,25906,10062,17119,242344,139338,35168,21217,140823,425,18,32,15
2021-04-25T23:59:59+02:00,10,10,5812,6771,10876,14130,13290,20554,19012,30851,27089,32806,47585,51498,44465,53882,13287,22584,6,2,2187,1990,3380,4743,4141,8027,6317,12406,9444,12321,10828,10319,20902,25582,10052,17105,240628,138485,35123,20867,138711,367,18,32,15
2021-04-24T23:59:59+02:00,10,10,5790,6723,10797,14038,13191,20409,18877,30671,26927,32624,47482,51375,44372,53786,13283,22579,6,2,2180,1979,3355,4715,4102,7981,6246,12334,9313,12203,10671,10139,20767,25450,10036,17087,239137,137957,35105,20228,138652,348,18,32,15
2021-04-23T23:59:59+02:00,10,10,5728,6634,10663,13839,12987,20155,18564,30290,26527,32262,46533,50237,44218,53541,13260,22547,6,2,2162,1957,3313,4678,4052,7927,6152,12243,9149,12075,10404,9838,20443,25029,9987,17004,234726,136830,35046,19221,138183,337,18,32,15
2021-04-22T23:59:59+02:00,10,10,5627,6520,10453,13641,12634,19817,18048,29815,25894,31669,44804,48083,43647,52812,13214,22447,5,2,2148,1946,3273,4625,3975,7853,6022,12143,8890,11910,9970,9432,19986,24437,9937,16926,228467,134702,34933,18441,135695,305,18,32,14
2021-04-21T23:59:59+02:00,10,9,5528,6385,10223,13439,12301,19503,17546,29321,25177,30935,40523,43211,43168,52277,13147,22342,5,2,2135,1937,3237,4588,3920,7794,5940,12050,8714,11750,9638,9047,19486,23844,9871,16829,216333,133052,34869,17427,133793,280,18,32,10
2021-04-20T23:59:59+02:00,10,9,5450,6294,10028,13221,12025,19236,17123,28912,24619,30366,38769,41194,42512,51497,13076,22202,5,2,2110,1924,3195,4564,3853,7750,5809,11951,8542,11623,9354,8727,19012,23173,9774,16689,210081,131680,34779,16123,131633,226,18,32,10
2021-04-19T23:59:59+02:00,10,8,5370,6218,9868,13091,11820,19027,16760,28529,24073,29894,37210,39402,41920,50776,13021,22115,5,2,2094,1907,3160,4529,3812,7704,5769,11881,8457,11531,9116,8442,18604,22606,9727,16596,205042,129981,34721,15728,129299,205,18,32,10
2021-04-18T23:59:59+02:00,10,7,5307,6167,9737,13006,11620,18887,16478,28331,23664,29580,35893,38036,41566,50370,12987,22051,5,2,2081,1892,3133,4507,3786,7688,5725,11834,8406,11482,9018,8353,18450,22418,9714,16571,203488,129499,34679,15338,125481,200,18,31,10
2021-04-17T23:59:59+02:00,10,7,5301,6151,9703,12975,11573,18847,16401,28264,23600,29521,35581,37694,41458,50272,12981,22040,5,2,2071,1884,3106,4494,3728,7643,5655,11783,8320,11430,8907,8243,18344,22300,9693,16558,202257,128691,34670,15248,125403,199,18,31,10
2021-04-16T23:59:59+02:00,10,7,5236,6112,9616,12914,11437,18736,16190,28105,23247,29171,34496,36433,41045,49747,12961,22006,5,2,1938,1797,2876,4314,3369,7325,4881,11247,6825,10336,6373,6161,16525,20600,9497,16258,198088,119296,34580,10810,124754,196,17,30,10
2021-04-15T23:59:59+02:00,10,7,5170,6022,9412,12741,11143,18489,15693,27711,22555,28567,32594,34118,39996,48539,12880,21838,5,2,1895,1765,2808,4250,3249,7203,4664,11064,6447,10026,5914,5762,15933,19914,9305,15923,192260,116155,34526,9761,120654,187,17,28,9
2021-04-14T23:59:59+02:00,10,7,5108,5976,9246,12615,10927,18312,15289,27394,21903,28086,30663,31865,38778,47117,12805,21651,5,2,1811,1711,2725,4181,3137,7109,4461,10899,6137,9776,5437,5348,15350,19225,9101,15567,185874,113523,34386,8303,117447,130,17,28,9
2021-04-13T23:59:59+02:00,10,7,5060,5922,9108,12487,10749,18145,14944,27117,21380,27624,28557,29412,37511,45518,12661,21444,5,2,1767,1694,2688,4138,3083,7047,4327,10759,5867,9563,5097,5045,14899,18774,8965,15363,178968,112101,34320,6922,114324,34,17,27,9
2021-04-12T23:59:59+02:00,10,7,4996,5873,9000,12348,10542,17997,14622,26836,20840,27167,26515,27140,36351,44051,12532,21243,5,2,1732,1650,2658,4117,3055,6994,4268,10691,5764,9462,4930,4899,14598,18406,8854,15163,173247,111252,34240,5937,110539,33,17,27,9
2021-04-11T23:59:59+02:00,10,7,4960,5830,8905,12269,10383,17895,14357,26659,20413,26843,25311,25850,35647,43265,12443,21092,5,2,1723,1644,2636,4096,3030,6966,4233,10644,5677,9394,4837,4844,14482,18281,8815,15110,171458,111041,34167,5326,106471,27,16,27,9
2021-04-10T23:59:59+02:00,10,7,4948,5817,8863,12241,10327,17860,14289,26609,20317,26763,24996,25474,35300,42845,12436,21071,5,2,1719,1638,2627,4088,3016,6949,4203,10613,5618,9355,4759,4767,14353,18115,8768,15025,170242,110243,33442,5325,106446,27,16,27,9
2021-04-09T23:59:59+02:00,10,7,4901,5785,8779,12161,10202,17735,14120,26434,20056,26519,24154,24319,34343,41633,12403,20997,4,2,1691,1609,2570,4054,2944,6889,4053,10503,5361,9129,4343,4391,13783,17398,8538,14656,166864,106553,31926,5317,105730,27,12,26,9
2021-04-08T23:59:59+02:00,10,7,4826,5720,8632,12053,9989,17563,13721,26119,19454,26050,22444,22327,32648,39660,12253,20760,4,2,1661,1593,2516,4009,2860,6804,3906,10366,5067,8865,3883,3964,12788,16152,8053,13894,161095,101557,31020,4786,102083,23,12,26,9
2021-04-07T23:59:59+02:00,10,6,4779,5667,8448,11975,9762,17413,13402,25891,18982,25688,20632,20212,30884,37397,12135,20546,4,2,1628,1577,2461,3956,2799,6722,3798,10221,4877,8676,3617,3672,12097,15346,7677,13334,155046,98222,29841,4208,98909,14,11,22,9
2021-04-06T23:59:59+02:00,10,6,4730,5622,8305,11863,9602,17246,13082,25623,18462,25301,18777,18142,28958,34903,11932,20200,4,2,1592,1558,2437,3930,2765,6682,3736,10176,4794,8584,3506,3547,11621,14698,7390,12919,148189,95900,28876,4009,95667,13,11,21,8
2021-04-05T23:59:59+02:00,10,6,4699,5581,8210,11772,9463,17148,12869,25411,18060,24956,17050,16211,27331,32751,11784,19972,4,2,1570,1546,2406,3912,2735,6633,3693,10117,4706,8468,3393,3438,11278,14329,7232,12637,142770,94501,28441,3567,92043,12,11,19,8
2021-04-04T23:59:59+02:00,10,6,4692,5575,8201,11762,9449,17133,12843,25390,18032,24931,16918,16035,27136,32505,11775,19958,4,2,1568,1545,2404,3909,2732,6629,3691,10113,4701,8465,3384,3427,11267,14317,7228,12629,142051,94419,28348,3567,91926,12,9,17,8
2021-04-03T23:59:59+02:00,10,6,4688,5567,8187,11755,9430,17113,12804,25358,17954,24867,16838,15945,27089,32448,11770,19951,4,2,1565,1543,2395,3901,2714,6615,3668,10085,4618,8410,3267,3312,11185,14243,7222,12619,141520,93772,28320,3567,91914,12,9,17,8
2021-04-02T23:59:59+02:00,10,6,4663,5547,8128,11701,9365,17044,12664,25251,17718,24666,16385,15468,26613,31871,11738,19896,4,2,1563,1534,2380,3896,2707,6599,3647,10053,4548,8317,3198,3243,10947,13940,7071,12416,140307,92474,26905,3563,91496,12,9,17,7
2021-04-01T23:59:59+02:00,9,6,4620,5486,8016,11558,9235,16885,12390,24965,17273,24266,15632,14741,25854,30909,11611,19713,4,2,1546,1514,2351,3863,2684,6570,3608,10014,4481,8252,3085,3112,10010,12821,6455,11565,138062,88455,26239,3457,88845,11,7,16,7
2021-03-31T23:59:59+02:00,9,6,4408,5406,7904,11435,9093,16719,12171,24687,16919,23901,14935,13976,25020,29898,11502,19513,4,2,1537,1509,2337,3843,2656,6541,3558,9966,4409,8180,2993,3022,9435,12117,6090,11068,136257,86012,24775,3231,86449,11,6,15,7
2021-03-30T23:59:59+02:00,9,6,4377,5354,7828,11308,9006,16562,12010,24497,16633,23589,14334,13332,24260,28912,11363,19268,4,2,1523,1499,2316,3818,2630,6511,3517,9901,4342,8109,2866,2874,8839,11457,5737,10572,134766,83674,23558,2824,84303,6,6,15,7
2021-03-29T23:59:59+02:00,9,6,4337,5301,7728,11196,8898,16396,11848,24223,16303,23241,13791,12732,23496,27935,11203,19019,4,2,1504,1486,2297,3802,2607,6483,3483,9841,4278,8034,2813,2806,8547,11069,5548,10259,132914,82279,22796,2565,81931,6,6,15,7
2021-03-28T23:59:59+02:00,9,6,4302,5217,7643,11088,8818,16242,11713,23993,16043,22968,13462,12421,22923,27241,11029,18734,4,2,1494,1479,2275,3786,2592,6454,3443,9791,4241,7975,2765,2755,8468,10963,5503,10192,132414,81927,22270,2237,79147,5,6,15,7
2021-03-27T23:59:59+01:00,9,6,4288,5206,7617,11056,8752,16169,11614,23898,15897,22852,13257,12208,22720,27027,10994,18705,4,2,1493,1477,2272,3784,2591,6453,3429,9764,4231,7952,2757,2749,8410,10899,5468,10152,131530,81632,21624,2237,79100,5,6,15,7
2021-03-26T23:59:59+01:00,9,6,4244,5138,7507,10922,8577,15984,11278,23594,15284,22349,12337,11378,21928,26183,10847,18476,2,2,1488,1463,2267,3763,2578,6430,3412,9738,4190,7916,2727,2710,8229,10680,5347,9981,127464,80782,20013,2123,78543,5,6,15,7
2021-03-25T23:59:59+01:00,9,5,4189,4976,7343,10643,8332,15575,10894,22970,14639,21649,11664,10715,21057,25114,10528,17930,2,2,1468,1450,2234,3736,2543,6392,3375,9691,4119,7834,2592,2570,7250,9419,4729,9063,124171,76568,19231,1884,74811,5,5,14,7
2021-03-24T23:59:59+01:00,9,5,4113,4837,7206,10354,8116,15162,10630,22420,14167,21038,11058,10155,20120,24024,10195,17362,2,2,1447,1421,2207,3698,2499,6355,3333,9626,4040,7734,2491,2473,6599,8651,4343,8481,121564,73929,18036,1461,71357,3,2,12,7
2021-03-23T23:59:59+01:00,9,5,4073,4745,7099,10114,7963,14820,10367,21915,13765,20545,10590,9714,19393,23170,9880,16895,2,2,1436,1403,2181,3677,2480,6327,3273,9572,3946,7658,2397,2372,5870,7721,3890,7788,120099,70852,16927,1132,68023,3,1,12,7
2021-03-22T23:59:59+01:00,9,5,4020,4666,6970,9873,7802,14498,10107,21447,13414,20044,10197,9357,18821,22459,9687,16547,2,1,1427,1396,2174,3663,2468,6311,3249,9549,3916,7624,2336,2321,5413,7110,3528,7295,119200,68730,16524,1042,64186,3,1,12,7
2021-03-21T23:59:59+01:00,9,5,3973,4564,6838,9608,7634,14139,9885,20905,13071,19518,9877,9078,18284,21857,9497,16234,2,1,1424,1392,2173,3652,2464,6303,3243,9540,3906,7610,2322,2302,5296,6978,3470,7194,118993,68219,16127,1042,59843,3,1,12,7
2021-03-20T23:59:59+01:00,9,5,3962,4544,6802,9553,7576,14065,9801,20795,12965,19428,9790,8985,18144,21679,9446,16147,2,1,1421,1387,2169,3648,2459,6298,3229,9530,3886,7600,2287,2270,4968,6604,3281,6952,118160,66939,16032,1042,59491,3,1,12,7
2021-03-19T23:59:59+01:00,8,5,3788,4403,6510,9303,7135,13639,8889,20065,11234,18100,6928,6630,15887,19474,9083,15584,2,1,1417,1383,2164,3641,2447,6285,3216,9504,3834,7554,2220,2229,4593,6130,3012,6627,108848,65240,11307,1009,56497,3,1,12,6
2021-03-18T23:59:59+01:00,8,4,3684,4272,6333,8995,6867,13200,8499,19407,10596,17360,6210,5978,14662,18001,8565,14758,2,1,1413,1377,2141,3614,2429,6248,3187,9462,3794,7521,2175,2195,4171,5597,2730,6212,103703,63358,10302,901,53381,3,1,12,6
2021-03-17T23:59:59+01:00,8,4,3605,4198,6203,8848,6695,13023,8200,19097,10191,16970,5801,5592,13843,17075,8165,14169,2,1,1403,1364,2125,3594,2399,6216,3156,9434,3757,7484,2120,2135,3761,5151,2477,5823,100454,61625,8610,767,52610,3,1,12,6
2021-03-16T23:59:59+01:00,8,4,3527,4066,6048,8578,6488,12653,7888,18515,9642,16315,5272,5136,13023,16112,7826,13669,2,1,1394,1355,2116,3577,2383,6201,3140,9415,3732,7458,2093,2098,3241,4510,2137,5310,98120,59390,7199,763,49438,3,1,12,6
2021-03-15T23:59:59+01:00,8,4,3479,3920,5861,8303,6269,12240,7611,17943,9207,15691,4955,4851,12364,15370,7561,13207,2,1,1394,1345,2100,3562,2363,6177,3121,9366,3708,7419,2056,2047,2873,4047,1850,4915,96619,57592,6219,745,45994,3,0,12,6
2021-03-14T23:59:59+01:00,8,4,3433,3787,5632,7973,5979,11794,7302,17223,8746,14940,4631,4576,12075,15114,7512,13107,2,1,1387,1340,2084,3533,2350,6128,3103,9307,3690,7380,2049,2036,2795,3939,1797,4829,96492,57191,5604,550,41728,3,0,12,6
2021-03-13T23:59:59+01:00,8,4,3416,3746,5591,7857,5918,11672,7216,17075,8597,14785,4480,4426,11984,15029,7506,13096,2,1,1387,1340,2084,3533,2349,6128,3102,9305,3689,7380,2046,2028,2742,3883,1763,4775,95798,56979,5604,550,40992,2,0,12,6
2021-03-12T23:59:59+01:00,8,4,3396,3676,5534,7719,5858,11520,7129,16848,8462,14552,4374,4329,11710,14703,7350,12878,2,1,1387,1340,2080,3527,2348,6120,3097,9299,3687,7375,2044,2026,2654,3772,1679,4686,94371,56566,5596,550,40072,2,0,11,6
2021-03-11T23:59:59+01:00,8,4,3318,3483,5325,7422,5627,11102,6790,16179,8023,13913,4030,3993,10630,13443,6691,11965,2,1,1382,1338,2069,3513,2329,6095,3074,9264,3663,7342,2014,2001,2414,3506,1523,4467,90164,55473,5161,517,36610,2,0,11,5
2021-03-10T23:59:59+01:00,8,4,3222,3365,5106,7150,5415,10739,6519,15633,7682,13365,3805,3764,9983,12650,6303,11429,2,1,1377,1327,2042,3475,2300,6005,3026,9141,3606,7222,1970,1924,2198,3269,1391,4272,87685,54258,4785,283,33661,2,0,11,5
2021-03-09T23:59:59+01:00,7,4,3148,3237,4939,6963,5211,10454,6287,15197,7385,12856,3621,3557,9346,11946,5924,10904,2,1,1370,1316,2008,3415,2269,5903,2964,8999,3538,7140,1940,1898,1918,2951,1219,4025,85393,52834,4520,35,31062,2,0,11,5
2021-03-08T23:59:59+01:00,7,4,3084,3081,4708,6699,4969,10100,6026,14683,7023,12270,3419,3364,8953,11503,5726,10586,2,1,1367,1298,1994,3337,2238,5806,2926,8853,3505,7045,1925,1876,1715,2719,1095,3830,83913,51494,4148,33,28134,0,0,10,5
2021-03-07T23:59:59+01:00,7,4,3051,3021,4635,6584,4885,9987,5921,14519,6905,12123,3368,3317,8864,11394,5685,10519,2,1,1361,1293,1988,3325,2230,5781,2919,8814,3493,7026,1917,1864,1660,2651,1044,3761,83551,51092,3970,33,27258,0,0,10,5
2021-03-06T23:59:59+01:00,6,4,3037,2963,4593,6491,4848,9920,5863,14400,6857,12011,3344,3294,8807,11328,5650,10476,2,1,1359,1280,1983,3311,2218,5754,2916,8787,3482,7007,1907,1840,1632,2627,1038,3752,83226,50858,3970,33,26686,0,0,10,5
2021-03-05T23:59:59+01:00,6,4,3013,2870,4534,6379,4784,9822,5800,14247,6754,11858,3299,3239,8621,11100,5527,10300,2,1,1350,1247,1951,3256,2193,5648,2876,8653,3438,6869,1863,1794,1568,2557,1016,3724,82318,49968,3962,33,25867,0,0,10,5
2021-03-04T23:59:59+01:00,4,4,2961,2681,4377,6140,4565,9509,5593,13830,6441,11469,3123,3063,7600,9804,4892,9381,2,1,1331,1198,1914,3133,2161,5466,2830,8376,3381,6636,1791,1704,1531,2505,1011,3706,78143,48640,3688,32,23596,0,0,10,5
2021-03-03T23:59:59+01:00,3,4,2922,2610,4237,5949,4398,9241,5389,13451,6185,11050,2997,2930,6950,9026,4494,8772,2,1,1319,1162,1887,3060,2139,5355,2800,8197,3328,6478,1723,1661,1489,2435,991,3651,75410,47642,3445,32,21743,0,0,10,4
2021-03-02T23:59:59+01:00,3,4,2862,2519,4050,5730,4194,8970,5191,13070,5916,10674,2849,2768,6184,8062,4021,8062,2,1,1286,1120,1860,2988,2115,5213,2750,7924,3279,6280,1649,1601,1423,2355,967,3600,72236,46377,2989,32,19894,0,0,10,4
2021-03-01T23:59:59+01:00,3,3,2823,2456,3886,5577,4008,8751,5002,12751,5677,10281,2748,2653,5689,7405,3655,7551,2,1,1280,1084,1837,2887,2089,5019,2709,7674,3219,6044,1606,1565,1374,2294,937,3557,70064,45142,2680,32,18165,0,0,10,4
2021-02-28T23:59:59+01:00,3,3,2781,2408,3728,5459,3784,8561,4819,12500,5490,9975,2691,2580,5567,7250,3593,7450,2,1,1276,1079,1832,2874,2080,4995,2702,7638,3209,6027,1597,1558,1369,2286,934,3547,69585,44971,2459,31,16588,0,0,10,4
2021-02-27T23:59:59+01:00,3,2,2768,2347,3702,5379,3750,8487,4785,12406,5455,9901,2650,2546,5232,6861,3392,7198,2,1,1269,1071,1825,2862,2067,4960,2683,7573,3193,5971,1579,1549,1363,2275,932,3546,68262,44687,2459,30,16133,0,0,10,4
2021-02-26T23:59:59+01:00,3,2,2748,2306,3662,5291,3684,8383,4722,12295,5368,9813,2573,2493,4848,6378,3113,6864,2,1,1212,1021,1775,2756,2018,4779,2627,7298,3120,5761,1518,1498,1340,2253,918,3537,66439,43401,2332,29,15766,0,0,9,4
2021-02-25T23:59:59+01:00,3,2,2577,2199,3475,5109,3499,8156,4519,12008,5149,9538,2484,2427,4399,5823,2824,6436,2,1,1196,964,1744,2647,1964,4505,2558,6901,3025,5474,1472,1455,1319,2238,915,3528,64572,41878,2005,26,14041,0,0,9,4
2021-02-24T23:59:59+01:00,3,2,2424,2066,3286,4915,3353,7950,4321,11752,4928,9287,2347,2307,3939,5311,2561,6037,1,1,1181,935,1721,2562,1928,4365,2498,6645,2972,5268,1441,1424,1301,2217,911,3505,62791,40854,1526,18,12463,0,0,9,4
2021-02-23T23:59:59+01:00,3,2,2295,1928,3107,4688,3200,7711,4146,11481,4744,9039,2258,2214,3381,4646,2216,5518,1,1,1167,887,1688,2467,1889,4174,2430,6346,2874,5008,1383,1368,1272,2173,895,3478,60572,39482,1173,15,10823,0,0,9,4
2021-02-22T23:59:59+01:00,3,2,2255,1877,3023,4595,3130,7602,4052,11294,4636,8914,2206,2173,3010,4178,1928,5132,1,1,1155,828,1656,2341,1847,3928,2354,5951,2749,4711,1320,1315,1249,2139,887,3453,58888,37876,1086,5,10027,0,0,9,4
2021-02-21T23:59:59+01:00,3,2,2219,1846,2971,4526,3050,7489,3971,11149,4570,8797,2191,2150,2926,4063,1872,5044,1,1,1152,810,1639,2289,1820,3821,2321,5796,2686,4585,1289,1292,1239,2125,880,3438,58455,37175,1053,5,9322,0,0,9,4
2021-02-20T23:59:59+01:00,3,2,2207,1843,2948,4513,3034,7453,3945,11116,4549,8775,2188,2142,2872,4006,1837,4989,1,1,1152,807,1639,2287,1819,3812,2320,5791,2685,4581,1288,1289,1238,2122,879,3437,58239,37139,1052,5,9122,0,0,9,4
2021-02-19T23:59:59+01:00,2,2,2195,1829,2912,4461,3009,7367,3900,11034,4495,8712,2180,2136,2781,3892,1752,4895,1,1,1102,798,1600,2279,1808,3803,2310,5770,2677,4568,1282,1278,1227,2117,874,3430,57817,36917,1020,4,8708,0,0,9,4
2021-02-18T23:59:59+01:00,2,2,2064,1734,2755,4278,2885,7169,3763,10747,4356,8507,2146,2102,2538,3620,1596,4672,1,1,1023,762,1528,2180,1758,3680,2237,5613,2620,4483,1268,1258,1220,2103,861,3412,56744,36000,952,4,7232,0,0,8,4
2021-02-17T23:59:59+01:00,2,2,2020,1686,2664,4147,2775,6957,3611,10406,4214,8264,2087,2018,2320,3391,1469,4479,1,1,871,697,1415,2054,1681,3489,2140,5385,2548,4310,1234,1212,1194,2058,845,3367,55672,34495,806,3,6026,0,0,8,4
2021-02-16T23:59:59+01:00,2,2,1850,1575,2490,3939,2635,6682,3450,10052,4036,7958,2042,1991,2038,3071,1295,4226,1,1,844,675,1345,1976,1612,3348,2045,5211,2453,4176,1172,1166,1134,1968,812,3264,54331,33197,770,2,4225,0,0,8,4
2021-02-15T23:59:59+01:00,2,2,1815,1520,2402,3768,2558,6410,3328,9684,3921,7688,2016,1962,1819,2830,1169,4033,1,1,826,663,1316,1929,1570,3279,1987,5038,2389,4075,1113,1125,1067,1877,793,3160,53221,32204,754,1,2944,0,0,8,4
2021-02-14T23:59:59+01:00,2,2,1725,1490,2354,3707,2516,6316,3257,9580,3874,7610,2005,1952,1761,2770,1119,3973,1,1,811,653,1300,1906,1543,3256,1953,4997,2363,4019,1103,1115,1060,1868,790,3148,52882,31883,725,1,2398,0,0,8,3
2021-02-13T23:59:59+01:00,2,2,1724,1478,2344,3700,2510,6302,3254,9564,3867,7600,1996,1932,1737,2750,1115,3963,1,1,811,653,1300,1906,1543,3256,1953,4997,2363,4019,1103,1115,1060,1868,790,3148,52725,31883,725,1,2382,0,0,8,3
2021-02-12T23:59:59+01:00,2,2,1645,1393,2243,3586,2431,6129,3149,9326,3743,7334,1948,1874,1673,2679,1092,3934,1,1,804,645,1288,1883,1530,3237,1945,4966,2347,3999,1098,1110,1059,1849,790,3117,51781,31666,725,0,1669,0,0,8,3
2021-02-11T23:59:59+01:00,2,2,1450,1258,2062,3374,2303,5837,2998,8892,3586,6986,1875,1772,1631,2615,1072,3911,1,1,775,597,1193,1704,1403,2959,1805,4604,2181,3709,1045,1046,1015,1771,749,2974,50381,29531,684,0,553,0,0,8,1
2021-02-10T23:59:59+01:00,2,2,1357,1211,1978,3247,2234,5665,2916,8613,3475,6754,1805,1725,1583,2548,1053,3848,1,1,565,513,971,1478,1261,2648,1620,4144,1977,3327,925,918,882,1513,657,2632,49203,26032,645,0,161,0,0,7,1
2021-02-09T23:59:59+01:00,2,2,1322,1162,1943,3153,2206,5480,2849,8273,3405,6496,1731,1663,1521,2487,1034,3806,1,1,303,380,756,1212,1075,2270,1413,3604,1727,2871,759,756,708,1206,523,2127,47934,21691,515,0,80,0,0,6,1
2021-02-08T23:59:59+01:00,2,2,1315,1127,1911,3036,2169,5258,2797,7994,3346,6260,1688,1629,1472,2432,1017,3783,1,1,267,341,653,1059,970,2054,1254,3211,1531,2555,657,636,606,1018,451,1841,46808,19105,345,0,79,0,0,6,1
2021-02-07T23:59:59+01:00,2,2,1289,1111,1881,2984,2143,5176,2767,7891,3304,6194,1672,1613,1457,2413,1005,3768,1,1,233,286,604,969,909,1899,1163,2983,1433,2383,616,616,584,983,441,1810,46522,17914,144,0,0,0,0,6,0
2021-02-06T23:59:59+01:00,2,2,1284,1105,1875,2972,2134,5148,2754,7847,3293,6149,1659,1605,1452,2403,1002,3767,1,1,214,255,582,930,881,1834,1120,2864,1376,2300,600,597,577,983,441,1810,46303,17366,144,0,0,0,0,6,0
2021-02-05T23:59:59+01:00,2,2,1225,1053,1826,2864,2082,4952,2693,7551,3216,5933,1596,1552,1435,2379,994,3761,1,1,197,222,546,879,845,1754,1082,2744,1323,2200,566,573,565,959,429,1785,44966,16671,144,0,0,0,0,6,0
2021-02-04T23:59:59+01:00,2,2,1213,990,1785,2716,2010,4640,2611,7103,3116,5604,1551,1519,1418,2362,989,3750,1,1,168,170,472,759,746,1613,969,2505,1209,1986,520,520,517,903,408,1665,43340,15132,36,0,0,0,0,5,0
2021-02-03T23:59:59+01:00,2,2,1195,961,1755,2635,1971,4492,2545,6841,3064,5390,1514,1487,1388,2327,970,3720,1,1,139,141,397,646,630,1375,823,2127,1011,1694,400,384,373,681,288,1259,42218,12370,36,0,0,0,0,5,0
2021-02-02T23:59:59+01:00,2,2,1178,905,1721,2534,1930,4272,2472,6509,2958,5118,1460,1440,1364,2296,960,3695,1,1,116,116,321,524,524,1137,678,1796,822,1385,299,280,292,499,225,947,40775,9963,36,0,0,0,0,5,0
2021-02-01T23:59:59+01:00,1,2,1165,845,1686,2410,1879,4027,2395,6118,2836,4822,1392,1357,1334,2250,947,3666,0,0,83,76,221,353,351,744,430,1159,480,863,186,170,171,298,126,562,39091,6273,36,0,0,0,0,5,0
2021-01-31T23:59:59+01:00,1,2,1161,827,1669,2353,1854,3905,2363,5934,2769,4701,1361,1334,1323,2234,940,3650,0,0,72,70,187,281,273,577,341,905,398,696,160,155,159,289,122,548,38343,5233,33,0,0,0,0,5,0
2021-01-30T23:59:59+01:00,1,2,1161,824,1668,2348,1852,3894,2361,5923,2766,4691,1360,1330,1322,2233,940,3649,0,0,69,63,154,234,245,509,306,787,355,621,159,148,154,285,122,547,38288,4758,32,0,0,0,0,5,0
2021-01-29T23:59:59+01:00,1,2,1110,815,1629,2340,1841,3887,2353,5908,2758,4680,1356,1327,1318,2233,940,3649,0,0,61,45,117,179,201,353,250,639,310,493,148,139,143,275,119,546,38112,4018,30,0,0,0,0,5,0
2021-01-28T23:59:59+01:00,1,2,1035,789,1573,2277,1808,3818,2306,5837,2725,4628,1344,1315,1308,2227,928,3635,0,0,39,20,75,106,132,206,155,383,202,296,115,106,117,221,107,496,37524,2776,27,0,0,0,0,5,0
2021-01-27T23:59:59+01:00,1,2,888,737,1478,2202,1740,3705,2233,5708,2667,4502,1314,1269,1279,2188,912,3599,0,0,30,13,63,88,106,162,122,326,175,250,107,88,104,201,103,459,36402,2397,18,0,0,0,0,4,0
2021-01-26T23:59:59+01:00,1,2,873,717,1415,2127,1679,3575,2145,5536,2579,4390,1255,1229,1229,2114,887,3538,0,0,29,12,60,85,102,156,118,311,174,240,104,82,97,180,92,409,35274,2251,13,0,0,0,0,4,0
2021-01-25T23:59:59+01:00,1,2,861,696,1384,2065,1646,3478,2099,5366,2522,4298,1201,1204,1174,2054,870,3472,0,0,27,12,57,85,99,154,117,309,173,240,103,81,96,179,90,406,34385,2228,4,0,0,0,0,4,0
2021-01-24T23:59:59+01:00,1,2,858,695,1378,2054,1641,3461,2091,5341,2510,4266,1197,1196,1169,2047,869,3466,0,0,27,12,57,85,98,153,117,309,173,239,103,81,96,179,90,405,34235,2224,4,0,0,0,0,3,0
2021-01-23T23:59:59+01:00,1,2,858,695,1378,2054,1640,3461,2091,5341,2510,4266,1197,1196,1169,2047,869,3466,0,0,27,12,57,85,98,153,117,309,172,239,103,81,96,179,90,405,34235,2223,3,0,0,0,0,3,0
2021-01-22T23:59:59+01:00,1,2,857,685,1364,2031,1625,3437,2078,5307,2494,4246,1195,1191,1168,2024,868,3432,0,0,27,12,57,85,98,153,117,309,171,239,103,81,96,179,90,405,33999,2222,3,0,0,0,0,3,0
2021-01-21T23:59:59+01:00,1,2,825,649,1287,1876,1524,3244,1982,5035,2384,4046,1154,1131,1139,1955,830,3311,0,0,25,11,53,80,90,144,107,280,157,216,89,72,85,155,74,345,32371,1983,3,0,0,0,0,1,0
2021-01-20T23:59:59+01:00,1,2,626,551,1093,1660,1386,2971,1805,4629,2179,3705,1025,1012,1009,1714,753,3007,0,0,23,11,52,76,87,143,99,267,146,197,78,65,79,130,62,307,29124,1822,3,0,0,0,0,1,0
2021-01-19T23:59:59+01:00,1,2,341,407,844,1404,1182,2623,1569,4100,1915,3256,850,842,838,1425,631,2565,0,0,19,8,37,53,58,78,73,180,103,134,58,50,51,96,47,238,24792,1283,2,0,0,0,0,1,0
2021-01-18T23:59:59+01:00,1,2,300,371,731,1215,1064,2369,1376,3599,1674,2875,709,690,677,1169,527,2120,0,0,8,4,12,18,20,26,24,52,25,47,13,11,13,33,11,72,21467,389,1,0,0,0,0,1,0
2021-01-17T23:59:59+01:00,1,2,258,319,664,1119,984,2198,1278,3326,1560,2663,663,660,648,1109,499,2052,0,0,0,0,1,0,3,2,2,1,2,2,1,4,1,0,0,1,20002,20,1,0,0,0,0,0,0
2021-01-16T23:59:59+01:00,1,2,241,289,648,1083,960,2136,1236,3215,1509,2589,647,642,640,1109,499,2051,0,0,0,0,0,0,1,2,1,1,1,2,0,1,1,0,0,1,19496,11,1,0,0,0,0,0,0
2021-01-15T23:59:59+01:00,1,2,225,255,618,1031,933,2058,1202,3097,1457,2492,616,616,633,1088,492,2039,0,0,0,0,0,0,0,0,0,0,0,0,0,0,0,0,0,0,18855,0,0,0,0,0,0,0,0
2021-01-14T23:59:59+01:00,1,2,195,206,557,908,844,1913,1107,2875,1342,2307,572,572,593,1042,485,1993,0,0,0,0,0,0,0,0,0,0,0,0,0,0,0,0,0,0,17514,0,0,0,0,0,0,0,0
2021-01-13T23:59:59+01:00,1,2,166,185,508,836,771,1787,1008,2638,1187,2082,456,453,451,824,369,1552,0,0,0,0,0,0,0,0,0,0,0,0,0,0,0,0,0,0,15276,0,0,0,0,0,0,0,0
2021-01-12T23:59:59+01:00,1,2,142,164,477,767,719,1632,919,2435,1079,1850,366,344,351,591,270,1115,0,0,0,0,0,0,0,0,0,0,0,0,0,0,0,0,0,0,13224,0,0,0,0,0,0,0,0
2021-01-11T23:59:59+01:00,0,1,113,127,401,637,629,1378,756,1977,847,1462,228,203,201,357,153,673,0,0,0,0,0,0,0,0,0,0,0,0,0,0,0,0,0,0,10143,0,0,0,0,0,0,0,0
2021-01-10T23:59:59+01:00,0,1,87,92,310,458,473,1000,547,1449,623,1065,190,179,184,344,147,659,0,0,0,0,0,0,0,0,0,0,0,0,0,0,0,0,0,0,7808,0,0,0,0,0,0,0,0
2021-01-09T23:59:59+01:00,0,1,77,84,263,396,402,867,480,1232,547,908,183,169,179,339,147,657,0,0,0,0,0,0,0,0,0,0,0,0,0,0,0,0,0,0,6931,0,0,0,0,0,0,0,0
2021-01-08T23:59:59+01:00,0,1,64,64,190,288,304,585,366,934,440,689,175,164,163,327,145,657,0,0,0,0,0,0,0,0,0,0,0,0,0,0,0,0,0,0,5556,0,0,0,0,0,0,0,0
2021-01-07T23:59:59+01:00,0,0,45,25,81,122,140,231,165,421,222,344,130,128,144,277,131,602,0,0,0,0,0,0,0,0,0,0,0,0,0,0,0,0,0,0,3208,0,0,0,0,0,0,0,0
2021-01-06T23:59:59+01:00,0,0,33,18,70,93,119,180,137,344,193,279,111,99,115,227,112,517,0,0,0,0,0,0,0,0,0,0,0,0,0,0,0,0,0,0,2647,0,0,0,0,0,0,0,0
2021-01-05T23:59:59+01:00,0,0,30,13,60,89,108,166,121,329,179,256,109,94,114,220,109,499,0,0,0,0,0,0,0,0,0,0,0,0,0,0,0,0,0,0,2496,0,0,0,0,0,0,0,0
2021-01-04T23:59:59+01:00,0,0,27,12,57,86,100,158,116,314,177,244,108,90,107,206,99,461,0,0,0,0,0,0,0,0,0,0,0,0,0,0,0,0,0,0,2362,0,0,0,0,0,0,0,0
2021-01-03T23:59:59+01:00,0,0,27,12,57,86,100,158,116,314,177,244,108,90,106,205,99,461,0,0,0,0,0,0,0,0,0,0,0,0,0,0,0,0,0,0,2360,0,0,0,0,0,0,0,0
2021-01-02T23:59:59+01:00,0,0,27,12,57,86,100,158,116,314,176,244,108,90,106,205,99,461,0,0,0,0,0,0,0,0,0,0,0,0,0,0,0,0,0,0,2359,0,0,0,0,0,0,0,0
2021-01-01T23:59:59+01:00,0,0,27,12,57,86,100,158,116,314,174,243,108,90,106,205,99,461,0,0,0,0,0,0,0,0,0,0,0,0,0,0,0,0,0,0,2356,0,0,0,0,0,0,0,0
2020-12-31T23:59:59+01:00,0,0,27,12,57,86,100,158,116,314,174,243,108,90,106,205,99,461,0,0,0,0,0,0,0,0,0,0,0,0,0,0,0,0,0,0,2356,0,0,0,0,0,0,0,0
2020-12-30T23:59:59+01:00,0,0,26,12,57,85,99,155,116,313,174,243,108,90,106,205,99,461,0,0,0,0,0,0,0,0,0,0,0,0,0,0,0,0,0,0,2349,0,0,0,0,0,0,0,0
2020-12-29T23:59:59+01:00,0,0,20,9,42,60,76,91,86,218,128,191,83,77,77,171,80,373,0,0,0,0,0,0,0,0,0,0,0,0,0,0,0,0,0,0,1782,0,0,0,0,0,0,0,0
2020-12-28T23:59:59+01:00,0,0,9,6,18,30,31,45,40,113,53,103,36,42,39,98,43,211,0,0,0,0,0,0,0,0,0,0,0,0,0,0,0,0,0,0,917,0,0,0,0,0,0,0,0
2020-12-27T23:59:59+01:00,0,0,2,2,4,5,7,11,10,24,6,23,6,7,7,25,5,56,0,0,0,0,0,0,0,0,0,0,0,0,0,0,0,0,0,0,200,0,0,0,0,0,0,0,0
