Datum,<15_1_m,<15_1_w,15-24_1_m,15-24_1_w,25-34_1_m,25-34_1_w,35-44_1_m,35-44_1_w,45-54_1_m,45-54_1_w,55-64_1_m,55-64_1_w,65-74_1_m,65-74_1_w,75-84_1_m,75-84_1_w,>84_1_m,>84_1_w,<15_2_m,<15_2_w,15-24_2_m,15-24_2_w,25-34_2_m,25-34_2_w,35-44_2_m,35-44_2_w,45-54_2_m,45-54_2_w,55-64_2_m,55-64_2_w,65-74_2_m,65-74_2_w,75-84_2_m,75-84_2_w,>84_2_m,>84_2_w,bp_1,bp_2,mo_1,mo_2,az_1,az_2,ja,unb_1,unb_2
2021-11-07T23:59:59+01:00,12203,11396,63777,59466,70299,65531,78430,79064,99353,100885,109732,108280,74690,81057,52393,64317,15171,26186,10287,9575,57899,54517,64789,60259,73406,74001,94253,95806,105472,104425,72954,79087,51201,62842,14679,25174,866212,814166,72068,68900,182710,176205,51303,42,52
2021-11-06T23:59:59+01:00,12105,11309,63590,59266,70070,65306,78258,78919,99189,100730,109629,108194,74675,81033,52382,64308,15169,26183,10272,9565,57848,54483,64749,60211,73382,73974,94225,95780,105453,104404,72943,79075,51197,62838,14678,25172,864355,813820,72039,68899,182709,176203,51275,42,52
2021-11-05T23:59:59+01:00,12002,11223,63407,59107,69867,65102,78079,78757,99061,100601,109544,108113,74653,81008,52377,64300,15169,26181,10236,9526,57776,54443,64700,60162,73345,73940,94192,95736,105420,104373,72930,79059,51193,62832,14678,25170,862764,813359,71909,68866,182706,176200,51234,42,52
2021-11-04T23:59:59+01:00,11918,11135,63185,58924,69597,64876,77889,78570,98877,100453,109422,108001,74613,80976,52366,64283,15164,26160,10181,9462,57654,54362,64621,60066,73261,73862,94129,95668,105364,104312,72904,79036,51172,62811,14670,25157,860882,812475,71754,68838,182702,176194,51133,42,52
2021-11-03T23:59:59+01:00,11837,11077,62967,58770,69375,64701,77706,78432,98722,100344,109318,107937,74590,80950,52353,64264,15160,26150,10120,9410,57541,54249,64511,59947,73171,73784,94044,95602,105308,104264,72876,79003,51152,62784,14664,25141,859297,811467,71672,68815,182701,176193,51044,42,52
2021-11-02T23:59:59+01:00,11759,10999,62746,58610,69087,64478,77483,78268,98533,100196,109195,107838,74567,80914,52338,64239,15155,26140,10062,9344,57389,54150,64400,59833,73069,73705,93952,95524,105254,104201,72841,78962,51144,62758,14657,25127,857383,810403,71589,68796,182699,176189,50932,42,52
2021-11-01T23:59:59+01:00,11667,10918,62473,58430,68829,64287,77279,78123,98366,100065,109086,107752,74535,80885,52322,64215,15148,26128,9994,9275,57259,54045,64269,59737,72979,73603,93879,95454,105193,104148,72803,78929,51131,62726,14649,25106,855541,809367,71522,68748,182678,176186,50826,41,52
2021-10-31T23:59:59+01:00,11656,10906,62440,58414,68805,64266,77254,78099,98348,100055,109075,107745,74533,80885,52322,64215,15148,26128,9977,9257,57241,54031,64257,59721,72968,73590,93875,95449,105188,104144,72803,78927,51131,62725,14649,25106,855365,809255,71508,68742,182676,176186,50804,41,52
2021-10-30T23:59:59+02:00,11650,10902,62424,58396,68779,64249,77236,78080,98333,100043,109069,107743,74531,80885,52322,64215,15147,26127,9974,9257,57227,54022,64250,59718,72957,73581,93869,95443,105185,104143,72803,78926,51130,62725,14649,25105,855233,809207,71499,68737,182676,176186,50782,41,52
2021-10-29T23:59:59+02:00,11584,10843,62236,58276,68569,64100,77054,77957,98163,99917,108959,107683,74508,80871,52311,64199,15143,26119,9943,9231,57117,53941,64160,59641,72893,73519,93798,95398,105145,104120,72786,78909,51125,62713,14645,25099,853744,808562,71459,68709,182674,176186,50674,41,52
2021-10-28T23:59:59+02:00,11501,10771,62008,58122,68321,63904,76850,77802,97970,99760,108855,107598,74483,80828,52295,64186,15138,26111,9885,9180,56959,53792,64027,59529,72793,73422,93730,95322,105063,104051,72761,78877,51113,62700,14641,25089,851974,807507,71394,68679,182670,176172,50524,41,52
2021-10-27T23:59:59+02:00,11432,10687,61847,57970,68121,63750,76686,77678,97845,99661,108784,107542,74462,80796,52286,64167,15135,26095,9825,9123,56841,53677,63921,59430,72692,73336,93662,95258,105002,104017,72737,78846,51100,62677,14637,25074,850635,806560,71276,68656,182669,176164,50423,41,52
2021-10-26T23:59:59+02:00,11349,10588,61707,57815,67944,63588,76527,77570,97731,99560,108704,107483,74433,80762,52261,64132,15121,26070,9764,9048,56691,53560,63818,59315,72619,73268,93588,95193,104955,103972,72714,78822,51077,62650,14630,25065,849191,805583,71217,68630,182666,176154,50330,41,52
2021-10-25T23:59:59+02:00,11325,10568,61651,57765,67897,63551,76482,77528,97695,99539,108682,107465,74424,80751,52260,64127,15118,26069,9740,9025,56630,53518,63782,59286,72591,73231,93562,95175,104938,103955,72712,78817,51075,62646,14630,25063,848777,805240,71208,68625,182666,176154,50305,41,52
2021-10-24T23:59:59+02:00,11282,10529,61542,57688,67796,63462,76400,77454,97618,99493,108646,107436,74410,80737,52254,64125,15115,26068,9691,8985,56555,53439,63705,59204,72528,73182,93513,95121,104908,103916,72688,78801,51066,62636,14627,25061,848102,804626,71156,68613,182666,176145,50190,41,52
2021-10-23T23:59:59+02:00,11278,10526,61532,57675,67778,63446,76388,77440,97604,99485,108641,107431,74409,80736,52254,64125,15115,26068,9688,8983,56547,53427,63691,59196,72521,73168,93504,95114,104905,103912,72686,78799,51066,62634,14627,25060,848016,804560,71142,68605,182665,176144,50167,41,52
2021-10-22T23:59:59+02:00,11215,10478,61375,57561,67597,63313,76247,77320,97477,99384,108565,107382,74392,80716,52250,64117,15114,26063,9634,8935,56432,53329,63608,59116,72447,73096,93435,95059,104868,103885,72669,78781,51061,62624,14627,25060,846823,803825,71065,68574,182664,176142,50073,41,52
2021-10-21T23:59:59+02:00,11138,10399,61221,57440,67437,63189,76118,77196,97353,99292,108477,107315,74364,80687,52237,64090,15109,26054,9560,8831,56302,53194,63479,58988,72365,72993,93337,94976,104810,103835,72634,78746,51051,62600,14621,25054,845538,802693,71033,68550,182663,176140,49941,41,52
2021-10-20T23:59:59+02:00,11096,10349,61120,57340,67332,63085,76029,77109,97269,99232,108428,107277,74348,80667,52226,64080,15104,26047,9477,8771,56170,53054,63372,58884,72289,72880,93271,94918,104741,103780,72608,78714,51038,62575,14618,25044,844648,801617,71013,68525,182661,176137,49873,41,52
2021-10-19T23:59:59+02:00,11045,10300,61051,57269,67257,63004,75958,77044,97218,99194,108388,107243,74324,80649,52211,64055,15093,26030,9393,8684,56030,52941,63258,58772,72202,72788,93190,94820,104674,103710,72559,78668,51020,62538,14611,25024,843932,800387,70991,68501,182660,176135,49807,41,52
2021-10-18T23:59:59+02:00,11001,10255,60976,57198,67178,62939,75902,76986,97174,99142,108347,107198,74310,80630,52202,64030,15089,26014,9341,8634,55912,52796,63131,58637,72111,72689,93105,94721,104617,103653,72516,78630,50993,62510,14600,25007,843247,799186,70966,68487,182660,176124,49754,41,52
2021-10-17T23:59:59+02:00,10973,10229,60929,57160,67145,62904,75875,76962,97133,99104,108335,107175,74300,80618,52199,64018,15084,26008,9285,8587,55817,52716,63051,58544,72048,72604,93047,94665,104580,103611,72489,78599,50981,62483,14594,24989,842884,798369,70959,68463,182660,176103,49703,41,52
2021-10-16T23:59:59+02:00,10969,10225,60923,57156,67137,62896,75868,76958,97127,99102,108334,107172,74299,80618,52199,64017,15084,26008,9278,8582,55813,52702,63045,58538,72043,72600,93044,94660,104578,103607,72488,78597,50981,62483,14594,24989,842841,798322,70956,68455,182660,176103,49690,41,52
2021-10-15T23:59:59+02:00,10931,10179,60830,57093,67076,62833,75809,76897,97077,99050,108296,107149,74288,80603,52197,64015,15082,26006,9230,8533,55694,52583,62969,58465,71976,72527,92977,94601,104531,103564,72471,78579,50971,62466,14593,24985,842221,797502,70935,68409,182660,176102,49650,41,52
2021-10-14T23:59:59+02:00,10883,10118,60722,56998,67014,62737,75745,76824,97015,98992,108261,107102,74274,80584,52185,64001,15078,26000,9124,8450,55528,52449,62852,58335,71905,72430,92873,94510,104471,103495,72436,78546,50949,62432,14583,24972,841453,796259,70920,68384,182657,176088,49557,41,52
2021-10-13T23:59:59+02:00,10829,10077,60633,56916,66947,62646,75676,76758,96956,98954,108211,107061,74253,80563,52170,63983,15073,25990,9056,8389,55394,52319,62750,58208,71808,72333,92796,94425,104392,103420,72398,78513,50929,62398,14572,24952,840708,795079,70906,68372,182655,176068,49481,41,52
2021-10-12T23:59:59+02:00,10772,10026,60526,56832,66846,62565,75608,76702,96911,98901,108173,107026,74228,80539,52160,63971,15068,25981,8982,8327,55262,52167,62641,58089,71723,72226,92739,94341,104319,103353,72359,78465,50905,62367,14567,24933,839923,793886,70897,68351,182653,176060,49416,41,52
2021-10-11T23:59:59+02:00,10718,9977,60424,56769,66756,62466,75532,76633,96849,98846,108120,106982,74201,80509,52142,63943,15053,25959,8921,8271,55138,52038,62514,57956,71645,72117,92661,94265,104243,103286,72313,78421,50877,62332,14554,24911,839085,792704,70877,68332,182646,176051,49324,41,52
2021-10-10T23:59:59+02:00,10690,9951,60363,56727,66697,62423,75489,76589,96816,98814,108093,106962,74189,80498,52139,63937,15048,25949,8869,8229,55037,51920,62421,57832,71560,72032,92587,94181,104181,103234,72282,78391,50856,62310,14548,24899,838675,791718,70868,68322,182643,176037,49240,41,52
2021-10-09T23:59:59+02:00,10689,9948,60354,56719,66686,62416,75484,76583,96811,98805,108088,106960,74189,80494,52139,63937,15048,25948,8857,8221,55020,51904,62411,57816,71549,72023,92580,94175,104174,103230,72279,78390,50856,62310,14548,24899,838617,791612,70863,68316,182642,176034,49228,41,52
2021-10-08T23:59:59+02:00,10638,9899,60261,56624,66611,62339,75429,76516,96765,98763,108054,106933,74179,80486,52132,63925,15043,25947,8815,8170,54918,51813,62334,57752,71481,71957,92531,94121,104146,103197,72271,78379,50849,62304,14546,24897,837943,790945,70837,68284,182640,176024,49176,41,52
2021-10-07T23:59:59+02:00,10573,9833,60111,56515,66520,62242,75343,76419,96692,98708,107989,106878,74155,80464,52121,63913,15036,25940,8707,8076,54788,51670,62230,57623,71370,71848,92444,94029,104060,103133,72220,78342,50825,62279,14534,24886,836994,789710,70826,68251,182639,176007,49045,41,51
2021-10-06T23:59:59+02:00,10518,9792,59973,56422,66435,62162,75267,76358,96633,98663,107939,106832,74134,80438,52103,63890,15032,25924,8632,8006,54648,51507,62136,57489,71274,71742,92340,93942,103970,103050,72182,78299,50800,62244,14524,24872,836153,788435,70815,68244,182637,175991,48936,41,51
2021-10-05T23:59:59+02:00,10452,9722,59834,56299,66335,62064,75186,76286,96557,98600,107892,106778,74112,80411,52094,63861,15026,25913,8545,7927,54464,51337,62023,57344,71161,71625,92231,93839,103899,102979,72128,78254,50776,62205,14516,24859,835211,787063,70800,68215,182634,175980,48803,41,51
2021-10-04T23:59:59+02:00,10392,9669,59691,56180,66204,61951,75092,76199,96467,98523,107829,106728,74091,80380,52073,63826,15021,25895,8470,7866,54290,51152,61909,57191,71033,71494,92148,93733,103801,102892,72093,78199,50731,62166,14506,24839,834140,785613,70787,68208,182631,175962,48679,41,51
2021-10-03T23:59:59+02:00,10349,9630,59637,56095,66138,61899,75033,76161,96437,98492,107795,106688,74079,80362,52061,63810,15019,25888,8413,7823,54175,51039,61827,57099,70946,71393,92082,93659,103736,102806,72059,78170,50712,62133,14499,24835,833630,784648,70782,68203,182618,175935,48569,41,51
2021-10-02T23:59:59+02:00,10343,9628,59627,56080,66123,61888,75025,76147,96432,98487,107793,106685,74078,80362,52060,63808,15019,25888,8408,7819,54160,51028,61815,57090,70943,71383,92078,93656,103734,102797,72056,78170,50711,62131,14498,24835,833555,784576,70771,68196,182618,175934,48555,41,51
2021-10-01T23:59:59+02:00,10288,9571,59469,55980,66044,61799,74945,76080,96378,98434,107734,106650,74062,80339,52049,63795,15018,25884,8346,7758,54046,50919,61759,57025,70896,71335,92024,93601,103699,102764,72043,78163,50706,62119,14496,24830,832712,783913,70752,68169,182616,175932,48464,41,51
2021-09-30T23:59:59+02:00,10213,9485,59326,55829,65908,61668,74842,75989,96271,98342,107642,106585,74033,80301,52032,63770,15014,25868,8267,7683,53897,50787,61663,56916,70803,71252,91941,93515,103626,102699,72007,78119,50685,62085,14496,24819,831574,782908,70722,68146,182612,175921,48234,41,51
2021-09-29T23:59:59+02:00,10135,9428,59174,55696,65788,61551,74756,75893,96172,98251,107577,106528,73994,80256,52024,63742,15009,25857,8188,7597,53741,50634,61551,56779,70706,71145,91847,93422,103530,102632,71957,78075,50660,62034,14489,24809,830540,781714,70693,68117,182609,175902,48012,41,51
2021-09-28T23:59:59+02:00,10050,9346,59033,55544,65627,61411,74650,75807,96065,98164,107495,106462,73943,80214,52004,63714,15002,25841,8113,7528,53588,50482,61414,56662,70613,71029,91770,93343,103455,102554,71917,78037,50637,62001,14485,24798,829380,780655,70680,68098,182605,175893,47729,41,51
2021-09-27T23:59:59+02:00,9990,9294,58878,55384,65486,61283,74560,75703,95961,98059,107405,106409,73897,80170,51985,63687,14994,25821,8047,7461,53437,50354,61289,56529,70521,70923,91668,93247,103370,102502,71868,77990,50615,61965,14478,24779,828327,779666,70657,68082,182600,175847,47397,41,51
2021-09-26T23:59:59+02:00,9947,9253,58791,55297,65401,61197,74502,75627,95898,98002,107358,106372,73871,80145,51973,63662,14987,25808,7999,7419,53339,50243,61201,56448,70445,70833,91596,93171,103315,102470,71839,77962,50593,61941,14472,24767,827685,778919,70639,68074,182584,175811,47198,41,51
2021-09-25T23:59:59+02:00,9938,9241,58774,55277,65384,61186,74491,75618,95892,97994,107349,106368,73871,80144,51972,63661,14987,25808,7998,7408,53313,50234,61187,56428,70432,70825,91590,93165,103305,102468,71839,77960,50593,61938,14472,24767,827606,778841,70632,68070,182582,175810,47150,41,51
2021-09-24T23:59:59+02:00,9886,9185,58664,55153,65284,61086,74401,75525,95806,97921,107290,106327,73843,80122,51964,63651,14986,25798,7944,7352,53208,50127,61111,56353,70359,70754,91519,93104,103232,102418,71813,77942,50582,61922,14467,24757,826721,778052,70614,68062,182576,175804,46995,41,51
2021-09-23T23:59:59+02:00,9795,9093,58425,54964,65109,60928,74277,75379,95661,97784,107181,106216,73796,80085,51944,63611,14974,25780,7878,7277,53029,49992,60992,56217,70244,70643,91401,92994,103139,102344,71779,77896,50564,61897,14454,24743,825305,777037,70561,68034,182572,175785,46576,41,51
2021-09-22T23:59:59+02:00,9711,9033,58238,54815,64950,60784,74160,75255,95533,97684,107080,106158,73752,80037,51918,63567,14954,25752,7803,7213,52885,49841,60872,56098,70152,70546,91308,92886,103076,102291,71738,77847,50534,61860,14440,24729,824048,776046,70542,68010,182562,175771,46241,41,51
2021-09-21T23:59:59+02:00,9641,8945,58089,54660,64805,60637,74022,75120,95395,97566,106988,106066,73718,79978,51901,63542,14946,25730,7710,7128,52738,49681,60756,55967,70051,70440,91201,92782,102981,102198,71699,77802,50508,61819,14431,24704,822765,774871,70526,67998,182558,175764,45912,41,51
2021-09-20T23:59:59+02:00,9580,8884,57951,54519,64646,60503,73903,74970,95267,97475,106900,105973,73656,79934,51875,63506,14933,25710,7654,7072,52619,49546,60632,55850,69943,70333,91101,92692,102904,102123,71646,77758,50484,61770,14424,24686,821560,773896,70512,67981,182551,175735,45574,41,51
2021-09-19T23:59:59+02:00,9528,8844,57832,54433,64537,60387,73814,74866,95195,97375,106838,105901,73639,79909,51862,63487,14931,25699,7618,7031,52510,49431,60541,55737,69850,70239,91034,92620,102825,102054,71612,77724,50463,61739,14417,24680,820779,773120,70493,67966,182539,175710,45278,41,51
2021-09-18T23:59:59+02:00,9511,8827,57806,54403,64502,60356,73786,74842,95179,97352,106826,105880,73636,79908,51859,63484,14931,25698,7609,7018,52480,49396,60510,55713,69829,70219,91014,92604,102812,102034,71608,77721,50463,61738,14416,24678,820558,772927,70483,67957,182539,175709,45218,41,51
2021-09-17T23:59:59+02:00,9424,8748,57637,54254,64372,60228,73661,74723,95075,97248,106742,105808,73601,79876,51847,63466,14924,25691,7546,6957,52314,49285,60388,55602,69737,70129,90932,92524,102739,101977,71575,77684,50448,61708,14407,24671,819411,771983,70438,67938,182538,175702,44949,41,51
2021-09-16T23:59:59+02:00,9346,8673,57426,54102,64199,60042,73482,74554,94926,97114,106587,105697,73530,79818,51824,63424,14917,25676,7482,6893,52149,49160,60243,55478,69611,70015,90821,92421,102634,101896,71530,77636,50427,61671,14400,24658,817944,771017,70421,67919,182515,175670,44468,41,51
2021-09-15T23:59:59+02:00,9253,8592,57221,53881,64017,59840,73302,74373,94779,96960,106441,105564,73470,79751,51779,63373,14907,25655,7423,6834,51990,48994,60115,55341,69485,69912,90719,92341,102528,101808,71484,77577,50393,61633,14390,24647,816186,769933,70402,67902,182511,175659,44069,41,51
2021-09-14T23:59:59+02:00,9145,8486,57031,53648,63839,59653,73156,74196,94647,96803,106316,105464,73396,79686,51749,63323,14891,25634,7348,6755,51819,48795,59961,55200,69363,69792,90610,92212,102434,101715,71433,77516,50365,61589,14382,24634,814428,768596,70390,67888,182490,175624,43764,40,51
2021-09-13T23:59:59+02:00,9083,8419,56815,53442,63683,59459,72998,74026,94498,96650,106181,105333,73343,79636,51711,63276,14871,25604,7302,6701,51653,48631,59834,55066,69281,69700,90492,92124,102339,101642,71389,77475,50337,61549,14372,24623,812742,767545,70379,67876,182475,175597,43441,40,51
2021-09-12T23:59:59+02:00,9037,8391,56694,53354,63593,59364,72921,73940,94424,96582,106119,105265,73315,79611,51697,63254,14866,25597,7255,6655,51521,48519,59732,54965,69205,69621,90416,92058,102267,101573,71353,77445,50322,61524,14367,24610,812021,766732,70362,67862,182458,175572,43192,40,50
2021-09-11T23:59:59+02:00,9031,8382,56677,53332,63575,59348,72908,73927,94417,96568,106114,105260,73314,79610,51697,63254,14866,25597,7248,6649,51501,48499,59712,54952,69189,69610,90406,92043,102265,101568,71348,77443,50322,61524,14367,24608,811943,766683,70354,67817,182455,175570,43134,40,50
2021-09-10T23:59:59+02:00,8959,8321,56517,53187,63461,59230,72801,73821,94299,96451,106038,105199,73277,79574,51682,63228,14862,25592,7216,6624,51374,48433,59648,54889,69128,69562,90341,91986,102228,101530,71327,77427,50313,61514,14363,24603,810827,766217,70322,67762,182449,175567,42910,40,50
2021-09-09T23:59:59+02:00,8888,8256,56319,52995,63295,59047,72643,73675,94150,96311,105914,105105,73218,79511,51651,63194,14858,25579,7150,6565,51188,48266,59494,54754,68994,69436,90222,91879,102114,101438,71284,77382,50285,61484,14357,24587,809470,765154,70301,67713,182430,175545,42417,39,50
2021-09-08T23:59:59+02:00,8802,8179,56140,52823,63143,58865,72498,73524,93990,96181,105820,104998,73153,79451,51622,63138,14853,25564,7075,6496,51011,48100,59369,54614,68869,69287,90096,91770,102029,101338,71229,77324,50261,61443,14353,24571,808072,763995,70275,67661,182394,175520,42009,39,50
2021-09-07T23:59:59+02:00,8715,8119,55976,52666,63025,58726,72381,73392,93886,96080,105715,104899,73102,79405,51596,63098,14845,25544,6997,6442,50842,47936,59237,54469,68744,69169,89991,91654,101929,101238,71181,77275,50239,61417,14348,24551,806823,762769,70269,67649,182391,175498,41693,39,50
2021-09-06T23:59:59+02:00,8653,8053,55829,52497,62888,58569,72273,73261,93783,95969,105634,104811,73050,79356,51564,63068,14834,25528,6931,6386,50693,47794,59098,54320,68629,69048,89909,91559,101832,101151,71132,77227,50217,61387,14341,24541,805605,761646,70243,67607,182359,175474,41418,39,50
2021-09-05T23:59:59+02:00,8623,8015,55761,52404,62826,58507,72223,73203,93736,95919,105606,104767,73029,79334,51554,63048,14827,25522,6882,6334,50602,47709,59034,54254,68565,68989,89863,91503,101791,101101,71112,77199,50204,61370,14335,24532,805084,761027,70234,67597,182337,175452,41253,39,50
2021-09-04T23:59:59+02:00,8616,8010,55741,52395,62817,58496,72215,73195,93729,95915,105603,104761,73028,79333,51554,63048,14827,25522,6878,6329,50588,47694,59018,54239,68560,68981,89855,91498,101787,101097,71111,77197,50203,61370,14335,24532,805023,760961,70231,67592,182336,175450,41219,39,50
2021-09-03T23:59:59+02:00,8550,7942,55609,52308,62745,58400,72137,73114,93651,95851,105533,104700,72998,79300,51535,63017,14820,25512,6819,6277,50472,47600,58939,54172,68501,68910,89794,91436,101723,101044,71083,77163,50182,61347,14332,24523,804105,760185,70224,67573,182329,175441,41068,39,50
2021-09-02T23:59:59+02:00,8455,7846,55420,52151,62621,58293,72043,72985,93530,95737,105428,104615,72941,79244,51503,62970,14809,25492,6724,6187,50248,47428,58793,54053,68398,68795,89661,91332,101606,100949,71026,77115,50158,61320,14324,24507,802972,759036,70180,67530,182315,175390,40618,39,50
2021-09-01T23:59:59+02:00,8379,7753,55268,52003,62490,58161,71955,72860,93437,95649,105350,104545,72903,79201,51480,62935,14802,25474,6638,6078,50073,47219,58668,53913,68318,68683,89559,91229,101501,100855,70987,77073,50133,61280,14317,24491,801861,757806,70156,67491,182301,175340,40328,39,50
2021-08-31T23:59:59+02:00,8271,7660,55107,51849,62384,58044,71877,72758,93350,95566,105265,104467,72862,79160,51458,62906,14792,25460,6523,5960,49867,47017,58549,53769,68204,68558,89462,91124,101392,100775,70941,77021,50113,61245,14305,24475,800779,756446,70148,67473,182292,175314,40017,39,50
2021-08-30T23:59:59+02:00,8195,7580,54931,51688,62272,57916,71762,72641,93226,95437,105147,104372,72812,79117,51441,62873,14771,25437,6426,5875,49669,46804,58425,53630,68105,68445,89345,91012,101278,100666,70891,76985,50086,61216,14291,24458,799595,755238,70108,67407,182260,175259,39653,39,50
2021-08-29T23:59:59+02:00,8153,7533,54840,51608,62213,57836,71695,72593,93172,95373,105099,104337,72792,79095,51426,62858,14765,25428,6372,5827,49551,46703,58337,53533,68035,68368,89289,90952,101217,100613,70866,76969,50072,61203,14285,24455,799061,754588,70106,67397,182250,175215,39397,39,50
2021-08-28T23:59:59+02:00,8135,7519,54802,51570,62182,57816,71668,72576,93154,95356,105085,104326,72787,79093,51424,62854,14765,25428,6366,5823,49513,46684,58311,53517,68014,68354,89269,90929,101210,100600,70860,76965,50070,61201,14285,24455,798854,754440,70105,67390,182248,175215,39331,39,50
2021-08-27T23:59:59+02:00,8050,7441,54620,51432,62069,57676,71571,72453,93031,95235,104974,104241,72742,79042,51401,62818,14753,25422,6331,5783,49388,46600,58231,53436,67932,68283,89189,90863,101153,100552,70825,76930,50056,61190,14283,24455,797536,753740,70100,67384,182236,175209,39097,39,50
2021-08-26T23:59:59+02:00,7986,7368,54465,51285,61952,57565,71473,72345,92926,95106,104868,104159,72700,78992,51378,62798,14748,25408,6281,5742,49225,46444,58112,53331,67835,68189,89084,90784,101084,100483,70784,76895,50032,61168,14278,24446,796493,752918,70090,67345,182227,175176,38708,39,50
2021-08-25T23:59:59+02:00,7922,7315,54320,51136,61840,57413,71364,72229,92819,95005,104767,104077,72644,78941,51350,62761,14735,25394,6212,5660,49029,46252,57986,53190,67715,68064,88968,90671,100985,100393,70727,76847,50006,61129,14272,24431,795489,751779,70064,67309,182216,175141,38258,39,50
2021-08-24T23:59:59+02:00,7810,7226,54179,50932,61714,57276,71257,72099,92702,94885,104662,103980,72591,78893,51315,62717,14727,25379,6130,5570,48810,46029,57848,53017,67606,67928,88866,90578,100893,100312,70689,76794,49981,61104,14268,24415,794082,750378,70047,67287,182206,175119,38004,39,50
2021-08-23T23:59:59+02:00,7748,7152,54003,50760,61585,57152,71143,71988,92575,94778,104563,103881,72539,78832,51281,62675,14720,25368,6070,5515,48626,45856,57729,52889,67499,67830,88761,90487,100805,100235,70649,76743,49953,61065,14264,24403,792882,749356,70017,67263,182191,175063,37647,39,50
2021-08-22T23:59:59+02:00,7720,7126,53920,50681,61533,57089,71104,71935,92532,94736,104518,103852,72519,78817,51272,62663,14719,25362,6032,5477,48507,45746,57638,52795,67424,67769,88690,90428,100761,100193,70619,76719,49938,61048,14261,24396,792457,748670,70009,67255,182171,175013,37453,39,50
2021-08-21T23:59:59+02:00,7714,7123,53895,50666,61515,57078,71088,71921,92519,94718,104508,103842,72514,78815,51272,62662,14719,25361,6028,5473,48488,45728,57618,52787,67405,67749,88672,90413,100751,100183,70617,76716,49938,61047,14261,24396,792386,748576,69967,67236,182167,175007,37401,39,50
2021-08-20T23:59:59+02:00,7683,7086,53803,50590,61441,57017,71017,71858,92454,94656,104455,103806,72489,78787,51260,62636,14710,25350,6005,5454,48396,45653,57544,52724,67337,67694,88615,90353,100691,100145,70594,76694,49932,61031,14252,24392,791841,748060,69895,67223,182164,174984,37189,39,50
2021-08-19T23:59:59+02:00,7617,7006,53671,50468,61291,56900,70899,71750,92340,94568,104359,103716,72440,78730,51231,62596,14701,25330,5978,5428,48262,45550,57425,52632,67245,67615,88525,90274,100593,100080,70561,76666,49912,61007,14248,24383,790800,747410,69859,67187,182147,174939,36798,39,50
2021-08-18T23:59:59+02:00,7542,6949,53528,50329,61164,56790,70788,71658,92231,94480,104257,103632,72381,78677,51196,62560,14691,25309,5944,5385,48145,45423,57306,52536,67155,67541,88409,90184,100517,100006,70516,76628,49892,60983,14241,24366,789798,746690,69829,67159,182136,174888,36390,39,50
2021-08-17T23:59:59+02:00,7459,6868,53365,50165,61059,56665,70672,71536,92126,94375,104149,103532,72330,78634,51168,62534,14683,25298,5894,5346,47951,45244,57176,52396,67032,67435,88278,90088,100407,99910,70460,76579,49867,60962,14234,24354,788718,745653,69807,67124,182131,174833,35953,39,50
2021-08-16T23:59:59+02:00,7386,6805,53236,50033,60963,56550,70571,71441,92033,94270,104056,103432,72287,78583,51138,62490,14675,25290,5870,5311,47811,45124,57069,52328,66936,67351,88180,90000,100323,99815,70417,76539,49843,60934,14227,24349,787845,745024,69759,67079,182116,174765,35510,39,49
2021-08-15T23:59:59+02:00,7337,6765,53158,49952,60894,56480,70505,71381,91974,94218,104001,103385,72252,78553,51130,62474,14671,25281,5849,5293,47706,45030,56977,52238,66866,67289,88101,89936,100268,99767,70380,76504,49828,60913,14222,24337,787370,744541,69746,67048,182102,174683,35184,39,48
2021-08-14T23:59:59+02:00,7315,6749,53085,49882,60844,56436,70469,71334,91937,94179,103962,103349,72231,78545,51121,62463,14669,25278,5773,5239,47469,44757,56810,52050,66712,67135,87966,89814,100153,99660,70331,76461,49817,60890,14218,24332,786885,742712,69739,67042,182102,174672,35113,39,48
2021-08-13T23:59:59+02:00,7274,6713,52974,49787,60760,56355,70417,71265,91861,94122,103912,103304,72208,78522,51109,62452,14667,25271,5545,5024,46964,44260,56569,51782,66483,66880,87693,89561,99957,99454,70244,76360,49778,60830,14212,24311,786128,739230,69735,67032,182102,174598,34999,39,48
2021-08-12T23:59:59+02:00,7243,6686,52875,49718,60702,56276,70342,71215,91791,94063,103851,103258,72174,78489,51095,62436,14665,25257,5325,4850,46468,43815,56295,51474,66224,66657,87437,89338,99617,99180,70134,76226,49724,60766,14201,24283,785694,736178,69709,67007,182086,174144,34638,39,47
2021-08-11T23:59:59+02:00,7177,6617,52708,49547,60572,56157,70258,71121,91682,93959,103750,103150,72114,78424,51063,62394,14658,25241,5049,4567,45790,43196,55922,51090,65964,66359,87142,89073,99281,98811,69994,76080,49664,60664,14189,24254,784516,732058,69688,66974,182077,173708,34302,39,47
2021-08-10T23:59:59+02:00,7100,6533,52510,49361,60425,56038,70151,70999,91557,93829,103627,103045,72061,78366,51032,62363,14650,25232,4826,4326,44835,42292,55252,50433,65469,65906,86680,88588,98789,98355,69789,75881,49564,60563,14168,24216,783155,725793,69679,66921,182069,173205,33966,39,47
2021-08-09T23:59:59+02:00,7056,6486,52399,49269,60348,55963,70094,70939,91488,93756,103555,102986,72018,78330,51026,62347,14646,25224,4586,4109,43829,41233,54536,49745,64995,65474,86233,88153,98273,97886,69601,75657,49474,60437,14140,24177,782588,719337,69609,66846,182057,172642,33666,39,47
2021-08-08T23:59:59+02:00,7010,6445,52334,49200,60309,55931,70056,70913,91431,93708,103502,102946,71998,78308,51012,62326,14640,25219,4571,4096,43774,41169,54476,49697,64929,65433,86161,88094,98206,97836,69576,75626,49453,60411,14132,24170,782301,719045,69602,66829,182043,172559,33330,39,47
2021-08-07T23:59:59+02:00,6971,6404,52223,49073,60229,55854,69998,70848,91362,93645,103452,102898,71981,78291,51003,62320,14640,25218,4258,3784,42807,40151,53922,49127,64494,65026,85787,87695,97886,97489,69433,75483,49397,60329,14115,24152,781510,712682,69598,66810,182043,172551,33247,39,45
2021-08-06T23:59:59+02:00,6928,6342,52089,48945,60155,55788,69932,70767,91282,93568,103392,102841,71957,78268,50992,62301,14638,25214,3950,3562,42123,39538,53677,48860,64270,64784,85550,87472,97657,97287,69349,75392,49355,60288,14109,24139,780637,709062,69593,66726,182042,172414,33115,39,45
2021-08-05T23:59:59+02:00,6817,6234,51833,48721,59979,55601,69790,70620,91120,93420,103250,102704,71896,78205,50964,62261,14625,25195,3757,3391,41288,38846,53158,48401,63899,64432,85091,87071,97034,96768,69162,75208,49289,60190,14090,24109,779011,704517,69541,66674,182007,171285,32663,39,45
2021-08-04T23:59:59+02:00,6728,6148,51637,48489,59833,55421,69680,70469,90985,93303,103131,102588,71835,78141,50938,62215,14614,25166,3383,3036,40444,38062,52787,47996,63580,64110,84719,86742,96621,96361,68998,75037,49212,60094,14074,24075,777605,699928,69505,66653,181993,170500,32205,39,45
2021-08-03T23:59:59+02:00,6655,6091,51467,48352,59708,55292,69588,70377,90885,93203,103034,102507,71781,78105,50918,62189,14606,25150,3254,2934,39445,37116,51989,47311,63036,63575,84200,86256,95907,95731,68754,74821,49120,59977,14053,24031,776566,693673,69496,66629,181986,169316,31847,39,45
2021-08-02T23:59:59+02:00,6607,6048,51331,48212,59617,55213,69504,70308,90832,93131,102954,102445,71741,78063,50897,62167,14599,25137,3085,2756,38172,35961,51027,46501,62322,62988,83594,85690,95106,95029,68501,74564,49032,59844,14033,23992,775869,686055,69448,66575,181958,168004,31518,39,45
2021-08-01T23:59:59+02:00,6565,5993,51161,48050,59464,55098,69411,70195,90724,93040,102866,102352,71699,78026,50875,62127,14594,25121,3061,2738,37987,35827,50868,46402,62191,62894,83416,85546,94653,94624,68384,74454,48993,59795,14022,23972,774820,685404,69419,66515,181940,166694,31169,39,45
2021-07-31T23:59:59+02:00,6522,5959,51066,47930,59409,55026,69362,70151,90684,93010,102839,102327,71688,78014,50867,62123,14594,25118,2657,2356,36378,34315,49960,45532,61655,62328,82912,85033,94173,94190,68197,74249,48914,59700,14004,23939,774208,676251,69415,66504,181940,166579,31113,39,45
2021-07-30T23:59:59+02:00,6486,5906,50916,47790,59324,54945,69293,70090,90611,92930,102783,102288,71671,77990,50858,62099,14591,25114,2381,2127,34923,32910,48989,44583,60923,61633,82225,84410,93491,93613,67962,74012,48809,59550,13985,23908,773441,666716,69390,66492,181934,166274,30907,39,45
2021-07-29T23:59:59+02:00,6371,5786,50485,47421,59105,54673,69103,69899,90423,92742,102620,102151,71596,77907,50825,62044,14576,25096,2304,2061,34190,32293,48365,44132,60516,61277,81800,84060,92718,92938,67766,73854,48745,59463,13965,23877,771118,662842,69336,66345,181891,164627,30465,39,45
2021-07-28T23:59:59+02:00,6299,5723,50230,47226,58972,54518,68975,69802,90292,92618,102512,102057,71540,77850,50798,62004,14567,25079,2280,2042,33863,31995,48041,43892,60283,61052,81619,83889,92480,92738,67692,73787,48711,59430,13952,23867,769798,661120,69300,66256,181864,164106,30087,39,44
2021-07-27T23:59:59+02:00,6246,5676,50069,47083,58829,54420,68881,69713,90190,92508,102406,101980,71495,77797,50768,61970,14559,25065,2138,1927,32394,30599,46765,42798,59449,60256,81014,83356,91455,91888,67416,73502,48623,59303,13920,23826,768888,652447,69273,66185,181840,162312,29641,39,44
2021-07-26T23:59:59+02:00,6223,5647,49950,46996,58731,54331,68802,69658,90102,92447,102340,101928,71454,77761,50746,61950,14553,25056,2004,1812,31023,29344,45442,41671,58344,59266,80302,82721,90287,90855,67106,73228,48533,59186,13896,23784,768352,643357,69206,66086,181802,160014,29303,38,44
2021-07-25T23:59:59+02:00,6203,5630,49837,46891,58642,54264,68737,69599,90037,92390,102279,101880,71421,77725,50727,61927,14550,25046,1988,1804,30812,29187,45170,41472,58081,59031,80028,82509,89321,89999,66899,73054,48464,59113,13884,23760,767940,642148,69194,65963,181776,157557,28864,37,44
2021-07-24T23:59:59+02:00,6168,5601,49717,46801,58573,54202,68689,69542,89991,92345,102238,101839,71416,77718,50724,61924,14549,25042,1730,1585,29220,27601,44025,40386,57383,58315,79411,81931,88675,89431,66719,72863,48393,59011,13870,23736,767332,632094,69184,65945,181768,157418,28784,37,44
2021-07-23T23:59:59+02:00,6083,5514,49541,46624,58478,54097,68579,69438,89886,92241,102148,101743,71380,77662,50703,61893,14545,25036,1502,1366,27523,26082,42768,39294,56448,57425,78720,81310,87967,88767,66449,72589,48314,58910,13849,23706,765952,621521,69180,65779,181749,156946,28699,37,44
2021-07-22T23:59:59+02:00,5943,5400,49246,46337,58281,53893,68408,69270,89700,92089,101992,101609,71313,77579,50661,61842,14534,25017,1418,1311,26702,25258,41859,38484,55506,56594,77974,80681,86300,87257,66073,72188,48203,58780,13818,23654,764014,613028,69135,65274,181716,155476,28238,37,44
2021-07-21T23:59:59+02:00,5667,5117,48711,45809,57977,53578,68178,68989,89422,91842,101724,101342,71186,77448,50602,61777,14525,24991,1386,1285,26447,25034,41436,38200,55060,56201,77600,80397,85492,86652,65905,72060,48148,58714,13800,23629,760404,611040,69109,64994,181694,153701,27667,37,44
2021-07-20T23:59:59+02:00,5590,5043,48428,45530,57805,53368,68003,68842,89242,91687,101559,101198,71110,77380,50563,61730,14516,24963,1295,1200,25268,23887,40144,37165,53719,54998,76692,79620,84126,85306,65598,71718,48040,58577,13772,23583,758721,600638,69102,64833,181649,152119,27074,37,44
2021-07-19T23:59:59+02:00,5510,4957,48102,45205,57582,53160,67836,68639,89054,91507,101411,101037,71038,77298,50520,61679,14507,24934,1215,1138,24440,23047,38831,36042,51986,53498,75421,78561,83011,84324,65304,71462,47940,58459,13747,23543,756917,590579,69093,64685,181621,150327,26334,37,44
2021-07-18T23:59:59+02:00,5502,4956,48027,45146,57485,53079,67764,68565,88960,91440,101338,100972,71001,77257,50495,61647,14505,24922,1200,1132,24297,22946,38558,35817,51651,53207,75169,78364,82106,83555,65111,71283,47884,58387,13742,23521,756634,589504,69069,64522,181581,148094,25766,37,44
2021-07-17T23:59:59+02:00,5475,4919,47928,45069,57411,53019,67701,68508,88900,91378,101293,100953,70992,77242,50490,61640,14505,24921,1006,944,22913,21488,37174,34517,50407,52013,74562,77807,81471,82958,64981,71135,47817,58325,13733,23501,756068,578630,69064,64495,181572,147954,25629,37,44
2021-07-16T23:59:59+02:00,5373,4840,47686,44837,57284,52912,67583,68395,88762,91281,101185,100849,70946,77191,50467,61621,14499,24915,809,782,21659,20250,35880,33273,48950,50692,73552,76872,80770,82297,64761,70912,47735,58224,13714,23469,754607,566994,69062,64431,181565,147751,25381,37,44
2021-07-15T23:59:59+02:00,5231,4711,47287,44515,57074,52718,67388,68210,88548,91081,100997,100680,70849,77089,50418,61547,14490,24886,750,739,21053,19748,34948,32572,47711,49743,72367,75953,78617,80164,64162,70314,47592,58045,13695,23406,752545,557630,69044,63402,181519,145908,24595,37,44
2021-07-14T23:59:59+02:00,4858,4387,46696,43939,56840,52451,67184,68006,88333,90837,100780,100483,70741,76979,50350,61464,14478,24862,734,723,20846,19603,34683,32411,47338,49440,71833,75562,77950,79628,63838,70037,47509,57962,13672,23372,749095,555818,69026,63213,181467,144004,24064,37,42
2021-07-13T23:59:59+02:00,4767,4307,46497,43786,56675,52292,67021,67860,88175,90710,100634,100356,70668,76917,50313,61417,14474,24846,705,684,20285,19068,33656,31590,45714,47984,70070,73898,76342,78066,63462,69645,47380,57790,13643,23320,747734,544877,69009,62438,181393,142382,23563,37,42
2021-07-12T23:59:59+02:00,4702,4229,46310,43594,56524,52150,66866,67733,88003,90571,100477,100216,70592,76829,50275,61361,14467,24828,681,663,19810,18636,32871,30968,44049,46527,67689,71824,74448,76562,62930,69057,47235,57628,13615,23269,746463,533771,68985,61869,181292,139809,22971,37,42
2021-07-11T23:59:59+02:00,4697,4226,46239,43541,56460,52100,66814,67694,87940,90518,100405,100156,70554,76786,50265,61346,14464,24814,673,658,19600,18491,32520,30722,43599,46149,67227,71464,73668,75864,62528,68677,47164,57538,13599,23236,746311,531968,68974,61544,181226,137332,22491,37,42
2021-07-10T23:59:59+02:00,4571,4090,45953,43233,56275,51902,66665,67518,87806,90378,100303,100050,70499,76729,50244,61320,14461,24805,641,626,19036,17942,31573,29862,41846,44569,65742,70181,73032,75244,62361,68526,47111,57486,13592,23222,744211,521346,68968,61528,181214,137284,22392,37,42
2021-07-09T23:59:59+02:00,4442,3972,45681,42980,56108,51706,66503,67352,87654,90213,100169,99945,70446,76656,50207,61279,14456,24793,594,577,18446,17370,30603,28898,39891,42639,63447,68055,71871,74103,62087,68201,47035,57361,13574,23197,742155,507654,68954,61147,181208,136878,22228,37,42
2021-07-08T23:59:59+02:00,4413,3946,45538,42865,55983,51586,66372,67251,87529,90091,100049,99848,70391,76604,50186,61241,14445,24779,547,533,17507,16567,29202,27862,38173,41183,61316,66231,68509,70948,61187,67228,46789,57017,13529,23101,741422,492384,68894,59068,181138,134295,21640,37,42
2021-07-07T23:59:59+02:00,4401,3940,45472,42821,55898,51530,66287,67206,87474,90051,100006,99797,70375,76581,50177,61223,14441,24769,469,480,16548,15714,27809,26848,36645,39948,59693,64772,65278,67469,60170,66184,46551,56696,13479,23028,741111,477075,68845,57151,181086,132143,21370,37,42
2021-07-06T23:59:59+02:00,4349,3892,45327,42690,55768,51390,66183,67097,87367,89959,99925,99712,70337,76522,50159,61196,14438,24755,402,416,15777,14976,26730,25938,34794,38234,56290,61747,62622,65006,59414,65394,46277,56362,13439,22925,739978,459168,68824,56325,181028,130008,21200,36,42
2021-07-05T23:59:59+02:00,4286,3847,45145,42514,55614,51287,66060,66986,87247,89865,99840,99614,70274,76458,50137,61169,14435,24740,368,364,15116,14355,25780,25123,33560,37099,53191,58772,59846,62541,58574,64582,46023,56050,13394,22847,738784,443080,68781,55976,180948,127518,20969,36,42
2021-07-04T23:59:59+02:00,4277,3841,45097,42481,55546,51253,66015,66958,87208,89833,99808,99587,70250,76437,50131,61154,14429,24729,349,344,14912,14150,25338,24764,32960,36571,52526,58243,58858,61678,57908,63949,45839,55846,13375,22798,738583,438991,68748,55774,180879,124813,20788,36,42
2021-07-03T23:59:59+02:00,4058,3662,44565,41919,55229,50877,65717,66678,86961,89572,99607,99391,70177,76365,50108,61108,14425,24717,331,328,14626,13827,24983,24409,31980,35650,50780,56694,57990,60942,57734,63751,45771,55761,13363,22773,734775,430407,68730,55756,180873,124766,20722,36,42
2021-07-02T23:59:59+02:00,3748,3376,43912,41324,54903,50538,65430,66373,86687,89320,99371,99165,70074,76252,50056,61038,14419,24700,304,291,14209,13381,24285,23797,30820,34584,48146,54524,55853,59152,57339,63320,45611,55602,13347,22735,730433,417884,68711,54705,180860,124035,20647,35,29
2021-07-01T23:59:59+02:00,3610,3266,43557,40975,54701,50362,65270,66209,86532,89178,99217,99044,70005,76184,50025,61004,14411,24685,261,250,13518,12698,22980,22715,29142,33069,46127,52779,53358,56871,55914,61746,45117,54986,13274,22607,728291,404340,68646,52391,180810,120200,20453,35,28
2021-06-30T23:59:59+02:00,3599,3249,43293,40779,54517,50226,65151,66111,86440,89111,99146,98992,69978,76160,50013,60982,14407,24674,199,211,12776,12096,21813,21815,27553,31699,44271,51064,49719,52907,54584,60410,44762,54547,13218,22479,727141,388581,68594,50484,180790,116761,20269,34,28
2021-06-29T23:59:59+02:00,3383,3029,42373,39948,53906,49620,64712,65679,86026,88658,98797,98665,69853,76011,49956,60911,14387,24644,170,159,12174,11496,21011,21044,26185,30490,41647,48649,47847,51360,53615,59299,44354,54009,13124,22326,721150,376537,68540,48960,180774,113375,20060,34,27
2021-06-28T23:59:59+02:00,3165,2849,41418,38955,53238,48967,64246,65287,85643,88266,98463,98321,69713,75851,49891,60811,14369,24620,127,127,11671,11046,20350,20456,25216,29592,39551,46705,46221,49993,52510,58253,43992,53503,13044,22204,714985,367047,68428,47922,180763,109702,19863,34,27
2021-06-27T23:59:59+02:00,3160,2846,41381,38920,53192,48928,64207,65251,85591,88231,98411,98293,69694,75838,49882,60797,14364,24617,109,110,11477,10852,20027,20141,24638,29028,38527,45852,45054,48899,51478,57240,43558,52995,12962,22061,714768,362444,68398,47479,180727,105382,19676,34,27
2021-06-26T23:59:59+02:00,2678,2372,39988,37557,52471,48185,63655,64687,85104,87710,97986,97860,69503,75663,49809,60693,14345,24594,99,99,11362,10750,19857,19985,24438,28811,38048,45414,44686,48547,51364,57095,43512,52947,12957,22046,706065,359487,68369,47474,180727,105364,19665,34,27
2021-06-25T23:59:59+02:00,2273,2037,39140,36748,52119,47827,63331,64362,84824,87399,97736,97594,69399,75546,49762,60631,14331,24572,75,81,11061,10439,19474,19558,23908,28187,35364,43108,42501,46633,51025,56716,43413,52816,12933,22015,701012,347909,68232,47028,180720,104710,19633,34,27
2021-06-24T23:59:59+02:00,2219,1984,38652,36289,51769,47499,63112,64152,84590,87204,97549,97437,69317,75480,49727,60585,14325,24557,62,58,10464,9855,18414,18671,22484,26932,33264,41268,40070,44339,49542,55064,42844,52115,12816,21812,698064,335014,68203,44429,180699,101157,19447,34,27
2021-06-23T23:59:59+02:00,2206,1960,38422,36063,51606,47329,62995,64041,84490,87109,97472,97353,69286,75449,49707,60564,14321,24546,35,32,10010,9423,17787,18112,21552,26073,31331,39632,36105,39872,48246,53700,42458,51608,12735,21646,696829,319479,68171,43803,180683,97844,19204,32,27
2021-06-22T23:59:59+02:00,2127,1899,37437,35134,50853,46656,62513,63594,84116,86699,97107,97041,69137,75306,49640,60483,14308,24513,13,17,9542,8993,16915,17423,20326,24995,28204,36869,33804,37992,47289,52727,42050,51049,12595,21411,690689,307306,68125,41063,180671,94773,19046,32,26
2021-06-21T23:59:59+02:00,1980,1760,36087,33919,49831,45789,61792,62931,83617,86227,96667,96634,68968,75135,49574,60388,14297,24478,9,10,9224,8697,16454,17059,19701,24513,26458,35304,32265,36699,46236,51646,41597,50499,12489,21219,682738,299940,68091,40422,180656,91133,18558,31,26
2021-06-20T23:59:59+02:00,1969,1751,35999,33866,49686,45666,61651,62793,83537,86166,96594,96573,68934,75107,49559,60370,14297,24467,8,9,9076,8594,16235,16889,19385,24255,25642,34651,31323,35746,46041,51443,41566,50447,12480,21199,682086,296152,68049,39829,180638,90801,18181,31,26
2021-06-19T23:59:59+02:00,1601,1451,34385,32319,48785,44845,61163,62288,83066,85691,96188,96221,68786,74941,49494,60289,14282,24443,7,8,9036,8520,16132,16766,19266,24102,25537,34492,31194,35603,45945,51347,41548,50422,12476,21189,673385,294813,68030,39826,180631,90764,18161,31,26
2021-06-18T23:59:59+02:00,1405,1278,32742,30736,47582,43659,60223,61368,82261,84942,95576,95643,68567,74719,49405,60151,14266,24413,7,8,8961,8435,15973,16610,19076,23908,25284,34251,30909,35284,45650,51000,41464,50345,12463,21175,662270,292615,67896,39709,180630,90344,18109,31,26
2021-06-17T23:59:59+02:00,1330,1220,31821,29899,46718,42951,59417,60518,81518,84294,95166,95260,68425,74575,49363,60074,14252,24384,7,8,8420,8069,15282,16054,18246,23081,24180,33125,29430,33923,44324,49495,40979,49734,12343,20986,655349,283671,67779,38881,180599,87681,17427,31,26
2021-06-16T23:59:59+02:00,1247,1156,31132,29201,45915,42202,58493,59639,80739,83523,94743,94880,68290,74415,49306,59982,14232,24358,7,8,7933,7745,14669,15538,17468,22353,23038,32168,28250,32812,42425,47376,40431,49155,12236,20801,648283,273918,67652,38282,180581,85281,16906,31,26
2021-06-15T23:59:59+02:00,1105,1037,29240,27423,44166,40682,56902,58005,79350,82205,93984,94209,68003,74122,49193,59825,14199,24293,7,6,7759,7618,14360,15298,17104,22051,22517,31781,27716,32383,41488,46358,40045,48730,12112,20580,633345,270839,67603,37775,180543,82852,16421,31,26
2021-06-14T23:59:59+02:00,1012,923,27693,25956,42563,39165,55246,56354,78250,81093,93291,93581,67753,73880,49099,59703,14179,24248,6,5,7576,7445,13983,14961,16574,21605,21824,31197,27038,31789,41104,45935,39661,48277,11981,20374,620111,268152,67547,37359,180514,80013,15786,31,25
2021-06-13T23:59:59+02:00,988,898,27491,25777,42179,38828,54699,55832,77904,80784,93098,93391,67663,73800,49062,59645,14164,24223,6,5,7435,7277,13711,14666,16185,21206,21395,30705,26499,31286,40706,45530,39196,47711,11803,20088,617400,266057,67406,37288,180486,76937,15103,31,25
2021-06-12T23:59:59+02:00,859,784,25981,24191,41024,37750,54025,55097,77374,80289,92548,92866,67508,73623,48993,59568,14151,24202,6,5,7389,7227,13586,14556,16053,21093,21211,30558,26380,31184,40689,45513,39186,47700,11803,20087,607881,265271,67400,37286,180480,76603,15041,31,25
2021-06-11T23:59:59+02:00,746,675,24367,22672,39677,36560,52797,53887,76405,79437,91975,92290,67274,73388,48931,59460,14132,24167,6,5,7334,7139,13414,14368,15835,20897,20938,30298,26107,30927,40383,45137,39101,47585,11785,20058,596136,263372,67320,37141,180471,75897,14882,31,25
2021-06-10T23:59:59+02:00,645,585,23370,21666,38458,35381,51191,52382,75086,78241,90369,90745,66919,72992,48805,59286,14107,24112,6,5,7052,6915,12887,13932,15196,20324,20174,29543,25315,30250,39677,44275,38750,47167,11671,19874,583243,259898,66836,37108,180419,72171,13811,31,25
2021-06-09T23:59:59+02:00,575,536,22919,21281,37797,34858,50084,51337,73841,77048,89778,90240,66792,72847,48755,59201,14092,24082,6,5,6781,6607,12295,13331,14410,19511,19255,28519,24330,29087,37110,41354,38186,46523,11523,19635,576082,249577,66375,37035,180381,68637,13194,31,25
2021-06-08T23:59:59+02:00,469,425,21399,19830,36194,33495,47973,49377,71703,75110,88303,88759,66477,72462,48619,59040,14059,24038,6,5,6650,6437,11909,12957,13926,19023,18652,27918,23773,28549,36824,41099,37894,46156,11414,19478,558725,247917,66097,36957,180349,65241,12530,31,25
2021-06-07T23:59:59+02:00,354,331,20395,18859,34650,32162,45696,47355,69566,73229,87325,87911,66253,72196,48545,58905,14039,24001,6,5,6496,6274,11484,12603,13382,18540,17923,27330,23138,27953,36504,40795,37475,45675,11301,19279,543540,245923,65925,36887,180296,61348,11980,31,25
2021-06-06T23:59:59+02:00,331,310,20216,18712,34256,31879,45088,46782,68946,72744,87113,87746,66197,72135,48533,58879,14033,23989,6,5,6364,6101,11158,12189,12951,17967,17284,26520,22441,27143,36035,40321,36993,45124,11146,19011,540420,243472,65598,36837,180253,56839,11587,31,24
2021-06-05T23:59:59+02:00,259,245,18974,17451,32934,30668,43865,45610,68372,72226,86580,87236,66106,72033,48485,58831,14026,23977,6,5,6313,6021,11055,12024,12823,17788,17112,26310,22270,26954,35970,40244,36971,45100,11144,19006,530450,242864,65598,36424,180233,56238,11566,31,24
2021-06-04T23:59:59+02:00,178,175,17783,16301,31627,29378,42313,44112,67030,70910,85773,86483,65919,71820,48409,58739,14010,23948,6,5,6210,5881,10878,11812,12609,17532,16757,25925,21750,26515,35081,39387,36655,44800,11127,18984,517626,241018,65531,36097,180226,53282,11494,31,23
2021-06-03T23:59:59+02:00,123,122,17143,15728,30642,28549,40854,42816,65256,69378,83522,84198,65494,71367,48281,58577,13992,23910,6,5,6040,5670,10568,11455,12291,17064,16306,25264,21199,25936,34417,38596,36479,44596,11094,18934,503836,238679,64833,35709,180187,50445,11065,31,22
2021-06-02T23:59:59+02:00,94,79,16801,15419,30329,28283,40187,42195,63666,67984,82583,83396,65353,71203,48221,58495,13989,23895,6,4,5922,5578,10390,11296,12062,16847,16010,24957,20853,25542,31169,34968,36251,44374,11065,18881,496325,229971,64830,35377,180186,50005,10800,31,22
2021-06-01T23:59:59+02:00,38,44,16011,14751,28832,27178,37820,40131,60097,64799,80153,81074,65002,70839,48093,58306,13955,23841,6,4,5649,5301,9864,10865,11523,16251,15340,24161,20116,24781,30826,34670,36056,44196,11036,18819,477966,228500,63273,34871,180120,46497,9575,30,21
2021-05-31T23:59:59+02:00,30,36,15447,14277,27892,26477,35859,38466,56654,61771,78121,79371,64670,70483,47949,58131,13923,23789,6,3,5486,5098,9456,10500,11092,15769,14802,23476,19491,24076,30540,34415,35871,44003,11001,18762,462197,227816,62550,34485,180055,43011,8514,30,21
2021-05-30T23:59:59+02:00,28,33,15303,14149,27604,26243,35407,38056,55941,61154,77800,79097,64608,70426,47924,58096,13919,23778,6,3,5384,4900,9128,10140,10679,15280,14350,22672,18965,23304,29860,33700,35644,43810,10979,18700,459212,227347,62112,34405,180008,37527,8204,30,21
2021-05-29T23:59:59+02:00,26,32,14906,13758,26754,25431,33646,36467,54457,59856,77211,78531,64458,70276,47871,58043,13912,23764,6,3,5351,4824,9062,10024,10585,15161,14240,22522,18834,23165,29831,33677,35638,43802,10978,18697,449087,226857,62079,34405,180004,36918,8199,30,21
2021-05-28T23:59:59+02:00,23,31,14499,13358,25942,24687,31798,34708,52286,57850,76160,77535,64253,70024,47819,57966,13902,23741,6,3,5265,4708,8883,9880,10429,14986,14078,22285,18621,22863,29761,33630,35621,43785,10977,18692,437139,226180,61611,34399,179914,35985,7888,30,21
2021-05-27T23:59:59+02:00,19,26,13869,12889,24873,23969,30548,33779,50675,56473,73055,74549,63811,69487,47685,57804,13879,23685,6,3,5152,4474,8549,9541,10025,14551,13632,21649,18113,22264,29538,33426,35510,43673,10956,18663,424978,225523,59647,34327,179282,32716,7138,30,21
2021-05-26T23:59:59+02:00,18,24,13382,12466,23960,23320,29625,33075,49587,55547,70096,71355,63196,68876,47550,57633,13848,23639,6,3,5064,4311,8293,9226,9721,14163,13274,21047,17679,21663,29342,33258,35412,43568,10929,18611,414149,224907,57467,34209,178783,29665,6768,30,21
2021-05-25T23:59:59+02:00,18,19,13038,12168,23379,22913,28566,32211,46984,53308,67834,69229,62844,68509,47437,57484,13830,23584,6,3,4985,4189,8081,8963,9467,13785,12962,20525,17294,21112,29183,33101,35328,43462,10902,18555,402279,224347,56397,34127,178160,26919,6489,30,21
2021-05-24T23:59:59+02:00,17,18,12741,11887,22880,22535,27945,31758,44363,50876,65373,67038,62535,68210,47326,57358,13794,23527,6,3,4914,4081,7831,8731,9148,13400,12632,20012,16909,20554,29039,32961,35254,43390,10878,18508,390619,223766,55914,34061,177491,24276,6127,30,21
2021-05-23T23:59:59+02:00,17,18,12679,11819,22784,22450,27865,31678,44106,50648,64785,66489,62455,68122,47301,57340,13792,23525,6,3,4892,4066,7796,8700,9089,13365,12552,19951,16831,20498,29030,32948,35250,43383,10878,18506,388412,223480,55833,34054,177477,24068,6121,30,21
2021-05-22T23:59:59+02:00,17,18,12455,11581,22463,22141,26862,30790,42269,49072,63929,65748,62292,67931,47235,57249,13782,23502,6,3,4876,4011,7769,8635,9047,13299,12520,19865,16801,20430,29019,32938,35246,43377,10877,18505,379920,223387,55822,34054,177472,23670,6092,30,21
2021-05-21T23:59:59+02:00,17,17,12153,11329,21892,21697,26044,30098,39877,47178,61954,64079,62029,67658,47151,57161,13767,23476,6,3,4857,3984,7714,8549,8981,13211,12444,19772,16726,20344,29003,32912,35239,43366,10875,18504,369481,223190,54766,34039,177280,23220,6020,30,21
2021-05-20T23:59:59+02:00,16,17,11543,10757,20764,20795,24893,29068,38369,45900,59606,62005,61207,66757,46951,56901,13733,23420,6,3,4582,3806,7311,8259,8539,12814,11991,19259,16303,19821,28882,32814,35188,43313,10871,18494,358969,222781,52411,33928,175996,20230,5296,30,21
2021-05-19T23:59:59+02:00,16,17,11100,10443,19978,20241,24045,28469,37465,45215,56373,58366,60516,66054,46843,56767,13710,23373,6,3,4429,3648,7057,8016,8263,12485,11659,18827,15932,19400,28783,32702,35145,43237,10860,18479,348493,222294,50788,33811,174869,17994,4811,30,21
2021-05-18T23:59:59+02:00,16,17,10770,10158,19397,19790,23389,27909,36054,43983,54959,57236,60144,65627,46713,56606,13685,23348,6,3,4324,3521,6808,7779,8001,12201,11424,18424,15584,18968,28699,32610,35115,43196,10856,18472,343091,222001,48936,33729,173390,15886,4354,30,21
2021-05-17T23:59:59+02:00,15,16,10550,9977,18959,19499,22953,27597,34852,42990,53645,56198,59894,65380,46649,56507,13670,23314,6,3,4254,3434,6600,7560,7749,11906,11166,18027,15272,18561,28608,32521,35090,43155,10850,18458,339001,221699,47941,33661,171872,14018,3821,30,21
2021-05-16T23:59:59+02:00,15,15,10360,9848,18664,19295,22620,27356,34213,42529,52406,55027,59701,65215,46612,56453,13659,23294,6,3,4186,3360,6383,7394,7461,11651,10896,17674,14976,18197,28542,32459,35074,43137,10843,18454,336561,221445,47062,33599,170254,12255,3376,29,21
2021-05-15T23:59:59+02:00,15,15,10264,9748,18512,19147,22448,27211,33830,42161,52010,54649,59586,65069,46564,56408,13656,23278,6,3,4145,3324,6299,7328,7368,11548,10794,17555,14871,18067,28448,32341,34982,43044,10839,18449,334159,220355,47061,33597,170120,12236,3202,29,21
2021-05-14T23:59:59+02:00,14,15,9981,9545,18084,18907,22047,26923,31482,40381,49860,52794,59364,64840,46516,56323,13639,23257,6,3,4017,3241,6013,7163,7063,11324,10448,17204,14522,17740,27874,31635,34859,42852,10820,18421,325005,217058,47008,33591,169509,12113,2422,28,21
2021-05-13T23:59:59+02:00,14,15,9520,9176,17290,18342,21179,26240,30365,39390,47616,50622,58514,63866,46306,56040,13600,23183,6,3,3518,3047,5674,6910,6751,11014,10037,16814,14145,17305,26974,30435,34433,42333,10789,18360,316505,212455,45147,33034,167484,10923,2115,27,21
2021-05-12T23:59:59+02:00,14,15,9229,8981,16857,18083,20706,25950,29834,39004,44615,46975,57941,63224,46222,55926,13582,23158,6,3,3378,2959,5442,6799,6470,10867,9755,16605,13907,17040,26327,29612,34267,42140,10763,18326,307310,209423,44329,33008,167191,10755,1459,27,21
2021-05-11T23:59:59+02:00,14,13,8796,8705,16085,17565,19840,25329,28096,37561,42680,45469,57565,62777,46138,55791,13561,23130,6,3,3258,2828,5209,6458,6172,10452,9387,16047,13470,16480,24903,27944,33756,41513,10712,18238,301819,203444,41272,32825,164706,9255,1291,27,21
2021-05-10T23:59:59+02:00,14,12,8534,8552,15572,17309,19208,25008,27106,36871,41219,44323,57298,62502,46059,55687,13541,23099,6,2,3148,2702,4978,6224,5917,10128,9064,15569,13107,16057,23853,26613,33267,40929,10676,18180,298511,198786,40365,32797,162032,7838,980,26,19
2021-05-09T23:59:59+02:00,14,12,8378,8469,15266,17128,18827,24752,26438,36442,39441,42657,57002,62223,46003,55629,13533,23079,6,2,3027,2647,4796,6083,5749,9953,8866,15362,12939,15884,23577,26280,33122,40756,10666,18165,295537,197588,39988,32754,159034,6811,708,26,19
2021-05-08T23:59:59+02:00,14,12,8303,8396,15083,16982,18619,24553,26210,36204,39207,42465,56875,62073,45965,55592,13530,23068,6,2,3019,2628,4765,6047,5705,9907,8789,15297,12852,15814,23207,25853,32836,40442,10658,18149,293972,196398,39534,32043,158911,6808,708,26,19
2021-05-07T23:59:59+02:00,13,11,8131,8300,14757,16798,18230,24316,25787,35914,38749,42086,56600,61718,45916,55545,13523,23058,6,2,2720,2494,4417,5862,5433,9646,8473,14986,12456,15418,22108,24478,32186,39607,10630,18099,291427,192933,39103,30543,158584,5216,312,26,17
2021-05-06T23:59:59+02:00,12,11,7484,7943,13856,16195,17171,23460,24445,34800,36603,40420,55473,60396,45673,55238,13488,22991,6,2,2595,2381,4243,5665,5225,9342,8129,14545,12024,14964,20800,22802,31331,38599,10576,17985,280775,187314,37819,29584,156764,4024,275,26,17
2021-05-05T23:59:59+02:00,10,11,6946,7635,13074,15652,16135,22691,23055,33773,34772,38931,53630,58355,45351,54892,13455,22925,6,2,2508,2322,4068,5509,5034,9130,7781,14207,11654,14604,19410,21019,30136,37183,10536,17882,269307,181177,36895,28411,154969,3290,96,26,17
2021-05-04T23:59:59+02:00,10,10,6757,7545,12707,15476,15647,22420,22406,33427,33811,38232,52776,57392,45228,54765,13437,22884,6,2,2453,2252,3914,5340,4858,8876,7438,13799,11228,14145,17757,19089,29036,35851,10440,17762,265530,174356,36026,27470,153306,2361,43,25,16
2021-05-03T23:59:59+02:00,10,10,6612,7395,12329,15255,15139,22109,21694,33021,32658,37341,52478,57074,45132,54657,13422,22852,6,2,2394,2182,3820,5160,4718,8641,7220,13450,10907,13737,16553,17590,28156,34748,10376,17654,262234,168777,35564,27121,151333,1368,32,25,16
2021-05-02T23:59:59+02:00,10,10,6531,7305,12115,15083,14841,21877,21216,32700,31507,36392,52194,56783,45070,54566,13404,22821,6,2,2379,2175,3798,5127,4687,8605,7154,13379,10822,13645,16241,17194,27858,34443,10364,17640,259798,167206,35491,27007,149080,1261,31,25,14
2021-05-01T23:59:59+02:00,10,10,6513,7282,12052,15033,14760,21814,21113,32628,31380,36298,52188,56768,45066,54565,13402,22819,6,2,2376,2167,3774,5110,4646,8580,7117,13342,10761,13590,16043,16971,27743,34306,10361,17630,259226,166240,35490,26981,148929,1259,31,25,14
2021-04-30T23:59:59+02:00,10,10,6475,7244,11959,14937,14654,21694,20917,32441,31140,36107,51917,56408,45021,54512,13396,22807,6,2,2347,2147,3712,5047,4550,8471,6967,13159,10484,13327,15228,15945,26872,33233,10320,17542,257439,163033,35446,25091,148709,1191,30,25,14
2021-04-29T23:59:59+02:00,10,10,6270,7116,11637,14748,14298,21454,20397,32150,30387,35618,51268,55581,44929,54393,13370,22727,6,2,2309,2101,3619,4958,4426,8335,6773,12940,10207,13040,14253,14711,25566,31686,10257,17447,254246,157324,35351,24341,146712,928,29,25,14
2021-04-28T23:59:59+02:00,10,10,6007,6951,11256,14410,13804,20986,19755,31543,29220,34486,48600,52573,44635,54068,13307,22649,6,2,2271,2060,3551,4897,4310,8219,6613,12756,9957,12821,13112,13229,24074,29805,10195,17344,244287,151348,35224,23138,144719,709,15,25,12
2021-04-27T23:59:59+02:00,10,10,5903,6860,11100,14287,13604,20822,19474,31332,28657,34097,48394,52352,44579,54014,13298,22627,6,2,2229,2025,3461,4803,4217,8110,6447,12569,9674,12545,11896,11664,22418,27646,10116,17198,242902,144516,35176,21953,143302,531,15,25,11
2021-04-26T23:59:59+02:00,10,10,5854,6819,10982,14220,13442,20700,19246,31120,27823,33530,48057,51982,44525,53948,13289,22598,6,2,2207,1998,3406,4758,4155,8043,6344,12436,9485,12370,10978,10505,21136,25889,10055,17108,242169,139230,35149,21206,140798,421,15,24,9
2021-04-25T23:59:59+02:00,10,10,5809,6772,10877,14125,13280,20544,18998,30836,27061,32789,47559,51471,44441,53849,13275,22578,6,2,2182,1988,3376,4739,4136,8024,6311,12395,9428,12309,10816,10311,20893,25565,10045,17094,240454,138377,35104,20856,138687,363,15,24,9
2021-04-24T23:59:59+02:00,10,10,5787,6724,10798,14033,13181,20399,18863,30656,26899,32608,47456,51348,44347,53753,13271,22573,6,2,2175,1978,3351,4711,4097,7977,6239,12323,9296,12191,10659,10131,20758,25433,10029,17076,238963,137849,35086,20215,138628,344,15,24,9
2021-04-23T23:59:59+02:00,10,10,5725,6635,10664,13834,12978,20145,18552,30276,26500,32246,46509,50210,44193,53508,13248,22541,6,2,2157,1956,3308,4674,4048,7923,6145,12232,9132,12063,10393,9830,20434,25012,9981,16993,234559,136725,35027,19207,138159,333,15,24,9
2021-04-22T23:59:59+02:00,10,10,5624,6521,10454,13636,12625,19807,18036,29802,25869,31654,44781,48056,43621,52779,13202,22441,5,2,2143,1945,3269,4621,3971,7849,6016,12132,8872,11898,9959,9424,19977,24420,9931,16915,228301,134596,34914,18428,135674,301,15,24,9
2021-04-21T23:59:59+02:00,10,9,5525,6386,10224,13434,12293,19494,17533,29308,25152,30921,40501,43184,43141,52245,13135,22336,5,2,2130,1936,3233,4584,3916,7790,5935,12039,8696,11738,9627,9039,19478,23827,9865,16818,216171,132946,34848,17414,133773,278,15,24,5
2021-04-20T23:59:59+02:00,10,9,5447,6295,10029,13216,12017,19227,17110,28900,24596,30353,38746,41167,42485,51466,13063,22195,5,2,2105,1923,3191,4560,3849,7746,5804,11940,8525,11610,9343,8719,19004,23156,9768,16677,209919,131574,34758,16109,131615,224,15,24,5
2021-04-19T23:59:59+02:00,10,8,5367,6219,9868,13086,11811,19017,16747,28518,24050,29881,37186,39374,41893,50745,13010,22108,5,2,2089,1906,3156,4525,3808,7700,5764,11870,8440,11518,9105,8434,18596,22588,9721,16584,204881,129874,34700,15714,129280,203,15,22,5
2021-04-18T23:59:59+02:00,10,7,5304,6168,9737,13001,11611,18877,16465,28320,23641,29567,35869,38009,41539,50340,12976,22044,5,2,2076,1891,3129,4503,3782,7684,5720,11823,8390,11469,9007,8345,18442,22400,9708,16559,203330,129393,34658,15324,125461,198,15,21,5
2021-04-17T23:59:59+02:00,10,7,5298,6152,9703,12970,11564,18837,16388,28253,23577,29508,35557,37667,41431,50242,12970,22033,5,2,2066,1883,3102,4490,3724,7639,5650,11772,8304,11417,8896,8235,18336,22283,9687,16546,202099,128587,34649,15234,125383,196,15,21,5
2021-04-16T23:59:59+02:00,10,7,5233,6113,9616,12910,11428,18725,16176,28093,23223,29159,34473,36408,41018,49717,12950,21999,5,2,1934,1796,2874,4310,3366,7320,4878,11239,6812,10324,6365,6157,16518,20583,9492,16247,197931,119206,34559,10803,124733,193,15,20,5
2021-04-15T23:59:59+02:00,10,7,5167,6023,9412,12737,11134,18478,15680,27699,22534,28555,32574,34093,39970,48508,12869,21831,5,2,1891,1764,2806,4245,3247,7198,4661,11057,6434,10014,5906,5758,15925,19897,9300,15912,192105,116065,34505,9753,120636,184,15,20,5
2021-04-14T23:59:59+02:00,10,7,5105,5977,9246,12611,10918,18301,15276,27382,21882,28076,30645,31839,38751,47086,12794,21644,5,2,1808,1710,2723,4176,3135,7104,4459,10892,6125,9764,5431,5344,15343,19209,9096,15556,185719,113435,34366,8298,117430,129,15,20,5
2021-04-13T23:59:59+02:00,10,7,5057,5923,9109,12483,10741,18134,14932,27106,21360,27613,28540,29387,37485,45487,12650,21437,5,2,1764,1693,2686,4133,3081,7043,4325,10752,5855,9553,5090,5041,14892,18759,8960,15352,178819,112016,34300,6917,114308,33,15,19,5
2021-04-12T23:59:59+02:00,10,7,4993,5874,9001,12345,10534,17986,14610,26825,20820,27157,26499,27117,36325,44021,12521,21236,5,2,1729,1649,2656,4112,3053,6990,4266,10684,5752,9452,4923,4895,14591,18392,8849,15152,173097,111167,34221,5933,110529,32,15,19,5
2021-04-11T23:59:59+02:00,10,7,4957,5831,8906,12266,10376,17884,14345,26648,20394,26833,25296,25826,35621,43235,12432,21086,5,2,1720,1643,2634,4091,3028,6962,4231,10637,5665,9384,4830,4840,14475,18268,8810,15099,171308,110956,34150,5323,106462,26,14,19,5
2021-04-10T23:59:59+02:00,10,7,4946,5818,8864,12238,10320,17849,14277,26598,20298,26753,24981,25451,35274,42815,12425,21065,5,2,1715,1637,2625,4083,3014,6945,4201,10606,5606,9345,4752,4763,14346,18102,8763,15014,170094,110157,33425,5322,106437,26,14,19,5
2021-04-09T23:59:59+02:00,10,7,4899,5786,8780,12158,10195,17725,14108,26423,20037,26510,24139,24296,34318,41603,12392,20991,4,2,1687,1608,2568,4049,2942,6886,4051,10496,5349,9121,4337,4387,13776,17385,8533,14645,166718,106471,31910,5314,105721,26,10,18,5
2021-04-08T23:59:59+02:00,10,7,4824,5721,8633,12050,9982,17553,13711,26109,19433,26041,22428,22305,32623,39630,12242,20754,4,2,1657,1592,2514,4004,2858,6801,3904,10359,5056,8856,3877,3960,12781,16138,8049,13883,160951,101474,31004,4784,102073,22,10,18,5
2021-04-07T23:59:59+02:00,10,6,4777,5668,8449,11973,9755,17403,13392,25882,18961,25679,20619,20191,30863,37366,12124,20540,4,2,1624,1576,2460,3951,2797,6719,3797,10214,4868,8667,3611,3668,12090,15333,7673,13323,154911,98144,29825,4206,98899,13,9,14,5
2021-04-06T23:59:59+02:00,10,6,4729,5623,8305,11861,9595,17237,13072,25614,18441,25292,18764,18122,28938,34875,11921,20194,4,2,1588,1557,2436,3925,2763,6681,3735,10170,4785,8576,3502,3543,11616,14685,7386,12909,148061,95829,28860,4008,95656,12,9,13,5
2021-04-05T23:59:59+02:00,10,6,4698,5582,8209,11770,9456,17140,12859,25403,18040,24947,17036,16193,27311,32726,11773,19968,4,2,1566,1545,2405,3907,2733,6632,3692,10111,4698,8460,3389,3434,11274,14316,7228,12627,142651,94431,28425,3567,92031,11,9,11,5
2021-04-04T23:59:59+02:00,10,6,4691,5576,8201,11760,9442,17125,12833,25382,18012,24922,16904,16017,27115,32480,11764,19954,4,2,1565,1544,2403,3904,2730,6628,3690,10107,4694,8457,3380,3423,11263,14304,7224,12619,141932,94351,28332,3567,91914,11,7,9,5
2021-04-03T23:59:59+02:00,10,6,4687,5568,8187,11753,9423,17105,12794,25351,17934,24858,16824,15927,27068,32423,11759,19947,4,2,1562,1542,2394,3896,2712,6614,3667,10079,4611,8402,3263,3308,11182,14230,7218,12609,141401,93705,28305,3567,91902,11,7,9,5
2021-04-02T23:59:59+02:00,10,6,4662,5548,8128,11699,9359,17037,12655,25244,17698,24657,16373,15451,26592,31846,11727,19892,4,2,1560,1533,2379,3891,2705,6598,3646,10047,4541,8309,3194,3240,10944,13928,7067,12406,140192,92408,26892,3563,91484,11,7,9,5
2021-04-01T23:59:59+02:00,9,6,4619,5487,8016,11556,9229,16878,12382,24958,17253,24256,15620,14724,25833,30883,11600,19709,4,2,1543,1513,2350,3858,2682,6569,3607,10008,4473,8243,3081,3109,10007,12809,6452,11555,137947,88388,26226,3457,88831,10,5,9,5
2021-03-31T23:59:59+02:00,9,6,4407,5407,7905,11433,9088,16712,12163,24680,16899,23891,14923,13959,24999,29872,11491,19509,4,2,1534,1508,2336,3838,2655,6540,3557,9960,4402,8171,2990,3019,9431,12105,6087,11058,136143,85946,24762,3231,86434,10,5,9,5
2021-03-30T23:59:59+02:00,9,6,4376,5355,7829,11306,9001,16555,12002,24490,16615,23579,14322,13316,24238,28887,11352,19264,4,2,1520,1498,2315,3813,2629,6511,3516,9895,4336,8100,2863,2871,8836,11447,5734,10562,134653,83613,23545,2824,84290,5,5,9,5
2021-03-29T23:59:59+02:00,9,6,4336,5302,7729,11194,8893,16390,11842,24216,16286,23232,13778,12715,23474,27910,11192,19015,4,2,1502,1485,2296,3797,2607,6482,3482,9835,4272,8025,2810,2803,8545,11059,5545,10249,132802,82220,22785,2565,81918,5,5,9,5
2021-03-28T23:59:59+02:00,9,6,4301,5218,7644,11086,8813,16236,11707,23986,16027,22959,13449,12405,22902,27215,11018,18730,4,2,1493,1478,2274,3781,2592,6453,3442,9785,4235,7966,2762,2752,8465,10953,5500,10182,132303,81868,22259,2237,79135,4,5,9,5
2021-03-27T23:59:59+01:00,9,6,4287,5207,7618,11054,8747,16164,11608,23891,15882,22843,13245,12192,22699,27001,10983,18701,4,2,1492,1476,2271,3779,2591,6452,3428,9758,4225,7943,2754,2746,8407,10889,5465,10142,131421,81573,21613,2237,79089,4,5,9,5
2021-03-26T23:59:59+01:00,9,6,4244,5140,7508,10920,8573,15979,11273,23587,15269,22340,12326,11362,21909,26157,10836,18473,2,2,1487,1462,2266,3758,2578,6429,3411,9732,4184,7907,2724,2707,8226,10670,5344,9971,127362,80723,20002,2123,78533,4,5,9,5
2021-03-25T23:59:59+01:00,9,5,4189,4978,7345,10641,8328,15570,10889,22964,14624,21640,11652,10700,21038,25088,10517,17927,2,2,1467,1449,2233,3731,2543,6390,3374,9685,4113,7825,2591,2567,7248,9410,4726,9054,124070,76513,19221,1884,74800,4,4,9,5
2021-03-24T23:59:59+01:00,9,5,4113,4837,7208,10354,8112,15157,10625,22414,14152,21030,11046,10142,20102,23998,10184,17359,2,2,1446,1420,2206,3693,2499,6353,3332,9620,4034,7726,2490,2470,6596,8645,4340,8472,121465,73876,18027,1461,71346,2,2,7,5
2021-03-23T23:59:59+01:00,9,5,4073,4745,7101,10114,7959,14815,10362,21909,13750,20538,10578,9700,19376,23144,9869,16891,2,2,1435,1402,2180,3672,2480,6325,3272,9566,3940,7650,2396,2369,5867,7714,3886,7781,120000,70799,16918,1132,68012,2,1,7,5
2021-03-22T23:59:59+01:00,9,5,4020,4667,6972,9873,7798,14493,10102,21441,13401,20037,10185,9343,18804,22434,9675,16543,2,1,1426,1395,2173,3658,2468,6309,3248,9543,3910,7616,2335,2318,5410,7104,3526,7289,119104,68681,16515,1042,64175,2,1,7,5
2021-03-21T23:59:59+01:00,9,5,3973,4565,6840,9608,7630,14133,9880,20899,13058,19511,9865,9064,18267,21832,9486,16230,2,1,1423,1391,2172,3647,2464,6301,3242,9534,3900,7602,2321,2299,5293,6972,3468,7188,118897,68170,16118,1042,59832,2,1,7,5
2021-03-20T23:59:59+01:00,9,5,3962,4545,6804,9553,7572,14059,9796,20789,12952,19421,9778,8971,18127,21655,9435,16143,2,1,1420,1386,2168,3643,2459,6296,3228,9524,3880,7592,2286,2267,4965,6598,3279,6946,118065,66890,16023,1042,59480,2,1,7,5
2021-03-19T23:59:59+01:00,8,5,3788,4404,6512,9303,7132,13633,8884,20059,11225,18094,6920,6624,15874,19448,9072,15581,2,1,1416,1382,2163,3636,2447,6283,3215,9498,3828,7546,2219,2226,4590,6125,3010,6621,108768,65192,11304,1009,56486,2,1,7,4
2021-03-18T23:59:59+01:00,8,4,3684,4273,6335,8996,6863,13194,8494,19401,10588,17356,6204,5972,14651,17976,8555,14756,2,1,1412,1376,2140,3609,2429,6247,3186,9457,3788,7513,2174,2192,4168,5593,2728,6206,103631,63313,10299,901,53372,2,1,7,4
2021-03-17T23:59:59+01:00,8,4,3605,4199,6206,8849,6691,13017,8195,19091,10185,16966,5795,5586,13835,17054,8157,14167,2,1,1402,1363,2124,3589,2399,6215,3155,9429,3751,7476,2119,2132,3759,5147,2475,5818,100392,61582,8610,767,52600,2,1,7,4
2021-03-16T23:59:59+01:00,8,4,3527,4067,6051,8579,6485,12648,7884,18509,9636,16310,5267,5131,13017,16092,7819,13666,2,1,1393,1354,2115,3572,2383,6200,3139,9410,3726,7450,2092,2095,3239,4506,2135,5304,98063,59346,7198,763,49431,2,1,7,4
2021-03-15T23:59:59+01:00,8,4,3479,3922,5864,8304,6267,12236,7607,17938,9200,15687,4949,4846,12358,15350,7553,13204,2,1,1393,1344,2099,3557,2363,6176,3120,9361,3702,7411,2055,2044,2871,4044,1850,4909,96563,57551,6219,745,45987,2,0,7,4
2021-03-14T23:59:59+01:00,8,4,3434,3789,5634,7973,5977,11789,7299,17218,8740,14936,4625,4572,12069,15094,7504,13104,2,1,1386,1339,2083,3528,2350,6127,3102,9302,3685,7373,2048,2033,2793,3936,1797,4823,96438,57152,5603,550,41721,2,0,7,4
2021-03-13T23:59:59+01:00,8,4,3418,3749,5593,7857,5916,11667,7214,17070,8591,14781,4474,4422,11979,15009,7498,13093,2,1,1386,1339,2083,3528,2349,6127,3101,9301,3684,7373,2045,2025,2740,3881,1763,4769,95745,56941,5603,550,40988,2,0,7,4
2021-03-12T23:59:59+01:00,8,4,3398,3679,5536,7719,5856,11515,7128,16844,8455,14547,4368,4326,11705,14684,7342,12875,2,1,1386,1339,2079,3522,2348,6119,3097,9295,3682,7368,2043,2023,2652,3770,1679,4680,94317,56529,5595,550,40070,2,0,7,4
2021-03-11T23:59:59+01:00,8,4,3320,3486,5327,7422,5625,11099,6789,16175,8018,13908,4024,3990,10625,13425,6683,11961,2,1,1381,1337,2068,3508,2329,6094,3074,9261,3658,7335,2013,1998,2412,3504,1523,4461,90111,55436,5160,517,36611,2,0,7,4
2021-03-10T23:59:59+01:00,8,4,3224,3368,5108,7150,5413,10736,6518,15628,7680,13361,3800,3761,9979,12634,6294,11425,2,1,1376,1326,2041,3470,2300,6004,3026,9138,3601,7216,1969,1921,2196,3267,1391,4266,87635,54222,4784,283,33665,2,0,7,4
2021-03-09T23:59:59+01:00,7,4,3150,3240,4940,6963,5210,10451,6286,15193,7383,12852,3616,3554,9342,11935,5916,10898,2,1,1369,1315,2007,3410,2269,5902,2964,8996,3533,7134,1939,1895,1916,2949,1219,4019,85348,52798,4519,35,31066,2,0,7,4
2021-03-08T23:59:59+01:00,7,4,3086,3084,4709,6699,4969,10098,6025,14679,7022,12266,3414,3361,8951,11492,5718,10580,2,1,1366,1297,1993,3332,2238,5805,2926,8850,3500,7040,1924,1873,1713,2717,1095,3825,83871,51460,4148,33,28138,0,0,7,4
2021-03-07T23:59:59+01:00,7,4,3054,3024,4636,6584,4885,9985,5920,14515,6905,12119,3363,3314,8862,11383,5677,10513,2,1,1360,1292,1987,3320,2230,5780,2919,8811,3488,7021,1916,1861,1658,2649,1044,3756,83510,51058,3970,33,27263,0,0,7,4
2021-03-06T23:59:59+01:00,6,4,3040,2966,4594,6491,4848,9918,5862,14396,6857,12007,3339,3291,8805,11317,5642,10470,2,1,1358,1279,1982,3306,2218,5753,2916,8784,3477,7002,1906,1837,1630,2625,1038,3747,83185,50824,3970,33,26691,0,0,7,4
2021-03-05T23:59:59+01:00,6,4,3016,2873,4535,6379,4784,9820,5799,14244,6754,11854,3294,3236,8618,11089,5519,10294,2,1,1349,1246,1950,3251,2193,5647,2875,8650,3433,6864,1862,1791,1566,2555,1016,3719,82276,49933,3962,33,25873,0,0,7,4
2021-03-04T23:59:59+01:00,4,4,2964,2684,4378,6140,4565,9507,5592,13827,6441,11465,3118,3060,7596,9794,4884,9376,2,1,1330,1197,1913,3128,2161,5465,2829,8373,3376,6632,1790,1701,1529,2503,1011,3701,78103,48606,3688,32,23601,0,0,7,4
2021-03-03T23:59:59+01:00,3,4,2925,2613,4238,5949,4398,9238,5389,13448,6185,11046,2993,2927,6945,9018,4487,8767,2,1,1318,1161,1886,3055,2139,5354,2799,8194,3323,6475,1722,1659,1488,2433,991,3647,75373,47611,3445,32,21748,0,0,7,4
2021-03-02T23:59:59+01:00,3,4,2865,2522,4050,5730,4194,8967,5191,13068,5916,10670,2846,2766,6184,8057,4015,8058,2,1,1285,1119,1859,2983,2115,5212,2749,7921,3274,6277,1648,1599,1422,2353,967,3596,72211,46346,2989,32,19899,0,0,7,4
2021-03-01T23:59:59+01:00,3,3,2826,2459,3886,5577,4008,8748,5002,12747,5677,10277,2745,2651,5690,7399,3649,7547,2,1,1279,1083,1836,2882,2089,5018,2708,7671,3214,6041,1605,1563,1373,2292,937,3553,70039,45111,2680,32,18168,0,0,7,4
2021-02-28T23:59:59+01:00,3,3,2784,2411,3728,5459,3785,8558,4819,12496,5490,9971,2688,2578,5568,7244,3587,7446,2,1,1275,1078,1831,2869,2080,4994,2701,7635,3204,6024,1596,1556,1368,2284,934,3543,69560,44940,2459,31,16592,0,0,7,4
2021-02-27T23:59:59+01:00,3,2,2771,2350,3702,5379,3751,8484,4785,12403,5455,9897,2647,2544,5233,6855,3386,7194,2,1,1268,1070,1824,2857,2067,4959,2682,7570,3188,5968,1578,1547,1362,2273,932,3542,68237,44656,2459,30,16138,0,0,7,4
2021-02-26T23:59:59+01:00,3,2,2751,2309,3662,5291,3685,8380,4722,12292,5369,9809,2570,2491,4849,6372,3107,6860,2,1,1211,1020,1774,2751,2018,4778,2626,7295,3115,5758,1517,1496,1339,2252,918,3533,66415,43371,2332,29,15771,0,0,6,4
2021-02-25T23:59:59+01:00,3,2,2579,2202,3475,5109,3499,8153,4519,12005,5151,9534,2481,2425,4400,5817,2818,6432,2,1,1195,963,1743,2642,1964,4504,2557,6899,3020,5471,1471,1453,1318,2237,915,3524,64548,41849,2005,26,14045,0,0,6,4
2021-02-24T23:59:59+01:00,3,2,2426,2068,3285,4915,3353,7948,4322,11751,4930,9283,2344,2305,3939,5305,2556,6033,1,1,1180,934,1720,2557,1928,4364,2497,6643,2967,5266,1440,1421,1300,2216,911,3501,62767,40825,1526,18,12469,0,0,6,4
2021-02-23T23:59:59+01:00,3,2,2296,1930,3106,4688,3200,7709,4147,11480,4746,9035,2255,2212,3382,4641,2213,5517,1,1,1166,886,1687,2462,1889,4173,2429,6344,2870,5006,1382,1366,1271,2172,895,3474,60555,39455,1173,15,10828,0,0,6,4
2021-02-22T23:59:59+01:00,3,2,2256,1879,3022,4595,3130,7600,4053,11293,4638,8910,2203,2171,3011,4174,1927,5131,1,1,1154,827,1655,2336,1847,3927,2353,5950,2745,4709,1319,1312,1248,2139,887,3449,58874,37850,1086,5,10032,0,0,6,4
2021-02-21T23:59:59+01:00,3,2,2220,1848,2970,4526,3050,7487,3972,11148,4572,8793,2188,2148,2926,4059,1871,5043,1,1,1151,809,1638,2284,1820,3820,2320,5794,2682,4584,1288,1289,1238,2125,880,3434,58440,37149,1053,5,9327,0,0,6,4
2021-02-20T23:59:59+01:00,3,2,2208,1845,2947,4513,3034,7451,3946,11115,4551,8771,2185,2140,2872,4002,1836,4988,1,1,1151,806,1638,2282,1819,3811,2319,5789,2681,4580,1287,1286,1237,2122,879,3433,58224,37113,1052,5,9127,0,0,6,4
2021-02-19T23:59:59+01:00,2,2,2196,1831,2911,4461,3009,7365,3901,11033,4497,8708,2177,2134,2781,3888,1751,4894,1,1,1101,797,1599,2274,1808,3802,2309,5768,2673,4567,1281,1275,1226,2117,874,3426,57802,36891,1020,4,8713,0,0,6,4
2021-02-18T23:59:59+01:00,2,2,2065,1736,2754,4278,2885,7167,3764,10747,4358,8503,2143,2100,2538,3616,1595,4671,1,1,1023,761,1527,2175,1758,3680,2236,5611,2616,4482,1267,1255,1219,2103,861,3408,56729,35976,952,4,7237,0,0,6,4
2021-02-17T23:59:59+01:00,2,2,2021,1688,2663,4147,2775,6955,3611,10406,4216,8261,2084,2016,2319,3387,1468,4478,1,1,871,696,1414,2049,1681,3489,2139,5383,2544,4309,1233,1209,1193,2058,845,3363,55657,34471,806,3,6030,0,0,6,4
2021-02-16T23:59:59+01:00,2,2,1851,1577,2489,3939,2635,6680,3450,10052,4038,7955,2039,1989,2037,3067,1294,4224,1,1,844,674,1344,1971,1612,3348,2044,5209,2449,4175,1171,1163,1133,1969,812,3261,54315,33175,770,2,4229,0,0,6,4
2021-02-15T23:59:59+01:00,2,2,1816,1522,2401,3768,2558,6408,3328,9684,3923,7685,2013,1960,1818,2827,1168,4031,1,1,826,662,1315,1924,1570,3279,1987,5037,2386,4074,1112,1122,1066,1877,793,3157,53206,32184,754,1,2948,0,0,6,4
2021-02-14T23:59:59+01:00,2,2,1726,1492,2353,3707,2516,6314,3257,9579,3876,7607,2002,1950,1760,2767,1118,3971,1,1,811,652,1299,1901,1543,3256,1953,4996,2360,4018,1102,1113,1059,1868,790,3145,52867,31863,725,1,2401,0,0,6,4
2021-02-13T23:59:59+01:00,2,2,1725,1480,2343,3700,2510,6300,3254,9563,3869,7597,1993,1930,1736,2747,1114,3961,1,1,811,652,1299,1901,1543,3256,1953,4996,2360,4018,1102,1113,1059,1868,790,3145,52710,31863,725,1,2385,0,0,6,4
2021-02-12T23:59:59+01:00,2,2,1646,1395,2242,3586,2431,6127,3149,9325,3744,7332,1946,1872,1672,2676,1091,3932,1,1,804,644,1287,1878,1530,3237,1945,4965,2344,3998,1097,1108,1058,1849,790,3114,51768,31646,725,0,1671,0,0,6,4
2021-02-11T23:59:59+01:00,2,2,1451,1259,2061,3374,2303,5835,2998,8891,3586,6985,1873,1770,1630,2612,1071,3909,1,1,775,596,1192,1699,1403,2958,1805,4603,2178,3708,1044,1044,1014,1771,749,2972,50369,29511,684,0,553,0,0,6,2
2021-02-10T23:59:59+01:00,2,2,1358,1212,1977,3247,2234,5663,2916,8612,3475,6754,1803,1723,1583,2545,1052,3847,1,1,565,512,970,1473,1261,2647,1620,4142,1974,3326,924,917,881,1513,657,2630,49193,26012,645,0,161,0,0,6,2
2021-02-09T23:59:59+01:00,2,2,1323,1163,1942,3153,2206,5478,2849,8271,3405,6496,1729,1661,1521,2484,1033,3805,1,1,303,379,755,1207,1075,2269,1413,3603,1723,2870,758,755,708,1206,523,2125,47923,21673,515,0,80,0,0,5,1
2021-02-08T23:59:59+01:00,2,2,1316,1128,1910,3036,2169,5256,2797,7992,3346,6260,1686,1627,1472,2429,1016,3782,1,1,267,341,652,1054,970,2053,1254,3210,1527,2554,656,635,606,1018,451,1840,46797,19089,345,0,79,0,0,5,1
2021-02-07T23:59:59+01:00,2,2,1290,1112,1880,2984,2143,5174,2767,7889,3304,6194,1670,1611,1457,2410,1004,3767,1,1,233,286,603,965,909,1898,1163,2983,1430,2382,615,615,584,983,441,1809,46511,17901,144,0,0,0,0,5,0
2021-02-06T23:59:59+01:00,2,2,1285,1106,1874,2972,2134,5146,2754,7845,3293,6149,1657,1603,1452,2400,1001,3766,1,1,214,255,581,927,881,1833,1120,2864,1373,2299,599,596,577,983,441,1809,46292,17354,144,0,0,0,0,5,0
2021-02-05T23:59:59+01:00,2,2,1226,1054,1825,2864,2082,4950,2693,7549,3216,5933,1594,1550,1435,2377,993,3760,1,1,197,222,545,876,845,1753,1082,2744,1320,2199,565,572,565,959,429,1784,44956,16659,144,0,0,0,0,5,0
2021-02-04T23:59:59+01:00,2,2,1214,991,1784,2716,2010,4638,2611,7103,3116,5604,1549,1517,1418,2360,988,3749,1,1,168,170,471,756,746,1612,969,2505,1207,1985,519,519,517,903,408,1664,43332,15121,36,0,0,0,0,4,0
2021-02-03T23:59:59+01:00,2,2,1196,962,1754,2634,1971,4490,2545,6841,3064,5390,1512,1485,1388,2325,969,3719,1,1,139,141,397,644,630,1374,823,2127,1010,1693,399,383,373,681,288,1259,42209,12363,36,0,0,0,0,4,0
2021-02-02T23:59:59+01:00,2,2,1179,906,1720,2533,1929,4270,2472,6509,2958,5118,1458,1438,1364,2294,959,3694,1,1,116,116,321,522,524,1136,679,1796,821,1384,298,280,292,499,225,947,40765,9958,36,0,0,0,0,4,0
2021-02-01T23:59:59+01:00,1,2,1166,846,1685,2409,1878,4025,2395,6119,2836,4822,1391,1356,1334,2248,946,3665,0,0,83,76,221,352,351,743,430,1159,479,862,186,170,171,298,126,562,39084,6269,36,0,0,0,0,4,0
2021-01-31T23:59:59+01:00,1,2,1162,828,1668,2352,1853,3903,2363,5935,2769,4702,1360,1333,1323,2232,939,3649,0,0,72,70,187,280,273,576,341,905,397,695,160,155,159,289,122,548,38337,5229,33,0,0,0,0,4,0
2021-01-30T23:59:59+01:00,1,2,1162,825,1667,2347,1851,3892,2361,5924,2766,4692,1359,1329,1322,2231,939,3648,0,0,69,63,154,233,245,508,306,787,354,620,159,148,154,285,122,547,38282,4754,32,0,0,0,0,4,0
2021-01-29T23:59:59+01:00,1,2,1111,816,1628,2339,1840,3885,2353,5909,2758,4681,1355,1326,1318,2231,939,3648,0,0,61,45,117,178,201,353,250,639,310,492,148,139,143,275,119,546,38106,4016,30,0,0,0,0,4,0
2021-01-28T23:59:59+01:00,1,2,1037,790,1573,2276,1807,3816,2306,5838,2725,4629,1343,1314,1308,2225,927,3634,0,0,39,20,75,106,132,206,155,383,202,295,115,106,117,221,107,496,37520,2775,27,0,0,0,0,4,0
2021-01-27T23:59:59+01:00,1,2,889,738,1478,2201,1739,3702,2233,5709,2667,4503,1313,1268,1279,2187,911,3598,0,0,30,13,63,88,106,162,122,326,175,249,107,88,104,201,103,459,36396,2396,18,0,0,0,0,4,0
2021-01-26T23:59:59+01:00,1,2,874,718,1415,2126,1678,3572,2146,5537,2579,4391,1254,1228,1229,2114,886,3538,0,0,29,12,60,85,102,156,118,311,174,240,104,82,97,180,92,409,35271,2251,13,0,0,0,0,4,0
2021-01-25T23:59:59+01:00,1,2,862,697,1384,2064,1645,3475,2100,5367,2522,4299,1200,1203,1174,2054,869,3472,0,0,27,12,57,85,99,154,117,309,173,240,103,81,96,179,90,406,34382,2228,4,0,0,0,0,4,0
2021-01-24T23:59:59+01:00,1,2,859,696,1378,2053,1640,3458,2092,5342,2510,4267,1196,1196,1169,2047,868,3466,0,0,27,12,57,85,98,153,117,309,173,239,103,81,96,179,90,405,34232,2224,4,0,0,0,0,4,0
2021-01-23T23:59:59+01:00,1,2,859,696,1378,2053,1639,3458,2092,5342,2510,4267,1196,1196,1169,2047,868,3466,0,0,27,12,57,85,98,153,117,309,172,239,103,81,96,179,90,405,34232,2223,3,0,0,0,0,4,0
2021-01-22T23:59:59+01:00,1,2,858,686,1364,2030,1624,3434,2079,5308,2494,4247,1194,1191,1168,2024,867,3432,0,0,27,12,57,85,98,153,117,309,171,239,103,81,96,179,90,405,33996,2222,3,0,0,0,0,4,0
2021-01-21T23:59:59+01:00,1,2,826,650,1287,1875,1523,3241,1983,5036,2384,4047,1153,1131,1139,1955,829,3311,0,0,25,11,53,80,90,144,107,280,157,216,89,72,85,155,74,345,32368,1983,3,0,0,0,0,2,0
2021-01-20T23:59:59+01:00,1,2,626,551,1093,1659,1385,2967,1806,4630,2179,3706,1024,1012,1009,1714,752,3007,0,0,23,11,52,76,87,143,99,267,146,197,78,65,79,130,62,307,29118,1822,3,0,0,0,0,2,0
2021-01-19T23:59:59+01:00,1,2,341,407,844,1402,1181,2619,1570,4101,1914,3256,849,842,838,1425,630,2565,0,0,19,8,37,53,58,78,73,180,103,134,58,50,51,96,47,238,24784,1283,2,0,0,0,0,1,0
2021-01-18T23:59:59+01:00,1,2,300,371,731,1213,1063,2365,1377,3600,1673,2875,708,690,677,1169,526,2120,0,0,8,4,12,18,20,26,24,52,25,47,13,11,13,33,11,72,21459,389,1,0,0,0,0,1,0
2021-01-17T23:59:59+01:00,1,2,258,319,664,1117,983,2194,1279,3327,1559,2664,662,660,648,1109,498,2052,0,0,0,0,1,0,3,2,2,1,2,2,1,4,1,0,0,1,19995,20,1,0,0,0,0,0,0
2021-01-16T23:59:59+01:00,1,2,241,289,648,1082,959,2133,1238,3216,1508,2590,646,642,640,1109,498,2051,0,0,0,0,0,0,1,2,1,1,1,2,0,1,1,0,0,1,19492,11,1,0,0,0,0,0,0
2021-01-15T23:59:59+01:00,1,2,225,255,618,1030,932,2055,1204,3098,1456,2493,615,616,633,1088,491,2039,0,0,0,0,0,0,0,0,0,0,0,0,0,0,0,0,0,0,18851,0,0,0,0,0,0,0,0
2021-01-14T23:59:59+01:00,1,2,195,206,557,907,843,1911,1109,2876,1341,2308,571,572,593,1042,484,1993,0,0,0,0,0,0,0,0,0,0,0,0,0,0,0,0,0,0,17511,0,0,0,0,0,0,0,0
2021-01-13T23:59:59+01:00,1,2,166,185,508,836,771,1786,1010,2639,1186,2083,455,453,451,824,368,1552,0,0,0,0,0,0,0,0,0,0,0,0,0,0,0,0,0,0,15276,0,0,0,0,0,0,0,0
2021-01-12T23:59:59+01:00,1,2,142,164,477,767,719,1631,921,2436,1078,1851,365,344,351,591,270,1115,0,0,0,0,0,0,0,0,0,0,0,0,0,0,0,0,0,0,13225,0,0,0,0,0,0,0,0
2021-01-11T23:59:59+01:00,0,1,113,127,401,637,629,1377,757,1977,846,1463,227,203,201,357,153,673,0,0,0,0,0,0,0,0,0,0,0,0,0,0,0,0,0,0,10142,0,0,0,0,0,0,0,0
2021-01-10T23:59:59+01:00,0,1,87,92,310,458,473,999,548,1449,622,1066,189,179,184,344,147,659,0,0,0,0,0,0,0,0,0,0,0,0,0,0,0,0,0,0,7807,0,0,0,0,0,0,0,0
2021-01-09T23:59:59+01:00,0,1,77,84,263,396,402,867,481,1232,546,908,183,169,179,339,147,657,0,0,0,0,0,0,0,0,0,0,0,0,0,0,0,0,0,0,6931,0,0,0,0,0,0,0,0
2021-01-08T23:59:59+01:00,0,1,64,64,190,288,304,585,367,934,440,689,175,164,163,327,145,657,0,0,0,0,0,0,0,0,0,0,0,0,0,0,0,0,0,0,5557,0,0,0,0,0,0,0,0
2021-01-07T23:59:59+01:00,0,0,45,25,81,122,140,231,165,421,222,344,130,128,144,277,131,602,0,0,0,0,0,0,0,0,0,0,0,0,0,0,0,0,0,0,3208,0,0,0,0,0,0,0,0
2021-01-06T23:59:59+01:00,0,0,33,18,70,93,119,180,137,344,193,279,111,99,115,227,112,517,0,0,0,0,0,0,0,0,0,0,0,0,0,0,0,0,0,0,2647,0,0,0,0,0,0,0,0
2021-01-05T23:59:59+01:00,0,0,30,13,60,89,108,166,121,329,179,256,109,94,114,220,109,499,0,0,0,0,0,0,0,0,0,0,0,0,0,0,0,0,0,0,2496,0,0,0,0,0,0,0,0
2021-01-04T23:59:59+01:00,0,0,27,12,57,86,100,158,116,314,177,244,108,90,107,206,99,461,0,0,0,0,0,0,0,0,0,0,0,0,0,0,0,0,0,0,2362,0,0,0,0,0,0,0,0
2021-01-03T23:59:59+01:00,0,0,27,12,57,86,100,158,116,314,177,244,108,90,106,205,99,461,0,0,0,0,0,0,0,0,0,0,0,0,0,0,0,0,0,0,2360,0,0,0,0,0,0,0,0
2021-01-02T23:59:59+01:00,0,0,27,12,57,86,100,158,116,314,176,244,108,90,106,205,99,461,0,0,0,0,0,0,0,0,0,0,0,0,0,0,0,0,0,0,2359,0,0,0,0,0,0,0,0
2021-01-01T23:59:59+01:00,0,0,27,12,57,86,100,158,116,314,174,243,108,90,106,205,99,461,0,0,0,0,0,0,0,0,0,0,0,0,0,0,0,0,0,0,2356,0,0,0,0,0,0,0,0
2020-12-31T23:59:59+01:00,0,0,27,12,57,86,100,158,116,314,174,243,108,90,106,205,99,461,0,0,0,0,0,0,0,0,0,0,0,0,0,0,0,0,0,0,2356,0,0,0,0,0,0,0,0
2020-12-30T23:59:59+01:00,0,0,26,12,57,85,99,155,116,313,174,243,108,90,106,205,99,461,0,0,0,0,0,0,0,0,0,0,0,0,0,0,0,0,0,0,2349,0,0,0,0,0,0,0,0
2020-12-29T23:59:59+01:00,0,0,20,9,42,60,76,91,86,218,128,191,83,77,77,171,80,373,0,0,0,0,0,0,0,0,0,0,0,0,0,0,0,0,0,0,1782,0,0,0,0,0,0,0,0
2020-12-28T23:59:59+01:00,0,0,9,6,18,30,31,45,40,113,53,103,36,42,39,98,43,211,0,0,0,0,0,0,0,0,0,0,0,0,0,0,0,0,0,0,917,0,0,0,0,0,0,0,0
2020-12-27T23:59:59+01:00,0,0,2,2,4,5,7,11,10,24,6,23,6,7,7,25,5,56,0,0,0,0,0,0,0,0,0,0,0,0,0,0,0,0,0,0,200,0,0,0,0,0,0,0,0
