Datum,<24_1_m,<24_1_w,25-34_1_m,25-34_1_w,35-44_1_m,35-44_1_w,45-54_1_m,45-54_1_w,55-64_1_m,55-64_1_w,65-74_1_m,65-74_1_w,75-84_1_m,75-84_1_w,>84_1_m,>84_1_w,<24_2_m,<24_2_w,25-34_2_m,25-34_2_w,35-44_2_m,35-44_2_w,45-54_2_m,45-54_2_w,55-64_2_m,55-64_2_w,65-74_2_m,65-74_2_w,75-84_2_m,75-84_2_w,>84_2_m,>84_2_w,bp_1,bp_2,mo_1,mo_2,az_1,az_2,ja
2021-06-08T23:59:59+02:00,17355,15773,29319,25050,35633,34671,58748,58946,73595,73550,52907,57159,34924,45951,9737,17849,4670,4711,7697,7957,8578,11412,11724,16585,30517,31943,34576,36925,30304,39968,8992,16396,460013,214788,64076,34220,107832,44701,9246
2021-06-07T23:59:59+02:00,16619,15092,27989,24272,34559,33953,58345,58739,73400,73466,52882,57124,34911,45947,9737,17845,4569,4648,7495,7847,8289,11306,11295,16302,25931,27239,33584,35886,30116,39750,8973,16373,456950,203301,61223,34159,107800,43236,8907
2021-06-06T23:59:59+02:00,16296,14870,27277,23904,34006,33594,58094,58601,73279,73414,52862,57106,34901,45940,9736,17844,4493,4610,7350,7797,8133,11222,10943,16066,22863,24061,32911,35183,30000,39628,8968,16362,455808,200544,59568,29010,107776,42464,8572
2021-06-05T23:59:59+02:00,16261,14832,27228,23866,33977,33573,58084,58590,73270,73408,52857,57101,34897,45938,9736,17844,4469,4595,7316,7777,8085,11208,10869,16016,21271,22318,32305,34508,29945,39566,8964,16356,455658,195618,59464,29008,107769,42371,8571
2021-06-04T23:59:59+02:00,15987,14525,26898,23540,33634,33259,58014,58522,73225,73384,52851,57097,34896,45936,9736,17843,4432,4561,7244,7700,8027,11128,10780,15893,21171,22209,32238,34456,29917,39535,8961,16353,453635,195540,59404,28996,107737,41498,8571
2021-06-03T23:59:59+02:00,15304,13978,25853,22861,32563,32540,57553,58208,72962,73207,52787,57032,34867,45907,9732,17831,4278,4451,6968,7543,7772,10952,10396,15622,19088,20051,30511,32486,29706,39275,8941,16307,449325,187062,57970,28978,107724,40141,8166
2021-06-02T23:59:59+02:00,14524,13155,24877,21965,31511,31668,57331,57977,72787,73080,52747,56966,34852,45890,9725,17824,4238,4424,6917,7492,7718,10905,10309,15531,18373,19283,28869,30636,29630,39168,8935,16297,443202,181779,57797,28977,107722,39811,8158
2021-06-01T23:59:59+02:00,13224,12158,22764,20541,29110,29890,56034,57010,71909,72368,52489,56696,34758,45738,9695,17783,3989,4224,6404,7189,7127,10486,9412,14900,16271,17251,25372,26710,29104,38465,8873,16175,434067,168208,53533,28842,107682,38017,6885
2021-05-31T23:59:59+02:00,12206,11411,20954,19382,27159,28443,55040,56244,71307,71868,52298,56470,34693,45647,9684,17752,3820,4052,6073,6943,6730,10193,8829,14521,15162,16181,24267,25446,28799,38053,8823,16098,427400,162566,49428,28812,107666,36548,6064
2021-05-30T23:59:59+02:00,11792,11032,20253,18875,26481,27874,54739,55980,71099,71697,52234,56405,34672,45624,9677,17745,3604,3833,5732,6691,6446,9948,8611,14315,14899,15906,23989,25142,28704,37963,8812,16075,424863,161745,49063,28756,107636,35552,4617
2021-05-29T23:59:59+02:00,11775,11016,20236,18850,26463,27852,54729,55973,71095,71691,52232,56400,34670,45624,9677,17745,3602,3825,5727,6688,6442,9945,8604,14308,14889,15903,23979,25134,28701,37959,8811,16074,424712,161680,49063,28755,107636,35539,4617
2021-05-28T23:59:59+02:00,11700,10907,20080,18681,26216,27614,54580,55803,70958,71573,52201,56353,34658,45603,9674,17737,3552,3740,5638,6548,6338,9738,8483,14044,14702,15634,23833,24989,28662,37911,8805,16067,423075,161307,49026,28754,107621,34007,4616
2021-05-27T23:59:59+02:00,10206,9527,17694,16851,23525,25546,53579,55067,70350,71117,52015,56155,34586,45517,9664,17714,3191,3347,4801,5916,5469,8968,7651,13022,13609,14477,22928,24028,28346,37534,8759,15992,411226,157606,48078,28492,107488,29619,2321
2021-05-26T23:59:59+02:00,9747,9059,16767,16002,22384,24572,53018,54558,69974,70770,51881,56009,34526,45455,9656,17687,2976,3148,4422,5574,5009,8463,7138,12362,12627,13494,22105,23045,28083,37172,8720,15922,405704,153847,47352,28406,107430,26428,1579
2021-05-25T23:59:59+02:00,9060,8382,15526,15097,20986,23457,52602,54200,69749,70600,51820,55937,34508,45436,9653,17679,2881,3029,4236,5439,4770,8232,6845,12027,12033,12926,20000,20944,27791,36712,8694,15885,398987,148286,47109,28392,107399,24569,1197
2021-05-24T23:59:59+02:00,8961,8272,15307,14969,20710,23283,52518,54091,69712,70569,51819,55932,34507,45435,9651,17676,2829,2956,4154,5263,4681,7992,6716,11732,11905,12714,19892,20836,27748,36674,8689,15876,397883,148153,47033,28352,107313,22969,1183
2021-05-23T23:59:59+02:00,8943,8255,15265,14960,20660,23256,52511,54089,69710,70564,51818,55930,34507,45434,9651,17676,2827,2952,4147,5259,4672,7987,6713,11721,11884,12690,19753,20645,27720,36637,8687,15875,397706,147680,47033,28350,107313,22962,1177
2021-05-22T23:59:59+02:00,8938,8246,15253,14948,20653,23251,52511,54087,69708,70564,51818,55929,34507,45434,9651,17676,2822,2941,4141,5257,4670,7986,6712,11718,11873,12686,19743,20641,27719,36637,8687,15875,397653,147645,47033,28350,107313,22938,1175
2021-05-21T23:59:59+02:00,8853,8131,15120,14828,20423,23064,52297,53886,69582,70465,51796,55905,34500,45428,9646,17670,2746,2845,4053,5119,4566,7754,6587,11409,11712,12432,19690,20593,27707,36619,8686,15874,396099,147430,47031,28350,107292,21440,1172
2021-05-20T23:59:59+02:00,8529,7784,14534,14314,19193,21974,49844,51705,68533,69576,51499,55594,34407,45305,9623,17647,2461,2649,3688,4761,4133,7188,5981,10527,10590,11341,18508,19371,27283,36124,8625,15753,385232,142334,46878,28059,106989,17628,962
2021-05-19T23:59:59+02:00,8230,7530,13863,13830,17551,20668,46173,48460,67157,68350,51118,55121,34267,45116,9591,17602,2373,2411,3527,4434,3876,6649,5510,9793,9560,10208,17049,17760,26691,35320,8528,15581,370605,135280,46316,27916,106763,15131,943
2021-05-18T23:59:59+02:00,8000,7316,13300,13393,16190,19613,41646,44590,65809,67111,50644,54647,34141,44922,9555,17558,2320,2258,3385,4249,3690,6328,5143,9281,8621,9292,15499,16016,26091,34601,8452,15429,354679,128710,46258,27357,106616,13706,882
2021-05-17T23:59:59+02:00,7841,7202,12960,13141,15634,19137,39497,42774,65031,66364,50410,54381,34076,44827,9542,17530,2235,2182,3199,4073,3475,6099,4793,8877,7816,8551,12138,11894,25404,33690,8381,15296,351027,123600,42002,21306,106539,12418,779
2021-05-16T23:59:59+02:00,7768,7107,12836,12989,15461,18965,39003,42304,64856,66212,50366,54320,34069,44807,9537,17525,2164,2075,3109,3951,3392,5996,4680,8722,7622,8367,9841,9149,25062,33186,8355,15248,349561,122472,41502,15981,106508,11912,554
2021-05-15T23:59:59+02:00,7761,7097,12832,12984,15457,18960,38997,42303,64855,66210,50366,54319,34069,44807,9537,17525,2163,2074,3106,3945,3388,5992,4675,8720,7620,8364,9838,9147,25062,33186,8355,15248,349520,122442,41502,15981,106506,11909,551
2021-05-14T23:59:59+02:00,7538,6993,12596,12920,15236,18874,37968,41485,64381,65842,50290,54242,34057,44780,9535,17522,2037,1980,2998,3875,3340,5887,4623,8562,7573,8256,9838,9144,25061,33186,8355,15247,346199,122392,41472,15977,106047,11052,541
2021-05-13T23:59:59+02:00,7238,6784,12188,12663,14660,18419,34208,38473,62088,63943,49769,53662,33951,44587,9524,17478,1987,1933,2944,3800,3305,5791,4583,8455,7492,8144,9805,9090,25039,33148,8353,15244,332288,122150,41251,15953,105618,10532,478
2021-05-12T23:59:59+02:00,7217,6757,12111,12596,14544,18302,33524,37877,61622,63520,49630,53503,33916,44546,9519,17469,1987,1930,2943,3800,3302,5791,4583,8453,7490,8137,9798,9088,25039,33146,8353,15243,329320,122131,41241,15943,105614,10531,478
2021-05-11T23:59:59+02:00,6857,6605,11650,12312,14023,17910,29038,34206,59422,61641,49075,52905,33764,44338,9497,17416,1938,1790,2829,3524,3188,5414,4438,7996,7346,7859,9718,9014,25017,33110,8350,15234,314477,121903,41189,15751,104637,8755,356
2021-05-10T23:59:59+02:00,6716,6523,11493,12205,13804,17736,25481,31367,58310,60626,48754,52598,33688,44224,9485,17391,1893,1672,2748,3307,3094,5062,4322,7468,7234,7487,9687,8973,25006,33092,8349,15230,304721,121777,41028,15603,104350,6942,302
2021-05-09T23:59:59+02:00,6635,6485,11407,12142,13702,17652,23827,30139,57914,60314,48664,52509,33667,44194,9480,17386,1869,1633,2690,3194,3045,4919,4279,7339,7195,7423,9677,8962,25001,33088,8348,15230,304205,121757,37471,15561,104152,6285,289
2021-05-08T23:59:59+02:00,6634,6482,11401,12139,13698,17648,23822,30135,57905,60309,48661,52502,33662,44191,9480,17383,1868,1632,2690,3193,3045,4919,4276,7336,7194,7422,9676,8962,25000,33086,8348,15230,304140,121742,37471,15561,104152,6285,289
2021-05-07T23:59:59+02:00,6585,6440,11336,12091,13598,17568,23023,29515,57237,59744,48559,52399,33640,44166,9477,17370,1753,1579,2620,3153,3008,4891,4245,7312,7172,7392,9670,8956,24998,33086,8348,15229,300999,121711,37455,15555,104010,5862,284
2021-05-06T23:59:59+02:00,6303,6306,10797,11768,12871,17108,20738,27722,53955,56804,47525,51218,33374,43814,9435,17285,1500,1422,2402,2996,2845,4717,4092,7119,7026,7244,9605,8884,24982,33059,8345,15222,286131,121457,37273,15419,103464,4429,155
2021-05-05T23:59:59+02:00,6021,6190,10272,11519,12088,16643,18654,26056,50223,53179,46080,49516,33004,43328,9383,17184,1449,1304,2342,2880,2765,4528,3998,6880,6914,7060,9497,8796,24934,32992,8339,15207,269176,121001,37048,15376,103075,3467,41
2021-05-04T23:59:59+02:00,5917,6085,9940,11304,11634,16222,17455,24989,48520,51240,45104,48342,32689,42919,9324,17086,1433,1281,2315,2837,2728,4443,3942,6766,6843,6994,9462,8758,24916,32978,8338,15203,258932,120792,37025,15316,102795,3111,18
2021-05-03T23:59:59+02:00,5795,5987,9579,11125,11160,15943,16277,24023,47003,49639,44336,47485,32510,42627,9299,17014,1411,1249,2286,2813,2686,4378,3896,6712,6765,6941,8607,7655,23452,31045,8225,15005,250007,115008,37015,15234,102770,2874,10
2021-05-02T23:59:59+02:00,5723,5964,9468,11089,11021,15882,15580,23460,46564,49294,44221,47336,32469,42573,9292,17006,1407,1244,2272,2811,2671,4368,3875,6702,6746,6927,7951,6884,21959,29166,8186,14934,248816,114991,35405,10262,102716,2845,5
2021-05-01T23:59:59+02:00,5723,5961,9463,11084,11018,15881,15576,23456,46562,49290,44220,47336,32469,42573,9292,17006,1406,1244,2272,2811,2671,4368,3873,6702,6745,6927,7951,6883,21959,29166,8186,14934,248785,114987,35405,10262,102715,2844,5
2021-04-30T23:59:59+02:00,5670,5938,9395,11064,10967,15860,15485,23419,45021,47825,43961,47064,32438,42536,9290,16999,1176,1139,2087,2731,2576,4302,3796,6650,6681,6872,7947,6870,21958,29164,8186,14934,244819,114981,35405,10260,102703,1823,5
2021-04-29T23:59:59+02:00,5385,5843,8913,10919,10365,15688,14723,23157,39942,43312,43263,46323,32345,42442,9287,16971,976,1053,1929,2657,2494,4239,3690,6577,6617,6828,7928,6857,21956,29157,8186,14934,231202,114959,35304,10157,102367,957,5
2021-04-28T23:59:59+02:00,5190,5802,8661,10832,10007,15603,14365,22988,34970,38449,42409,45478,32238,42326,9277,16956,932,1015,1893,2616,2463,4154,3653,6467,6567,6746,7909,6844,21947,29143,8182,14928,218099,114877,35288,10108,102159,469,5
2021-04-27T23:59:59+02:00,4925,5544,8324,10370,9621,15032,13872,22347,33816,37286,42227,45289,32224,42303,9274,16954,903,998,1859,2595,2448,4136,3633,6447,6535,6722,7898,6837,21943,29138,8179,14922,215395,114821,35277,10078,98731,289,5
2021-04-26T23:59:59+02:00,4895,5511,8247,10330,9514,14982,13648,22225,29061,32503,41503,44602,32162,42221,9265,16947,867,987,1829,2580,2419,4110,3606,6426,6485,6680,7851,6784,21920,29115,8179,14915,203690,114627,35270,10034,98651,87,5
2021-04-25T23:59:59+02:00,4871,5495,8213,10304,9448,14952,13561,22181,26828,30149,41075,44152,32120,42181,9264,16942,853,979,1818,2567,2404,4095,3577,6405,6454,6648,7827,6765,21906,29096,8178,14912,203049,114604,30164,9791,98519,85,4
2021-04-24T23:59:59+02:00,4849,5480,8187,10277,9403,14937,13514,22156,25108,28273,40530,43526,32069,42124,9261,16937,852,978,1814,2565,2404,4090,3577,6403,6454,6644,7825,6764,21905,29096,8178,14912,198012,114584,30164,9790,98451,83,4
2021-04-23T23:59:59+02:00,4531,5290,7724,9982,8973,14574,12936,21754,24681,28005,40458,43472,32053,42096,9255,16932,838,968,1794,2550,2384,4074,3555,6382,6434,6625,7810,6744,21901,29087,8178,14912,197669,114569,30149,9592,94894,71,4
2021-04-22T23:59:59+02:00,4422,5214,7528,9872,8698,14372,12451,21395,22031,25226,38002,40601,31618,41541,9193,16820,822,956,1767,2521,2323,4013,3479,6318,6324,6529,7732,6657,21850,29042,8176,14902,184681,114453,29960,8886,94339,68,4
2021-04-21T23:59:59+02:00,4391,5179,7387,9786,8510,14196,12079,21074,20505,23686,35041,37187,31228,40955,9137,16709,796,938,1730,2492,2279,3988,3446,6286,6287,6489,7698,6628,21834,29023,8173,14898,172996,114347,29786,8570,94264,64,4
2021-04-20T23:59:59+02:00,4355,5144,7264,9717,8298,14029,11673,20761,19213,22298,31921,33733,30830,40452,9091,16615,789,927,1711,2481,2248,3962,3402,6232,6238,6443,7660,6579,21810,29000,8168,14894,161418,114164,29764,8314,94208,62,4
2021-04-19T23:59:59+02:00,4327,5125,7188,9675,8179,13916,11393,20558,18492,21543,31090,32678,30603,40147,9056,16551,779,921,1690,2467,2221,3930,3366,6198,6206,6412,7607,6544,21789,28977,8166,14891,156626,114031,29748,8069,94143,60,4
2021-04-18T23:59:59+02:00,4321,5118,7176,9660,8159,13899,11357,20522,18398,21458,30977,32566,30578,40125,9053,16546,777,917,1673,2455,2205,3913,3341,6168,6177,6392,7583,6532,21772,28956,8163,14889,156135,113972,29678,7878,94096,59,4
2021-04-17T23:59:59+02:00,4320,5116,7172,9659,8157,13899,11353,20514,18383,21449,30958,32554,30576,40124,9053,16546,777,916,1672,2455,2204,3912,3339,6166,6175,6391,7583,6532,21772,28956,8163,14889,156061,113961,29678,7878,94090,59,4
2021-04-16T23:59:59+02:00,4125,5066,6826,9521,7793,13711,10946,20254,17941,21192,30776,32403,30508,40044,9043,16531,764,897,1659,2440,2177,3898,3280,6127,6133,6337,7488,6434,21365,28405,8136,14832,155311,112638,29670,7674,91695,56,4
2021-04-15T23:59:59+02:00,4006,4963,6446,9146,7209,13184,10122,19353,16590,19952,29628,31140,30056,39491,8981,16378,729,872,1603,2398,2096,3813,3156,5994,5795,6092,6973,6026,20688,27530,8059,14689,149573,109322,29374,7136,87694,51,4
2021-04-14T23:59:59+02:00,3936,4898,6218,8917,6866,12803,9485,18775,15480,18876,28234,29666,29517,38711,8891,16216,691,842,1553,2360,2021,3735,3005,5862,5466,5827,6402,5505,19724,26263,7990,14543,142831,105057,29174,6683,85480,45,4
2021-04-13T23:59:59+02:00,3902,4863,6121,8834,6713,12680,9164,18507,14538,18054,24921,26113,28725,37705,8809,16069,684,832,1539,2334,1993,3699,2900,5790,5239,5628,6027,5157,19458,25960,7958,14481,131274,102978,29164,6653,85276,44,4
2021-04-12T23:59:59+02:00,3877,4835,6066,8779,6625,12598,8916,18278,13886,17461,23919,24977,28377,37227,8752,15959,674,824,1529,2325,1970,3679,2838,5736,5077,5509,5704,4872,19186,25673,7923,14431,126212,101393,29149,6509,85167,44,4
2021-04-11T23:59:59+02:00,3870,4828,6047,8755,6597,12579,8875,18251,13786,17391,23797,24842,28330,37162,8744,15938,671,818,1515,2315,1957,3671,2820,5720,5039,5466,5642,4810,19018,25447,7906,14403,125671,100732,29083,6438,85034,44,4
2021-04-10T23:59:59+02:00,3858,4827,6026,8755,6573,12578,8855,18250,13768,17389,23791,24838,28327,37162,8744,15938,668,816,1510,2310,1952,3668,2814,5712,5023,5456,5629,4792,18856,25194,7893,14381,125649,100222,28995,6404,85031,44,4
2021-04-09T23:59:59+02:00,3812,4813,5982,8745,6518,12558,8813,18225,13714,17337,21724,22284,27967,36697,8718,15900,652,799,1487,2286,1924,3651,2765,5668,4948,5400,5508,4685,18289,24462,7861,14323,124961,98463,23891,6205,84951,36,4
2021-04-08T23:59:59+02:00,3782,4793,5912,8718,6446,12512,8724,18161,13561,17214,18990,19030,27603,36226,8687,15861,602,764,1404,2200,1825,3556,2559,5471,4443,5028,4694,4022,16557,22309,7711,14055,124109,91539,18033,5632,84075,26,3
2021-04-07T23:59:59+02:00,3684,4761,5707,8673,6237,12451,8498,18091,13308,17110,16068,15652,27227,35773,8662,15815,578,729,1350,2146,1723,3467,2397,5312,4000,4695,3956,3429,15771,21485,7615,13900,123902,87242,16504,5286,77308,22,3
2021-04-06T23:59:59+02:00,3652,4750,5659,8653,6170,12426,8410,18053,13232,17034,13788,12944,26901,35424,8651,15790,542,705,1277,2087,1637,3384,2219,5175,3610,4426,3419,2983,14977,20529,7551,13797,123777,83616,16303,4682,71454,17,3
2021-04-05T23:59:59+02:00,3648,4745,5620,8640,6136,12416,8358,18033,13165,16999,13742,12898,26893,35410,8650,15789,508,667,1218,2053,1586,3344,2154,5116,3525,4352,3361,2941,14843,20360,7542,13781,123756,83137,16093,4195,71291,17,2
2021-04-04T23:59:59+02:00,3647,4744,5620,8639,6135,12416,8357,18030,13165,16999,13740,12898,26893,35410,8650,15789,508,666,1218,2053,1586,3344,2154,5116,3525,4352,3361,2941,14842,20360,7542,13781,123750,83135,16093,4195,71287,17,2
2021-04-03T23:59:59+02:00,3647,4744,5620,8638,6135,12416,8357,18030,13165,16999,13739,12896,26892,35408,8650,15789,508,665,1218,2053,1585,3344,2154,5114,3518,4349,3356,2931,14756,20222,7533,13767,123744,82859,16093,4195,71286,17,2
2021-04-02T23:59:59+02:00,3646,4741,5618,8633,6130,12407,8348,18017,13135,16968,13694,12841,26870,35397,8647,15785,504,657,1217,2049,1573,3337,2143,5090,3486,4314,3326,2901,13812,18954,7485,13686,123582,80401,16090,4114,71203,17,2
2021-04-01T23:59:59+02:00,3629,4726,5582,8614,6068,12372,8264,17981,13019,16892,13587,12717,26817,35328,8640,15774,445,608,1125,1977,1470,3253,1994,4975,3280,4172,3094,2697,11819,16363,7395,13545,123268,74868,15967,3325,70773,17,2
2021-03-31T23:59:59+02:00,3625,4710,5561,8580,6036,12336,8220,17936,12942,16815,13465,12598,26778,35280,8634,15766,406,584,1083,1934,1398,3211,1877,4861,3021,3964,2644,2394,9278,13131,7238,13338,122969,67363,15928,2981,70383,16,2
2021-03-30T23:59:59+02:00,3616,4699,5535,8551,6007,12306,8178,17893,12864,16739,13378,12472,26750,35237,8629,15757,384,563,1059,1902,1336,3173,1741,4777,2772,3785,2254,2136,8447,12063,7190,13236,122843,64094,15898,2707,69869,16,1
2021-03-29T23:59:59+02:00,3603,4692,5508,8534,5972,12273,8135,17859,12784,16661,12440,11286,25175,33151,8510,15543,376,561,1054,1884,1313,3148,1697,4731,2620,3698,1958,1980,7821,11356,7152,13171,116869,61801,15728,2704,69528,14,1
2021-03-28T23:59:59+02:00,3571,4667,5458,8503,5921,12229,8051,17806,12677,16584,11711,10447,23665,31226,8463,15464,375,559,1052,1883,1306,3145,1690,4729,2608,3690,1933,1959,7801,11343,7150,13167,116808,61674,10557,2701,69077,14,1
2021-03-27T23:59:59+01:00,3558,4662,5419,8495,5884,12215,8001,17791,12635,16532,11682,10409,23662,31220,8463,15464,375,559,1052,1883,1306,3145,1689,4726,2606,3688,1931,1958,7746,11259,7122,13127,116743,61456,10556,2701,68792,14,1
2021-03-26T23:59:59+01:00,3404,4225,4943,7340,5391,10858,7375,15624,11854,14534,11494,10232,23178,30506,8425,15401,374,555,1048,1880,1299,3141,1688,4723,2600,3682,1923,1952,7586,11043,7008,12967,115194,60774,10301,2689,59288,5,1
2021-03-25T23:59:59+01:00,3271,3876,4775,6583,5158,9667,7027,13825,11105,12890,10614,9426,22543,29730,8366,15265,369,547,1040,1869,1287,3123,1666,4685,2558,3631,1855,1888,7265,10537,6770,12608,112298,59007,9599,2686,52223,4,1
2021-03-24T23:59:59+01:00,3215,3832,4706,6513,5021,9562,6805,13649,10568,12445,9770,8596,21597,28527,8287,15114,367,541,1031,1864,1269,3112,1652,4655,2507,3577,1789,1807,6835,9974,6428,12044,108277,56776,9252,2672,50678,4,0
2021-03-23T23:59:59+01:00,3184,3793,4621,6442,4919,9467,6573,13467,10103,12004,9058,7927,21141,27986,8244,15016,354,527,1013,1855,1255,3091,1620,4631,2452,3524,1707,1744,6484,9485,6109,11536,105927,54713,8918,2671,49100,3,0
2021-03-22T23:59:59+01:00,3163,3755,4565,6402,4837,9397,6418,13319,9720,11699,8452,7369,20776,27596,8194,14935,348,522,1002,1849,1241,3074,1606,4617,2426,3497,1682,1724,6257,9180,5754,10854,104445,52964,8658,2666,47494,3,0
2021-03-21T23:59:59+01:00,3154,3739,4516,6378,4788,9359,6323,13241,9518,11498,8135,7107,20643,27459,8185,14911,348,522,1001,1849,1240,3074,1605,4616,2423,3497,1673,1718,6244,9170,5729,10802,104244,52859,8427,2649,46283,3,0
2021-03-20T23:59:59+01:00,3153,3734,4508,6372,4782,9357,6319,13234,9494,11482,8110,7078,20470,27183,8170,14887,348,522,1001,1848,1239,3074,1604,4615,2419,3488,1660,1704,6197,9085,5585,10602,103685,52364,8415,2624,46233,3,0
2021-03-19T23:59:59+01:00,3109,3703,4431,6334,4676,9310,6158,13169,9235,11285,7802,6855,20005,26612,8146,14835,348,522,1000,1846,1239,3072,1601,4613,2412,3483,1645,1695,6087,8952,5250,10076,102389,51236,8174,2602,45102,3,0
2021-03-18T23:59:59+01:00,3031,3619,4253,6193,4432,9104,5749,12838,8280,10580,6539,5796,18848,25369,8026,14628,344,518,996,1836,1222,3058,1560,4593,2341,3440,1570,1650,5891,8648,4646,9172,97501,48924,7632,2560,42152,1,0
2021-03-17T23:59:59+01:00,2994,3571,4163,6094,4290,8979,5470,12538,7566,10003,5533,4871,17585,23893,7883,14413,340,517,992,1827,1217,3048,1544,4572,2266,3412,1507,1606,5755,8418,4163,8456,92101,47136,7130,2503,40615,1,0
2021-03-16T23:59:59+01:00,2970,3539,4097,6022,4194,8883,5278,12370,7086,9611,4761,4226,16795,22966,7798,14263,336,515,989,1822,1213,3040,1537,4562,2241,3392,1479,1588,5621,8238,3752,7781,88461,45681,7096,2424,39302,1,0
2021-03-15T23:59:59+01:00,2966,3525,4080,6007,4162,8858,5227,12321,6957,9490,4611,4054,16492,22578,7775,14209,334,511,988,1816,1207,3032,1520,4550,2217,3370,1436,1574,5436,8006,3299,7077,87689,44094,7003,2278,38620,1,0
2021-03-14T23:59:59+01:00,2959,3514,4063,5988,4130,8841,5178,12286,6862,9393,4510,3948,16371,22412,7758,14177,332,510,987,1814,1201,3025,1516,4540,2204,3363,1426,1566,5429,7998,3294,7065,87372,44033,6985,2236,38033,1,0
2021-03-13T23:59:59+01:00,2955,3508,4060,5978,4123,8836,5170,12274,6841,9381,4487,3920,16057,21973,7739,14145,332,510,987,1814,1201,3025,1516,4540,2204,3363,1426,1566,5429,7997,3294,7065,86489,44032,6961,2236,37997,1,0
2021-03-12T23:59:59+01:00,2880,3416,3959,5811,3998,8608,5030,11964,6664,9137,4345,3784,15132,20705,7688,14064,332,508,985,1812,1201,3022,1513,4534,2204,3357,1418,1564,5421,7973,3292,7053,84028,43953,6899,2235,36258,1,0
2021-03-11T23:59:59+01:00,2735,3158,3740,5478,3743,8143,4669,11169,6036,8358,3828,3298,13582,18741,7606,13941,332,508,981,1808,1200,3009,1503,4517,2191,3336,1372,1534,5384,7939,3282,7027,79729,43810,6736,2112,31760,1,0
2021-03-10T23:59:59+01:00,2592,2997,3593,5243,3550,7813,4378,10658,5472,7801,3243,2858,11356,16046,7480,13742,329,504,975,1797,1195,2999,1496,4502,2166,3319,1342,1527,5354,7923,3275,7020,73422,43741,6566,1982,28834,0,0
2021-03-09T23:59:59+01:00,2560,2929,3527,5166,3437,7713,4188,10451,5059,7457,2745,2488,9904,14060,7403,13621,328,502,975,1790,1188,2991,1491,4494,2160,3309,1328,1523,5347,7920,3272,7019,68596,43706,6416,1931,27696,0,0
2021-03-08T23:59:59+01:00,2530,2855,3474,5098,3360,7630,4051,10328,4755,7259,2280,2225,8007,11647,7298,13483,328,497,974,1781,1181,2974,1485,4483,2155,3303,1319,1512,5328,7900,3267,7011,62896,43594,6080,1904,27304,0,0
2021-03-07T23:59:59+01:00,2463,2788,3374,4991,3263,7546,3945,10232,4633,7175,2228,2174,7988,11628,7298,13476,328,496,973,1781,1181,2974,1485,4483,2155,3303,1319,1512,5328,7900,3267,7011,62766,43592,5398,1904,27038,0,0
2021-03-06T23:59:59+01:00,2455,2772,3362,4985,3259,7541,3936,10223,4622,7171,2226,2173,7936,11550,7271,13436,328,496,972,1777,1180,2972,1485,4480,2151,3299,1316,1507,5324,7893,3265,7003,62557,43544,5338,1904,27023,0,0
2021-03-05T23:59:59+01:00,2306,2667,3134,4796,3025,7216,3647,9815,4303,6870,2159,2118,7698,11206,7108,13208,328,494,970,1774,1180,2971,1484,4474,2147,3292,1310,1506,5318,7886,3265,6998,61577,43493,4495,1904,25204,0,0
2021-03-04T23:59:59+01:00,2024,2411,2714,4346,2572,6566,3038,8851,3662,6160,1964,1974,7383,10756,6867,12844,326,493,969,1765,1177,2953,1484,4459,2135,3283,1301,1504,5307,7873,3258,6988,59933,43374,3219,1901,20980,0,0
2021-03-03T23:59:59+01:00,1948,2309,2605,4177,2445,6339,2893,8558,3494,5934,1885,1901,6987,10192,6571,12359,325,488,969,1754,1175,2929,1477,4432,2132,3273,1277,1492,5303,7868,3254,6980,57922,43227,3073,1901,19602,0,0
2021-03-02T23:59:59+01:00,1908,2212,2537,4063,2360,6181,2785,8374,3383,5800,1809,1834,6600,9635,6249,11806,321,481,968,1735,1172,2909,1473,4414,2130,3262,1254,1487,5293,7850,3248,6975,55813,43071,2832,1901,18891,0,0
2021-03-01T23:59:59+01:00,1893,2180,2496,3948,2312,6070,2748,8274,3333,5726,1767,1812,6370,9337,5869,11075,320,477,965,1731,1170,2898,1472,4399,2128,3247,1248,1484,5291,7848,3247,6969,53946,42993,2820,1901,18444,0,0
2021-02-28T23:59:59+01:00,1874,2136,2461,3882,2284,6009,2703,8198,3309,5687,1762,1809,6354,9325,5841,11023,320,477,964,1731,1170,2898,1472,4398,2128,3246,1248,1483,5291,7848,3247,6969,53825,42990,2818,1900,18014,0,0
2021-02-27T23:59:59+01:00,1870,2126,2459,3879,2280,6009,2702,8197,3307,5684,1756,1797,6313,9249,5701,10836,320,477,954,1726,1159,2888,1463,4392,2114,3237,1247,1480,5291,7847,3247,6969,53359,42986,2818,1825,17988,0,0
2021-02-26T23:59:59+01:00,1670,1947,2343,3635,2200,5582,2606,7675,3225,5284,1747,1780,6238,9158,5487,10503,319,474,947,1718,1151,2867,1456,4371,2102,3227,1243,1471,5284,7831,3242,6959,52608,42906,2797,1756,15675,0,0
2021-02-25T23:59:59+01:00,1434,1625,2129,3199,2028,4795,2395,6665,3006,4508,1665,1724,6093,8927,5012,9817,316,462,939,1655,1117,2766,1418,4263,2049,3160,1209,1453,5242,7782,3225,6916,50729,42441,2785,1531,11508,0,0
2021-02-24T23:59:59+01:00,1370,1381,2024,2935,1923,4450,2263,6252,2833,4269,1599,1682,5912,8628,4375,8850,313,451,897,1607,1064,2673,1362,4144,1958,3040,1177,1430,5225,7758,3218,6899,48390,42185,2775,1031,9581,0,0
2021-02-23T23:59:59+01:00,1353,1324,1989,2873,1897,4349,2239,6164,2801,4220,1592,1669,5752,8407,3858,7992,313,450,865,1573,1015,2615,1308,4069,1847,2972,1135,1409,5207,7731,3206,6864,46599,41985,2750,594,9130,0,0
2021-02-22T23:59:59+01:00,1340,1272,1939,2733,1851,4203,2180,5958,2758,4136,1582,1659,5588,8192,3380,7274,311,438,820,1532,958,2526,1213,3960,1702,2882,1061,1355,5164,7658,3182,6766,44989,41522,2731,6,8325,0,0
2021-02-21T23:59:59+01:00,1335,1250,1908,2673,1825,4108,2155,5845,2737,4090,1575,1653,5586,8182,3380,7272,308,435,816,1521,950,2498,1211,3922,1690,2844,1051,1342,5144,7631,3162,6727,44939,41246,2720,6,7915,0,0
2021-02-20T23:59:59+01:00,1335,1250,1908,2673,1824,4108,2155,5845,2735,4084,1566,1646,5581,8176,3378,7269,308,435,816,1519,949,2495,1210,3917,1689,2843,1051,1342,5084,7559,3124,6682,44925,41018,2694,5,7914,0,0
2021-02-19T23:59:59+01:00,1335,1247,1905,2666,1823,4101,2154,5836,2732,4080,1546,1636,5567,8160,3376,7263,306,433,812,1510,940,2468,1205,3874,1658,2793,1022,1304,4872,7265,2975,6426,44844,39858,2673,5,7910,0,0
2021-02-18T23:59:59+01:00,1302,1149,1867,2546,1783,3963,2091,5614,2678,3936,1534,1623,5554,8123,3372,7240,276,393,764,1384,890,2258,1122,3524,1537,2523,909,1106,4338,6414,2626,5657,44695,35716,2640,5,7040,0,0
2021-02-17T23:59:59+01:00,1247,988,1786,2326,1703,3652,1985,5232,2605,3738,1516,1614,5531,8109,3364,7236,270,385,755,1371,879,2234,1109,3488,1520,2505,902,1103,3911,5816,2382,5310,44654,33935,2581,5,5397,0,0
2021-02-16T23:59:59+01:00,1203,943,1726,2216,1634,3475,1916,5031,2528,3647,1479,1598,5506,8088,3357,7225,263,377,737,1333,861,2180,1073,3366,1487,2433,879,1081,3498,5190,2103,4900,44601,31757,2415,4,4556,0,0
2021-02-15T23:59:59+01:00,1193,919,1709,2140,1615,3377,1895,4918,2509,3576,1454,1587,5469,8064,3334,7178,250,364,720,1297,843,2131,1052,3298,1448,2370,848,1052,3033,4559,1818,4417,44473,29497,2328,3,4136,0,0
2021-02-14T23:59:59+01:00,1091,875,1637,2115,1554,3357,1852,4897,2475,3564,1446,1583,5463,8053,3331,7174,243,352,708,1277,827,2097,1035,3223,1414,2307,817,1003,2936,4414,1758,4239,44432,28647,2292,3,3743,0,0
2021-02-13T23:59:59+01:00,1028,847,1616,2094,1537,3350,1839,4891,2467,3563,1445,1582,5463,8053,3330,7173,240,351,707,1277,827,2093,1035,3222,1412,2305,817,1003,2823,4277,1704,4153,44426,28243,2292,3,3560,0,0
2021-02-12T23:59:59+01:00,647,683,1291,1980,1383,3251,1701,4805,2363,3504,1431,1576,5453,8042,3325,7168,227,343,696,1252,811,2046,1011,3135,1351,2209,760,930,2573,3928,1588,3885,44313,26743,2292,2,1998,0,0
2021-02-11T23:59:59+01:00,452,588,1122,1877,1280,3131,1609,4690,2268,3422,1327,1532,5395,7995,3307,7122,183,269,592,989,673,1585,806,2436,1066,1670,538,689,1911,2932,1162,2801,43961,20301,2093,1,1063,0,0
2021-02-10T23:59:59+01:00,328,497,987,1784,1195,2995,1507,4505,2164,3320,1292,1518,5376,7984,3303,7121,157,179,408,628,506,1070,634,1816,908,1400,523,675,1448,2304,906,2376,43885,15938,1987,0,4,0,0
2021-02-09T23:59:59+01:00,328,494,986,1779,1192,2987,1507,4500,2163,3315,1285,1515,5374,7982,3302,7119,154,174,398,601,486,1041,615,1786,885,1373,521,672,1019,1780,677,2033,43861,14215,1964,0,3,0,0
2021-02-08T23:59:59+01:00,328,492,985,1776,1189,2978,1501,4494,2161,3310,1280,1512,5372,7982,3302,7117,147,167,388,589,476,1023,604,1753,866,1351,516,667,570,1210,433,1687,43836,12447,1940,0,3,0,0
2021-02-07T23:59:59+01:00,328,492,983,1776,1188,2978,1499,4492,2161,3310,1280,1512,5372,7981,3302,7117,143,162,383,584,476,1016,600,1740,856,1336,510,664,569,1197,428,1675,43832,12339,1939,0,0,0,0
2021-02-06T23:59:59+01:00,328,492,983,1776,1188,2978,1499,4492,2161,3310,1280,1512,5372,7981,3302,7117,139,158,381,582,476,1015,600,1738,855,1334,510,664,569,1197,428,1675,43832,12321,1939,0,0,0,0
2021-02-05T23:59:59+01:00,328,491,982,1776,1188,2977,1497,4491,2160,3310,1280,1512,5371,7978,3302,7115,137,149,378,578,468,1003,596,1724,840,1315,506,654,562,1181,420,1652,43819,12163,1939,0,0,0,0
2021-02-04T23:59:59+01:00,323,482,976,1737,1183,2932,1494,4434,2148,3275,1272,1505,5341,7945,3291,7089,105,99,251,393,348,750,465,1311,633,993,389,529,480,982,366,1418,43489,9512,1938,0,0,0,0
2021-02-03T23:59:59+01:00,320,471,970,1714,1180,2893,1484,4385,2140,3241,1262,1492,5316,7913,3282,7064,60,48,87,164,161,368,225,606,309,495,210,290,278,628,221,895,43189,5045,1938,0,0,0,0
2021-02-02T23:59:59+01:00,319,469,968,1700,1177,2872,1480,4354,2133,3216,1254,1486,5309,7899,3275,7043,18,15,28,48,60,108,74,161,96,114,45,74,66,146,49,179,43016,1281,1938,0,0,0,0
2021-02-01T23:59:59+01:00,319,465,968,1698,1176,2871,1479,4347,2132,3212,1253,1486,5309,7899,3275,7043,15,14,25,41,50,98,60,133,73,96,40,64,57,138,47,165,42994,1116,1938,0,0,0,0
2021-01-31T23:59:59+01:00,319,462,968,1696,1175,2867,1479,4341,2132,3210,1252,1485,5309,7899,3275,7043,14,12,23,39,43,87,52,123,63,92,38,53,46,130,45,158,42974,1018,1938,0,0,0,0
2021-01-30T23:59:59+01:00,319,462,963,1692,1166,2859,1472,4335,2128,3208,1252,1485,5249,7827,3237,6998,14,12,23,38,43,87,51,122,63,92,38,53,46,130,45,158,42748,1015,1904,0,0,0,0
2021-01-29T23:59:59+01:00,317,461,949,1681,1154,2838,1460,4304,2106,3184,1246,1479,5061,7586,3099,6830,12,12,23,38,40,87,50,119,60,92,36,48,45,130,45,158,41960,995,1795,0,0,0,0
2021-01-28T23:59:59+01:00,312,437,928,1601,1112,2722,1420,4210,2039,3110,1222,1471,4684,7050,2871,6538,8,6,10,17,22,42,19,58,36,59,20,32,35,87,33,104,40177,588,1550,0,0,0,0
2021-01-27T23:59:59+01:00,305,427,883,1546,1060,2624,1360,4116,1965,3009,1187,1444,4222,6406,2605,6158,4,5,9,7,14,24,5,21,15,25,11,15,16,46,13,53,38215,283,1102,0,0,0,0
2021-01-26T23:59:59+01:00,298,416,843,1492,997,2536,1295,3986,1843,2915,1138,1396,3817,5774,2314,5723,2,2,4,2,6,6,3,3,2,6,7,5,4,8,3,8,36128,71,655,0,0,0,0
2021-01-25T23:59:59+01:00,287,405,789,1428,934,2415,1187,3837,1682,2809,1075,1368,3382,5184,2044,5337,2,2,4,1,4,6,1,3,2,6,7,5,4,8,3,8,34107,66,56,0,0,0,0
2021-01-24T23:59:59+01:00,284,405,781,1422,924,2399,1183,3821,1653,2780,1072,1367,3351,5148,2031,5316,2,2,2,1,4,6,1,3,2,6,7,5,4,8,3,8,33932,64,5,0,0,0,0
2021-01-23T23:59:59+01:00,282,404,781,1422,924,2395,1182,3820,1649,2778,1072,1367,3235,5010,1975,5228,2,2,2,1,3,6,1,3,2,6,7,5,4,8,3,8,33520,63,4,0,0,0,0
2021-01-22T23:59:59+01:00,280,400,780,1408,922,2382,1176,3806,1645,2775,1070,1366,3052,4790,1895,5110,2,2,2,1,3,6,1,3,2,6,7,5,4,8,3,8,32853,63,4,0,0,0,0
2021-01-21T23:59:59+01:00,271,361,715,1242,855,2168,1095,3516,1549,2592,1031,1330,2652,4250,1656,4742,2,1,2,0,3,6,1,3,2,6,7,4,4,8,3,8,30021,60,4,0,0,0,0
2021-01-20T23:59:59+01:00,244,271,542,883,682,1657,884,2802,1324,2186,944,1192,2052,3418,1317,4066,2,1,2,0,3,6,1,3,2,5,6,4,4,8,3,8,24460,58,4,0,0,0,0
2021-01-19T23:59:59+01:00,213,246,492,775,625,1487,795,2478,1146,1898,778,934,1350,2389,923,3102,0,1,1,0,0,0,0,0,1,1,1,0,0,1,0,0,19629,6,2,0,0,0,0
2021-01-18T23:59:59+01:00,161,182,406,639,501,1113,647,1904,942,1456,574,718,638,1344,485,1892,0,0,0,0,0,0,0,0,0,0,0,0,0,1,0,0,13601,1,1,0,0,0,0
2021-01-17T23:59:59+01:00,149,165,392,602,486,1043,616,1782,881,1361,527,680,592,1245,446,1749,0,0,0,0,0,0,0,0,0,0,0,0,0,0,0,0,12716,0,0,0,0,0,0
2021-01-16T23:59:59+01:00,141,160,390,597,484,1033,610,1770,874,1354,527,680,591,1240,442,1736,0,0,0,0,0,0,0,0,0,0,0,0,0,0,0,0,12629,0,0,0,0,0,0
2021-01-15T23:59:59+01:00,138,152,387,591,476,1019,606,1755,858,1334,522,668,583,1223,436,1713,0,0,0,0,0,0,0,0,0,0,0,0,0,0,0,0,12461,0,0,0,0,0,0
2021-01-14T23:59:59+01:00,116,121,296,475,404,848,506,1463,701,1078,414,543,507,1042,386,1537,0,0,0,0,0,0,0,0,0,0,0,0,0,0,0,0,10437,0,0,0,0,0,0
2021-01-13T23:59:59+01:00,75,74,180,287,264,553,354,948,468,698,255,336,318,697,251,972,0,0,0,0,0,0,0,0,0,0,0,0,0,0,0,0,6730,0,0,0,0,0,0
2021-01-12T23:59:59+01:00,35,30,54,101,117,234,146,391,201,301,139,184,166,401,144,535,0,0,0,0,0,0,0,0,0,0,0,0,0,0,0,0,3179,0,0,0,0,0,0
2021-01-11T23:59:59+01:00,22,17,36,62,58,121,74,166,92,116,40,64,59,143,48,166,0,0,0,0,0,0,0,0,0,0,0,0,0,0,0,0,1284,0,0,0,0,0,0
2021-01-10T23:59:59+01:00,18,12,31,52,50,109,63,148,74,106,37,54,49,133,44,157,0,0,0,0,0,0,0,0,0,0,0,0,0,0,0,0,1137,0,0,0,0,0,0
2021-01-09T23:59:59+01:00,17,12,30,50,49,107,60,147,74,105,37,54,49,133,44,157,0,0,0,0,0,0,0,0,0,0,0,0,0,0,0,0,1125,0,0,0,0,0,0
2021-01-08T23:59:59+01:00,14,12,28,48,44,99,55,136,69,102,35,49,48,133,44,157,0,0,0,0,0,0,0,0,0,0,0,0,0,0,0,0,1073,0,0,0,0,0,0
2021-01-07T23:59:59+01:00,8,6,9,18,21,42,19,59,38,61,21,34,37,92,33,103,0,0,0,0,0,0,0,0,0,0,0,0,0,0,0,0,601,0,0,0,0,0,0
2021-01-06T23:59:59+01:00,8,6,8,14,16,30,13,43,25,48,16,24,31,81,31,92,0,0,0,0,0,0,0,0,0,0,0,0,0,0,0,0,486,0,0,0,0,0,0
2021-01-05T23:59:59+01:00,8,6,8,14,16,30,13,43,25,48,16,24,30,81,31,92,0,0,0,0,0,0,0,0,0,0,0,0,0,0,0,0,485,0,0,0,0,0,0
2021-01-04T23:59:59+01:00,3,5,6,4,6,13,1,8,6,14,6,6,6,16,4,13,0,0,0,0,0,0,0,0,0,0,0,0,0,0,0,0,117,0,0,0,0,0,0
2021-01-03T23:59:59+01:00,2,2,1,1,3,6,1,4,2,7,5,4,3,9,3,8,0,0,0,0,0,0,0,0,0,0,0,0,0,0,0,0,61,0,0,0,0,0,0
2021-01-02T23:59:59+01:00,2,2,1,1,3,6,1,4,2,7,5,4,3,9,3,8,0,0,0,0,0,0,0,0,0,0,0,0,0,0,0,0,61,0,0,0,0,0,0
2021-01-01T23:59:59+01:00,2,2,1,1,3,6,1,4,2,7,5,4,3,9,3,8,0,0,0,0,0,0,0,0,0,0,0,0,0,0,0,0,61,0,0,0,0,0,0
2020-12-31T23:59:59+01:00,2,2,1,0,3,6,1,3,2,6,5,4,3,9,3,8,0,0,0,0,0,0,0,0,0,0,0,0,0,0,0,0,58,0,0,0,0,0,0
2020-12-30T23:59:59+01:00,2,2,1,0,3,6,1,3,2,5,5,4,3,9,3,8,0,0,0,0,0,0,0,0,0,0,0,0,0,0,0,0,57,0,0,0,0,0,0
2020-12-29T23:59:59+01:00,2,2,0,0,3,5,1,3,2,5,3,2,2,9,2,7,0,0,0,0,0,0,0,0,0,0,0,0,0,0,0,0,48,0,0,0,0,0,0
2020-12-28T23:59:59+01:00,1,1,0,0,1,1,0,0,0,3,0,1,0,2,1,4,0,0,0,0,0,0,0,0,0,0,0,0,0,0,0,0,15,0,0,0,0,0,0
2020-12-27T23:59:59+01:00,0,0,0,0,1,1,0,0,0,2,0,1,0,1,1,4,0,0,0,0,0,0,0,0,0,0,0,0,0,0,0,0,11,0,0,0,0,0,0
