Datum,<15_1_m,<15_1_w,15-24_1_m,15-24_1_w,25-34_1_m,25-34_1_w,35-44_1_m,35-44_1_w,45-54_1_m,45-54_1_w,55-64_1_m,55-64_1_w,65-74_1_m,65-74_1_w,75-84_1_m,75-84_1_w,>84_1_m,>84_1_w,<15_2_m,<15_2_w,15-24_2_m,15-24_2_w,25-34_2_m,25-34_2_w,35-44_2_m,35-44_2_w,45-54_2_m,45-54_2_w,55-64_2_m,55-64_2_w,65-74_2_m,65-74_2_w,75-84_2_m,75-84_2_w,>84_2_m,>84_2_w,bp_1,bp_2,mo_1,mo_2,az_1,az_2,ja,unb_1,unb_2
2021-11-27T23:59:59+01:00,10476,10059,55173,51456,69464,60563,70792,66163,80756,78305,92625,90162,62084,66647,40340,52026,12770,23110,6165,5988,45393,43212,59915,51362,63057,58667,73685,71298,87163,84740,59896,63982,39091,50234,12285,22064,756001,671303,81091,76843,109835,103944,46039,55,68
2021-11-26T23:59:59+01:00,9977,9555,55078,51378,69375,60478,70738,66095,80691,78248,92576,90108,62068,66621,40327,52005,12770,23107,6129,5945,45246,43087,59742,51273,62924,58559,73579,71219,87095,84688,59882,63967,39081,50227,12283,22062,754233,670106,81087,76835,109835,103944,46035,55,68
2021-11-25T23:59:59+01:00,9282,8970,54880,51209,69197,60246,70591,65908,80557,78082,92473,89991,62027,66559,40306,51959,12757,23078,6020,5850,44947,42806,59398,50980,62628,58295,73317,70951,86918,84532,59838,63907,39051,50193,12276,22050,751145,667118,81055,76796,109835,103944,46031,55,68
2021-11-24T23:59:59+01:00,9064,8725,54698,51034,69014,60029,70426,65742,80416,77945,92359,89843,61970,66471,40280,51904,12748,23046,5960,5793,44657,42511,58992,50656,62314,58041,73032,70738,86691,84371,59776,63833,39026,50140,12266,22031,748839,664036,81016,76763,109834,103942,46019,55,68
2021-11-23T23:59:59+01:00,8859,8554,54515,50871,68818,59801,70276,65583,80279,77782,92250,89711,61906,66396,40243,51844,12729,23028,5925,5764,44487,42361,58781,50492,62136,57898,72860,70583,86562,84266,59743,63768,39001,50092,12251,22010,746602,662231,80997,76740,109834,103935,46006,55,68
2021-11-22T23:59:59+01:00,8725,8432,54341,50716,68635,59595,70115,65426,80158,77635,92139,89602,61849,66310,40207,51784,12718,23000,5895,5729,44349,42238,58594,50354,61967,57767,72728,70460,86442,84179,59702,63708,38981,50061,12243,21986,744596,660668,80963,76724,109834,103935,45988,55,68
2021-11-21T23:59:59+01:00,8645,8341,54194,50622,68475,59421,69997,65315,80064,77534,92067,89512,61814,66246,40182,51755,12717,22987,5883,5717,44308,42203,58520,50308,61902,57721,72677,70404,86384,84131,59680,63675,38963,50037,12239,21983,743132,660044,80942,76714,109834,103935,45974,55,68
2021-11-20T23:59:59+01:00,8594,8291,54112,50574,68387,59319,69906,65243,80013,77470,92032,89474,61807,66227,40178,51749,12717,22984,5879,5703,44290,42184,58490,50291,61882,57700,72650,70384,86374,84115,59678,63668,38962,50034,12239,21983,742396,659836,80870,76696,109834,103935,45971,55,68
2021-11-19T23:59:59+01:00,8474,8181,53925,50385,68225,59155,69767,65094,79900,77360,91945,89387,61773,66192,40169,51732,12712,22977,5864,5690,44195,42123,58385,50220,61804,57642,72554,70308,86313,84075,59657,63648,38956,50026,12238,21982,740778,659066,80780,76661,109834,103932,45953,55,68
2021-11-18T23:59:59+01:00,8156,7866,53523,50046,67871,58724,69478,64776,79671,77122,91770,89191,61690,66100,40137,51676,12710,22945,5754,5586,43898,41896,58102,49992,61589,57440,72360,70099,86141,83932,59588,63580,38920,49981,12227,21967,736947,656499,80738,76631,109834,103931,45923,55,68
2021-11-17T23:59:59+01:00,7933,7652,53180,49718,67560,58384,69184,64534,79452,76933,91615,89012,61620,66014,40104,51641,12705,22919,5687,5511,43673,41677,57785,49761,61373,57234,72160,69912,85986,83791,59535,63502,38903,49933,12222,21946,733751,654115,80678,76589,109833,103931,45888,55,68
2021-11-16T23:59:59+01:00,7792,7516,52726,49381,67188,58039,68912,64260,79207,76711,91447,88822,61550,65928,40067,51589,12695,22888,5666,5490,43538,41584,57631,49653,61267,57130,72041,69810,85889,83696,59486,63435,38868,49893,12219,21935,730485,652853,80560,76549,109833,103931,45830,55,68
2021-11-15T23:59:59+01:00,7689,7421,52418,49111,66811,57712,68644,64026,79000,76520,91296,88659,61478,65837,40050,51540,12689,22872,5646,5476,43451,41520,57516,49570,61190,57053,71973,69746,85832,83633,59447,63398,38852,49859,12213,21923,727655,651996,80503,76532,109833,103930,45772,55,68
2021-11-14T23:59:59+01:00,7628,7369,52159,48939,66520,57452,68444,63850,78852,76376,91179,88550,61430,65793,40035,51513,12686,22865,5642,5468,43374,41473,57438,49502,61136,56986,71907,69697,85783,83584,59410,63364,38842,49841,12208,21918,725633,651358,80467,76520,109833,103930,45697,55,68
2021-11-13T23:59:59+01:00,7509,7270,51729,48525,66100,57062,68128,63565,78578,76181,91013,88437,61403,65753,40019,51492,12683,22860,5623,5460,43326,41421,57384,49454,61095,56952,71859,69641,85735,83549,59397,63349,38831,49829,12205,21914,722320,650817,80454,76519,109832,103929,45691,55,68
2021-11-12T23:59:59+01:00,7348,7110,51109,48072,65546,56609,67703,63193,78264,75870,90814,88267,61367,65677,39988,51453,12679,22846,5599,5433,43184,41332,57275,49361,60994,56865,71763,69549,85652,83485,59362,63314,38823,49814,12197,21907,718034,649769,80412,76516,109831,103928,45628,55,68
2021-11-11T23:59:59+01:00,7147,6891,50284,47449,64883,55964,67180,62728,77824,75482,90559,88017,61295,65583,39957,51406,12669,22826,5525,5363,42998,41145,57094,49157,60832,56689,71629,69397,85521,83370,59310,63257,38789,49773,12187,21890,712461,647934,80322,76479,109830,103924,45521,55,68
2021-11-10T23:59:59+01:00,6946,6755,49494,46801,64061,55267,66547,62190,77343,75006,90251,87723,61207,65468,39923,51346,12662,22807,5490,5311,42792,40968,56874,48944,60654,56522,71476,69218,85394,83225,59245,63197,38748,49725,12180,21873,706378,646037,80208,76435,109828,103923,45373,55,68
2021-11-09T23:59:59+01:00,6836,6628,48835,46238,63392,54724,66082,61779,76933,74613,89978,87459,61131,65377,39893,51306,12657,22792,5463,5290,42642,40866,56743,48825,60552,56411,71381,69100,85303,83132,59194,63135,38725,49686,12172,21863,701598,644891,80033,76411,109820,103922,45191,55,68
2021-11-08T23:59:59+01:00,6734,6521,48190,45772,62757,54220,65612,61356,76536,74280,89739,87228,61054,65315,39866,51268,12652,22777,5439,5269,42536,40744,56616,48727,60467,56326,71291,69019,85240,83059,59149,63090,38713,49664,12166,21842,697249,643992,79792,76371,109820,103921,45005,55,68
2021-11-07T23:59:59+01:00,6691,6473,47918,45554,62470,53970,65378,61180,76331,74110,89625,87125,61019,65274,39858,51251,12650,22771,5427,5247,42475,40693,56541,48669,60408,56275,71236,68967,85205,83025,59128,63073,38702,49653,12164,21836,695190,643491,79750,76366,109819,103921,44878,55,68
2021-11-06T23:59:59+01:00,6678,6455,47884,45516,62411,53925,65344,61156,76306,74085,89607,87114,61019,65274,39858,51251,12650,22770,5424,5247,42471,40686,56527,48660,60402,56269,71231,68963,85199,83022,59128,63073,38702,49653,12164,21836,694856,643431,79745,76365,109819,103921,44872,55,68
2021-11-05T23:59:59+01:00,6610,6384,47628,45284,62115,53665,65099,60959,76110,73911,89487,87033,61011,65257,39857,51244,12650,22764,5400,5223,42405,40636,56453,48583,60347,56202,71166,68909,85166,82991,59118,63061,38695,49647,12162,21833,692792,642934,79739,76362,109813,103921,44712,55,68
2021-11-04T23:59:59+01:00,6457,6246,47073,44809,61561,53174,64635,60576,75763,73609,89287,86894,60979,65199,39835,51224,12643,22756,5328,5136,42224,40431,56280,48389,60193,56051,71045,68780,85054,82906,59081,63021,38680,49601,12157,21825,688728,641374,79688,76341,109813,103920,44479,55,68
2021-11-03T23:59:59+01:00,6372,6156,46621,44428,60968,52771,64242,60238,75436,73349,89075,86736,60948,65154,39824,51202,12637,22741,5287,5077,42043,40277,56051,48209,60063,55914,70923,68660,84970,82828,59044,62985,38660,49572,12152,21810,685164,639945,79633,76318,109813,103918,44276,55,68
2021-11-02T23:59:59+01:00,6321,6101,46354,44216,60600,52532,63952,60068,75231,73212,88957,86655,60931,65124,39813,51182,12632,22732,5263,5053,41935,40195,55955,48125,59972,55852,70851,68591,84918,82778,59020,62956,38645,49555,12145,21786,683062,639174,79605,76312,109810,103918,44123,55,68
2021-11-01T23:59:59+01:00,6264,6044,46136,44032,60346,52363,63716,59896,75060,73099,88869,86600,60918,65108,39803,51176,12630,22729,5237,5026,41868,40127,55862,48045,59873,55804,70778,68543,84867,82745,59011,62940,38638,49539,12140,21773,681516,638659,79594,76310,109804,103917,43862,55,68
2021-10-31T23:59:59+01:00,6259,6044,46132,44030,60341,52359,63712,59893,75059,73095,88867,86598,60918,65108,39803,51176,12630,22729,5235,5024,41868,40125,55862,48044,59872,55803,70776,68543,84867,82745,59011,62940,38638,49538,12140,21772,681482,638647,79593,76310,109804,103917,43861,55,68
2021-10-30T23:59:59+02:00,6259,6044,46132,44029,60339,52355,63712,59893,75057,73094,88866,86598,60918,65108,39803,51176,12630,22729,5235,5024,41868,40125,55861,48039,59871,55802,70776,68543,84867,82745,59011,62940,38637,49536,12140,21772,681472,638639,79593,76308,109804,103917,43860,55,68
2021-10-29T23:59:59+02:00,6233,6014,46003,43911,60123,52202,63520,59778,74918,72980,88773,86562,60912,65104,39796,51170,12630,22725,5215,5011,41810,40070,55781,47971,59787,55755,70716,68494,84837,82728,59004,62933,38635,49533,12139,21770,680384,638325,79577,76303,109804,103917,43576,55,68
2021-10-28T23:59:59+02:00,6160,5947,45736,43679,59789,52000,63259,59586,74698,72840,88651,86477,60882,65085,39788,51159,12629,22721,5187,4962,41694,39966,55628,47866,59670,55675,70622,68414,84766,82678,58986,62912,38619,49516,12133,21757,678400,637450,79543,76291,109804,103916,43326,55,68
2021-10-27T23:59:59+02:00,6089,5880,45499,43482,59515,51789,63084,59422,74545,72716,88557,86401,60865,65065,39786,51147,12625,22716,5147,4916,41513,39810,55471,47714,59568,55555,70526,68331,84713,82603,58962,62887,38598,49491,12128,21747,676667,636241,79523,76278,109803,103916,43177,55,68
2021-10-26T23:59:59+02:00,5984,5786,45195,43221,59165,51560,62862,59231,74355,72564,88460,86314,60848,65033,39781,51135,12619,22710,5071,4837,41313,39596,55289,47536,59443,55439,70444,68219,84631,82532,58932,62849,38577,49462,12125,21734,674504,634781,79508,76268,109802,103916,42996,55,68
2021-10-25T23:59:59+02:00,5978,5780,45167,43204,59124,51538,62838,59220,74330,72550,88445,86299,60847,65031,39779,51135,12619,22710,5067,4837,41301,39593,55269,47529,59428,55437,70436,68210,84626,82524,58932,62846,38576,49462,12125,21734,674325,634736,79507,76268,109802,103913,42947,55,68
2021-10-24T23:59:59+02:00,5950,5755,45073,43138,59004,51449,62746,59152,74242,72497,88399,86269,60839,65019,39776,51128,12617,22707,5057,4826,41243,39546,55199,47474,59379,55396,70402,68179,84601,82502,58919,62833,38570,49456,12124,21733,673646,634403,79500,76258,109802,103912,42798,55,68
2021-10-23T23:59:59+02:00,5950,5755,45073,43138,59004,51448,62746,59151,74242,72497,88399,86269,60839,65019,39776,51128,12617,22707,5057,4826,41243,39546,55198,47474,59379,55396,70402,68179,84601,82502,58919,62833,38570,49456,12124,21733,673644,634402,79500,76258,109802,103912,42798,55,68
2021-10-22T23:59:59+02:00,5926,5723,44979,43070,58897,51360,62635,59072,74167,72432,88349,86241,60839,65015,39774,51126,12615,22707,5039,4807,41174,39490,55142,47421,59317,55350,70370,68144,84563,82490,58912,62828,38565,49449,12123,21733,672990,634052,79489,76256,109802,103910,42631,55,68
2021-10-21T23:59:59+02:00,5865,5681,44829,42945,58731,51223,62478,58953,74046,72340,88261,86188,60820,65001,39763,51108,12611,22700,4991,4769,41050,39357,55030,47306,59216,55225,70282,68072,84503,82443,58890,62794,38548,49431,12118,21724,671765,633038,79471,76243,109802,103910,42490,55,68
2021-10-20T23:59:59+02:00,5828,5629,44692,42814,58555,51069,62353,58856,73944,72265,88213,86142,60810,64983,39745,51091,12606,22684,4941,4697,40899,39198,54864,47146,59093,55083,70192,67974,84430,82379,58853,62757,38530,49409,12115,21712,670622,631679,79448,76222,109800,103910,42393,55,68
2021-10-19T23:59:59+02:00,5800,5590,44565,42705,58421,50965,62281,58784,73900,72197,88172,86112,60788,64966,39727,51077,12599,22672,4877,4640,40696,39014,54696,46981,58990,54940,70107,67878,84364,82318,58814,62714,38514,49388,12113,21690,669738,630219,79439,76211,109799,103907,42329,55,68
2021-10-18T23:59:59+02:00,5779,5577,44507,42642,58360,50909,62247,58742,73870,72162,88148,86099,60770,64951,39724,51068,12597,22667,4862,4626,40640,38965,54642,46919,58957,54888,70070,67836,84328,82289,58796,62699,38507,49371,12110,21680,669303,629747,79437,76201,109799,103905,42264,55,68
2021-10-17T23:59:59+02:00,5767,5558,44471,42621,58326,50880,62216,58719,73852,72142,88126,86083,60763,64947,39718,51059,12595,22657,4844,4603,40600,38936,54620,46883,58933,54860,70052,67818,84308,82270,58786,62690,38505,49367,12109,21675,669017,629453,79430,76195,109799,103905,42238,55,68
2021-10-16T23:59:59+02:00,5765,5556,44471,42621,58326,50878,62216,58719,73852,72142,88126,86083,60763,64947,39718,51059,12595,22657,4844,4602,40599,38934,54620,46881,58933,54860,70052,67817,84308,82270,58786,62690,38505,49367,12109,21675,669011,629448,79430,76193,109799,103905,42238,55,68
2021-10-15T23:59:59+02:00,5750,5536,44413,42570,58268,50830,62170,58689,73815,72103,88095,86058,60750,64944,39713,51054,12592,22654,4822,4581,40543,38883,54577,46848,58893,54818,70018,67787,84280,82252,58781,62685,38496,49364,12108,21671,668609,629087,79428,76193,109797,103905,42154,55,68
2021-10-14T23:59:59+02:00,5704,5505,44336,42480,58193,50737,62100,58618,73751,72040,88034,86022,60737,64926,39701,51036,12585,22640,4775,4522,40437,38746,54513,46770,58812,54724,69943,67709,84242,82212,58747,62663,38489,49347,12105,21662,667871,628229,79419,76176,109797,103903,42042,55,68
2021-10-13T23:59:59+02:00,5663,5442,44233,42364,58084,50636,62021,58530,73695,71972,87985,85980,60719,64899,39693,51025,12582,22631,4687,4452,40253,38510,54363,46539,58686,54554,69856,67581,84155,82135,58717,62625,38470,49306,12100,21648,666949,626526,79406,76154,109797,103903,41986,55,68
2021-10-12T23:59:59+02:00,5624,5412,44105,42240,57965,50516,61936,58446,73609,71908,87923,85935,60695,64868,39687,51008,12578,22618,4635,4386,40011,38281,54151,46342,58536,54403,69762,67469,84075,82063,58683,62581,38450,49277,12092,21635,665952,624801,79401,76152,109796,103903,41908,55,68
2021-10-11T23:59:59+02:00,5606,5398,44059,42187,57913,50456,61897,58403,73569,71875,87891,85911,60679,64855,39681,50994,12572,22606,4617,4371,39964,38234,54096,46292,58490,54357,69732,67432,84052,82029,58662,62557,38438,49250,12084,21613,665476,624283,79394,76147,109796,103902,41870,55,68
2021-10-10T23:59:59+02:00,5592,5385,44033,42158,57878,50431,61864,58375,73549,71855,87876,85899,60671,64850,39680,50990,12571,22603,4608,4361,39932,38210,54057,46258,58456,54335,69708,67415,84038,82017,58657,62550,38432,49244,12082,21611,665235,624036,79389,76142,109796,103901,41824,55,68
2021-10-09T23:59:59+02:00,5591,5384,44032,42153,57878,50431,61862,58375,73549,71855,87876,85899,60671,64850,39680,50990,12571,22603,4607,4361,39930,38208,54056,46258,58454,54335,69708,67415,84038,82017,58656,62550,38432,49244,12082,21611,665227,624031,79389,76142,109796,103899,41822,55,68
2021-10-08T23:59:59+02:00,5564,5363,43981,42107,57823,50374,61812,58340,73501,71827,87852,85887,60663,64841,39674,50981,12569,22599,4595,4339,39894,38166,54027,46224,58418,54292,69672,67394,84021,82004,58652,62538,38429,49240,12081,21609,664819,623750,79388,76139,109796,103899,41739,55,68
2021-10-07T23:59:59+02:00,5499,5285,43832,41970,57697,50246,61721,58254,73423,71753,87798,85848,60650,64817,39664,50971,12566,22591,4504,4245,39702,37939,53885,46030,58291,54129,69567,67285,83966,81942,58623,62494,38408,49224,12074,21601,663759,622175,79372,76125,109796,103899,41642,55,68
2021-10-06T23:59:59+02:00,5473,5244,43690,41855,57581,50158,61640,58161,73355,71685,87739,85803,60635,64792,39651,50946,12563,22574,4442,4191,39538,37760,53751,45876,58189,53993,69476,67175,83901,81868,58588,62454,38393,49198,12073,21583,662824,620808,79354,76121,109795,103898,41554,55,68
2021-10-05T23:59:59+02:00,5433,5206,43560,41712,57467,50022,61521,58082,73284,71620,87686,85744,60616,64772,39640,50928,12560,22556,4395,4143,39406,37611,53633,45748,58090,53869,69375,67097,83841,81808,58563,62422,38374,49173,12067,21579,661775,619644,79348,76112,109795,103897,41473,55,68
2021-10-04T23:59:59+02:00,5404,5193,43482,41641,57396,49946,61474,58040,73232,71574,87652,85719,60596,64752,39635,50920,12556,22544,4376,4124,39331,37559,53565,45686,58053,53821,69339,67044,83812,81781,58537,62402,38364,49163,12065,21576,661216,619164,79343,76089,109795,103893,41384,55,68
2021-10-03T23:59:59+02:00,5394,5177,43451,41604,57341,49908,61438,58003,73201,71547,87628,85695,60585,64742,39625,50912,12553,22535,4368,4114,39300,37527,53534,45667,58027,53791,69319,67024,83791,81763,58526,62388,38359,49162,12064,21573,660877,618940,79341,76088,109795,103893,41308,55,68
2021-10-02T23:59:59+02:00,5394,5177,43450,41603,57338,49907,61438,58002,73201,71547,87628,85695,60585,64742,39625,50912,12553,22535,4368,4114,39300,37527,53534,45667,58027,53791,69318,67023,83791,81763,58526,62388,38359,49162,12064,21573,660872,618940,79339,76088,109795,103891,41308,55,68
2021-10-01T23:59:59+02:00,5381,5156,43375,41536,57270,49841,61376,57967,73149,71509,87590,85664,60570,64731,39620,50904,12553,22535,4351,4102,39245,37473,53486,45637,57987,53753,69283,66997,83767,81740,58519,62387,38356,49160,12064,21572,660388,618646,79338,76087,109795,103890,41188,55,68
2021-09-30T23:59:59+02:00,5308,5076,43196,41345,57108,49672,61254,57822,73054,71399,87517,85616,60546,64692,39602,50884,12549,22527,4232,3973,39011,37203,53324,45447,57846,53582,69181,66877,83690,81666,58502,62350,38340,49134,12058,21569,659072,616987,79325,76086,109795,103887,40957,55,68
2021-09-29T23:59:59+02:00,5272,5039,43051,41195,56962,49538,61158,57721,72969,71311,87458,85567,60521,64669,39587,50867,12546,22518,4147,3914,38822,36979,53181,45297,57753,53455,69088,66768,83624,81581,58458,62324,38328,49117,12055,21559,658039,615621,79303,76081,109795,103886,40794,55,68
2021-09-28T23:59:59+02:00,5230,4995,42842,41037,56815,49399,61053,57614,72887,71222,87397,85498,60491,64646,39573,50846,12539,22497,4088,3861,38627,36792,53038,45160,57653,53342,69005,66682,83548,81510,58430,62293,38312,49097,12053,21552,656841,614379,79295,76080,109794,103883,40633,55,68
2021-09-27T23:59:59+02:00,5198,4973,42749,40958,56720,49315,60966,57534,72824,71168,87348,85458,60468,64619,39551,50824,12531,22465,4074,3845,38541,36733,52954,45109,57579,53287,68967,66639,83505,81475,58407,62271,38301,49082,12050,21541,656186,613983,79288,76049,109794,103877,40383,55,68
2021-09-26T23:59:59+02:00,5185,4947,42703,40924,56689,49280,60948,57510,72800,71147,87334,85436,60460,64612,39547,50819,12530,22464,4064,3838,38519,36716,52919,45078,57555,53270,68945,66616,83486,81461,58400,62263,38296,49078,12050,21541,655939,613804,79282,76044,109794,103877,40302,55,68
2021-09-25T23:59:59+02:00,5185,4946,42699,40922,56689,49279,60948,57509,72799,71145,87334,85436,60460,64612,39547,50819,12530,22464,4064,3838,38516,36713,52918,45078,57554,53269,68945,66614,83486,81461,58399,62262,38296,49078,12050,21541,655933,613796,79280,76043,109794,103877,40298,55,68
2021-09-24T23:59:59+02:00,5166,4935,42612,40840,56623,49213,60882,57453,72737,71085,87295,85396,60448,64603,39542,50815,12529,22462,4059,3830,38457,36662,52869,45033,57503,53227,68899,66558,83452,81436,58388,62256,38293,49075,12049,21539,655582,613635,79276,76040,109794,103877,39965,55,68
2021-09-23T23:59:59+02:00,5093,4834,42340,40569,56394,49003,60712,57252,72582,70948,87163,85303,60395,64562,39525,50779,12524,22434,3981,3743,38219,36481,52677,44868,57352,53090,68767,66448,83353,81349,58350,62217,38280,49052,12044,21525,653992,612480,79263,76029,109793,103875,39344,55,68
2021-09-22T23:59:59+02:00,5054,4779,42186,40385,56216,48821,60564,57096,72472,70812,87071,85223,60360,64513,39505,50742,12521,22419,3940,3693,38080,36334,52517,44731,57223,52965,68688,66349,83262,81266,58316,62182,38263,49031,12041,21515,652688,611440,79249,76025,109792,103873,38990,55,68
2021-09-21T23:59:59+02:00,5018,4724,41985,40138,55989,48596,60398,56946,72378,70691,86982,85141,60321,64469,39488,50702,12512,22405,3893,3658,37916,36186,52363,44590,57099,52867,68617,66269,83186,81202,58287,62157,38239,49009,12035,21502,651110,610397,79248,76025,109792,103872,38713,55,68
2021-09-20T23:59:59+02:00,4992,4702,41877,40054,55857,48500,60295,56862,72300,70626,86924,85086,60296,64449,39475,50682,12506,22386,3885,3645,37833,36112,52247,44514,57016,52807,68555,66218,83135,81159,58264,62140,38229,48982,12032,21497,650401,609949,79235,75973,109792,103859,38421,55,68
2021-09-19T23:59:59+02:00,4987,4698,41832,40026,55782,48452,60245,56821,72259,70613,86897,85072,60289,64440,39474,50674,12506,22384,3875,3642,37801,36088,52202,44496,56982,52796,68519,66202,83112,81140,58256,62134,38226,48978,12032,21495,650141,609811,79233,75971,109789,103858,38268,55,68
2021-09-18T23:59:59+02:00,4985,4696,41820,40021,55764,48438,60226,56811,72247,70601,86887,85068,60284,64437,39473,50674,12506,22383,3874,3642,37797,36085,52186,44491,56969,52786,68510,66194,83102,81136,58251,62131,38224,48977,12032,21495,650088,609794,79232,75971,109789,103858,38191,55,68
2021-09-17T23:59:59+02:00,4930,4645,41670,39901,55648,48292,60085,56688,72110,70486,86818,84995,60249,64415,39464,50668,12503,22377,3842,3615,37690,35998,52090,44375,56880,52694,68402,66117,83042,81078,58219,62114,38217,48969,12030,21491,649255,609319,79231,75971,109788,103858,37647,55,68
2021-09-16T23:59:59+02:00,4833,4544,41387,39628,55392,48005,59850,56416,71918,70307,86689,84863,60197,64358,39441,50645,12492,22362,3737,3512,37412,35779,51884,44139,56696,52491,68256,65969,82932,80979,58166,62079,38199,48946,12021,21480,647332,607836,79224,75965,109783,103843,36965,55,68
2021-09-15T23:59:59+02:00,4768,4479,41152,39374,55151,47722,59635,56197,71761,70164,86570,84758,60155,64303,39416,50620,12488,22345,3677,3464,37207,35592,51710,43928,56557,52346,68148,65869,82836,80877,58119,62045,38176,48921,12019,21466,645561,606617,79222,75962,109783,103843,36467,55,68
2021-09-14T23:59:59+02:00,4740,4449,41028,39246,55022,47630,59545,56079,71661,70068,86492,84699,60136,64276,39402,50608,12485,22341,3663,3451,37133,35519,51617,43872,56485,52276,68072,65806,82778,80840,58101,62019,38161,48901,12013,21458,644788,606204,79222,75962,109783,103842,36089,55,68
2021-09-13T23:59:59+02:00,4712,4435,40924,39142,54932,47534,59481,55979,71589,70013,86449,84658,60106,64244,39396,50597,12481,22336,3642,3433,37058,35449,51530,43812,56426,52212,68007,65769,82738,80813,58077,61992,38152,48890,12012,21452,644080,605758,79221,75911,109782,103827,35900,55,68
2021-09-12T23:59:59+02:00,4703,4421,40892,39115,54911,47511,59454,55948,71560,69981,86435,84638,60098,64235,39394,50594,12480,22332,3633,3429,37021,35418,51511,43793,56401,52194,67986,65741,82717,80794,58066,61979,38147,48879,12012,21450,643864,605552,79212,75906,109781,103825,35820,55,68
2021-09-11T23:59:59+02:00,4694,4419,40877,39089,54884,47484,59435,55931,71537,69969,86424,84630,60097,64232,39393,50593,12480,22330,3630,3427,37004,35407,51490,43774,56388,52181,67963,65730,82704,80790,58064,61978,38145,48879,12012,21449,643769,605506,79212,75905,109781,103825,35711,55,68
2021-09-10T23:59:59+02:00,4648,4379,40697,38918,54726,47348,59317,55779,71410,69866,86336,84548,60069,64204,39383,50581,12476,22323,3612,3408,36878,35318,51380,43681,56295,52089,67869,65664,82631,80734,58045,61957,38136,48865,12005,21443,642860,605082,79210,75905,109781,103825,35130,55,68
2021-09-09T23:59:59+02:00,4574,4291,40454,38700,54531,47125,59139,55558,71263,69699,86234,84453,60044,64161,39364,50556,12468,22318,3554,3344,36665,35144,51204,43530,56143,51923,67726,65545,82522,80655,58005,61911,38119,48843,12000,21435,641384,603942,79209,75904,109781,103825,34530,55,67
2021-09-08T23:59:59+02:00,4475,4196,40228,38442,54330,46943,58962,55390,71152,69582,86142,84374,60008,64121,39356,50523,12462,22311,3444,3239,36380,34875,50968,43315,55942,51737,67589,65414,82408,80551,57971,61855,38096,48804,11989,21421,639960,602187,79204,75896,109780,103825,34023,55,67
2021-09-07T23:59:59+02:00,4401,4134,40026,38272,54199,46823,58859,55282,71074,69493,86080,84307,59984,64093,39345,50508,12459,22308,3415,3213,36251,34768,50863,43234,55859,51673,67519,65347,82343,80494,57938,61823,38084,48781,11983,21413,638943,601524,79197,75885,109775,103824,33701,55,67
2021-09-06T23:59:59+02:00,4360,4086,39924,38170,54119,46751,58792,55206,71029,69438,86036,84269,59965,64076,39342,50503,12457,22304,3382,3189,36136,34653,50767,43163,55776,51588,67459,65276,82289,80432,57912,61792,38074,48769,11982,21411,638266,600764,79197,75848,109773,103812,33559,55,67
2021-09-05T23:59:59+02:00,4347,4069,39889,38140,54097,46719,58754,55179,71001,69415,86012,84246,59961,64073,39339,50498,12456,22300,3378,3183,36110,34632,50738,43140,55743,51567,67440,65259,82271,80416,57904,61787,38071,48763,11980,21408,638040,600612,79196,75844,109772,103812,33455,55,67
2021-09-04T23:59:59+02:00,4347,4067,39880,38137,54094,46711,58753,55177,70999,69411,86008,84239,59961,64071,39339,50498,12456,22300,3377,3182,36098,34629,50735,43132,55739,51566,67438,65255,82268,80412,57903,61785,38071,48763,11980,21408,638020,600593,79196,75843,109772,103810,33428,55,67
2021-09-03T23:59:59+02:00,4309,4037,39767,38025,53994,46641,58674,55096,70929,69352,85943,84208,59943,64055,39333,50492,12453,22297,3364,3167,36019,34561,50648,43084,55676,51511,67379,65213,82222,80380,57888,61771,38063,48757,11974,21407,637449,600270,79195,75837,109772,103810,33100,55,67
2021-09-02T23:59:59+02:00,4268,3994,39589,37866,53851,46481,58533,54968,70803,69233,85866,84143,59895,64018,39310,50464,12451,22287,3347,3152,35892,34475,50535,43000,55574,51421,67278,65132,82148,80316,57841,61739,38046,48733,11969,21400,636433,599701,79194,75836,109772,103805,32589,55,67
2021-09-01T23:59:59+02:00,4207,3924,39395,37693,53687,46339,58413,54854,70710,69146,85805,84065,59851,63987,39294,50451,12449,22276,3213,3031,35557,34130,50298,42738,55375,51225,67117,64966,82016,80210,57793,61683,38014,48706,11964,21394,635311,597485,79183,75826,109771,103804,32249,55,66
2021-08-31T23:59:59+02:00,4158,3876,39258,37540,53554,46226,58309,54748,70621,69072,85727,84009,59822,63959,39276,50422,12447,22273,3192,3014,35436,34026,50154,42638,55262,51142,67022,64898,81934,80156,57754,61646,38000,48686,11958,21391,634371,596897,79181,75825,109769,103576,31945,54,66
2021-08-30T23:59:59+02:00,4107,3831,39147,37415,53450,46141,58224,54669,70559,68994,85666,83963,59804,63934,39265,50411,12445,22267,3179,2995,35362,33952,50076,42578,55186,51071,66961,64835,81881,80099,57728,61619,37986,48665,11957,21380,633529,596305,79178,75790,109769,103564,31785,54,66
2021-08-29T23:59:59+02:00,4096,3822,39128,37397,53431,46124,58209,54649,70551,68984,85650,83946,59802,63932,39261,50407,12444,22266,3173,2988,35333,33926,50045,42559,55173,51044,66937,64808,81857,80085,57718,61603,37981,48660,11954,21379,633409,596104,79174,75773,109769,103564,31716,54,66
2021-08-28T23:59:59+02:00,4096,3822,39127,37397,53430,46123,58209,54649,70550,68982,85650,83946,59802,63932,39261,50407,12444,22266,3173,2988,35333,33925,50045,42559,55171,51044,66936,64807,81857,80085,57718,61603,37981,48660,11954,21379,633405,596101,79174,75773,109769,103564,31714,54,66
2021-08-27T23:59:59+02:00,4061,3780,39006,37299,53329,46017,58126,54554,70460,68904,85586,83887,59776,63908,39249,50397,12444,22264,3166,2972,35230,33866,49941,42495,55099,50971,66844,64744,81802,80045,57693,61583,37970,48650,11953,21378,632765,595689,79174,75773,109764,103562,31313,54,65
2021-08-26T23:59:59+02:00,3976,3717,38814,37116,53157,45849,57989,54405,70330,68789,85458,83795,59729,63862,39225,50377,12437,22254,3139,2934,35051,33692,49787,42327,54938,50810,66713,64614,81656,79932,57644,61522,37942,48624,11948,21370,631577,594520,79171,75762,109761,103557,30739,54,65
2021-08-25T23:59:59+02:00,3880,3649,38645,36917,53000,45655,57872,54263,70229,68688,85364,83703,59692,63820,39207,50358,12435,22247,3022,2799,34668,33277,49509,42007,54697,50545,66519,64411,81475,79761,57557,61440,37920,48586,11936,21358,630326,591768,79170,75760,109760,103557,30337,54,65
2021-08-24T23:59:59+02:00,3859,3633,38558,36843,52921,45585,57816,54210,70175,68642,85319,83663,59661,63794,39198,50341,12432,22237,2979,2769,34520,33149,49386,41918,54608,50460,66416,64317,81384,79684,57508,61396,37912,48570,11932,21349,629889,590842,79166,75756,109759,103552,30042,54,65
2021-08-23T23:59:59+02:00,3831,3597,38462,36747,52838,45521,57759,54145,70116,68591,85265,83624,59643,63767,39188,50328,12430,22229,2961,2738,34379,33013,49260,41841,54507,50375,66322,64221,81294,79621,57472,61346,37892,48550,11931,21338,629354,589959,79162,75722,109757,103538,29777,54,65
2021-08-22T23:59:59+02:00,3823,3596,38432,36733,52823,45502,57742,54132,70090,68572,85248,83610,59633,63757,39186,50319,12425,22227,2953,2719,34330,32974,49231,41804,54471,50348,66279,64196,81258,79594,57457,61332,37889,48541,11926,21335,629247,589669,79160,75710,109756,103537,29656,54,65
2021-08-21T23:59:59+02:00,3820,3593,38412,36727,52813,45491,57728,54126,70075,68560,85242,83601,59626,63755,39185,50319,12425,22227,2953,2719,34318,32970,49219,41793,54458,50343,66267,64185,81252,79587,57453,61331,37889,48541,11926,21335,629204,589653,79159,75708,109755,103537,29576,54,65
2021-08-20T23:59:59+02:00,3800,3561,38342,36656,52730,45419,57651,54062,70001,68507,85179,83553,59609,63735,39182,50315,12425,22221,2935,2705,34219,32864,49103,41724,54365,50266,66172,64117,81182,79533,57433,61307,37883,48536,11925,21331,628834,589125,79157,75705,109755,103534,29171,54,65
2021-08-19T23:59:59+02:00,3772,3527,38171,36515,52567,45277,57529,53958,69871,68386,85080,83477,59579,63691,39167,50298,12421,22209,2901,2652,33866,32615,48812,41477,54147,50069,65964,63929,81006,79399,57378,61235,37836,48498,11920,21320,627941,587210,79155,75607,109746,103520,28622,54,65
2021-08-18T23:59:59+02:00,3722,3477,37982,36359,52437,45154,57432,53853,69762,68291,85004,83413,59540,63648,39152,50278,12419,22201,2831,2579,33484,32203,48509,41221,53890,49790,65742,63716,80822,79237,57296,61147,37800,48456,11916,21308,626936,584630,79152,75478,109744,103513,28261,54,65
2021-08-17T23:59:59+02:00,3661,3429,37819,36199,52314,45028,57352,53756,69667,68204,84930,83351,59505,63615,39139,50255,12414,22192,2731,2502,33091,31758,48181,40904,53597,49499,65496,63473,80620,79027,57187,61036,37759,48407,11904,21297,625971,581511,79152,75464,109739,103492,27937,54,65
2021-08-16T23:59:59+02:00,3605,3374,37673,36057,52218,44932,57279,53685,69597,68135,84877,83306,59483,63586,39125,50238,12408,22184,2598,2394,32530,31199,47788,40490,53204,49110,65190,63204,80396,78830,57111,60920,37726,48352,11895,21275,625063,577465,79148,75429,109739,103472,27781,54,65
2021-08-15T23:59:59+02:00,3596,3365,37639,36033,52185,44914,57252,53650,69580,68119,84866,83295,59471,63582,39122,50229,12408,22182,2581,2383,32449,31103,47716,40425,53140,49048,65146,63162,80352,78802,57093,60900,37718,48339,11894,21271,624871,576897,79148,75399,109738,103461,27700,54,65
2021-08-14T23:59:59+02:00,3591,3360,37631,36026,52178,44910,57246,53643,69576,68116,84858,83291,59464,63578,39121,50227,12408,22182,2580,2381,32441,31095,47705,40421,53131,49039,65143,63159,80345,78800,57088,60896,37717,48337,11894,21271,624837,576864,79145,75398,109738,103461,27655,54,65
2021-08-13T23:59:59+02:00,3574,3346,37559,35983,52116,44858,57180,53592,69507,68075,84792,83255,59442,63566,39110,50212,12405,22176,2557,2353,32299,30979,47577,40322,53010,48938,65041,63079,80256,78750,57065,60875,37704,48327,11892,21266,624522,576056,79145,75396,109738,103461,27312,54,65
2021-08-12T23:59:59+02:00,3535,3318,37430,35860,52026,44768,57107,53507,69413,68002,84718,83189,59413,63542,39098,50199,12405,22173,2478,2263,31769,30492,47193,39968,52616,48583,64714,62847,80035,78538,56973,60788,37660,48284,11887,21249,623799,572561,79144,75364,109736,103354,26993,54,65
2021-08-11T23:59:59+02:00,3493,3278,37277,35716,51914,44659,56984,53384,69314,67911,84633,83107,59373,63504,39077,50183,12401,22169,2358,2183,31121,29870,46683,39580,52188,48146,64410,62568,79823,78334,56875,60682,37624,48211,11874,21232,622892,568513,79138,75340,109734,103264,26581,54,64
2021-08-10T23:59:59+02:00,3445,3233,37119,35569,51801,44536,56878,53279,69249,67840,84567,83050,59348,63467,39059,50169,12394,22164,2191,2034,30234,28888,45945,38877,51518,47539,64023,62204,79572,78093,56770,60577,37579,48142,11866,21220,621948,562288,79136,75339,109731,103261,26320,54,64
2021-08-09T23:59:59+02:00,3409,3204,37023,35461,51720,44468,56818,53236,69218,67797,84537,83018,59330,63453,39047,50150,12393,22162,2055,1914,29523,28143,45273,38291,50946,46953,63652,61845,79291,77844,56649,60480,37535,48087,11859,21206,621358,558165,79134,73892,109730,103235,26190,54,64
2021-08-08T23:59:59+02:00,3400,3190,36995,35443,51695,44440,56801,53225,69200,67778,84516,83001,59325,63448,39042,50143,12392,22161,2021,1889,29396,28001,45128,38195,50846,46868,63596,61788,79242,77803,56612,60461,37525,48076,11859,21203,621176,557233,79133,73884,109729,103203,26125,54,64
2021-08-07T23:59:59+02:00,3400,3190,36993,35437,51685,44439,56799,53225,69196,67775,84515,82999,59324,63448,39042,50143,12392,22161,2021,1889,29387,27993,45113,38192,50845,46863,63593,61783,79238,77800,56610,60460,37524,48076,11859,21202,621168,557198,79132,73882,109729,103202,26102,54,64
2021-08-06T23:59:59+02:00,3389,3175,36927,35382,51604,44373,56733,53184,69154,67742,84483,82972,59312,63429,39031,50137,12389,22159,1983,1846,29147,27760,44901,38007,50663,46716,63455,61663,79139,77732,56585,60434,37509,48066,11855,21199,620890,555726,79128,73874,109729,103200,25796,54,64
2021-08-05T23:59:59+02:00,3356,3137,36774,35249,51490,44238,56612,53069,69037,67628,84356,82897,59269,63376,39008,50117,12380,22149,1863,1715,28449,27140,44314,37519,50103,46260,63097,61364,78846,77514,56475,60339,37471,48012,11847,21183,620091,551398,79126,73864,109728,103020,25165,54,64
2021-08-04T23:59:59+02:00,3297,3074,36573,35078,51340,44091,56473,52954,68913,67499,84240,82783,59202,63318,38990,50088,12376,22139,1662,1538,27303,26022,43352,36641,49142,45353,62506,60755,78348,77073,56263,60157,37412,47922,11833,21163,619003,543045,79116,73822,109728,102967,24547,54,64
2021-08-03T23:59:59+02:00,3223,3016,36354,34880,51185,43953,56349,52832,68782,67385,84151,82710,59159,63275,38970,50058,12367,22124,1460,1333,26221,24905,42409,35740,48242,44465,61960,60223,77901,76668,56093,59970,37350,47834,11814,21131,617660,534688,79108,73773,109718,102941,24253,54,64
2021-08-02T23:59:59+02:00,3178,2962,36211,34730,51076,43841,56257,52734,68694,67294,84066,82636,59118,63226,38955,50038,12359,22112,1271,1168,25320,23915,41558,34995,47514,43722,61476,59748,77514,76323,55928,59820,37300,47755,11797,21110,616686,527711,79107,73718,109717,102798,23943,54,64
2021-08-01T23:59:59+02:00,3173,2956,36194,34708,51049,43822,56237,52707,68664,67281,84052,82624,59112,63221,38953,50034,12359,22112,1226,1137,25060,23666,41309,34793,47280,43523,61335,59611,77398,76226,55892,59791,37285,47742,11793,21106,616540,525840,79104,73676,109716,102729,23864,54,64
2021-07-31T23:59:59+02:00,3172,2955,36189,34707,51049,43821,56235,52706,68662,67279,84052,82622,59112,63221,38953,50034,12359,22111,1223,1136,25053,23650,41301,34784,47275,43517,61326,59609,77396,76223,55892,59787,37285,47742,11793,21105,616527,525769,79104,73675,109714,102728,23861,53,64
2021-07-30T23:59:59+02:00,3155,2942,36127,34644,50979,43772,56170,52643,68606,67238,84014,82582,59100,63208,38949,50027,12356,22108,1166,1081,24729,23342,41029,34570,47013,43320,61137,59478,77246,76106,55860,59748,37271,47730,11793,21105,616232,523828,79100,73672,109711,102617,23544,53,63
2021-07-29T23:59:59+02:00,3132,2914,35987,34522,50849,43645,56076,52543,68535,67173,83943,82530,59075,63190,38936,50018,12356,22107,1022,964,23773,22359,40146,33817,46110,42535,60589,59033,76885,75801,55739,59610,37231,47675,11786,21094,615356,516762,79082,73546,109710,102448,23350,53,63
2021-07-28T23:59:59+02:00,3082,2859,35745,34284,50630,43472,55879,52393,68387,67030,83829,82432,59024,63143,38913,49981,12346,22099,823,808,22550,21125,38821,32710,44789,41352,59780,58369,76377,75341,55544,59421,37162,47570,11772,21069,613985,506935,79077,73375,109710,102289,22721,53,63
2021-07-27T23:59:59+02:00,3057,2840,35637,34166,50544,43390,55800,52342,68325,66961,83768,82360,58983,63100,38901,49966,12345,22090,668,649,21314,19739,37396,31376,43420,40050,59150,57772,75955,74928,55381,59244,37104,47515,11761,21046,613258,496519,79061,73196,109709,102178,22512,53,63
2021-07-26T23:59:59+02:00,3038,2821,35576,34070,50486,43336,55759,52293,68281,66925,83732,82331,58969,63084,38889,49954,12344,22088,566,564,20296,18642,36146,30260,42147,38900,58655,57367,75668,74674,55284,59144,37083,47480,11755,21032,612735,488273,79054,72870,109709,102014,22443,53,63
2021-07-25T23:59:59+02:00,3028,2816,35528,34028,50441,43287,55730,52270,68258,66900,83701,82308,58953,63077,38886,49951,12341,22082,497,493,19897,18278,35727,29929,41736,38593,58458,57211,75509,74563,55237,59105,37061,47461,11752,21028,612437,485539,79048,72594,109709,101983,22356,53,63
2021-07-24T23:59:59+02:00,3028,2816,35522,34025,50439,43283,55728,52269,68257,66900,83699,82307,58953,63077,38885,49951,12341,22082,497,493,19889,18264,35715,29918,41728,38592,58454,57208,75505,74561,55237,59105,37060,47461,11752,21028,612429,485488,79047,72593,109709,101981,22342,53,63
2021-07-23T23:59:59+02:00,3004,2790,35372,33907,50290,43182,55610,52162,68160,66806,83608,82255,58922,63049,38875,49946,12336,22079,471,477,19649,18041,35451,29740,41457,38405,58287,57077,75369,74482,55198,59081,37048,47451,11746,21022,611802,484350,79047,72300,109709,101979,21760,53,63
2021-07-22T23:59:59+02:00,2953,2706,34934,33540,49982,42950,55350,51935,67931,66623,83432,82106,58837,62956,38839,49899,12325,22061,427,428,18858,17380,34355,29005,40329,37573,57547,56608,74815,74106,55016,58901,36982,47367,11725,20996,609668,478819,79033,70865,109705,101757,20915,53,62
2021-07-21T23:59:59+02:00,2898,2648,34622,33217,49741,42738,55162,51747,67739,66438,83303,81981,58772,62903,38808,49861,12314,22051,385,387,18031,16561,33039,28011,39066,36614,56849,56044,74363,73742,54870,58726,36916,47283,11713,20963,607844,472912,78980,68669,109704,101543,20377,53,62
2021-07-20T23:59:59+02:00,2822,2585,34264,32829,49459,42505,54991,51551,67558,66280,83163,81861,58710,62847,38780,49816,12313,22036,329,307,16882,15447,31325,26613,37330,35155,56049,55394,73816,73294,54700,58537,36865,47197,11695,20925,605750,463730,78945,66931,109702,101203,19934,53,62
2021-07-19T23:59:59+02:00,2738,2513,33705,32268,49152,42195,54717,51286,67362,66067,82988,81692,58643,62765,38735,49764,12306,22021,295,259,16223,14881,30374,25933,36463,34439,55609,54972,73487,73055,54613,58451,36828,47146,11689,20903,602550,460021,78884,64766,109701,101029,19743,53,61
2021-07-18T23:59:59+02:00,2710,2495,33606,32150,49059,42141,54661,51225,67302,66018,82945,81650,58616,62739,38724,49752,12304,22014,279,238,15903,14621,29806,25554,35968,34086,55355,54809,73342,72954,54571,58413,36820,47132,11688,20899,601940,458572,78868,63240,109700,101002,19564,53,60
2021-07-17T23:59:59+02:00,2710,2495,33605,32147,49053,42140,54658,51223,67302,66017,82945,81649,58616,62738,38724,49752,12304,22014,279,238,15898,14614,29790,25538,35963,34081,55350,54808,73342,72954,54571,58413,36820,47132,11688,20899,601929,458520,78866,63236,109695,100999,19563,53,60
2021-07-16T23:59:59+02:00,2651,2430,32997,31627,48561,41792,54266,50887,66919,65696,82632,81418,58498,62625,38675,49703,12300,22007,271,227,15482,14292,29296,25163,35513,33749,55011,54553,73082,72762,54460,58324,36786,47094,11685,20895,599710,457112,78862,63107,109694,100992,17374,53,60
2021-07-15T23:59:59+02:00,2519,2299,32137,30843,47942,41217,53693,50405,66492,65348,82377,81175,58408,62528,38641,49660,12292,21989,242,201,14647,13619,27969,24335,34205,32931,54330,54151,72668,72537,54367,58227,36757,47060,11678,20879,594690,452907,78850,60742,109693,100407,16687,53,60
2021-07-14T23:59:59+02:00,2413,2213,31596,30316,47453,40783,53276,50009,66164,65071,82138,80925,58304,62432,38608,49610,12282,21976,195,162,13405,12488,25973,22877,32301,31406,53579,53552,72156,72196,54227,58101,36714,46999,11668,20863,590845,443750,78831,58829,109692,100069,16155,53,59
2021-07-13T23:59:59+02:00,2356,2143,31331,30047,47182,40556,53028,49780,65957,64885,81969,80777,58238,62356,38582,49573,12272,21964,171,140,12414,11646,24239,21567,30356,29814,52383,52377,71334,71401,53977,57824,36627,46884,11650,20835,588689,437005,78817,55908,109685,96908,15759,53,59
2021-07-12T23:59:59+02:00,2130,1936,30471,29118,46528,40020,52457,49211,65566,64496,81690,80507,58102,62230,38540,49516,12262,21943,149,123,11662,11019,22843,20585,28614,28434,51420,51513,70589,70782,53719,57544,36561,46766,11637,20804,582458,428880,78799,53338,109685,96753,15735,53,58
2021-07-11T23:59:59+02:00,2085,1898,30350,29012,46463,39950,52404,49148,65509,64441,81629,80464,58080,62210,38534,49498,12257,21938,146,115,11500,10871,22569,20393,28248,28161,51215,51367,70416,70637,53665,57464,36539,46749,11628,20797,581640,426805,78793,53295,109683,96616,15709,52,55
2021-07-10T23:59:59+02:00,2085,1896,30347,29004,46458,39944,52401,49146,65506,64440,81627,80461,58080,62208,38533,49498,12257,21938,146,115,11487,10853,22553,20376,28232,28148,51208,51362,70412,70634,53665,57464,36538,46749,11628,20797,581609,426714,78791,53293,109683,96604,15701,52,55
2021-07-09T23:59:59+02:00,2041,1858,30112,28773,46242,39763,52217,48975,65344,64327,81522,80380,58050,62178,38518,49483,12253,21936,145,109,11102,10582,21908,19938,27565,27596,50500,50793,69829,70222,53563,57376,36515,46714,11623,20786,580409,425632,78785,52978,109677,93144,15057,51,55
2021-07-08T23:59:59+02:00,1902,1731,29452,28243,45634,39258,51662,48507,64941,64016,81221,80146,57957,62086,38486,49432,12248,21922,107,81,9923,9483,19964,18308,25094,25613,49462,49990,69198,69681,53336,57160,36438,46627,11608,20760,576147,415089,78763,50550,109661,92910,14229,51,55
2021-07-07T23:59:59+02:00,1689,1533,28337,27041,44587,38293,50567,47509,64283,63376,80678,79662,57754,61855,38419,49347,12235,21881,83,70,9387,9009,18873,17470,23693,24410,48636,49341,68651,69190,53136,56919,36362,46528,11592,20720,566870,408741,78747,48933,109659,92615,13726,51,55
2021-07-06T23:59:59+02:00,1487,1375,27261,26003,43569,37370,49630,46576,63683,62814,80244,79253,57571,61672,38363,49252,12211,21854,62,45,8675,8270,17541,16463,22080,23129,48027,48888,68275,68922,53019,56806,36312,46491,11585,20705,558614,401273,78736,48505,109656,92324,13138,51,55
2021-07-05T23:59:59+02:00,1330,1251,26119,24761,42492,36374,48577,45505,63017,62238,79807,78849,57397,61484,38310,49176,12202,21831,50,35,8422,8043,17037,16139,21515,22741,47719,48659,68079,68774,52965,56732,36286,46471,11582,20700,549316,398666,78728,48187,109656,92068,12975,51,53
2021-07-04T23:59:59+02:00,1265,1187,25797,24437,42181,36113,48326,45317,62870,62102,79693,78752,57361,61444,38299,49157,12200,21828,43,34,8165,7884,16762,15941,21231,22542,47595,48560,67996,68695,52941,56708,36271,46466,11580,20699,546998,397621,78698,47524,109655,91982,12933,51,53
2021-07-03T23:59:59+02:00,1265,1186,25789,24422,42168,36107,48324,45317,62866,62101,79692,78751,57360,61444,38299,49157,12200,21828,43,34,8159,7876,16751,15931,21224,22535,47588,48559,67991,68694,52940,56708,36271,46466,11580,20699,546965,397587,78697,47523,109655,91972,12914,51,53
2021-07-02T23:59:59+02:00,1197,1129,25473,24071,41846,35829,48065,45060,62723,61955,79618,78680,57343,61421,38293,49145,12196,21823,42,31,7980,7727,16379,15665,20779,22228,46621,47779,67493,68343,52855,56615,36256,46448,11579,20696,544582,395096,78695,47519,109649,89952,12896,51,53
2021-07-01T23:59:59+02:00,1142,1079,25097,23706,41463,35478,47669,44710,62473,61714,79429,78510,57280,61358,38262,49104,12189,21813,36,27,7587,7388,15564,14878,19606,21191,45079,46294,66276,67265,52546,56312,36159,46328,11555,20669,541436,389254,78593,46692,109639,85998,12763,51,53
2021-06-30T23:59:59+02:00,1069,1013,24674,23263,41034,35108,47257,44329,62243,61507,79258,78361,57199,61279,38234,49053,12181,21792,29,20,7209,7029,14614,14076,18170,19981,41860,43561,64576,65816,52077,55811,36009,46133,11528,20620,537982,377201,78560,45994,109635,83239,12632,51,53
2021-06-29T23:59:59+02:00,978,904,24169,22728,40513,34684,46825,43913,61981,61223,79045,78181,57120,61215,38205,49009,12175,21773,20,18,6932,6719,13946,13575,17008,19053,37525,39869,63218,64555,51588,55311,35875,45954,11497,20576,533892,361854,78551,45781,109635,83033,12518,51,53
2021-06-28T23:59:59+02:00,949,871,23831,22338,40052,34292,46407,43544,61742,60967,78853,78025,57046,61146,38176,48979,12172,21758,18,10,6621,6402,13286,13074,15987,18215,33881,36817,62092,63520,51233,54914,35780,45803,11472,20538,532123,353171,76865,41082,109633,82875,12482,51,53
2021-06-27T23:59:59+02:00,935,858,23736,22247,39975,34230,46348,43484,61709,60929,78816,77995,57031,61135,38170,48972,12171,21753,17,9,6528,6331,13047,12933,15564,17977,33042,36169,61833,63319,51142,54843,35763,45781,11470,20534,531506,350262,76859,40812,109627,82718,12457,51,53
2021-06-26T23:59:59+02:00,935,858,23730,22241,39965,34226,46345,43481,61707,60928,78815,77995,57031,61135,38170,48971,12171,21753,17,9,6525,6323,13038,12919,15555,17969,33037,36168,61826,63316,51140,54837,35763,45781,11470,20533,531474,350191,76858,40811,109625,82716,12455,51,53
2021-06-25T23:59:59+02:00,912,831,23617,22124,39878,34138,46263,43409,61662,60880,78768,77973,57020,61123,38167,48968,12170,21751,16,8,6428,6208,12930,12788,15416,17806,32319,35507,61435,62990,51062,54753,35755,45760,11467,20532,530674,347178,76857,40798,109624,82697,12454,51,53
2021-06-24T23:59:59+02:00,845,773,23229,21706,39523,33826,45912,43104,61457,60685,78608,77835,56966,61069,38145,48938,12165,21740,15,5,6089,5912,12366,12326,14705,17118,29011,32790,59146,61129,50474,54154,35619,45551,11449,20484,527716,333342,76807,40531,109621,82080,12337,51,53
2021-06-23T23:59:59+02:00,741,679,22585,21048,38950,33236,45253,42396,61089,60291,78358,77584,56862,60933,38098,48885,12155,21720,13,4,5933,5716,11997,11971,14195,16586,25650,30031,57502,59597,49950,53612,35498,45377,11428,20440,522126,323883,76750,37598,109618,81642,12324,51,53
2021-06-22T23:59:59+02:00,680,614,22160,20609,38544,32813,44817,41934,60816,60005,78152,77341,56765,60823,38062,48813,12142,21698,11,3,5744,5581,11669,11702,13760,16211,21305,26497,55417,57892,49348,53003,35320,45160,11407,20396,518320,309483,76623,37544,109613,81159,12187,51,53
2021-06-21T23:59:59+02:00,643,573,21907,20371,38291,32579,44571,41658,60627,59792,78019,77201,56711,60737,38037,48773,12133,21682,9,3,5613,5470,11360,11501,13419,15943,19752,25263,54496,57119,47126,50537,34720,44435,11384,20337,516261,304135,76423,37477,109595,74846,11977,50,52
2021-06-20T23:59:59+02:00,614,553,21619,20076,37990,32298,44285,41397,60475,59624,77881,77054,56662,60692,38017,48756,12130,21675,9,3,5554,5425,11226,11410,13263,15814,19353,24938,54226,56935,45465,48553,34154,43799,11363,20316,513857,303493,76340,36722,109582,69570,11971,49,50
2021-06-19T23:59:59+02:00,612,553,21614,20062,37974,32291,44281,41391,60468,59620,77879,77051,56659,60691,38017,48755,12130,21675,9,3,5548,5416,11221,11405,13253,15807,19345,24929,54212,56923,45456,48543,34153,43799,11363,20316,513788,303405,76334,36718,109582,69557,11971,49,50
2021-06-18T23:59:59+02:00,598,539,21514,19952,37905,32234,44205,41304,60412,59574,77834,77009,56637,60669,38012,48742,12129,21674,9,3,5456,5254,10923,10868,12876,15226,18804,23909,53354,55611,45250,48378,34125,43750,11357,20304,513023,301825,76327,36717,109576,64895,11970,48,50
2021-06-17T23:59:59+02:00,512,447,20794,19239,37148,31601,43410,40551,60002,59206,77536,76756,56521,60540,37962,48673,12116,21649,8,3,5266,5041,10540,10316,12351,14451,17868,22543,51776,53665,44096,47025,33807,43350,11309,20220,507030,294482,76234,36587,109567,60731,11785,48,50
2021-06-16T23:59:59+02:00,406,368,19995,18296,36160,30669,42399,39576,59458,58723,77142,76437,56378,60385,37905,48585,12106,21626,8,3,5077,4884,10023,9989,11612,13950,16319,21237,47887,50117,42338,45008,33338,42777,11246,20093,499655,278268,75696,36385,109552,59540,11664,48,49
2021-06-15T23:59:59+02:00,296,265,19187,17449,35238,29811,41470,38684,59020,58280,76810,76105,56236,60218,37848,48515,12091,21592,7,3,4877,4760,9498,9723,10902,13476,14802,20048,43605,46019,40785,43155,32852,42154,11181,19965,492441,261044,75577,36349,109542,58863,11508,48,48
2021-06-14T23:59:59+02:00,192,173,18071,16218,33984,28536,40000,37273,58431,57712,76417,75763,56107,60072,37805,48445,12082,21577,7,3,4754,4668,9151,9514,10420,13156,13628,19043,40956,43460,39710,42004,32559,41752,11149,19879,482672,249851,75142,36322,109537,58132,11460,48,48
2021-06-13T23:59:59+02:00,151,134,17565,15815,33503,28133,39507,36889,58218,57528,76267,75660,56080,60031,37783,48424,12079,21568,7,3,4665,4618,9001,9442,10257,13086,13023,18588,40485,43066,39473,41781,32499,41667,11142,19865,479587,248882,74840,34895,109530,57512,11331,48,48
2021-06-12T23:59:59+02:00,151,134,17557,15794,33486,28122,39500,36884,58211,57524,76263,75658,56079,60029,37782,48424,12079,21568,7,3,4658,4612,8991,9437,10245,13077,13011,18575,40301,42919,39451,41766,32495,41665,11142,19864,479503,248448,74836,34894,109530,57500,11329,48,48
2021-06-11T23:59:59+02:00,149,134,17472,15735,33338,28048,39326,36828,58091,57488,76192,75633,56065,60024,37780,48421,12079,21567,7,3,4579,4420,8832,8876,10053,12357,12776,17504,39812,41616,39296,41636,32477,41628,11140,19863,479158,247959,74423,34892,109422,52656,11320,48,48
2021-06-10T23:59:59+02:00,134,114,16629,15020,31927,27138,38083,35909,57406,57029,75782,75360,55976,59932,37741,48376,12068,21549,7,3,4329,4225,8277,8374,9370,11592,12038,16433,36953,38572,38493,40831,32311,41446,11124,19833,475264,240872,71451,34759,109148,48269,10263,48,48
2021-06-09T23:59:59+02:00,112,89,15849,14323,30643,26239,36865,35021,56826,56640,75437,75132,55891,59826,37714,48331,12055,21529,7,3,4144,4073,7916,8184,8902,11370,11416,16052,31860,33692,36992,39291,32066,41175,11102,19783,470594,226908,69019,34632,109103,46681,9761,46,46
2021-06-08T23:59:59+02:00,85,71,14934,13465,29261,25148,35498,34012,56207,56231,75142,74917,55815,59752,37691,48299,12051,21519,7,3,4062,4011,7757,8061,8749,11252,11121,15845,29025,30872,36033,38344,31905,40979,11078,19750,466011,219396,65590,34571,109057,45445,9396,45,46
2021-06-07T23:59:59+02:00,77,58,14296,12891,27896,24332,34337,33230,55728,55971,74899,74809,55781,59712,37675,48288,12051,21515,7,3,3969,3939,7561,7931,8449,11120,10753,15599,24681,26486,34562,36800,31683,40711,11050,19720,462880,207582,62552,34503,109027,43851,9042,45,46
2021-06-06T23:59:59+02:00,76,55,13975,12698,27109,23917,33683,32811,55419,55805,74744,74744,55760,59688,37661,48279,12049,21514,7,3,3903,3903,7408,7888,8290,11034,10430,15396,21853,23603,33561,35717,31543,40556,11043,19705,461737,204787,60503,29252,109000,43057,8702,45,45
2021-06-05T23:59:59+02:00,76,53,13945,12669,27060,23876,33654,32791,55414,55795,74738,74738,55756,59683,37656,48277,12049,21514,7,3,3881,3886,7373,7865,8243,11015,10367,15354,20427,22050,32762,34835,31473,40475,11039,19698,461605,199810,60398,29248,108995,42949,8701,45,45
2021-06-04T23:59:59+02:00,70,49,13714,12409,26747,23557,33315,32480,55353,55715,74699,74718,55746,59678,37655,48275,12049,21513,7,3,3852,3859,7294,7786,8187,10934,10287,15232,20320,21932,32687,34780,31441,40438,11036,19695,459701,199727,60335,29235,108961,42063,8700,45,45
2021-06-03T23:59:59+02:00,52,43,13147,11925,25709,22871,32180,31729,54856,55382,74382,74524,55675,59598,37620,48244,12043,21497,7,3,3723,3768,7018,7616,7904,10760,9959,14995,18431,20071,30709,32469,31166,40103,11012,19645,455366,191115,58832,29213,108946,40701,8288,45,42
2021-06-02T23:59:59+02:00,38,31,12461,11183,24712,21967,31043,30773,54589,55117,74191,74383,55622,59517,37603,48222,12035,21490,7,3,3689,3747,6959,7558,7846,10711,9874,14903,17910,19522,28778,30288,31066,39960,11005,19633,449061,185569,58653,29212,108944,40362,8274,45,42
2021-06-01T23:59:59+02:00,24,16,11333,10301,22583,20537,28502,28879,53172,54051,73182,73599,55320,59193,37480,48050,12000,21430,7,2,3461,3570,6462,7247,7245,10284,9014,14300,15957,17706,24987,26018,30378,39072,10930,19478,439549,171526,54187,29074,108907,38514,6964,45,40
2021-05-31T23:59:59+02:00,19,12,10469,9634,20744,19367,26453,27366,52062,53200,72474,73048,55104,58930,37407,47945,11985,21394,7,2,3320,3416,6125,6999,6846,9985,8474,13942,14887,16724,23790,24637,29988,38578,10870,19384,432738,165756,49809,29035,108887,37010,6134,45,39
2021-05-30T23:59:59+02:00,17,9,10122,9291,20023,18871,25747,26787,51723,52918,72236,72851,55027,58853,37382,47916,11977,21385,7,2,3140,3228,5779,6733,6557,9744,8255,13736,14627,16454,23499,24319,29878,38472,10855,19356,430148,164928,49399,28977,108856,36010,4687,45,39
2021-05-29T23:59:59+02:00,17,9,10107,9279,20005,18840,25727,26761,51711,52913,72231,72841,55025,58848,37381,47916,11976,21385,7,2,3137,3218,5774,6728,6550,9740,8247,13728,14617,16447,23488,24310,29874,38466,10854,19355,429985,164852,49399,28974,108856,35991,4687,45,38
2021-05-28T23:59:59+02:00,17,9,10041,9185,19864,18672,25464,26529,51549,52736,72084,72710,54986,58799,37367,47896,11973,21372,7,2,3090,3141,5681,6588,6447,9539,8130,13454,14425,16170,23334,24154,29820,38403,10847,19346,428323,164454,49362,28973,108837,34426,4687,44,38
2021-05-27T23:59:59+02:00,17,9,8786,8004,17468,16864,22685,24377,50454,51921,71419,72217,54789,58577,37273,47801,11959,21343,7,2,2793,2809,4836,5966,5556,8758,7336,12460,13296,14975,22338,23105,29429,37945,10792,19259,416429,160620,48402,28709,108698,29905,2390,44,38
2021-05-26T23:59:59+02:00,16,9,8385,7587,16585,16059,21495,23368,49849,51375,70998,71831,54637,58411,37205,47723,11948,21313,7,2,2608,2637,4467,5629,5080,8248,6858,11811,12322,13992,21434,22067,29118,37500,10745,19174,410822,156741,47668,28622,108618,26656,1643,43,37
2021-05-25T23:59:59+02:00,16,9,7818,6993,15340,15179,20048,22194,49371,50973,70750,71643,54562,58328,37181,47696,11944,21303,7,2,2534,2537,4277,5499,4836,8017,6578,11502,11766,13456,19271,19880,28742,36961,10710,19125,404061,151024,47426,28609,108569,24781,1249,43,37
2021-05-24T23:59:59+02:00,16,9,7731,6893,15115,15051,19762,22015,49269,50854,70706,71604,54559,58323,37180,47694,11943,21300,7,2,2493,2474,4191,5332,4743,7773,6452,11220,11626,13213,19154,19764,28689,36914,10703,19114,402926,150870,47346,28566,108475,23157,1234,43,37
2021-05-23T23:59:59+02:00,15,9,7713,6880,15077,15034,19707,21987,49258,50851,70701,71598,54558,58319,37180,47692,11943,21300,7,2,2489,2469,4184,5328,4732,7768,6446,11207,11604,13191,19011,19566,28658,36875,10701,19112,402735,150378,47346,28564,108474,23148,1224,43,36
2021-05-22T23:59:59+02:00,15,9,7710,6871,15068,15022,19696,21980,49258,50849,70698,71598,54558,58318,37180,47692,11943,21300,6,2,2487,2462,4176,5323,4730,7768,6441,11201,11596,13188,18998,19560,28657,36875,10701,19112,402680,150340,47346,28563,108474,23122,1222,43,36
2021-05-21T23:59:59+02:00,15,9,7635,6770,14941,14887,19490,21822,49019,50616,70554,71489,54530,58291,37172,47685,11937,21294,6,2,2417,2376,4087,5183,4626,7559,6317,10903,11422,12900,18930,19493,28641,36845,10698,19110,401103,150080,47343,28562,108449,21619,1219,42,35
2021-05-20T23:59:59+02:00,15,9,7357,6470,14352,14363,18551,20944,46339,48259,69395,70511,54172,57924,37063,47542,11905,21263,6,2,2156,2206,3725,4821,4183,7007,5762,10071,10332,11797,17642,18186,28131,36242,10620,18959,390074,144786,47175,28268,108143,17757,1002,40,35
2021-05-19T23:59:59+02:00,14,8,7117,6244,13684,13874,17278,19942,42350,44778,67905,69199,53712,57402,36898,47312,11868,21212,6,2,2077,2003,3558,4484,3934,6479,5316,9388,9331,10676,16161,16529,27432,35319,10492,18749,375267,137582,46600,28123,107907,15222,983,40,26
2021-05-18T23:59:59+02:00,14,7,6921,6068,13135,13440,16179,19081,37627,40754,66450,67874,53159,56860,36749,47089,11826,21156,6,2,2031,1880,3419,4294,3749,6158,4981,8903,8463,9804,14576,14791,26717,34463,10401,18574,359149,130930,46535,27555,107747,13783,918,40,26
2021-05-17T23:59:59+02:00,14,7,6786,5973,12809,13187,15677,18690,35444,38886,65617,67085,52883,56545,36667,46980,11811,21119,6,2,1959,1816,3230,4110,3527,5924,4658,8530,7680,9103,11311,10762,25807,33312,10320,18403,355407,125693,42258,21455,107662,12473,813,40,26
2021-05-16T23:59:59+02:00,14,7,6720,5889,12684,13032,15506,18522,34951,38413,65431,66915,52827,56484,36655,46953,11806,21114,6,2,1900,1718,3125,3987,3447,5823,4550,8383,7495,8914,9115,8159,25321,32628,10286,18344,353925,124536,41750,16099,107626,11960,583,39,25
2021-05-15T23:59:59+02:00,14,7,6715,5880,12677,13025,15501,18516,34942,38409,65429,66913,52826,56483,36655,46953,11806,21114,6,2,1899,1718,3123,3982,3442,5820,4545,8380,7493,8911,9113,8156,25320,32628,10286,18344,353875,124505,41750,16099,107621,11959,580,39,25
2021-05-14T23:59:59+02:00,14,7,6514,5785,12435,12962,15267,18423,33968,37617,64892,66504,52730,56396,36638,46919,11804,21109,6,2,1783,1629,3011,3910,3385,5711,4495,8233,7445,8781,9106,8150,25319,32628,10286,18343,350500,124442,41719,16095,107157,11092,570,38,24
2021-05-13T23:59:59+02:00,14,7,6265,5601,12028,12707,14693,17975,30438,34826,62410,64422,52098,55723,36499,46698,11792,21061,5,2,1741,1589,2955,3834,3353,5619,4452,8130,7364,8662,9066,8089,25300,32585,10281,18338,336492,124187,41494,16071,106724,10574,509,38,24
2021-05-12T23:59:59+02:00,14,7,6247,5577,11954,12640,14579,17865,29804,34247,61902,63969,51924,55550,36462,46653,11785,21048,5,2,1741,1586,2953,3833,3350,5619,4447,8128,7362,8656,9059,8086,25300,32583,10281,18337,333482,124161,41481,16061,106718,10573,509,37,24
2021-05-11T23:59:59+02:00,13,7,5927,5445,11508,12355,14028,17480,25538,30758,59515,61959,51263,54871,36275,46406,11761,20985,5,2,1701,1471,2850,3571,3228,5246,4304,7687,7208,8334,8973,8001,25271,32542,10277,18326,318524,123912,41426,15871,105726,8807,383,35,24
2021-05-10T23:59:59+02:00,13,7,5799,5371,11345,12238,13808,17308,22061,27998,58257,60839,50902,54517,36182,46282,11746,20954,5,2,1661,1373,2764,3342,3125,4915,4191,7197,7087,7894,8933,7940,25259,32520,10275,18322,308581,123763,41266,15722,105430,6981,315,35,24
2021-05-09T23:59:59+02:00,13,7,5724,5339,11257,12174,13705,17226,20461,26816,57793,60453,50800,54417,36157,46241,11739,20949,5,2,1644,1351,2707,3217,3074,4773,4146,7077,7039,7800,8922,7928,25252,32514,10274,18322,308010,123723,37698,15676,105228,6323,301,34,24
2021-05-08T23:59:59+02:00,13,7,5721,5337,11245,12169,13695,17213,20453,26810,57784,60447,50797,54408,36153,46238,11737,20946,5,2,1643,1351,2703,3214,3074,4772,4143,7074,7037,7799,8920,7928,25251,32512,10274,18322,307917,123705,37696,15676,105227,6320,299,34,24
2021-05-07T23:59:59+02:00,13,7,5681,5301,11176,12121,13586,17132,19999,26453,56786,59635,50668,54278,36123,46207,11734,20932,5,2,1543,1309,2623,3170,3032,4743,4108,7050,7015,7766,8912,7920,25248,32510,10274,18321,304748,123667,37676,15668,105080,5899,294,34,23
2021-05-06T23:59:59+02:00,13,7,5428,5189,10660,11812,12878,16677,18698,25467,52516,55976,49471,52896,35791,45806,11681,20830,5,2,1325,1179,2383,2999,2859,4579,3956,6852,6862,7615,8836,7837,25228,32475,10271,18314,289590,123389,37485,15527,104520,4468,170,31,23
2021-05-05T23:59:59+02:00,13,7,5173,5094,10165,11572,12120,16222,17363,24482,48145,51836,47806,50974,35351,45233,11606,20707,5,2,1279,1085,2320,2871,2773,4399,3862,6613,6755,7415,8723,7740,25166,32400,10265,18298,272391,122901,37259,15482,104133,3510,55,31,23
2021-05-04T23:59:59+02:00,13,7,5088,5008,9848,11353,11667,15830,16378,23615,46268,49802,46734,49665,34973,44747,11538,20598,5,2,1268,1066,2292,2829,2731,4314,3809,6505,6683,7336,8681,7701,25144,32383,10264,18293,261983,122679,37234,15418,103852,3154,32,31,23
2021-05-03T23:59:59+02:00,13,7,4988,4920,9493,11181,11201,15564,15321,22752,44694,48183,45851,48710,34751,44403,11510,20505,5,2,1253,1041,2256,2796,2690,4250,3760,6449,6607,7282,8110,7011,23394,30046,10125,18054,252953,116840,37224,15337,103819,2911,20,31,23
2021-05-02T23:59:59+02:00,13,7,4926,4902,9377,11142,11053,15502,14709,22261,44174,47773,45709,48544,34701,44342,11503,20494,5,1,1249,1035,2237,2793,2677,4242,3731,6434,6587,7268,7920,6768,21415,27633,10078,17966,251737,116818,35586,10317,103763,2866,15,31,23
2021-05-01T23:59:59+02:00,13,7,4926,4900,9373,11136,11050,15500,14704,22256,44172,47769,45708,48544,34701,44342,11503,20494,5,1,1248,1035,2237,2793,2677,4242,3730,6434,6586,7268,7920,6767,21415,27633,10078,17966,251704,116815,35586,10317,103762,2865,15,31,23
2021-04-30T23:59:59+02:00,13,7,4880,4876,9306,11120,10994,15475,14628,22229,42688,46357,45374,48214,34664,44290,11498,20484,5,1,1042,940,2040,2703,2578,4181,3643,6374,6521,7209,7913,6750,21414,27631,10078,17966,247716,116806,35586,10314,103750,1832,15,30,22
2021-04-29T23:59:59+02:00,13,7,4641,4793,8829,10971,10391,15297,13943,22020,37749,42040,44362,47181,34542,44172,11494,20453,5,1,863,864,1867,2625,2493,4115,3533,6303,6454,7159,7890,6730,21409,27624,10078,17966,233965,116773,35482,10209,103406,960,15,30,22
2021-04-28T23:59:59+02:00,13,7,4465,4759,8579,10885,10037,15206,13587,21863,33094,37527,43114,45923,34416,44023,11479,20435,5,1,821,837,1829,2576,2460,4038,3497,6194,6406,7069,7870,6710,21396,27611,10073,17959,220714,116685,35463,10161,103192,471,14,29,21
2021-04-27T23:59:59+02:00,12,6,4235,4546,8234,10433,9649,14622,13113,21215,31961,36399,42832,45636,34400,43995,11475,20432,5,1,794,822,1794,2553,2442,4020,3479,6173,6371,7042,7860,6701,21391,27607,10070,17953,217973,116627,35448,10131,99731,286,14,29,20
2021-04-26T23:59:59+02:00,12,6,4213,4519,8161,10395,9543,14568,12963,21154,27548,32015,41614,44414,34320,43894,11462,20421,5,1,762,811,1764,2534,2412,3998,3454,6152,6319,6996,7811,6652,21361,27576,10070,17946,206094,116424,35438,10085,99647,82,14,29,19
2021-04-25T23:59:59+02:00,12,6,4191,4506,8129,10370,9480,14536,12870,21107,25578,29972,40914,43653,34273,43835,11458,20415,5,1,750,803,1752,2520,2394,3983,3429,6131,6286,6967,7791,6635,21344,27555,10069,17942,205427,116397,30324,9850,99512,78,13,29,19
2021-04-24T23:59:59+02:00,12,6,4172,4495,8099,10341,9438,14520,12817,21086,24076,28307,40157,42809,34208,43759,11455,20409,5,1,749,802,1748,2517,2392,3979,3429,6127,6286,6964,7789,6632,21342,27555,10069,17942,200361,116373,30322,9848,99441,75,13,29,19
2021-04-23T23:59:59+02:00,11,6,3908,4343,7627,10042,9009,14165,12255,20683,23595,28006,40067,42746,34187,43725,11449,20402,5,1,736,791,1731,2504,2372,3963,3407,6104,6264,6945,7775,6613,21337,27544,10069,17941,200006,116357,30306,9649,95874,64,13,27,19
2021-04-22T23:59:59+02:00,11,6,3815,4283,7436,9925,8727,13971,11809,20356,21266,25648,37310,39501,33660,43054,11378,20277,5,1,723,782,1702,2473,2314,3905,3336,6032,6154,6848,7696,6526,21281,27500,10066,17926,186973,116239,30113,8939,95307,62,13,27,17
2021-04-21T23:59:59+02:00,11,4,3787,4250,7306,9846,8545,13796,11469,20066,20007,24442,34095,35777,33178,42353,11313,20148,5,1,699,764,1667,2445,2270,3881,3303,5998,6114,6809,7664,6499,21261,27476,10062,17922,175192,116125,29936,8627,95225,58,13,27,17
2021-04-20T23:59:59+02:00,11,4,3754,4223,7201,9777,8332,13636,11099,19766,18911,23289,30782,32127,32701,41754,11256,20031,4,1,691,754,1652,2433,2236,3859,3260,5952,6073,6767,7622,6454,21236,27453,10056,17919,163539,115966,29913,8370,95162,56,13,27,17
2021-04-19T23:59:59+02:00,11,4,3736,4207,7125,9739,8214,13526,10843,19582,18245,22628,29907,30994,32408,41390,11214,19957,4,1,683,749,1631,2419,2212,3829,3224,5918,6039,6736,7579,6421,21205,27425,10053,17915,158700,115834,29895,8125,95095,54,13,27,17
2021-04-18T23:59:59+02:00,11,4,3733,4200,7109,9726,8199,13509,10805,19556,18158,22545,29785,30868,32380,41367,11211,19949,4,1,681,744,1616,2408,2195,3813,3199,5892,6009,6713,7556,6408,21187,27403,10050,17912,158206,115774,29826,7934,95044,53,13,26,17
2021-04-17T23:59:59+02:00,11,4,3731,4198,7105,9723,8195,13509,10799,19549,18144,22534,29762,30855,32378,41364,11211,19949,4,1,680,744,1614,2407,2193,3812,3195,5891,6007,6711,7556,6408,21187,27403,10050,17912,158121,115759,29825,7934,95036,52,13,26,17
2021-04-16T23:59:59+02:00,11,4,3564,4161,6760,9593,7824,13322,10398,19304,17690,22261,29555,30691,32294,41272,11196,19930,4,1,667,724,1602,2392,2166,3797,3141,5854,5965,6661,7462,6317,20774,26835,10020,17851,157357,114428,29817,7726,92618,49,13,25,17
2021-04-15T23:59:59+02:00,11,4,3464,4081,6406,9221,7245,12821,9620,18469,16366,21033,28350,29391,31777,40631,11115,19754,4,1,637,701,1549,2352,2080,3711,3032,5734,5636,6423,6961,5930,20027,25911,9920,17681,151598,111037,29523,7179,88600,44,13,25,17
2021-04-14T23:59:59+02:00,10,4,3410,4034,6168,8981,6915,12443,9001,17921,15246,19995,26932,27884,31145,39749,11003,19557,4,1,604,675,1503,2314,2005,3632,2890,5611,5328,6190,6413,5420,19003,24618,9833,17501,144769,106750,29323,6726,86270,39,13,23,17
2021-04-13T23:59:59+02:00,10,4,3379,4001,6078,8902,6767,12310,8697,17675,14442,19301,23583,24313,30208,38570,10897,19382,4,1,599,666,1490,2291,1973,3597,2789,5540,5110,6006,6045,5077,18701,24270,9791,17434,133109,104624,29312,6693,86062,38,13,23,16
2021-04-12T23:59:59+02:00,10,4,3357,3980,6027,8843,6679,12223,8478,17480,13825,18775,22576,23163,29783,38011,10828,19255,4,1,589,658,1479,2283,1950,3576,2732,5490,4961,5901,5721,4795,18405,23965,9752,17372,128018,103022,29293,6545,85950,38,13,23,16
2021-04-11T23:59:59+02:00,10,4,3351,3974,6009,8819,6650,12206,8436,17457,13733,18715,22447,23013,29731,37946,10818,19231,4,1,585,653,1466,2273,1937,3568,2715,5473,4924,5863,5662,4735,18232,23732,9731,17341,127475,102357,29227,6471,85812,38,13,23,16
2021-04-10T23:59:59+02:00,10,4,3343,3973,5986,8818,6627,12205,8414,17455,13709,18713,22442,23010,29727,37945,10818,19231,4,1,582,650,1458,2265,1931,3565,2708,5464,4908,5855,5648,4718,18068,23477,9717,17317,127453,101833,29136,6438,85807,38,11,23,16
2021-04-09T23:59:59+02:00,9,4,3306,3961,5938,8804,6568,12186,8376,17428,13659,18666,20487,20593,29243,37326,10788,19181,4,1,568,636,1431,2243,1904,3541,2666,5428,4835,5793,5532,4615,17488,22745,9679,17246,126753,100061,24010,6238,85727,30,10,23,16
2021-04-08T23:59:59+02:00,9,4,3281,3942,5869,8773,6494,12146,8286,17364,13515,18548,17884,17518,28721,36660,10750,19131,4,1,526,607,1344,2162,1809,3444,2486,5244,4332,5433,4727,4006,15689,20498,9488,16937,125886,93021,18130,5669,84847,22,9,23,16
2021-04-07T23:59:59+02:00,7,4,3202,3913,5662,8722,6286,12084,8075,17288,13251,18450,15211,14436,28041,35859,10720,19078,4,1,502,578,1289,2105,1712,3363,2333,5104,3918,5100,4004,3436,14827,19627,9372,16750,125668,88663,16586,5321,78006,19,6,23,16
2021-04-06T23:59:59+02:00,6,4,3173,3903,5617,8703,6215,12060,7989,17250,13178,18377,13221,12061,27406,35142,10706,19048,4,1,472,555,1220,2048,1626,3279,2171,4984,3546,4823,3478,3022,13980,18617,9296,16629,125531,84997,16382,4718,72117,15,6,23,15
2021-04-05T23:59:59+02:00,6,4,3171,3900,5582,8688,6178,12047,7944,17233,13105,18341,13176,12015,27395,35125,10705,19045,4,1,441,525,1168,2011,1575,3237,2105,4930,3457,4747,3422,2970,13835,18446,9287,16611,125505,84504,16173,4233,71954,15,5,23,15
2021-04-04T23:59:59+02:00,6,4,3170,3898,5582,8686,6176,12046,7943,17231,13104,18341,13173,12014,27394,35124,10705,19045,4,1,440,523,1167,2011,1574,3237,2104,4930,3457,4747,3422,2970,13834,18446,9287,16611,125492,84498,16173,4232,71949,15,5,23,15
2021-04-03T23:59:59+02:00,6,4,3169,3898,5581,8685,6176,12046,7943,17231,13104,18341,13173,12012,27393,35121,10705,19045,4,1,440,521,1167,2011,1573,3237,2104,4929,3451,4744,3416,2960,13747,18309,9278,16595,125485,84220,16173,4232,71947,15,5,23,15
2021-04-02T23:59:59+02:00,6,4,3169,3893,5577,8680,6171,12037,7935,17218,13077,18310,13126,11959,27365,35102,10702,19041,4,1,437,514,1165,2007,1561,3228,2093,4907,3420,4711,3384,2931,12810,17058,9211,16486,125314,81745,16169,4150,71861,15,5,23,13
2021-04-01T23:59:59+02:00,6,4,3155,3879,5538,8661,6104,12004,7864,17183,12964,18238,13012,11831,27307,35025,10693,19026,4,1,389,470,1066,1939,1461,3139,1941,4794,3215,4580,3147,2729,10766,14455,9095,16304,124999,76105,16046,3358,71423,15,4,22,13
2021-03-31T23:59:59+02:00,6,4,3154,3865,5521,8627,6068,11968,7820,17137,12883,18169,12898,11709,27256,34963,10685,19016,3,1,351,447,1030,1896,1387,3099,1836,4690,2956,4379,2730,2412,8166,11224,8914,16062,124687,68539,16005,3013,71032,14,4,21,13
2021-03-30T23:59:59+02:00,6,4,3148,3853,5497,8601,6035,11936,7780,17096,12805,18103,12812,11570,27218,34915,10679,19006,3,1,330,429,1008,1864,1328,3064,1712,4609,2709,4208,2359,2164,7278,10142,8847,15933,124553,65220,15974,2738,70514,14,3,20,13
2021-03-29T23:59:59+02:00,6,4,3136,3849,5468,8581,5999,11900,7737,17062,12731,18026,12163,10812,25348,32425,10529,18749,3,1,324,426,1001,1849,1308,3039,1678,4568,2560,4120,2071,2013,6618,9430,8803,15855,118552,62904,15804,2735,70147,12,3,19,13
2021-03-28T23:59:59+02:00,6,4,3106,3833,5420,8543,5949,11855,7656,17007,12620,17956,11898,10508,23363,29956,10475,18650,3,1,323,424,998,1848,1299,3035,1674,4566,2548,4112,2046,1993,6594,9415,8801,15850,118494,62771,10616,2733,69673,12,3,19,11
2021-03-27T23:59:59+01:00,6,4,3094,3828,5379,8531,5912,11840,7606,16991,12574,17909,11863,10464,23359,29948,10475,18650,3,1,323,424,998,1848,1299,3034,1673,4564,2546,4109,2044,1991,6546,9340,8769,15802,118422,62555,10614,2733,69375,12,3,19,11
2021-03-26T23:59:59+01:00,6,4,2966,3507,4929,7378,5416,10523,6994,14944,11767,15622,11640,10280,22875,29220,10430,18579,3,1,322,421,995,1845,1293,3029,1670,4562,2541,4102,2036,1985,6417,9151,8625,15615,116869,61874,10357,2721,59832,4,3,19,11
2021-03-25T23:59:59+01:00,6,3,2846,3245,4770,6611,5185,9375,6669,13222,11038,13819,10778,9473,22144,28371,10353,18422,3,1,317,412,988,1836,1278,3010,1651,4529,2505,4052,1968,1926,6127,8724,8344,15162,113936,60100,9653,2717,52719,3,3,19,10
2021-03-24T23:59:59+01:00,6,3,2800,3200,4694,6547,5051,9268,6464,13051,10525,13413,9939,8652,21124,27113,10256,18234,3,1,314,407,981,1830,1261,2999,1636,4505,2458,3996,1899,1851,5761,8248,7926,14486,109901,57842,9306,2706,51114,3,1,18,10
2021-03-23T23:59:59+01:00,6,3,2772,3167,4626,6477,4940,9175,6249,12889,10066,12990,9220,7982,20609,26504,10201,18127,3,1,302,394,964,1819,1246,2975,1606,4483,2408,3947,1820,1785,5477,7863,7524,13859,107495,55758,8974,2705,49515,2,1,18,10
2021-03-22T23:59:59+01:00,6,3,2754,3128,4566,6438,4864,9107,6111,12750,9704,12718,8615,7411,20188,26066,10141,18033,1,1,300,391,953,1812,1232,2961,1592,4471,2381,3919,1793,1763,5338,7689,7074,13033,106009,53992,8716,2700,47859,2,1,18,9
2021-03-21T23:59:59+01:00,6,3,2747,3111,4519,6413,4813,9071,6017,12683,9515,12531,8307,7151,20020,25899,10129,18005,1,1,300,391,952,1812,1229,2961,1591,4470,2378,3919,1786,1757,5329,7684,7043,12975,105806,53884,8483,2683,46632,2,1,18,9
2021-03-20T23:59:59+01:00,6,3,2746,3104,4512,6407,4806,9068,6013,12675,9495,12517,8274,7119,19847,25622,10113,17979,1,1,300,391,952,1810,1228,2961,1590,4469,2374,3911,1774,1744,5314,7635,6865,12735,105249,53385,8470,2658,46568,2,1,18,9
2021-03-19T23:59:59+01:00,6,3,2710,3077,4442,6362,4699,9017,5873,12617,9227,12328,7970,6892,19362,25030,10081,17920,1,1,300,390,951,1809,1228,2958,1588,4468,2367,3906,1758,1733,5277,7592,6451,12109,103945,52240,8228,2635,45424,2,1,18,9
2021-03-18T23:59:59+01:00,6,3,2644,3004,4278,6224,4450,8812,5515,12309,8310,11656,6704,5868,18100,23662,9926,17687,1,1,297,385,946,1799,1214,2945,1549,4452,2303,3860,1679,1691,5202,7485,5707,10991,99011,49904,7683,2593,42445,1,1,18,8
2021-03-17T23:59:59+01:00,6,3,2608,2964,4196,6127,4312,8703,5260,12033,7634,11088,5714,4967,16748,22120,9759,17427,1,1,293,383,942,1791,1210,2936,1532,4430,2236,3835,1615,1646,5157,7418,5127,10102,93563,48109,7184,2536,40903,1,1,18,8
2021-03-16T23:59:59+01:00,5,3,2588,2936,4133,6060,4218,8606,5083,11877,7185,10699,4948,4349,15887,21138,9652,17253,1,1,289,381,939,1786,1207,2929,1524,4420,2214,3816,1583,1629,5120,7375,4616,9280,89900,46645,7145,2457,39556,0,1,18,7
2021-03-15T23:59:59+01:00,5,3,2585,2925,4118,6039,4186,8580,5034,11830,7067,10582,4801,4187,15566,20725,9620,17194,1,1,287,377,938,1780,1201,2922,1510,4411,2193,3794,1539,1612,5060,7300,4029,8417,89124,45050,7046,2314,38858,0,1,18,7
2021-03-14T23:59:59+01:00,5,2,2579,2917,4097,6018,4156,8560,4993,11796,6973,10493,4695,4071,15432,20555,9603,17153,1,1,285,376,938,1778,1195,2915,1505,4400,2182,3787,1529,1606,5052,7292,4023,8403,88815,44987,7027,2273,38238,0,1,17,7
2021-03-13T23:59:59+01:00,5,2,2572,2907,4089,6006,4148,8553,4985,11786,6954,10480,4671,4045,15118,20118,9583,17117,1,1,285,376,938,1778,1195,2915,1505,4400,2182,3787,1528,1606,5052,7291,4023,8403,87927,44986,7005,2272,38189,0,1,17,7
2021-03-12T23:59:59+01:00,5,2,2508,2832,3979,5835,4028,8330,4848,11488,6775,10208,4518,3907,14188,18855,9520,17015,1,1,285,375,936,1775,1195,2911,1502,4395,2181,3780,1521,1604,5045,7272,4021,8386,85442,44908,6944,2270,36439,0,1,15,7
2021-03-11T23:59:59+01:00,4,2,2384,2607,3750,5508,3772,7896,4520,10725,6142,9397,3994,3401,12566,16849,9418,16865,1,1,285,374,932,1770,1192,2898,1493,4383,2169,3753,1480,1576,5004,7235,4009,8359,81066,44760,6781,2146,31937,0,1,15,7
2021-03-10T23:59:59+01:00,4,2,2265,2476,3593,5270,3577,7572,4248,10241,5585,8828,3419,2953,10277,14121,9269,16627,1,1,281,370,927,1760,1185,2887,1489,4367,2147,3738,1451,1568,4974,7220,4000,8349,74709,44694,6609,2013,28993,0,1,15,7
2021-03-09T23:59:59+01:00,4,2,2240,2425,3527,5181,3463,7482,4078,10044,5190,8478,2935,2593,8750,12102,9163,16476,1,1,280,369,927,1754,1178,2877,1485,4359,2139,3727,1436,1562,4966,7215,3997,8347,69818,44653,6461,1960,27838,0,1,15,6
2021-03-08T23:59:59+01:00,4,2,2216,2350,3468,5112,3389,7398,3955,9931,4893,8284,2490,2329,6812,9702,9042,16298,1,1,280,366,926,1744,1172,2861,1479,4348,2134,3720,1425,1555,4950,7195,3990,8337,64105,44544,6124,1933,27430,0,1,15,6
2021-03-07T23:59:59+01:00,4,2,2154,2294,3372,5004,3292,7308,3856,9844,4756,8189,2439,2277,6789,9681,9042,16290,1,1,279,364,925,1744,1172,2859,1479,4348,2134,3720,1425,1555,4949,7195,3990,8336,63976,44538,5441,1931,27160,0,1,15,6
2021-03-06T23:59:59+01:00,4,2,2146,2281,3358,4994,3288,7302,3847,9834,4746,8184,2437,2274,6743,9611,9010,16240,1,1,279,364,924,1740,1171,2858,1479,4345,2130,3715,1424,1550,4943,7190,3988,8326,63764,44490,5381,1931,27140,0,1,15,6
2021-03-05T23:59:59+01:00,4,2,2016,2195,3133,4807,3047,6990,3569,9439,4412,7847,2348,2212,6535,9289,8813,15974,1,1,279,362,922,1737,1170,2857,1478,4339,2127,3709,1418,1548,4937,7184,3987,8319,62770,44438,4534,1931,25313,0,0,15,6
2021-03-04T23:59:59+01:00,4,2,1765,1975,2720,4370,2589,6351,3003,8539,3726,7034,2129,2052,6239,8922,8529,15511,1,1,276,361,921,1728,1168,2840,1477,4323,2118,3697,1407,1546,4925,7170,3981,8308,61108,44315,3254,1927,21083,0,0,15,6
2021-03-03T23:59:59+01:00,4,2,1694,1887,2613,4186,2456,6123,2861,8249,3539,6770,2045,1974,5898,8446,8163,14921,1,1,275,357,921,1718,1165,2817,1473,4299,2113,3682,1382,1534,4920,7164,3977,8300,59077,44167,3110,1927,19629,0,0,15,5
2021-03-02T23:59:59+01:00,4,2,1659,1810,2543,4065,2375,5971,2754,8067,3425,6618,1970,1906,5581,8005,7750,14242,1,1,273,352,918,1699,1162,2796,1470,4280,2112,3671,1357,1528,4910,7147,3972,8292,56945,44009,2867,1927,18920,0,0,15,5
2021-03-01T23:59:59+01:00,2,2,1649,1783,2505,3957,2327,5856,2718,7966,3372,6539,1928,1885,5443,7842,7269,13365,1,1,272,350,914,1693,1160,2784,1468,4267,2110,3655,1351,1523,4907,7145,3970,8285,55064,43924,2856,1927,18473,0,0,15,5
2021-02-28T23:59:59+01:00,2,2,1633,1745,2471,3885,2296,5802,2675,7885,3345,6491,1922,1881,5435,7837,7232,13305,1,1,272,350,913,1693,1160,2784,1468,4266,2110,3654,1351,1523,4907,7144,3970,8285,54939,43921,2854,1926,18036,0,0,15,5
2021-02-27T23:59:59+01:00,2,2,1631,1738,2468,3878,2293,5802,2673,7883,3342,6489,1916,1871,5425,7793,7059,13081,1,1,272,350,903,1688,1150,2777,1458,4257,2093,3645,1350,1520,4907,7143,3970,8285,54468,43917,2854,1848,18009,0,0,15,5
2021-02-26T23:59:59+01:00,2,1,1442,1578,2339,3637,2215,5394,2580,7379,3255,6031,1901,1847,5400,7760,6789,12686,1,1,270,348,895,1681,1142,2757,1452,4235,2083,3632,1343,1511,4899,7131,3966,8272,53709,43835,2834,1779,15678,0,0,15,5
2021-02-25T23:59:59+01:00,2,1,1229,1297,2119,3206,2043,4643,2382,6438,3012,5134,1810,1775,5348,7680,6205,11832,1,1,268,340,888,1621,1108,2663,1419,4124,2027,3557,1305,1490,4855,7089,3946,8217,51804,43362,2822,1552,11517,0,0,13,5
2021-02-24T23:59:59+01:00,2,1,1176,1089,2014,2942,1937,4305,2250,6034,2842,4865,1733,1720,5287,7590,5438,10640,1,1,266,334,851,1573,1058,2572,1358,4007,1938,3428,1265,1462,4837,7062,3936,8196,49446,43096,2811,1044,9595,0,0,13,5
2021-02-23T23:59:59+01:00,2,1,1159,1038,1978,2878,1911,4207,2224,5949,2808,4802,1725,1705,5251,7542,4791,9606,1,1,266,333,824,1546,1008,2520,1305,3929,1832,3353,1213,1435,4813,7036,3923,8157,47645,42889,2783,601,9136,0,0,13,5
2021-02-22T23:59:59+01:00,2,1,1151,995,1929,2734,1867,4061,2168,5755,2754,4697,1713,1694,5217,7494,4176,8713,1,1,265,324,782,1508,953,2437,1216,3821,1692,3255,1123,1376,4769,6965,3894,8046,46017,42413,2765,10,8328,0,0,11,5
2021-02-21T23:59:59+01:00,2,1,1148,981,1900,2672,1840,3964,2141,5650,2733,4634,1706,1688,5214,7485,4176,8709,1,1,263,322,777,1502,945,2405,1214,3784,1679,3215,1114,1361,4751,6938,3869,8002,45963,42128,2755,10,7915,0,0,11,5
2021-02-20T23:59:59+01:00,2,1,1148,981,1899,2671,1839,3963,2140,5650,2729,4628,1697,1679,5207,7478,4174,8706,1,1,263,322,777,1501,944,2401,1213,3780,1678,3213,1114,1361,4698,6878,3822,7944,45948,41897,2727,9,7906,0,0,11,5
2021-02-19T23:59:59+01:00,2,1,1148,979,1896,2666,1839,3952,2139,5641,2725,4624,1678,1670,5192,7460,4171,8701,1,1,262,320,773,1490,935,2376,1206,3738,1649,3159,1086,1322,4505,6625,3643,7643,45867,40720,2705,9,7901,0,0,11,5
2021-02-18T23:59:59+01:00,2,1,1116,897,1856,2547,1800,3815,2086,5435,2663,4451,1661,1653,5176,7427,4166,8672,1,1,235,291,727,1365,886,2170,1120,3399,1533,2862,974,1133,4007,5839,3226,6738,45712,36493,2672,9,7029,0,0,11,5
2021-02-17T23:59:59+01:00,2,1,1070,770,1775,2315,1722,3519,1976,5075,2588,4204,1636,1644,5155,7412,4157,8669,1,1,230,288,717,1347,877,2148,1108,3364,1514,2840,968,1130,3623,5312,2925,6311,45670,34690,2612,9,5397,0,0,11,5
2021-02-16T23:59:59+01:00,2,1,1029,731,1720,2211,1653,3346,1905,4869,2509,4096,1596,1630,5128,7389,4148,8657,1,1,223,282,700,1311,855,2094,1077,3246,1475,2753,944,1106,3264,4762,2581,5813,45616,32478,2445,6,4550,0,0,9,4
2021-02-15T23:59:59+01:00,2,1,1023,712,1700,2134,1635,3246,1886,4760,2495,4017,1566,1616,5098,7373,4115,8601,1,1,211,272,684,1275,836,2044,1056,3181,1433,2688,914,1075,2835,4203,2242,5234,45489,30176,2359,5,4123,0,0,9,4
2021-02-14T23:59:59+01:00,2,1,929,678,1624,2101,1573,3227,1843,4738,2460,4004,1559,1614,5089,7361,4112,8595,1,1,204,261,675,1257,818,2004,1040,3115,1402,2620,884,1029,2743,4062,2163,5035,45444,29307,2324,4,3734,0,0,8,3
2021-02-13T23:59:59+01:00,2,1,877,654,1594,2078,1558,3218,1827,4731,2452,4003,1558,1613,5089,7360,4111,8594,1,1,202,260,673,1256,818,2000,1040,3113,1401,2617,883,1028,2639,3936,2097,4934,45437,28893,2324,3,3551,0,0,8,3
2021-02-12T23:59:59+01:00,2,1,550,508,1246,1961,1387,3115,1686,4649,2345,3933,1539,1605,5079,7349,4101,8584,1,1,190,254,658,1229,804,1956,1013,3027,1346,2517,821,953,2411,3618,1949,4610,45315,27353,2323,2,1994,0,0,8,3
2021-02-11T23:59:59+01:00,2,1,389,434,1057,1847,1284,2997,1588,4534,2256,3843,1431,1561,5016,7296,4078,8534,1,1,154,192,558,985,668,1510,813,2356,1067,1922,578,698,1792,2730,1437,3327,44957,20787,2117,1,1066,0,0,8,1
2021-02-10T23:59:59+01:00,2,1,276,365,930,1741,1182,2875,1493,4349,2142,3721,1392,1548,4995,7285,4074,8532,1,1,133,129,388,625,495,1021,644,1745,899,1588,557,682,1386,2170,1120,2825,44881,16408,2008,0,7,0,0,7,1
2021-02-09T23:59:59+01:00,2,1,276,364,929,1735,1179,2864,1493,4343,2141,3716,1384,1545,4993,7283,4073,8530,1,1,130,127,379,592,476,994,622,1716,874,1557,555,679,1001,1701,840,2417,44855,14662,1984,0,5,0,0,7,0
2021-02-08T23:59:59+01:00,2,1,276,362,928,1733,1176,2854,1486,4338,2139,3712,1379,1541,4991,7283,4072,8527,1,1,125,121,368,579,468,974,610,1683,856,1531,547,674,606,1210,534,1989,44827,12877,1961,0,5,0,0,7,0
2021-02-07T23:59:59+01:00,2,1,276,362,925,1733,1175,2854,1484,4336,2139,3712,1379,1541,4991,7282,4071,8527,1,1,121,118,363,575,467,967,606,1671,846,1515,539,671,605,1200,529,1974,44823,12769,1960,0,0,0,0,7,0
2021-02-06T23:59:59+01:00,2,1,276,362,925,1733,1175,2854,1484,4336,2139,3712,1379,1541,4991,7282,4071,8527,1,1,118,115,361,571,466,965,606,1669,846,1514,538,670,605,1200,529,1974,44823,12749,1960,0,0,0,0,7,0
2021-02-05T23:59:59+01:00,2,1,275,361,923,1733,1175,2853,1482,4335,2138,3712,1379,1541,4990,7280,4071,8524,1,1,117,106,358,566,458,952,602,1659,833,1491,533,660,599,1184,519,1948,44808,12587,1960,0,0,0,0,7,0
2021-02-04T23:59:59+01:00,2,1,271,356,917,1694,1167,2806,1482,4283,2127,3669,1371,1534,4961,7248,4059,8490,1,0,89,71,240,393,332,694,473,1265,623,1122,403,522,504,968,454,1681,44472,9835,1959,0,0,0,0,7,0
2021-02-03T23:59:59+01:00,2,1,269,346,913,1668,1163,2771,1471,4234,2118,3633,1363,1518,4936,7218,4045,8460,1,0,55,34,86,168,153,347,230,597,300,547,213,279,290,604,265,1048,44164,5217,1958,0,0,0,0,7,0
2021-02-02T23:59:59+01:00,2,1,268,344,912,1656,1159,2752,1468,4202,2111,3607,1355,1512,4928,7204,4036,8434,1,0,16,10,29,53,61,101,73,165,96,125,46,76,70,133,57,209,43986,1321,1958,0,0,0,0,7,0
2021-02-01T23:59:59+01:00,2,1,268,339,912,1653,1158,2751,1467,4198,2110,3600,1353,1511,4926,7203,4036,8434,1,0,13,9,25,46,51,92,60,140,74,106,40,68,62,124,55,196,43957,1162,1958,0,0,0,0,7,0
2021-01-31T23:59:59+01:00,2,1,268,338,912,1649,1157,2746,1467,4193,2110,3597,1352,1511,4925,7202,4036,8433,1,0,12,8,22,41,44,84,54,129,64,100,35,57,53,114,52,188,43936,1058,1956,0,0,0,0,7,0
2021-01-30T23:59:59+01:00,2,1,268,338,907,1646,1149,2738,1459,4187,2106,3594,1352,1511,4872,7142,3989,8375,1,0,12,8,22,39,44,84,53,128,64,100,35,57,53,114,52,188,43707,1054,1922,0,0,0,0,7,0
2021-01-29T23:59:59+01:00,2,1,267,336,892,1638,1137,2717,1447,4157,2082,3567,1343,1505,4707,6940,3821,8166,1,0,10,8,22,39,41,84,52,126,61,99,33,52,52,114,52,188,42908,1034,1810,0,0,0,0,7,0
2021-01-28T23:59:59+01:00,2,1,263,323,872,1552,1098,2607,1410,4055,2012,3492,1317,1492,4370,6468,3544,7807,1,0,7,4,10,19,22,42,21,58,36,66,20,34,36,74,40,126,41113,616,1565,0,0,0,0,7,0
2021-01-27T23:59:59+01:00,2,1,257,320,830,1497,1051,2513,1346,3957,1938,3384,1277,1465,3957,5895,3215,7334,1,0,3,4,10,9,11,21,8,23,15,32,12,15,18,42,17,63,39120,304,1112,0,0,0,0,7,0
2021-01-26T23:59:59+01:00,2,1,250,311,793,1450,984,2428,1285,3830,1822,3277,1216,1413,3606,5336,2858,6811,1,0,1,1,6,4,4,7,4,3,4,10,7,5,5,7,4,8,37003,81,665,0,0,0,0,5,0
2021-01-25T23:59:59+01:00,2,1,240,302,742,1389,923,2309,1183,3685,1663,3155,1136,1381,3207,4821,2541,6336,1,0,1,1,6,3,2,7,2,2,3,10,7,5,5,7,4,8,34949,74,63,0,0,0,0,4,0
2021-01-24T23:59:59+01:00,2,1,237,302,736,1385,912,2293,1178,3669,1635,3125,1130,1378,3180,4785,2524,6314,1,0,1,1,4,3,2,7,2,2,3,10,7,5,5,7,4,8,34774,72,9,0,0,0,0,3,0
2021-01-23T23:59:59+01:00,2,1,236,301,735,1384,912,2289,1177,3667,1632,3123,1129,1378,3074,4659,2457,6212,1,0,1,1,4,3,2,7,2,2,3,10,7,5,5,7,4,8,34357,72,8,0,0,0,0,3,0
2021-01-22T23:59:59+01:00,2,1,235,298,732,1368,910,2276,1171,3651,1628,3119,1127,1377,2912,4464,2354,6067,1,0,1,1,4,3,2,7,2,2,3,10,7,5,5,7,4,8,33681,72,8,0,0,0,0,3,0
2021-01-21T23:59:59+01:00,2,1,230,270,667,1212,843,2064,1090,3366,1532,2914,1084,1334,2564,3999,2059,5624,1,0,1,0,3,2,2,7,2,2,3,10,7,4,5,7,4,8,30846,68,8,0,0,0,0,1,0
2021-01-20T23:59:59+01:00,2,1,206,206,508,860,668,1573,889,2666,1295,2448,986,1199,2023,3246,1635,4813,1,0,1,0,3,2,2,7,2,2,3,8,6,4,5,7,4,8,25216,65,8,0,0,0,0,0,0
2021-01-19T23:59:59+01:00,2,1,181,189,460,749,613,1418,803,2369,1119,2140,818,939,1368,2303,1149,3681,0,0,0,0,2,1,0,0,0,0,2,2,1,0,0,0,0,0,20298,8,4,0,0,0,0,0,0
2021-01-18T23:59:59+01:00,1,1,137,134,384,625,490,1062,647,1824,929,1645,606,729,694,1353,604,2249,0,0,0,0,1,0,0,0,0,0,1,0,0,0,0,0,0,0,14110,2,4,0,0,0,0,0,0
2021-01-17T23:59:59+01:00,1,1,126,119,369,589,475,997,618,1707,870,1546,557,688,643,1250,558,2084,0,0,0,0,0,0,0,0,0,0,0,0,0,0,0,0,0,0,13197,0,1,0,0,0,0,0,0
2021-01-16T23:59:59+01:00,1,1,119,115,366,585,473,985,612,1694,864,1539,556,687,642,1244,553,2070,0,0,0,0,0,0,0,0,0,0,0,0,0,0,0,0,0,0,13105,0,1,0,0,0,0,0,0
2021-01-15T23:59:59+01:00,1,1,117,108,363,578,465,969,608,1683,850,1515,550,674,634,1227,545,2044,0,0,0,0,0,0,0,0,0,0,0,0,0,0,0,0,0,0,12932,0,0,0,0,0,0,0,0
2021-01-14T23:59:59+01:00,1,1,97,87,280,469,393,790,504,1412,693,1226,432,541,551,1028,482,1843,0,0,0,0,0,0,0,0,0,0,0,0,0,0,0,0,0,0,10830,0,0,0,0,0,0,0,0
2021-01-13T23:59:59+01:00,1,1,67,47,168,286,258,523,353,924,473,789,265,328,335,678,311,1172,0,0,0,0,0,0,0,0,0,0,0,0,0,0,0,0,0,0,6979,0,0,0,0,0,0,0,0
2021-01-12T23:59:59+01:00,1,1,31,20,54,105,115,216,151,384,196,337,138,180,176,376,180,653,0,0,0,0,0,0,0,0,0,0,0,0,0,0,0,0,0,0,3314,0,0,0,0,0,0,0,0
2021-01-11T23:59:59+01:00,1,0,17,10,38,67,63,114,78,171,90,128,40,67,66,130,55,200,0,0,0,0,0,0,0,0,0,0,0,0,0,0,0,0,0,0,1335,0,0,0,0,0,0,0,0
2021-01-10T23:59:59+01:00,1,0,14,7,31,56,56,102,68,156,74,114,34,57,56,119,50,190,0,0,0,0,0,0,0,0,0,0,0,0,0,0,0,0,0,0,1185,0,0,0,0,0,0,0,0
2021-01-09T23:59:59+01:00,1,0,13,7,30,54,55,101,65,155,74,112,34,57,56,119,50,190,0,0,0,0,0,0,0,0,0,0,0,0,0,0,0,0,0,0,1173,0,0,0,0,0,0,0,0
2021-01-08T23:59:59+01:00,1,0,10,7,28,51,50,96,60,142,68,108,32,52,55,119,50,190,0,0,0,0,0,0,0,0,0,0,0,0,0,0,0,0,0,0,1119,0,0,0,0,0,0,0,0
2021-01-07T23:59:59+01:00,1,0,7,4,10,21,22,43,23,57,37,68,19,35,40,79,39,126,0,0,0,0,0,0,0,0,0,0,0,0,0,0,0,0,0,0,631,0,0,0,0,0,0,0,0
2021-01-06T23:59:59+01:00,1,0,7,4,10,17,14,30,15,40,26,56,16,25,33,69,37,110,0,0,0,0,0,0,0,0,0,0,0,0,0,0,0,0,0,0,510,0,0,0,0,0,0,0,0
2021-01-05T23:59:59+01:00,1,0,7,4,10,17,14,30,15,40,26,56,16,25,32,69,37,110,0,0,0,0,0,0,0,0,0,0,0,0,0,0,0,0,0,0,509,0,0,0,0,0,0,0,0
2021-01-04T23:59:59+01:00,1,0,2,4,9,7,4,14,4,8,6,19,7,5,9,16,5,15,0,0,0,0,0,0,0,0,0,0,0,0,0,0,0,0,0,0,135,0,0,0,0,0,0,0,0
2021-01-03T23:59:59+01:00,1,0,1,1,4,4,2,7,3,3,3,11,5,4,6,8,4,9,0,0,0,0,0,0,0,0,0,0,0,0,0,0,0,0,0,0,76,0,0,0,0,0,0,0,0
2021-01-02T23:59:59+01:00,1,0,1,1,4,3,2,7,3,3,3,11,5,4,6,8,4,9,0,0,0,0,0,0,0,0,0,0,0,0,0,0,0,0,0,0,75,0,0,0,0,0,0,0,0
2021-01-01T23:59:59+01:00,1,0,1,1,4,3,2,7,2,3,3,11,5,4,6,8,4,9,0,0,0,0,0,0,0,0,0,0,0,0,0,0,0,0,0,0,74,0,0,0,0,0,0,0,0
2020-12-31T23:59:59+01:00,1,0,1,1,4,2,2,7,2,2,3,10,5,4,6,8,4,9,0,0,0,0,0,0,0,0,0,0,0,0,0,0,0,0,0,0,71,0,0,0,0,0,0,0,0
2020-12-30T23:59:59+01:00,1,0,1,1,4,2,2,7,2,2,3,8,5,4,6,8,4,9,0,0,0,0,0,0,0,0,0,0,0,0,0,0,0,0,0,0,69,0,0,0,0,0,0,0,0
2020-12-29T23:59:59+01:00,1,0,1,1,3,1,2,6,2,2,3,7,3,2,5,8,3,8,0,0,0,0,0,0,0,0,0,0,0,0,0,0,0,0,0,0,58,0,0,0,0,0,0,0,0
2020-12-28T23:59:59+01:00,1,0,0,0,3,1,0,2,1,0,1,3,0,1,0,1,1,5,0,0,0,0,0,0,0,0,0,0,0,0,0,0,0,0,0,0,20,0,0,0,0,0,0,0,0
2020-12-27T23:59:59+01:00,0,0,0,0,0,0,0,1,1,0,1,2,0,1,0,1,1,5,0,0,0,0,0,0,0,0,0,0,0,0,0,0,0,0,0,0,13,0,0,0,0,0,0,0,0
