Datum,<15_m,<15_w,15-24_1_m,15-24_1_w,25-34_1_m,25-34_1_w,35-44_1_m,35-44_1_w,45-54_1_m,45-54_1_w,55-64_1_m,55-64_1_w,65-74_1_m,65-74_1_w,75-84_1_m,75-84_1_w,>84_1_m,>84_1_w,<24_2_m,<24_2_w,25-34_2_m,25-34_2_w,35-44_2_m,35-44_2_w,45-54_2_m,45-54_2_w,55-64_2_m,55-64_2_w,65-74_2_m,65-74_2_w,75-84_2_m,75-84_2_w,>84_2_m,>84_2_w,bp_1,bp_2,mo_1,mo_2,az_1,az_2,ja,unb_1,unb_2
2021-08-22T23:59:59+02:00,3810,3577,38485,36887,52607,45286,57548,53908,69860,68429,84971,83392,59352,63460,38763,49958,11983,21406,34256,32979,48868,41501,54107,49995,65962,63904,80821,79187,57102,60892,37457,48162,11582,20642,625842,585055,78948,75386,109516,103227,29338,38,45
2021-08-21T23:59:59+02:00,3810,3575,38474,36882,52601,45278,57539,53905,69852,68421,84968,83388,59348,63459,38763,49958,11983,21406,34244,32974,48862,41493,54097,49992,65956,63897,80818,79184,57099,60892,37457,48162,11582,20642,625828,585046,78947,75385,109515,103227,29282,38,45
2021-08-20T23:59:59+02:00,3792,3544,38407,36817,52524,45216,57470,53851,69783,68370,84915,83351,59334,63444,38760,49955,11983,21401,34146,32874,48755,41429,54015,49925,65869,63833,80753,79137,57082,60872,37451,48158,11581,20639,625495,584547,78945,75382,109515,103224,28924,38,45
2021-08-19T23:59:59+02:00,3764,3511,38242,36676,52368,45080,57351,53752,69657,68253,84818,83274,59305,63403,38745,49939,11979,21389,33800,32620,48473,41190,53801,49733,65663,63651,80580,79003,57027,60800,37406,48123,11576,20628,624626,582661,78943,75288,109514,103212,28385,38,45
2021-08-18T23:59:59+02:00,3713,3462,38058,36520,52250,44960,57257,53646,69548,68159,84743,83212,59266,63360,38730,49919,11977,21382,33420,32210,48177,40934,53553,49458,65447,63444,80400,78844,56946,60714,37370,48081,11573,20618,623640,580120,78940,75163,109512,103205,28032,38,45
2021-08-17T23:59:59+02:00,3654,3414,37899,36365,52137,44840,57177,53550,69454,68074,84671,83150,59231,63329,38717,49896,11974,21374,33029,31771,47855,40628,53261,49171,65198,63205,80201,78639,56839,60604,37330,48032,11561,20607,622704,577037,78940,75147,109507,103184,27717,38,45
2021-08-16T23:59:59+02:00,3600,3364,37755,36221,52044,44743,57104,53480,69386,68007,84621,83104,59210,63300,38703,49880,11968,21366,32467,31215,47466,40216,52882,48792,64894,62942,79985,78446,56763,60492,37298,47979,11553,20586,621815,573054,78936,75112,109507,103165,27560,38,45
2021-08-15T23:59:59+02:00,3590,3355,37723,36196,52013,44724,57078,53447,69369,67991,84610,83093,59199,63296,38700,49871,11968,21364,32391,31118,47398,40152,52819,48732,64850,62901,79944,78419,56745,60472,37290,47966,11552,20583,621628,572505,78936,75081,109506,103154,27479,38,45
2021-08-14T23:59:59+02:00,3585,3351,37715,36189,52008,44720,57071,53441,69365,67988,84603,83089,59192,63291,38699,49869,11968,21364,32385,31112,47392,40149,52809,48724,64847,62899,79938,78417,56740,60467,37289,47964,11552,20583,621596,572483,78933,75081,109506,103154,27435,38,45
2021-08-13T23:59:59+02:00,3568,3338,37647,36148,51949,44671,57007,53392,69295,67947,84539,83053,59170,63279,38688,49855,11965,21358,32249,30999,47265,40050,52693,48626,64745,62820,79850,78367,56717,60447,37276,47954,11550,20578,621296,571693,78933,75079,109506,103154,27096,38,45
2021-08-12T23:59:59+02:00,3529,3311,37521,36027,51858,44581,56939,53309,69199,67874,84466,82988,59143,63255,38674,49843,11965,21355,31723,30516,46878,39704,52310,48280,64419,62591,79636,78160,56628,60360,37234,47913,11545,20562,620581,568250,78933,75050,109504,103047,26781,38,45
2021-08-11T23:59:59+02:00,3487,3269,37373,35884,51749,44477,56823,53191,69104,67786,84383,82911,59103,63217,38653,49827,11961,21351,31084,29902,46370,39318,51884,47844,64117,62314,79425,77958,56534,60254,37198,47841,11532,20544,619703,564226,78928,75026,109502,102959,26378,38,45
2021-08-10T23:59:59+02:00,3440,3223,37215,35735,51635,44357,56720,53082,69039,67717,84319,82855,59079,63181,38635,49814,11953,21346,30194,28925,45644,38617,51224,47240,63731,61956,79178,77717,56429,60150,37153,47772,11524,20532,618766,558044,78926,75024,109499,102956,26117,37,45
2021-08-09T23:59:59+02:00,3404,3194,37121,35627,51562,44288,56662,53042,69009,67674,84289,82824,59064,63167,38623,49795,11952,21344,29486,28181,44981,38045,50652,46664,63361,61600,78900,77470,56310,60054,37110,47717,11517,20518,618187,553964,78924,73577,109499,102931,25994,37,45
2021-08-08T23:59:59+02:00,3395,3181,37095,35611,51538,44264,56644,53032,68991,67656,84269,82809,59061,63162,38618,49788,11951,21343,29358,28039,44834,37949,50558,46584,63307,61543,78852,77431,56274,60036,37100,47706,11517,20515,618016,553042,78923,73569,109498,102899,25934,37,45
2021-08-07T23:59:59+02:00,3395,3181,37091,35605,51528,44263,56642,53032,68987,67653,84268,82807,59060,63162,38618,49788,11951,21343,29347,28033,44822,37944,50557,46580,63304,61538,78849,77428,56273,60035,37100,47706,11517,20515,618006,553013,78922,73565,109498,102899,25911,37,45
2021-08-06T23:59:59+02:00,3384,3168,37026,35549,51452,44201,56578,52990,68945,67622,84236,82778,59047,63143,38607,49782,11948,21341,29109,27808,44619,37759,50376,46440,63169,61424,78751,77360,56248,60010,37085,47696,11514,20512,617735,551575,78919,73559,109498,102898,25608,37,45
2021-08-05T23:59:59+02:00,3351,3128,36874,35415,51337,44070,56462,52873,68833,67509,84111,82705,59006,63090,38584,49762,11939,21331,28414,27192,44037,37279,49825,45987,62812,61128,78458,77140,56139,59915,37047,47644,11506,20497,616949,547279,78917,73550,109498,102722,24979,37,45
2021-08-04T23:59:59+02:00,3292,3065,36676,35246,51191,43925,56323,52760,68712,67386,83998,82596,58940,63032,38567,49733,11935,21321,27268,26071,43079,36404,48863,45086,62221,60524,77964,76703,55930,59737,36989,47555,11493,20477,615885,538946,78907,73511,109498,102668,24371,37,45
2021-08-03T23:59:59+02:00,3218,3007,36459,35048,51044,43790,56202,52640,68584,67273,83911,82527,58898,62989,38549,49703,11927,21307,26193,24962,42156,35513,47964,44204,61686,59998,77519,76297,55764,59550,36930,47469,11475,20446,614553,530653,78899,73465,109496,102642,24091,37,45
2021-08-02T23:59:59+02:00,3174,2953,36315,34899,50937,43682,56110,52543,68500,67185,83828,82453,58860,62942,38535,49684,11919,21295,25295,23961,41316,34777,47234,43467,61204,59533,77137,75954,55602,59402,36880,47392,11458,20425,613599,523712,78898,73411,109495,102500,23785,37,45
2021-08-01T23:59:59+02:00,3169,2948,36300,34877,50913,43664,56092,52519,68471,67172,83814,82441,58854,62937,38534,49680,11919,21295,25035,23713,41074,34577,47004,43272,61063,59397,77021,75859,55566,59373,36865,47379,11454,20421,613464,521858,78894,73370,109494,102434,23710,37,45
2021-07-31T23:59:59+02:00,3168,2947,36294,34876,50912,43663,56090,52518,68469,67171,83814,82440,58854,62937,38534,49680,11919,21295,25028,23700,41064,34570,46998,43266,61054,59395,77019,75858,55566,59370,36865,47379,11454,20420,613450,521792,78893,73369,109494,102434,23707,37,45
2021-07-30T23:59:59+02:00,3152,2933,36236,34812,50841,43612,56031,52460,68414,67130,83777,82400,58842,62923,38530,49673,11916,21292,24710,23391,40790,34358,46743,43071,60869,59265,76871,75744,55536,59331,36851,47367,11454,20420,613163,519868,78889,73367,109491,102327,23394,37,45
2021-07-29T23:59:59+02:00,3129,2905,36098,34690,50714,43490,55940,52363,68344,67066,83707,82349,58816,62905,38519,49664,11916,21291,23756,22402,39916,33614,45846,42291,60326,58827,76514,75443,55416,59193,36813,47313,11447,20409,612299,512837,78869,73242,109491,102160,23210,37,45
2021-07-28T23:59:59+02:00,3080,2850,35861,34456,50495,43320,55747,52217,68206,66929,83592,82251,58763,62858,38497,49628,11906,21283,22543,21155,38598,32519,44540,41123,59532,58169,76010,74987,55222,59006,36745,47210,11433,20384,610945,503065,78865,73077,109491,102003,22601,37,45
2021-07-27T23:59:59+02:00,3056,2831,35754,34340,50414,43238,55673,52165,68144,66861,83531,82180,58724,62816,38485,49613,11905,21274,21304,19763,37174,31186,43175,39824,58909,57577,75590,74578,55060,58831,36687,47156,11421,20361,610228,492664,78850,72901,109491,101889,22398,37,45
2021-07-26T23:59:59+02:00,3037,2812,35692,34247,50358,43185,55632,52117,68099,66824,83496,82155,58710,62801,38473,49601,11904,21272,20282,18664,35922,30073,41909,38676,58411,57178,75306,74327,54963,58731,36666,47121,11415,20347,609712,484430,78845,72572,109491,101728,22330,37,45
2021-07-25T23:59:59+02:00,3026,2807,35640,34207,50317,43141,55606,52094,68076,66800,83467,82132,58697,62794,38470,49598,11901,21266,19883,18305,35511,29748,41507,38372,58218,57026,75149,74225,54920,58693,36645,47101,11411,20343,609425,481730,78840,72312,109491,101700,22246,37,45
2021-07-24T23:59:59+02:00,3026,2807,35636,34203,50315,43138,55604,52093,68074,66800,83465,82131,58697,62794,38469,49598,11901,21266,19878,18295,35503,29740,41501,38371,58215,57024,75145,74223,54920,58693,36644,47101,11411,20343,609416,481694,78839,72312,109491,101698,22234,37,45
2021-07-23T23:59:59+02:00,3001,2782,35485,34087,50168,43039,55488,51989,67978,66708,83375,82081,58666,62765,38459,49593,11896,21263,19641,18075,35244,29566,41230,38190,58051,56896,75009,74147,54881,58670,36632,47091,11405,20337,608796,480577,78839,72021,109491,101696,21660,37,45
2021-07-22T23:59:59+02:00,2951,2697,35050,33721,49860,42802,55227,51764,67751,66529,83200,81930,58581,62672,38424,49548,11885,21245,18856,17414,34150,28834,40110,37365,57319,56431,74458,73778,54704,58492,36568,47007,11384,20311,606664,475076,78824,70597,109487,101479,20825,37,45
2021-07-21T23:59:59+02:00,2896,2639,34741,33393,49623,42594,55040,51579,67561,66345,83073,81805,58516,62620,38393,49509,11874,21235,18034,16582,32844,27844,38849,36407,56630,55872,74013,73416,54558,58317,36503,46923,11372,20278,604854,469189,78773,68415,109486,101268,20286,37,45
2021-07-20T23:59:59+02:00,2820,2576,34385,33014,49344,42363,54869,51385,67382,66190,82936,81687,58454,62567,38365,49464,11873,21220,16884,15461,31134,26444,37123,34955,55832,55227,73473,72972,54392,58128,36453,46839,11355,20240,602785,460034,78737,66676,109485,100932,19850,37,45
2021-07-19T23:59:59+02:00,2736,2506,33827,32453,49032,42054,54596,51121,67187,65977,82765,81521,58387,62486,38320,49412,11866,21205,16234,14889,30196,25767,36269,34242,55395,54806,73147,72735,54306,58042,36416,46789,11350,20219,599591,456368,78679,64511,109484,100763,19660,37,45
2021-07-18T23:59:59+02:00,2708,2488,33728,32340,48943,41998,54540,51064,67128,65927,82723,81479,58359,62460,38309,49400,11864,21198,15917,14625,29625,25388,35776,33895,55140,54644,73002,72634,54264,58004,36408,46774,11349,20215,598991,454931,78665,62977,109483,100735,19480,37,45
2021-07-17T23:59:59+02:00,2708,2488,33726,32338,48939,41997,54539,51062,67128,65926,82723,81479,58359,62459,38309,49400,11864,21198,15912,14619,29616,25373,35771,33891,55136,54643,73002,72634,54264,58004,36408,46774,11349,20215,598981,454887,78662,62973,109483,100735,19479,37,45
2021-07-16T23:59:59+02:00,2650,2423,33117,31817,48447,41651,54147,50727,66748,65606,82411,81247,58240,62347,38259,49351,11860,21191,15497,14295,29127,25004,35328,33560,54800,54391,72743,72442,54152,57917,36373,46736,11346,20211,596769,453505,78658,62844,109482,100726,17293,37,45
2021-07-15T23:59:59+02:00,2517,2291,32256,31039,47823,41082,53575,50250,66324,65263,82159,81008,58150,62251,38225,49308,11852,21172,14663,13629,27810,24178,34028,32752,54125,53994,72334,72222,54059,57823,36344,46702,11339,20196,591766,449348,78647,60481,109481,100146,16614,37,45
2021-07-14T23:59:59+02:00,2411,2205,31710,30514,47337,40649,53158,49855,66000,64986,81925,80761,58047,62156,38193,49258,11842,21159,13422,12490,25817,22730,32128,31231,53378,53411,71829,71884,53923,57698,36303,46641,11329,20181,587933,440246,78630,58557,109480,99812,16086,37,44
2021-07-13T23:59:59+02:00,2354,2135,31441,30247,47067,40425,52911,49631,65799,64800,81759,80612,57983,62080,38167,49222,11832,21146,12437,11644,24093,21423,30189,29650,52190,52246,71014,71097,53678,57422,36217,46526,11312,20154,585790,433554,78615,55638,109472,96664,15697,37,43
2021-07-12T23:59:59+02:00,2128,1928,30579,29318,46416,39892,52342,49063,65410,64411,81485,80341,57851,61954,38125,49164,11822,21125,11690,11019,22706,20443,28452,28275,51236,51390,70275,70480,53422,57144,36153,46410,11299,20123,579570,425467,78598,53085,109472,96511,15677,37,43
2021-07-11T23:59:59+02:00,2083,1890,30458,29208,46351,39821,52291,49002,65352,64357,81424,80298,57831,61934,38119,49147,11817,21120,11524,10871,22432,20259,28090,28004,51035,51245,70105,70337,53369,57063,36131,46393,11290,20116,578752,423406,78593,53043,109470,96378,15651,37,42
2021-07-10T23:59:59+02:00,2083,1888,30453,29201,46349,39816,52287,49001,65349,64356,81423,80296,57831,61932,38118,49147,11817,21120,11512,10853,22420,20246,28075,27992,51029,51241,70102,70334,53369,57063,36130,46393,11290,20116,578722,423325,78593,53041,109470,96368,15645,37,42
2021-07-09T23:59:59+02:00,2038,1850,30221,28965,46132,39637,52104,48830,65188,64245,81319,80217,57801,61903,38102,49132,11812,21118,11131,10581,21779,19810,27410,27442,50320,50675,69521,69925,53268,56975,36107,46359,11285,20105,577523,422254,78588,52727,109465,92918,15001,37,42
2021-07-08T23:59:59+02:00,1901,1722,29557,28431,45533,39133,51549,48363,64788,63937,81021,79982,57709,61813,38071,49082,11807,21104,9949,9471,19833,18178,24953,25461,49286,49877,68896,69389,53043,56762,36032,46273,11270,20079,573281,411736,78568,50296,109448,92692,14169,37,42
2021-07-07T23:59:59+02:00,1688,1526,28451,27222,44497,38173,50451,47372,64132,63301,80484,79499,57506,61583,38005,48998,11793,21064,9418,8994,18750,17346,23561,24261,48464,49232,68353,68902,52842,56522,35956,46175,11254,20040,564025,405402,78552,48685,109447,92405,13684,37,42
2021-07-06T23:59:59+02:00,1487,1368,27366,26175,43471,37255,49515,46436,63528,62738,80049,79092,57325,61401,37950,48904,11769,21036,8700,8249,17410,16343,21950,22979,47859,48781,67977,68636,52725,56407,35907,46138,11247,20024,555760,397942,78541,48258,109444,92109,13083,37,42
2021-07-05T23:59:59+02:00,1330,1244,26219,24922,42388,36256,48463,45371,62862,62161,79615,78690,57151,61211,37898,48829,11760,21014,8448,8025,16914,16030,21389,22596,47553,48557,67781,68486,52673,56334,35882,46119,11244,20019,546445,395368,78533,47944,109443,91852,12926,37,40
2021-07-04T23:59:59+02:00,1265,1180,25897,24593,42084,35997,48211,45187,62717,62026,79500,78596,57115,61171,37888,48810,11757,21011,8193,7870,16648,15837,21110,22399,47428,48459,67704,68412,52649,56309,35867,46114,11242,20018,544131,394353,78507,47283,109441,91767,12889,37,40
2021-07-03T23:59:59+02:00,1265,1179,25890,24583,42070,35990,48209,45187,62714,62025,79499,78595,57114,61171,37888,48810,11757,21011,8188,7862,16636,15827,21103,22392,47423,48458,67700,68411,52648,56309,35867,46114,11242,20018,544101,394319,78505,47282,109441,91757,12873,37,40
2021-07-02T23:59:59+02:00,1197,1122,25572,24228,41748,35709,47952,44933,62571,61880,79425,78525,57097,61149,37881,48798,11753,21006,8010,7710,16268,15559,20660,22085,46455,47680,67203,68062,52565,56217,35852,46096,11241,20015,541713,391832,78504,47279,109436,89740,12856,37,40
2021-07-01T23:59:59+02:00,1142,1072,25194,23865,41367,35360,47557,44582,62319,61644,79234,78353,57034,61087,37850,48757,11746,20996,7619,7376,15454,14780,19493,21055,44918,46195,65990,66984,52261,55913,35755,45977,11217,19988,538562,386014,78402,46455,109427,85793,12731,37,40
2021-06-30T23:59:59+02:00,1069,1008,24771,23416,40937,34987,47148,44207,62092,61442,79064,78204,56956,61010,37823,48707,11738,20976,7246,7017,14509,13976,18062,19850,41710,43465,64293,65541,51797,55415,35607,45784,11190,19939,535123,374003,78370,45763,109425,83040,12600,37,39
2021-06-29T23:59:59+02:00,977,900,24268,22881,40423,34568,46716,43792,61830,61163,78851,78025,56879,60946,37795,48664,11732,20957,6968,6711,13845,13483,16902,18931,37389,39776,62942,64288,51310,54915,35475,45606,11159,19896,531052,358714,78361,45553,109425,82831,12492,37,39
2021-06-28T23:59:59+02:00,948,867,23929,22488,39964,34186,46294,43423,61593,60908,78662,77870,56808,60878,37766,48634,11730,20942,6658,6391,13185,12982,15891,18095,33742,36730,61819,63256,50956,54521,35381,45458,11135,19858,529299,350042,76672,40863,109425,82680,12457,37,39
2021-06-27T23:59:59+02:00,934,854,23836,22396,39891,34123,46236,43364,61562,60871,78628,77841,56793,60866,37760,48627,11729,20937,6568,6316,12952,12841,15469,17857,32909,36085,61563,63057,50866,54451,35363,45435,11133,19854,528688,347141,76668,40601,109419,82523,12436,37,39
2021-06-26T23:59:59+02:00,933,854,23830,22390,39884,34120,46235,43363,61561,60870,78628,77841,56793,60866,37760,48627,11729,20937,6565,6309,12946,12828,15461,17850,32905,36084,61556,63055,50864,54445,35363,45435,11133,19853,528661,347076,76668,40600,109419,82522,12436,37,39
2021-06-25T23:59:59+02:00,910,828,23715,22277,39798,34034,46152,43292,61517,60823,78580,77820,56782,60852,37757,48624,11728,20935,6467,6196,12836,12694,15323,17689,32187,35425,61168,62733,50786,54361,35355,45414,11130,19852,527868,344067,76668,40588,109416,82506,12435,37,39
2021-06-24T23:59:59+02:00,843,770,23325,21852,39447,33724,45800,42989,61313,60628,78420,77683,56728,60797,37735,48594,11724,20926,6128,5898,12272,12230,14617,17006,28890,32709,58886,60881,50202,53764,35221,45207,11112,19804,524910,330268,76619,40325,109414,81892,12318,37,39
2021-06-23T23:59:59+02:00,738,676,22684,21190,38870,33136,45148,42281,60947,60238,78172,77433,56625,60664,37690,48542,11714,20907,5973,5707,11903,11884,14111,16478,25525,29951,57245,59359,49678,53227,35103,45033,11091,19761,519334,320848,76565,37389,109412,81459,12307,37,39
2021-06-22T23:59:59+02:00,677,612,22259,20748,38467,32720,44714,41818,60675,59953,77969,77194,56529,60556,37653,48470,11701,20885,5782,5571,11580,11623,13688,16104,21191,26426,55172,57660,49080,52625,34926,44818,11071,19717,515544,306508,76438,37335,109407,80988,12174,37,39
2021-06-21T23:59:59+02:00,641,571,22008,20512,38217,32492,44470,41543,60488,59743,77838,77055,56476,60475,37629,48430,11692,20869,5652,5461,11272,11427,13351,15844,19643,25196,54255,56893,46856,50171,34327,44100,11048,19658,513514,301197,76235,37268,109392,74687,11971,37,39
2021-06-20T23:59:59+02:00,612,551,21718,20216,37921,32217,44186,41288,60336,59574,77701,76908,56427,60432,37609,48413,11689,20862,5596,5417,11141,11340,13198,15717,19249,24872,53988,56712,45200,48188,33760,43466,11028,19638,511121,300576,76156,36517,109381,69422,11965,37,38
2021-06-19T23:59:59+02:00,610,551,21713,20204,37906,32213,44183,41284,60330,59570,77699,76905,56424,60431,37609,48412,11689,20862,5590,5408,11137,11337,13189,15711,19242,24864,53974,56700,45191,48178,33759,43466,11028,19638,511061,300493,76151,36514,109381,69410,11965,37,38
2021-06-18T23:59:59+02:00,596,537,21616,20093,37839,32159,44109,41199,60275,59525,77655,76863,56401,60410,37604,48399,11688,20861,5495,5242,10841,10801,12817,15130,18701,23847,53122,55397,44987,48015,33731,43418,11022,19626,510307,298922,76145,36513,109376,64763,11964,37,38
2021-06-17T23:59:59+02:00,510,445,20899,19374,37082,31524,43314,40444,59867,59160,77360,76610,56288,60283,37556,48331,11675,20837,5302,5029,10457,10246,12294,14357,17772,22487,51550,53455,43835,46665,33413,43022,10975,19543,504319,291608,76053,36385,109370,60599,11780,37,38
2021-06-16T23:59:59+02:00,403,367,20098,18418,36090,30591,42301,39474,59327,58679,76972,76298,56147,60132,37500,48244,11665,20814,5112,4875,9950,9925,11559,13861,16224,21188,47678,49913,42081,44661,32949,42452,10912,19417,496958,275467,75511,36186,109355,59416,11659,37,37
2021-06-15T23:59:59+02:00,293,264,19283,17562,35167,29734,41373,38588,58888,58239,76639,75975,56005,59967,37445,48175,11650,20781,4908,4750,9426,9665,10855,13390,14715,20001,43418,45832,40532,42820,32469,41832,10845,19289,489748,258319,75395,36151,109348,58748,11500,37,36
2021-06-14T23:59:59+02:00,189,173,18163,16321,33914,28459,39910,37177,58300,57676,76245,75635,55878,59826,37400,48105,11641,20766,4781,4656,9081,9456,10378,13072,13543,18994,40785,43285,39458,41671,32176,41431,10813,19204,479990,247163,74957,36125,109344,58016,11451,36,36
2021-06-13T23:59:59+02:00,148,134,17658,15916,33432,28054,39418,36793,58086,57493,76098,75534,55851,59787,37378,48083,11638,20757,4695,4607,8936,9383,10215,13004,12938,18540,40315,42891,39222,41449,32115,41346,10807,19190,476907,246200,74655,34701,109337,57400,11323,36,36
2021-06-12T23:59:59+02:00,148,134,17654,15898,33420,28045,39411,36789,58081,57490,76094,75532,55850,59785,37377,48083,11638,20757,4688,4602,8925,9378,10203,12997,12926,18527,40132,42744,39199,41434,32111,41344,10807,19189,476840,245765,74651,34701,109337,57389,11322,36,36
2021-06-11T23:59:59+02:00,146,134,17570,15839,33275,27976,39237,36735,57961,57453,76024,75507,55838,59780,37375,48081,11638,20756,4605,4409,8764,8815,10009,12277,12690,17454,39643,41445,39044,41303,32093,41309,10805,19188,476506,245273,74239,34699,109231,52539,11313,36,36
2021-06-10T23:59:59+02:00,132,114,16724,15120,31855,27060,37992,35822,57280,56994,75616,75237,55748,59688,37336,48037,11627,20738,4350,4215,8206,8321,9328,11519,11956,16390,36797,38407,38243,40502,31927,41127,10789,19158,472617,238223,71264,34567,108950,48163,10253,36,36
2021-06-09T23:59:59+02:00,110,88,15945,14413,30575,26156,36772,34935,56705,56606,75275,75010,55667,59583,37309,47993,11614,20717,4168,4062,7846,8132,8865,11300,11339,16012,31726,33555,36749,38978,31683,40859,10768,19109,467961,224348,68819,34444,108908,46581,9749,36,36
2021-06-08T23:59:59+02:00,83,70,15023,13539,29195,25063,35403,33924,56089,56202,74980,74799,55593,59511,37287,47963,11610,20707,4088,3998,7691,8016,8712,11186,11047,15806,28916,30751,35797,38048,31523,40663,10744,19076,463381,216903,65371,34387,108868,45358,9385,36,36
2021-06-07T23:59:59+02:00,75,57,14389,12950,27824,24253,34249,33144,55614,55947,74738,74695,55557,59474,37271,47953,11610,20703,3996,3925,7497,7891,8412,11054,10680,15562,24598,26383,34337,36519,31301,40396,10716,19048,460258,205161,62341,34322,108837,43773,9031,36,35
2021-06-06T23:59:59+02:00,74,54,14067,12759,27040,23833,33599,32725,55307,55784,74584,74630,55538,59451,37257,47944,11608,20702,3929,3889,7347,7846,8257,10971,10362,15361,21789,23524,33340,35450,31162,40242,10709,19033,459123,202380,60290,29123,108813,42987,8694,36,34
2021-06-05T23:59:59+02:00,74,52,14038,12732,26998,23791,33571,32706,55302,55775,74579,74625,55534,59446,37252,47942,11608,20702,3906,3874,7311,7825,8210,10954,10301,15319,20362,21975,32547,34573,31092,40160,10705,19026,459005,197416,60185,29118,108808,42886,8693,36,34
2021-06-04T23:59:59+02:00,68,48,13808,12469,26688,23476,33234,32395,55242,55694,74540,74605,55525,59441,37251,47940,11608,20701,3875,3846,7233,7746,8153,10875,10221,15197,20255,21857,32474,34518,31060,40123,10702,19023,457106,197335,60123,29106,108775,41997,8693,36,34
2021-06-03T23:59:59+02:00,50,43,13241,11980,25651,22789,32098,31644,54751,55362,74225,74412,55454,59364,37217,47910,11602,20685,3747,3754,6961,7576,7872,10703,9894,14960,18375,19999,30503,32219,30787,39793,10679,18975,452774,188768,58623,29087,108762,40635,8283,36,31
2021-06-02T23:59:59+02:00,37,31,12551,11225,24654,21887,30957,30688,54487,55098,74034,74273,55403,59286,37201,47889,11594,20678,3712,3734,6904,7521,7815,10655,9810,14869,17856,19451,28574,30049,30688,39649,10672,18964,446459,183240,58445,29086,108761,40300,8273,35,31
2021-06-01T23:59:59+02:00,23,16,11421,10336,22518,20450,28420,28794,53076,54034,73031,73493,55102,58969,37081,47719,11560,20619,3483,3561,6406,7215,7212,10234,8958,14268,15917,17643,24804,25811,30009,38772,10596,18811,436961,169299,53972,28949,108724,38460,6970,35,29
2021-05-31T23:59:59+02:00,18,12,10556,9669,20682,19279,26370,27287,51968,53185,72328,72946,54887,58711,37008,47619,11546,20583,3342,3410,6073,6970,6811,9935,8418,13912,14855,16666,23616,24442,29622,38284,10536,18717,430170,163566,49601,28912,108707,36969,6141,35,28
2021-05-30T23:59:59+02:00,16,9,10204,9321,19959,18782,25663,26706,51628,52903,72096,72750,54811,58632,36983,47592,11538,20575,3159,3218,5723,6704,6522,9692,8201,13708,14595,16395,23323,24125,29512,38177,10521,18689,427585,162741,49193,28855,108674,35966,4681,35,28
2021-05-29T23:59:59+02:00,16,9,10188,9309,19941,18755,25645,26680,51616,52899,72091,72740,54809,58627,36982,47592,11537,20575,3157,3210,5720,6700,6517,9690,8193,13700,14585,16390,23312,24117,29508,38172,10520,18688,427428,162671,49193,28853,108674,35953,4681,35,28
2021-05-28T23:59:59+02:00,16,9,10123,9213,19803,18586,25383,26451,51457,52723,71945,72610,54772,58577,36969,47572,11534,20562,3110,3134,5628,6560,6415,9490,8080,13427,14392,16113,23160,23963,29455,38109,10513,18679,425778,162286,49156,28852,108657,34390,4680,34,27
2021-05-27T23:59:59+02:00,16,9,8859,8011,17395,16768,22600,24300,50365,51909,71279,72119,54575,58360,36878,47478,11521,20534,2812,2800,4784,5937,5522,8709,7287,12441,13266,14921,22173,22930,29071,37658,10458,18592,413845,158475,48202,28588,108522,29905,2373,34,27
2021-05-26T23:59:59+02:00,15,9,8457,7593,16517,15964,21410,23289,49760,51363,70865,71735,54424,58197,36812,47403,11510,20504,2625,2627,4416,5603,5045,8202,6810,11792,12297,13943,21276,21900,28760,37215,10412,18507,408249,154634,47470,28500,108450,26652,1625,33,26
2021-05-25T23:59:59+02:00,15,9,7882,6993,15273,15079,19960,22116,49281,50964,70619,71552,54356,58115,36791,47378,11506,20495,2548,2524,4226,5473,4799,7975,6535,11483,11740,13413,19134,19743,28391,36683,10377,18458,401484,148984,47229,28487,108406,24780,1232,33,26
2021-05-24T23:59:59+02:00,15,9,7796,6892,15050,14952,19674,21936,49180,50845,70576,71513,54355,58110,36790,47377,11504,20492,2504,2462,4142,5307,4704,7731,6411,11199,11599,13172,19020,19630,28340,36636,10370,18447,400345,148832,47150,28444,108321,23163,1217,33,25
2021-05-23T23:59:59+02:00,14,9,7780,6879,15014,14936,19620,21908,49171,50843,70572,71507,54354,58108,36790,47376,11504,20492,2502,2458,4135,5302,4695,7727,6407,11186,11578,13150,18878,19433,28309,36597,10368,18445,400162,148346,47150,28442,108321,23154,1211,33,24
2021-05-22T23:59:59+02:00,14,9,7777,6871,15004,14924,19609,21901,49171,50841,70569,71507,54354,58107,36790,47376,11504,20492,2500,2451,4128,5296,4693,7727,6404,11183,11569,13147,18865,19427,28308,36597,10368,18445,400107,148309,47150,28442,108321,23130,1209,33,24
2021-05-21T23:59:59+02:00,14,8,7703,6774,14874,14789,19404,21741,48930,50607,70427,71401,54327,58081,36783,47369,11499,20486,2429,2366,4042,5155,4590,7513,6281,10886,11400,12858,18799,19363,28292,36567,10365,18443,398536,148059,47147,28442,108296,21624,1206,32,24
2021-05-20T23:59:59+02:00,14,8,7429,6479,14290,14266,18465,20869,46246,48255,69275,70428,53975,57720,36675,47229,11468,20457,2167,2203,3680,4789,4148,6961,5727,10055,10313,11760,17524,18076,27787,35968,10292,18296,387555,142818,46985,28153,107991,17768,989,28,24
2021-05-19T23:59:59+02:00,13,7,7189,6255,13627,13783,17195,19869,42262,44766,67786,69124,53520,57199,36513,47005,11432,20405,2091,2004,3516,4448,3902,6437,5282,9370,9324,10646,16050,16427,27094,35054,10166,18087,372777,135664,46414,28010,107761,15246,970,28,14
2021-05-18T23:59:59+02:00,13,5,6990,6078,13082,13353,16097,19011,37542,40744,66335,67801,52965,56660,36366,46783,11390,20348,2044,1876,3378,4259,3716,6123,4950,8888,8459,9775,14469,14693,26386,34204,10076,17915,356674,129043,46352,27447,107604,13808,905,28,14
2021-05-17T23:59:59+02:00,13,5,6855,5982,12759,13104,15602,18620,35359,38876,65497,67019,52694,56347,36287,46675,11376,20311,1974,1815,3190,4078,3496,5895,4627,8517,7681,9075,11212,10679,25475,33055,9993,17746,352945,123831,42082,21362,107524,12505,802,28,14
2021-05-16T23:59:59+02:00,13,5,6792,5898,12634,12950,15429,18451,34870,38406,65312,66851,52638,56287,36277,46650,11371,20306,1916,1718,3087,3955,3416,5793,4521,8373,7500,8889,9020,8084,24994,32373,9959,17689,351474,122694,41578,16016,107488,11996,573,27,14
2021-05-15T23:59:59+02:00,13,5,6787,5889,12628,12944,15425,18447,34865,38403,65310,66849,52638,56286,36277,46650,11371,20306,1915,1717,3084,3949,3411,5790,4516,8370,7498,8886,9018,8082,24993,32373,9959,17689,351432,122663,41578,16016,107486,11993,570,27,14
2021-05-14T23:59:59+02:00,13,5,6590,5791,12385,12882,15193,18355,33891,37613,64773,66440,52542,56199,36260,46617,11369,20301,1799,1629,2973,3879,3354,5682,4466,8223,7452,8758,9011,8077,24992,32373,9959,17688,348063,122609,41546,16012,107025,11128,559,26,13
2021-05-13T23:59:59+02:00,13,5,6340,5604,11975,12628,14626,17905,30363,34825,62296,64362,51912,55525,36123,46398,11357,20253,1756,1591,2916,3802,3322,5590,4423,8119,7370,8639,8973,8019,24972,32332,9954,17684,334070,122362,41323,15988,106595,10608,496,26,13
2021-05-12T23:59:59+02:00,13,5,6323,5580,11902,12565,14518,17797,29728,34249,61790,63910,51740,55352,36087,46353,11350,20240,1756,1588,2915,3802,3317,5590,4421,8118,7368,8633,8966,8016,24972,32330,9954,17683,331079,122340,41311,15978,106590,10607,496,26,13
2021-05-11T23:59:59+02:00,12,5,5998,5446,11459,12287,13971,17414,25465,30760,59407,61904,51079,54671,35898,46107,11329,20177,1714,1472,2812,3540,3195,5214,4282,7674,7214,8308,8882,7933,24943,32290,9951,17672,316136,122100,41258,15789,105601,8829,371,23,12
2021-05-10T23:59:59+02:00,12,5,5871,5373,11295,12172,13752,17246,21996,28001,58160,60788,50717,54319,35806,45984,11314,20146,1676,1376,2727,3310,3093,4883,4172,7184,7092,7870,8841,7873,24931,32269,9949,17668,306221,121956,41097,15640,105309,7004,307,23,12
2021-05-09T23:59:59+02:00,12,5,5794,5341,11207,12109,13652,17165,20395,26819,57695,60404,50615,54221,35780,45943,11307,20141,1659,1354,2670,3185,3042,4742,4127,7064,7035,7773,8829,7860,24924,32263,9948,17668,305655,121900,37526,15595,105107,6347,294,23,12
2021-05-08T23:59:59+02:00,12,5,5791,5338,11195,12105,13642,17156,20387,26813,57686,60398,50612,54213,35776,45940,11305,20138,1658,1354,2670,3183,3042,4742,4124,7061,7034,7772,8828,7860,24923,32261,9948,17668,305564,121885,37525,15595,105106,6347,294,23,12
2021-05-07T23:59:59+02:00,12,5,5751,5303,11130,12055,13535,17078,19931,26455,56687,59589,50482,54082,35746,45910,11302,20124,1554,1310,2590,3138,3001,4714,4090,7037,7011,7740,8821,7852,24921,32260,9948,17667,302396,121852,37509,15588,104961,5918,289,22,12
2021-05-06T23:59:59+02:00,12,5,5496,5190,10616,11746,12828,16625,18633,25467,52425,55930,49286,52702,35415,45509,11250,20021,1329,1178,2353,2966,2831,4548,3938,6838,6859,7589,8746,7773,24900,32224,9945,17660,287250,121581,37323,15449,104404,4480,160,19,12
2021-05-05T23:59:59+02:00,12,5,5236,5091,10123,11511,12073,16173,17300,24486,48055,51787,47616,50781,34978,44940,11175,19901,1283,1083,2291,2839,2748,4368,3844,6599,6751,7390,8633,7680,24839,32150,9939,17644,270065,121105,37097,15404,104016,3519,46,19,12
2021-05-04T23:59:59+02:00,12,5,5153,5006,9806,11298,11620,15783,16325,23618,46182,49753,46548,49473,34606,44452,11109,19792,1271,1064,2262,2798,2707,4282,3792,6491,6679,7314,8591,7640,24819,32134,9938,17639,259691,120887,37073,15343,103735,3161,23,19,12
2021-05-03T23:59:59+02:00,12,5,5050,4919,9457,11130,11157,15520,15262,22753,44609,48132,45667,48518,34386,44114,11081,19703,1256,1038,2230,2767,2665,4218,3744,6437,6604,7260,8022,6951,23079,29807,9800,17402,250668,115077,37064,15261,103709,2920,15,19,12
2021-05-02T23:59:59+02:00,12,5,4988,4900,9343,11094,11013,15459,14650,22264,44089,47722,45526,48352,34339,44053,11075,19692,1252,1033,2213,2764,2652,4210,3716,6424,6584,7246,7833,6707,21110,27399,9753,17314,249460,115057,35432,10258,103655,2878,10,19,12
2021-05-01T23:59:59+02:00,12,5,4988,4898,9338,11090,11010,15456,14646,22260,44087,47718,45525,48352,34339,44053,11075,19692,1251,1033,2213,2764,2652,4210,3715,6424,6582,7246,7833,6706,21110,27399,9753,17314,249430,115053,35432,10258,103653,2877,10,19,12
2021-04-30T23:59:59+02:00,12,5,4941,4876,9271,11075,10955,15431,14571,22234,42602,46303,45190,48020,34302,44001,11070,19682,1042,938,2015,2674,2552,4149,3629,6364,6519,7187,7826,6689,21109,27397,9753,17314,245439,115044,35432,10255,103641,1843,10,19,10
2021-04-29T23:59:59+02:00,12,4,4698,4794,8801,10924,10348,15260,13886,22026,37668,41985,44179,46991,34181,43883,11066,19652,862,860,1842,2595,2466,4083,3521,6293,6445,7137,7804,6670,21104,27391,9753,17314,231700,115004,35329,10151,103300,970,10,19,10
2021-04-28T23:59:59+02:00,12,4,4522,4759,8551,10839,9996,15170,13529,21872,33028,37482,42933,45737,34055,43735,11052,19634,820,830,1804,2549,2433,4007,3485,6184,6395,7046,7785,6651,21092,27378,9748,17307,218483,114919,35311,10103,103090,478,9,17,10
2021-04-27T23:59:59+02:00,11,3,4291,4544,8206,10390,9612,14588,13061,21223,31897,36355,42654,45455,34039,43707,11048,19631,792,816,1770,2525,2415,3989,3467,6165,6360,7019,7774,6643,21087,27373,9745,17301,215757,114861,35301,10072,99631,294,9,17,10
2021-04-26T23:59:59+02:00,11,3,4269,4516,8131,10353,9504,14532,12912,21164,27488,31968,41438,44232,33959,43607,11035,19621,759,805,1740,2506,2385,3968,3443,6144,6308,6973,7727,6594,21057,27342,9745,17294,203877,114658,35292,10028,99549,90,9,16,10
2021-04-25T23:59:59+02:00,11,3,4246,4503,8099,10326,9441,14500,12819,21118,25519,29925,40736,43471,33913,43549,11031,19616,747,797,1728,2492,2367,3953,3417,6122,6276,6944,7705,6574,21040,27321,9744,17290,203209,114632,30179,9786,99414,86,8,16,10
2021-04-24T23:59:59+02:00,11,3,4227,4492,8069,10297,9400,14484,12768,21096,24016,28260,39978,42632,33848,43473,11028,19610,746,796,1725,2490,2366,3950,3417,6118,6276,6941,7703,6572,21039,27321,9744,17290,198144,114612,30179,9785,99345,84,8,16,10
2021-04-23T23:59:59+02:00,10,3,3962,4340,7598,10000,8970,14128,12206,20693,23536,27960,39892,42571,33827,43439,11022,19603,732,786,1708,2477,2346,3934,3394,6096,6254,6922,7689,6554,21034,27310,9744,17289,197797,114597,30164,9587,95777,72,8,14,10
2021-04-22T23:59:59+02:00,10,3,3869,4283,7407,9883,8692,13934,11762,20366,21210,25602,37139,39326,33300,42770,10951,19482,719,777,1680,2447,2288,3877,3322,6024,6145,6826,7610,6468,20981,27266,9741,17274,184775,114476,29975,8887,95217,70,8,14,9
2021-04-21T23:59:59+02:00,10,3,3841,4251,7280,9805,8510,13763,11428,20077,19946,24399,33928,35612,32816,42067,10889,19356,695,759,1646,2419,2244,3852,3289,5991,6103,6786,7582,6441,20963,27242,9738,17270,173019,114368,29801,8574,95139,66,8,14,9
2021-04-20T23:59:59+02:00,10,3,3807,4224,7175,9736,8296,13606,11061,19779,18851,23250,30617,31960,32343,41468,10830,19247,687,749,1631,2407,2211,3830,3246,5946,6062,6743,7542,6395,20938,27218,9732,17267,161383,114210,29779,8318,95079,64,8,14,9
2021-04-19T23:59:59+02:00,10,3,3788,4207,7101,9698,8178,13497,10806,19593,18186,22586,29744,30830,32051,41102,10788,19172,679,744,1609,2393,2187,3800,3211,5913,6028,6712,7497,6362,20907,27190,9730,17263,156543,114077,29762,8074,95013,62,8,14,9
2021-04-18T23:59:59+02:00,10,3,3785,4201,7085,9684,8163,13479,10771,19568,18098,22504,29622,30705,32023,41080,10785,19164,677,740,1594,2381,2170,3785,3186,5887,5999,6689,7475,6349,20888,27168,9727,17260,156051,114018,29695,7884,94963,61,8,13,9
2021-04-17T23:59:59+02:00,10,3,3784,4199,7083,9682,8160,13479,10765,19561,18085,22493,29600,30692,32021,41078,10785,19164,676,740,1593,2380,2168,3784,3183,5886,5997,6687,7475,6349,20888,27168,9727,17260,155972,114005,29694,7884,94957,60,8,13,9
2021-04-16T23:59:59+02:00,10,3,3617,4161,6738,9553,7792,13292,10367,19315,17633,22218,29399,30533,31939,40989,10770,19145,664,722,1581,2365,2141,3769,3129,5849,5954,6637,7382,6260,20476,26603,9697,17199,155222,112681,29686,7678,92545,57,8,13,9
2021-04-15T23:59:59+02:00,10,3,3516,4082,6386,9181,7215,12791,9591,18479,16307,20987,28202,29240,31419,40347,10690,18970,634,699,1529,2327,2059,3682,3020,5729,5626,6399,6885,5875,19744,25690,9601,17031,149477,109328,29393,7138,88525,52,8,13,9
2021-04-14T23:59:59+02:00,9,3,3461,4032,6150,8943,6884,12414,8969,17928,15189,19954,26792,27733,30788,39471,10582,18775,600,673,1483,2289,1984,3604,2878,5606,5316,6163,6342,5364,18730,24404,9516,16858,142671,105070,29194,6682,86192,46,8,12,9
2021-04-13T23:59:59+02:00,9,3,3429,4001,6058,8866,6735,12285,8667,17681,14387,19262,23439,24174,29855,38290,10478,18603,595,664,1470,2267,1956,3571,2782,5535,5100,5980,5981,5025,18432,24060,9477,16792,131036,102979,29183,6652,85983,45,8,12,8
2021-04-12T23:59:59+02:00,9,3,3407,3980,6008,8809,6647,12201,8449,17486,13770,18733,22437,23022,29431,37732,10409,18481,585,656,1460,2259,1933,3550,2726,5484,4952,5875,5664,4744,18139,23758,9439,16732,125956,101394,29164,6506,85874,45,8,12,8
2021-04-11T23:59:59+02:00,9,3,3401,3974,5990,8785,6619,12184,8409,17463,13681,18672,22307,22873,29380,37667,10400,18456,582,651,1447,2249,1920,3542,2709,5468,4914,5838,5604,4686,17966,23524,9418,16703,125414,100731,29097,6434,85742,45,8,12,8
2021-04-10T23:59:59+02:00,9,3,3393,3973,5967,8784,6597,12183,8388,17462,13656,18670,22302,22870,29376,37666,10400,18456,581,649,1441,2242,1915,3539,2703,5460,4898,5828,5592,4669,17803,23271,9404,16679,125392,100218,29006,6401,85738,45,7,12,8
2021-04-09T23:59:59+02:00,8,3,3355,3961,5919,8772,6539,12167,8349,17435,13605,18624,20348,20461,28895,37051,10370,18407,568,636,1415,2220,1888,3516,2661,5424,4827,5766,5477,4565,17226,22538,9366,16608,124701,98451,23894,6203,85657,37,7,10,8
2021-04-08T23:59:59+02:00,8,3,3331,3942,5849,8740,6464,12128,8259,17371,13461,18506,17756,17397,28371,36387,10333,18357,526,606,1326,2138,1794,3419,2481,5238,4331,5401,4673,3957,15449,20311,9180,16307,123834,91470,18033,5632,84780,26,6,10,8
2021-04-07T23:59:59+02:00,6,3,3253,3914,5639,8690,6257,12068,8050,17296,13199,18411,15091,14330,27694,35589,10303,18304,503,578,1273,2083,1700,3339,2329,5097,3919,5069,3957,3392,14595,19448,9068,16126,123627,87160,16498,5285,77957,23,5,10,8
2021-04-06T23:59:59+02:00,5,3,3225,3904,5593,8672,6187,12045,7963,17259,13125,18340,13105,11967,27062,34875,10290,18274,472,555,1204,2028,1615,3258,2167,4978,3546,4791,3431,2983,13754,18449,8994,16010,123498,83524,16296,4685,72085,19,5,10,7
2021-04-05T23:59:59+02:00,5,3,3223,3901,5557,8658,6150,12033,7918,17243,13053,18304,13059,11921,27051,34859,10289,18271,440,525,1152,1991,1563,3217,2099,4924,3458,4715,3374,2931,13611,18279,8985,15992,123474,83033,16088,4198,71922,19,4,10,7
2021-04-04T23:59:59+02:00,5,3,3222,3899,5557,8656,6148,12032,7917,17240,13053,18304,13056,11921,27050,34859,10289,18271,439,524,1151,1991,1563,3217,2098,4924,3458,4715,3374,2931,13610,18279,8985,15992,123463,83028,16088,4198,71917,19,4,10,7
2021-04-03T23:59:59+02:00,5,3,3221,3899,5557,8655,6148,12032,7917,17240,13053,18304,13056,11920,27049,34856,10289,18271,439,522,1151,1991,1562,3217,2098,4923,3452,4712,3368,2920,13523,18143,8976,15976,123458,82750,16088,4198,71915,19,4,10,7
2021-04-02T23:59:59+02:00,5,3,3221,3896,5554,8650,6144,12023,7908,17228,13028,18273,13009,11868,27021,34838,10286,18267,436,515,1149,1987,1550,3208,2088,4901,3422,4679,3337,2891,12594,16898,8911,15868,123292,80294,16085,4117,71831,19,4,10,5
2021-04-01T23:59:59+02:00,5,3,3206,3882,5515,8630,6077,11990,7837,17193,12914,18202,12893,11742,26962,34762,10277,18252,389,471,1052,1920,1451,3120,1938,4789,3224,4546,3107,2692,10571,14310,8801,15693,122974,74723,15962,3329,71393,19,3,10,5
2021-03-31T23:59:59+02:00,5,3,3205,3869,5498,8596,6044,11954,7795,17148,12834,18133,12780,11617,26911,34702,10269,18243,351,449,1016,1878,1380,3080,1834,4686,2968,4352,2695,2376,8003,11081,8626,15455,122666,67219,15923,2989,71004,18,3,10,5
2021-03-30T23:59:59+02:00,5,3,3197,3858,5473,8568,6012,11923,7756,17108,12757,18067,12694,11479,26874,34655,10264,18233,330,430,993,1846,1320,3045,1710,4606,2722,4180,2327,2129,7121,9996,8560,15328,122536,63910,15891,2713,70487,17,2,10,5
2021-03-29T23:59:59+02:00,5,3,3185,3853,5444,8549,5977,11890,7712,17075,12683,17989,12050,10721,25009,32160,10116,17977,324,428,986,1831,1299,3020,1675,4566,2576,4094,2041,1980,6471,9286,8516,15250,116544,61615,15721,2710,70121,15,2,10,5
2021-03-28T23:59:59+02:00,5,3,3155,3837,5397,8511,5928,11848,7631,17020,12573,17920,11786,10418,23023,29695,10061,17878,323,426,983,1830,1291,3016,1671,4564,2564,4086,2016,1960,6449,9272,8514,15245,116486,61486,10536,2708,69655,15,2,10,3
2021-03-27T23:59:59+01:00,5,3,3143,3833,5358,8500,5892,11833,7584,17005,12527,17873,11752,10375,23019,29687,10061,17878,323,426,983,1830,1291,3016,1670,4562,2562,4084,2014,1958,6400,9197,8481,15196,116418,61269,10535,2708,69363,15,2,10,3
2021-03-26T23:59:59+01:00,5,3,3007,3508,4908,7342,5397,10513,6971,14958,11718,15597,11532,10194,22536,28961,10016,17807,322,422,979,1827,1285,3012,1667,4560,2557,4077,2006,1952,6270,9010,8338,15011,114873,60593,10281,2696,59807,5,2,10,3
2021-03-25T23:59:59+01:00,5,3,2881,3240,4748,6575,5171,9362,6647,13237,10993,13794,10675,9389,21821,28121,9943,17652,317,413,973,1817,1270,2993,1647,4525,2520,4028,1940,1893,5980,8582,8065,14564,111971,58830,9594,2692,52680,4,2,10,3
2021-03-24T23:59:59+01:00,5,3,2833,3196,4672,6514,5037,9256,6441,13066,10482,13389,9843,8568,20811,26866,9847,17471,315,408,965,1811,1253,2982,1632,4501,2473,3971,1871,1817,5617,8110,7654,13898,107969,56597,9247,2678,51075,4,0,9,3
2021-03-23T23:59:59+01:00,5,3,2804,3163,4604,6448,4926,9162,6230,12905,10026,12967,9132,7901,20301,26263,9795,17366,303,395,947,1802,1238,2962,1604,4479,2418,3922,1791,1752,5340,7732,7266,13283,105596,54555,8915,2677,49482,3,0,8,3
2021-03-22T23:59:59+01:00,5,3,2787,3125,4544,6410,4850,9094,6091,12768,9665,12693,8528,7335,19883,25826,9735,17272,301,391,935,1796,1223,2947,1591,4465,2391,3896,1765,1731,5203,7557,6824,12471,104120,52812,8656,2672,47830,3,0,8,2
2021-03-21T23:59:59+01:00,5,3,2780,3110,4499,6388,4799,9057,5999,12700,9477,12505,8222,7077,19715,25659,9723,17247,301,391,934,1796,1221,2947,1590,4464,2388,3896,1758,1725,5194,7552,6794,12414,103920,52707,8426,2655,46611,3,0,8,2
2021-03-20T23:59:59+01:00,5,3,2780,3105,4491,6383,4792,9054,5995,12692,9457,12491,8189,7046,19541,25382,9707,17221,301,391,934,1795,1220,2947,1589,4463,2384,3888,1746,1712,5181,7503,6618,12178,103363,52216,8414,2631,46549,3,0,8,2
2021-03-19T23:59:59+01:00,5,3,2745,3082,4417,6339,4683,9004,5855,12635,9191,12303,7884,6821,19057,24790,9675,17162,301,391,933,1794,1220,2944,1586,4462,2378,3883,1730,1703,5145,7460,6216,11562,102061,51094,8172,2611,45410,3,0,8,2
2021-03-18T23:59:59+01:00,5,3,2679,3009,4254,6203,4434,8798,5497,12326,8285,11633,6620,5808,17807,23431,9527,16937,298,387,928,1784,1206,2931,1547,4447,2311,3837,1652,1661,5073,7354,5487,10454,97172,48787,7630,2569,42446,2,0,8,1
2021-03-17T23:59:59+01:00,5,3,2641,2970,4174,6105,4297,8690,5242,12051,7609,11064,5634,4912,16461,21900,9362,16683,294,386,924,1775,1202,2923,1530,4425,2244,3811,1586,1616,5028,7290,4915,9576,91767,47010,7127,2514,40901,2,0,8,1
2021-03-16T23:59:59+01:00,5,3,2621,2941,4111,6038,4205,8593,5066,11895,7159,10675,4873,4294,15610,20923,9260,16515,290,384,921,1770,1199,2916,1522,4415,2222,3792,1556,1599,4991,7247,4413,8771,88138,45572,7091,2435,39550,2,0,8,1
2021-03-15T23:59:59+01:00,5,3,2618,2930,4095,6020,4174,8567,5016,11848,7042,10561,4727,4134,15292,20513,9231,16456,288,380,920,1764,1192,2909,1508,4406,2200,3769,1515,1582,4931,7173,3836,7911,87372,43988,6995,2296,38857,1,0,8,1
2021-03-14T23:59:59+01:00,5,2,2613,2921,4074,6001,4144,8548,4974,11815,6949,10472,4623,4023,15161,20343,9215,16420,286,379,920,1762,1186,2902,1503,4395,2189,3762,1505,1575,4923,7165,3831,7898,87068,43927,6977,2254,38251,1,0,7,1
2021-03-13T23:59:59+01:00,5,2,2609,2913,4069,5989,4136,8542,4966,11806,6929,10458,4601,3997,14845,19906,9195,16384,286,379,920,1762,1186,2902,1503,4395,2189,3762,1505,1575,4923,7164,3831,7898,86184,43926,6954,2254,38207,1,0,7,1
2021-03-12T23:59:59+01:00,5,2,2546,2837,3958,5819,4017,8321,4828,11506,6751,10188,4448,3859,13923,18650,9134,16282,286,378,918,1759,1186,2899,1501,4390,2188,3755,1497,1573,4915,7145,3829,7883,83722,43849,6892,2253,36455,1,0,5,1
2021-03-11T23:59:59+01:00,4,2,2421,2611,3733,5489,3761,7883,4503,10741,6123,9374,3928,3357,12324,16660,9036,16135,286,377,914,1755,1183,2885,1492,4378,2176,3728,1455,1544,4874,7110,3817,7856,79404,43700,6730,2130,31946,1,0,5,1
2021-03-10T23:59:59+01:00,4,2,2298,2478,3581,5256,3567,7560,4236,10253,5569,8805,3358,2913,10057,13944,8891,15908,283,373,910,1746,1176,2874,1487,4362,2152,3712,1425,1536,4843,7095,3808,7848,73110,43630,6559,2001,29006,0,0,5,1
2021-03-09T23:59:59+01:00,4,2,2271,2425,3515,5170,3453,7471,4065,10058,5177,8454,2880,2556,8548,11929,8789,15759,282,372,910,1740,1169,2865,1483,4354,2144,3701,1411,1531,4835,7090,3805,7846,68254,43589,6409,1950,27858,0,0,5,1
2021-03-08T23:59:59+01:00,4,2,2247,2354,3457,5103,3379,7386,3941,9946,4885,8264,2433,2295,6629,9530,8670,15585,282,368,909,1730,1163,2849,1477,4343,2140,3694,1400,1524,4818,7069,3798,7837,62573,43478,6074,1924,27458,0,0,5,1
2021-03-07T23:59:59+01:00,4,2,2184,2298,3360,4995,3283,7297,3844,9859,4750,8169,2382,2244,6607,9509,8670,15577,282,367,908,1730,1163,2849,1476,4343,2140,3694,1400,1524,4818,7069,3798,7837,62445,43476,5393,1924,27191,0,0,5,0
2021-03-06T23:59:59+01:00,4,2,2176,2285,3348,4986,3279,7292,3835,9850,4739,8166,2380,2242,6561,9439,8638,15528,282,367,907,1726,1162,2848,1476,4340,2136,3689,1399,1519,4812,7064,3796,7828,62236,43429,5333,1924,27176,0,0,5,0
2021-03-05T23:59:59+01:00,4,2,2046,2201,3124,4797,3040,6981,3558,9454,4411,7829,2293,2181,6354,9122,8447,15267,282,365,905,1723,1162,2847,1475,4334,2133,3683,1393,1517,4806,7057,3795,7822,61259,43377,4495,1924,25352,0,0,5,0
2021-03-04T23:59:59+01:00,4,2,1792,1981,2714,4363,2582,6341,2992,8550,3726,7015,2078,2021,6063,8756,8173,14813,279,364,904,1715,1160,2830,1474,4318,2124,3671,1382,1515,4794,7043,3788,7811,59621,43253,3222,1921,21118,0,0,5,0
2021-03-03T23:59:59+01:00,4,2,1720,1893,2607,4179,2449,6114,2853,8264,3540,6751,1996,1944,5725,8283,7820,14234,278,360,904,1705,1158,2807,1470,4294,2119,3656,1358,1504,4789,7037,3784,7804,57620,43108,3079,1921,19674,0,0,5,0
2021-03-02T23:59:59+01:00,4,2,1684,1812,2539,4061,2368,5964,2748,8083,3425,6600,1924,1877,5417,7846,7421,13566,276,355,901,1686,1155,2786,1467,4275,2118,3645,1333,1498,4779,7021,3778,7797,55537,42951,2837,1921,18962,0,0,5,0
2021-03-01T23:59:59+01:00,2,2,1674,1785,2500,3953,2320,5849,2711,7981,3372,6522,1884,1857,5278,7681,6950,12702,276,353,897,1680,1153,2774,1465,4262,2116,3630,1328,1493,4776,7019,3777,7791,53680,42871,2825,1921,18513,0,0,5,0
2021-02-28T23:59:59+01:00,2,2,1657,1748,2465,3882,2290,5794,2668,7901,3345,6474,1878,1853,5270,7676,6915,12643,276,353,896,1680,1153,2774,1465,4261,2116,3629,1328,1493,4776,7018,3777,7791,53558,42868,2823,1920,18077,0,0,5,0
2021-02-27T23:59:59+01:00,2,2,1655,1742,2461,3874,2286,5794,2667,7900,3343,6471,1872,1843,5261,7632,6745,12424,276,353,886,1675,1143,2767,1455,4252,2099,3620,1327,1490,4776,7017,3777,7791,53096,42864,2823,1842,18050,0,0,5,0
2021-02-26T23:59:59+01:00,2,1,1465,1586,2336,3631,2208,5389,2575,7394,3256,6013,1857,1818,5236,7599,6486,12035,275,351,879,1668,1135,2747,1449,4231,2089,3607,1320,1481,4768,7005,3773,7779,52353,42786,2802,1773,15727,0,0,5,0
2021-02-25T23:59:59+01:00,2,1,1248,1309,2116,3196,2034,4632,2378,6448,3015,5113,1768,1746,5185,7520,5918,11195,273,343,873,1608,1101,2652,1416,4120,2033,3532,1283,1461,4728,6964,3755,7727,50486,42324,2788,1547,11546,0,0,4,0
2021-02-24T23:59:59+01:00,2,1,1195,1099,2009,2927,1929,4293,2246,6041,2844,4844,1693,1691,5127,7429,5163,10018,271,337,835,1561,1051,2561,1355,4004,1944,3403,1243,1434,4713,6938,3745,7710,48158,42067,2776,1040,9613,0,0,4,0
2021-02-23T23:59:59+01:00,2,1,1180,1049,1975,2863,1903,4195,2220,5956,2811,4783,1685,1676,5092,7380,4533,8996,271,336,808,1533,1003,2509,1302,3926,1837,3328,1191,1409,4690,6913,3734,7676,46387,41869,2750,599,9159,0,0,4,0
2021-02-22T23:59:59+01:00,2,1,1172,1007,1924,2720,1859,4049,2165,5760,2757,4677,1673,1665,5058,7332,3930,8112,269,326,765,1494,949,2426,1214,3819,1697,3233,1102,1352,4649,6843,3708,7573,44780,41412,2730,9,8350,0,0,3,0
2021-02-21T23:59:59+01:00,2,1,1170,993,1893,2658,1833,3952,2138,5656,2737,4614,1665,1659,5055,7323,3930,8108,267,324,761,1488,941,2394,1212,3783,1684,3193,1093,1337,4633,6818,3686,7532,44727,41139,2719,9,7938,0,0,3,0
2021-02-20T23:59:59+01:00,2,1,1170,993,1893,2657,1832,3952,2138,5656,2735,4609,1656,1650,5051,7317,3928,8105,267,324,761,1487,940,2390,1211,3779,1683,3191,1093,1337,4580,6757,3640,7473,44712,40907,2694,8,7936,0,0,3,0
2021-02-19T23:59:59+01:00,2,1,1170,990,1890,2652,1831,3943,2137,5647,2732,4606,1637,1642,5038,7300,3925,8099,266,323,757,1478,932,2366,1204,3737,1656,3138,1066,1299,4390,6504,3463,7182,44632,39755,2675,8,7932,0,0,3,0
2021-02-18T23:59:59+01:00,2,1,1138,907,1851,2533,1792,3805,2084,5441,2671,4432,1621,1626,5022,7266,3920,8073,238,294,712,1354,883,2161,1118,3401,1540,2843,957,1112,3907,5732,3071,6333,44478,35650,2642,8,7062,0,0,3,0
2021-02-17T23:59:59+01:00,2,1,1089,778,1770,2300,1715,3506,1975,5081,2596,4183,1597,1617,5001,7252,3912,8069,233,291,702,1336,874,2139,1106,3366,1521,2822,951,1109,3527,5209,2779,5912,44436,33871,2586,8,5419,0,0,3,0
2021-02-16T23:59:59+01:00,2,1,1048,742,1712,2196,1647,3335,1904,4875,2518,4077,1562,1603,4974,7231,3903,8057,227,285,688,1302,853,2085,1075,3249,1482,2737,928,1086,3175,4663,2440,5423,44384,31695,2424,5,4576,0,0,3,0
2021-02-15T23:59:59+01:00,2,1,1041,723,1693,2120,1628,3235,1885,4766,2504,3999,1534,1589,4945,7214,3871,8001,215,275,673,1267,834,2035,1055,3183,1440,2672,897,1055,2756,4112,2114,4861,44255,29442,2341,4,4152,0,0,3,0
2021-02-14T23:59:59+01:00,2,1,945,689,1615,2086,1567,3216,1841,4744,2469,3986,1527,1586,4936,7202,3868,7996,208,263,664,1249,815,1995,1039,3117,1410,2604,867,1010,2667,3972,2042,4678,44213,28599,2305,3,3757,0,0,1,0
2021-02-13T23:59:59+01:00,2,1,892,665,1585,2063,1552,3208,1825,4737,2461,3985,1526,1585,4936,7202,3867,7995,206,262,662,1249,815,1991,1039,3115,1409,2602,866,1010,2565,3846,1978,4578,44207,28192,2305,3,3574,0,0,1,0
2021-02-12T23:59:59+01:00,2,1,558,517,1235,1946,1380,3105,1685,4655,2354,3915,1507,1576,4927,7191,3861,7989,194,256,649,1223,801,1947,1013,3030,1353,2503,804,936,2342,3535,1836,4276,44094,26698,2305,2,2004,0,0,1,0
2021-02-11T23:59:59+01:00,2,1,392,440,1045,1833,1278,2986,1586,4541,2266,3826,1400,1532,4865,7142,3840,7942,156,192,549,979,665,1501,813,2359,1074,1913,567,687,1744,2662,1355,3089,43742,20306,2107,1,1067,0,0,1,0
2021-02-10T23:59:59+01:00,2,1,279,368,919,1728,1178,2863,1491,4356,2153,3703,1363,1519,4846,7131,3835,7940,134,130,378,618,492,1012,643,1747,906,1579,546,672,1337,2101,1040,2593,43666,15930,2003,0,5,0,0,1,0
2021-02-09T23:59:59+01:00,2,1,279,367,918,1722,1175,2854,1491,4350,2152,3698,1356,1516,4844,7129,3834,7938,131,128,369,588,473,985,622,1718,881,1548,544,669,957,1636,763,2189,43641,14203,1980,0,4,0,0,1,0
2021-02-08T23:59:59+01:00,2,1,279,365,917,1720,1172,2844,1484,4345,2150,3694,1351,1512,4842,7129,3833,7935,126,122,358,577,465,968,611,1685,863,1522,536,664,566,1149,460,1764,43613,12438,1957,0,4,0,0,1,0
2021-02-07T23:59:59+01:00,2,1,279,365,915,1720,1171,2844,1482,4343,2150,3694,1351,1512,4842,7128,3832,7935,122,119,354,571,464,961,608,1673,853,1506,528,660,565,1139,455,1749,43609,12329,1956,0,0,0,0,1,0
2021-02-06T23:59:59+01:00,2,1,279,365,915,1720,1171,2844,1482,4343,2150,3694,1351,1512,4842,7128,3832,7935,119,116,352,567,463,960,608,1671,853,1505,527,659,565,1139,455,1749,43609,12310,1956,0,0,0,0,1,0
2021-02-05T23:59:59+01:00,2,1,279,364,914,1720,1171,2843,1480,4342,2149,3694,1351,1512,4841,7126,3832,7932,118,108,349,563,455,947,604,1661,839,1482,522,649,559,1123,445,1727,43596,12153,1956,0,0,0,0,1,0
2021-02-04T23:59:59+01:00,2,1,276,359,907,1682,1164,2797,1479,4290,2136,3651,1343,1505,4813,7095,3821,7902,89,71,232,390,331,688,475,1271,628,1113,392,516,469,915,388,1485,43267,9454,1955,0,0,0,0,1,0
2021-02-03T23:59:59+01:00,2,1,274,350,902,1657,1160,2762,1468,4240,2127,3615,1335,1489,4791,7066,3809,7876,55,33,80,166,152,342,232,597,303,543,211,279,273,576,226,944,42968,5013,1955,0,0,0,0,1,0
2021-02-02T23:59:59+01:00,2,1,273,348,901,1645,1156,2743,1465,4208,2120,3589,1327,1483,4784,7053,3802,7854,16,10,25,49,60,97,73,164,97,122,45,75,67,127,50,193,42798,1271,1955,0,0,0,0,1,0
2021-02-01T23:59:59+01:00,2,1,273,343,901,1643,1155,2742,1464,4204,2119,3583,1326,1482,4782,7052,3802,7854,14,9,21,43,51,88,60,136,74,103,39,66,57,117,49,180,42772,1108,1955,0,0,0,0,1,0
2021-01-31T23:59:59+01:00,2,1,273,342,901,1639,1154,2738,1464,4199,2119,3580,1325,1482,4782,7051,3802,7854,13,8,20,38,44,80,54,125,64,97,34,55,47,108,46,174,42752,1008,1955,0,0,0,0,1,0
2021-01-30T23:59:59+01:00,2,1,273,342,896,1636,1146,2730,1456,4193,2115,3577,1325,1482,4729,6991,3756,7795,13,8,20,37,44,80,53,124,64,97,34,55,47,108,46,174,42523,1005,1921,0,0,0,0,1,0
2021-01-29T23:59:59+01:00,2,1,272,341,881,1628,1134,2709,1444,4163,2092,3550,1316,1476,4566,6788,3592,7591,11,8,20,37,41,80,52,122,61,96,32,50,46,108,46,174,41736,985,1809,0,0,0,0,1,0
2021-01-28T23:59:59+01:00,2,1,268,328,862,1541,1094,2599,1407,4063,2022,3475,1289,1464,4232,6318,3329,7238,7,4,9,17,22,39,21,56,36,63,20,32,31,70,36,117,39967,581,1564,0,0,0,0,1,0
2021-01-27T23:59:59+01:00,2,1,262,325,820,1486,1047,2505,1343,3965,1948,3368,1250,1437,3821,5752,3012,6779,3,4,9,8,12,21,8,22,14,29,11,14,15,39,14,56,38011,280,1111,0,0,0,0,1,0
2021-01-26T23:59:59+01:00,2,1,256,316,786,1440,982,2420,1282,3838,1831,3261,1192,1386,3477,5198,2664,6269,1,1,5,3,5,7,4,2,3,8,6,5,3,7,3,8,35937,72,663,0,0,0,0,1,0
2021-01-25T23:59:59+01:00,2,1,246,307,734,1379,921,2301,1181,3693,1671,3142,1113,1356,3084,4686,2355,5803,1,1,5,2,3,7,2,2,3,8,6,5,3,7,3,8,33914,67,61,0,0,0,0,0,0
2021-01-24T23:59:59+01:00,2,1,243,307,728,1375,910,2285,1176,3677,1643,3112,1107,1354,3058,4650,2338,5781,1,1,3,2,3,7,2,2,3,8,6,5,3,7,3,8,33740,65,7,0,0,0,0,0,0
2021-01-23T23:59:59+01:00,2,1,242,306,727,1375,910,2281,1175,3675,1640,3110,1106,1354,2953,4523,2272,5680,1,1,3,2,2,7,2,2,3,8,6,5,3,7,3,8,33326,64,6,0,0,0,0,0,0
2021-01-22T23:59:59+01:00,2,1,241,303,725,1359,908,2268,1169,3661,1636,3106,1104,1353,2794,4329,2170,5538,1,1,3,2,2,7,2,2,3,8,6,5,3,7,3,8,32661,64,6,0,0,0,0,0,0
2021-01-21T23:59:59+01:00,2,1,237,274,662,1203,840,2056,1088,3375,1539,2900,1061,1311,2451,3863,1881,5103,1,0,3,1,2,7,2,2,3,8,6,4,3,7,3,8,29841,61,6,0,0,0,0,0,0
2021-01-20T23:59:59+01:00,2,1,213,210,502,851,664,1566,888,2674,1302,2432,966,1177,1921,3117,1472,4339,1,0,3,1,2,7,2,2,3,6,5,4,3,7,3,8,24291,58,6,0,0,0,0,0,0
2021-01-19T23:59:59+01:00,2,1,186,191,455,744,610,1410,801,2374,1128,2125,799,920,1278,2192,1015,3275,0,0,2,1,0,0,0,0,2,1,1,0,0,0,0,0,19503,7,3,0,0,0,0,0,0
2021-01-18T23:59:59+01:00,1,1,138,136,378,619,487,1056,647,1829,937,1635,592,711,636,1272,513,1969,0,0,1,0,0,0,0,0,1,0,0,0,0,0,0,0,13555,2,2,0,0,0,0,0,0
2021-01-17T23:59:59+01:00,1,1,127,122,364,582,472,991,618,1712,878,1536,543,671,589,1175,471,1826,0,0,0,0,0,0,0,0,0,0,0,0,0,0,0,0,12679,0,0,0,0,0,0,0,0
2021-01-16T23:59:59+01:00,1,1,120,118,361,578,470,980,612,1699,872,1529,542,670,588,1170,467,1814,0,0,0,0,0,0,0,0,0,0,0,0,0,0,0,0,12592,0,0,0,0,0,0,0,0
2021-01-15T23:59:59+01:00,1,1,118,111,358,573,462,964,608,1688,857,1505,536,658,581,1154,459,1792,0,0,0,0,0,0,0,0,0,0,0,0,0,0,0,0,12426,0,0,0,0,0,0,0,0
2021-01-14T23:59:59+01:00,1,1,97,89,275,464,391,785,505,1417,700,1215,418,529,501,960,403,1607,0,0,0,0,0,0,0,0,0,0,0,0,0,0,0,0,10358,0,0,0,0,0,0,0,0
2021-01-13T23:59:59+01:00,1,1,67,49,163,282,255,520,353,924,478,781,258,324,311,635,258,1030,0,0,0,0,0,0,0,0,0,0,0,0,0,0,0,0,6690,0,0,0,0,0,0,0,0
2021-01-12T23:59:59+01:00,1,1,31,21,49,101,113,212,151,383,200,334,135,175,162,352,146,566,0,0,0,0,0,0,0,0,0,0,0,0,0,0,0,0,3133,0,0,0,0,0,0,0,0
2021-01-11T23:59:59+01:00,1,0,18,11,33,64,60,110,77,168,92,125,39,65,60,122,50,181,0,0,0,0,0,0,0,0,0,0,0,0,0,0,0,0,1276,0,0,0,0,0,0,0,0
2021-01-10T23:59:59+01:00,1,0,15,7,27,53,53,98,67,153,76,111,33,55,50,112,46,172,0,0,0,0,0,0,0,0,0,0,0,0,0,0,0,0,1129,0,0,0,0,0,0,0,0
2021-01-09T23:59:59+01:00,1,0,14,7,26,51,52,97,64,152,76,109,33,55,50,112,46,172,0,0,0,0,0,0,0,0,0,0,0,0,0,0,0,0,1117,0,0,0,0,0,0,0,0
2021-01-08T23:59:59+01:00,1,0,11,7,24,48,47,92,60,139,70,105,31,50,49,112,46,172,0,0,0,0,0,0,0,0,0,0,0,0,0,0,0,0,1064,0,0,0,0,0,0,0,0
2021-01-07T23:59:59+01:00,1,0,7,4,9,18,21,40,23,56,38,65,19,33,36,75,36,116,0,0,0,0,0,0,0,0,0,0,0,0,0,0,0,0,597,0,0,0,0,0,0,0,0
2021-01-06T23:59:59+01:00,1,0,7,4,9,15,14,30,15,39,25,53,15,25,30,67,34,101,0,0,0,0,0,0,0,0,0,0,0,0,0,0,0,0,484,0,0,0,0,0,0,0,0
2021-01-05T23:59:59+01:00,1,0,7,4,9,15,14,30,15,39,25,53,15,25,29,67,34,101,0,0,0,0,0,0,0,0,0,0,0,0,0,0,0,0,483,0,0,0,0,0,0,0,0
2021-01-04T23:59:59+01:00,1,0,2,4,8,5,4,14,4,7,6,16,6,5,6,16,4,13,0,0,0,0,0,0,0,0,0,0,0,0,0,0,0,0,121,0,0,0,0,0,0,0,0
2021-01-03T23:59:59+01:00,1,0,1,1,3,2,2,7,3,3,3,9,4,4,3,8,3,8,0,0,0,0,0,0,0,0,0,0,0,0,0,0,0,0,65,0,0,0,0,0,0,0,0
2021-01-02T23:59:59+01:00,1,0,1,1,3,2,2,7,3,3,3,9,4,4,3,8,3,8,0,0,0,0,0,0,0,0,0,0,0,0,0,0,0,0,65,0,0,0,0,0,0,0,0
2021-01-01T23:59:59+01:00,1,0,1,1,3,2,2,7,2,3,3,9,4,4,3,8,3,8,0,0,0,0,0,0,0,0,0,0,0,0,0,0,0,0,64,0,0,0,0,0,0,0,0
2020-12-31T23:59:59+01:00,1,0,1,1,3,1,2,7,2,2,3,8,4,4,3,8,3,8,0,0,0,0,0,0,0,0,0,0,0,0,0,0,0,0,61,0,0,0,0,0,0,0,0
2020-12-30T23:59:59+01:00,1,0,1,1,3,1,2,7,2,2,3,6,4,4,3,8,3,8,0,0,0,0,0,0,0,0,0,0,0,0,0,0,0,0,59,0,0,0,0,0,0,0,0
2020-12-29T23:59:59+01:00,1,0,1,1,2,1,2,6,2,2,3,6,2,2,2,8,2,7,0,0,0,0,0,0,0,0,0,0,0,0,0,0,0,0,50,0,0,0,0,0,0,0,0
2020-12-28T23:59:59+01:00,1,0,0,0,2,1,0,2,1,0,1,3,0,1,0,1,1,4,0,0,0,0,0,0,0,0,0,0,0,0,0,0,0,0,18,0,0,0,0,0,0,0,0
2020-12-27T23:59:59+01:00,0,0,0,0,0,0,0,1,1,0,1,2,0,1,0,1,1,4,0,0,0,0,0,0,0,0,0,0,0,0,0,0,0,0,12,0,0,0,0,0,0,0,0
