Datum,<15_m,<15_w,15-24_1_m,15-24_1_w,25-34_1_m,25-34_1_w,35-44_1_m,35-44_1_w,45-54_1_m,45-54_1_w,55-64_1_m,55-64_1_w,65-74_1_m,65-74_1_w,75-84_1_m,75-84_1_w,>84_1_m,>84_1_w,<24_2_m,<24_2_w,25-34_2_m,25-34_2_w,35-44_2_m,35-44_2_w,45-54_2_m,45-54_2_w,55-64_2_m,55-64_2_w,65-74_2_m,65-74_2_w,75-84_2_m,75-84_2_w,>84_2_m,>84_2_w,bp_1,bp_2,mo_1,mo_2,az_1,az_2,ja,unb_1,unb_2
2021-07-22T23:59:59+02:00,2932,2674,34925,33584,49713,42681,55091,51657,67609,66401,83068,81797,58511,62571,38392,49497,11878,21235,18712,17230,33949,28636,39889,37165,57120,56265,74211,73573,54525,58281,36481,46896,11372,20293,605427,473389,78736,70260,109292,101016,20713,48,41
2021-07-21T23:59:59+02:00,2883,2625,34670,33299,49510,42500,54934,51497,67439,66244,82961,81688,58451,62527,38363,49461,11867,21226,17948,16478,32697,27714,38690,36271,56473,55731,73785,73222,54380,58107,36420,46816,11361,20262,603921,467872,78688,68188,109291,100809,20197,48,41
2021-07-20T23:59:59+02:00,2808,2562,34315,32924,49233,42272,54762,51304,67261,66090,82825,81571,58389,62474,38336,49417,11866,21211,16811,15369,30994,26326,36972,34832,55677,55088,73250,72781,54215,57917,36371,46732,11345,20224,601867,458790,78652,66451,109289,100475,19764,48,41
2021-07-19T23:59:59+02:00,2724,2492,33757,32364,48923,41964,54490,51041,67067,65877,82654,81405,58322,62393,38292,49365,11859,21196,16168,14804,30074,25662,36131,34132,55246,54669,72927,72547,54131,57832,36334,46682,11340,20203,598678,455163,78594,64333,109288,100306,19577,48,41
2021-07-18T23:59:59+02:00,2696,2474,33658,32251,48834,41908,54436,50984,67008,65827,82613,81363,58296,62368,38282,49353,11857,21189,15855,14540,29504,25285,35640,33786,54991,54509,72783,72447,54091,57794,36327,46668,11339,20199,598080,453737,78580,62801,109287,100278,19402,48,41
2021-07-17T23:59:59+02:00,2696,2474,33656,32249,48830,41907,54435,50982,67008,65826,82613,81363,58296,62367,38282,49353,11857,21189,15850,14535,29495,25270,35635,33782,54987,54508,72783,72447,54091,57794,36327,46668,11339,20199,598070,453694,78577,62797,109287,100278,19401,48,41
2021-07-16T23:59:59+02:00,2638,2409,33051,31729,48339,41562,54043,50647,66629,65508,82302,81132,58178,62255,38232,49304,11853,21182,15440,14220,29012,24906,35192,33453,54654,54259,72528,72258,53980,57708,36292,46630,11336,20195,595862,452344,78573,62669,109286,100270,17224,48,41
2021-07-15T23:59:59+02:00,2505,2279,32191,30953,47716,40994,53471,50170,66208,65168,82052,80893,58088,62161,38198,49262,11845,21163,14611,13561,27706,24086,33906,32652,53987,53866,72121,72039,53887,57615,36263,46597,11329,20180,590874,448244,78562,60316,109286,99690,16547,48,41
2021-07-14T23:59:59+02:00,2399,2193,31647,30428,47233,40564,53055,49775,65886,64892,81818,80647,57985,62067,38167,49212,11836,21150,13379,12432,25725,22648,32015,31143,53245,53287,71625,71703,53752,57490,36222,46536,11320,20165,587055,439200,78545,58415,109285,99358,16021,48,40
2021-07-13T23:59:59+02:00,2342,2123,31384,30163,46970,40345,52814,49556,65693,64707,81652,80499,57922,61992,38141,49177,11827,21138,12405,11595,24013,21347,30087,29568,52067,52128,70809,70918,53509,57214,36136,46421,11303,20138,584921,432532,78530,55501,109277,96219,15669,48,38
2021-07-12T23:59:59+02:00,2117,1916,30522,29235,46319,39812,52245,48987,65304,64319,81378,80228,57791,61867,38099,49119,11818,21117,11661,10973,22639,20381,28363,28196,51116,51275,70071,70302,53253,56936,36072,46305,11290,20107,578705,424487,78513,52962,109277,96066,15650,48,38
2021-07-11T23:59:59+02:00,2072,1878,30401,29126,46255,39741,52193,48926,65249,64265,81318,80184,57771,61848,38093,49102,11813,21112,11495,10826,22368,20198,28004,27926,50914,51130,69902,70159,53200,56855,36050,46288,11281,20100,577889,422437,78510,52920,109276,95932,15624,48,37
2021-07-10T23:59:59+02:00,2072,1877,30396,29119,46253,39736,52190,48925,65246,64264,81317,80182,57771,61846,38092,49102,11813,21112,11486,10808,22356,20185,27990,27914,50910,51126,69900,70157,53200,56855,36049,46288,11281,20100,577861,422357,78510,52918,109276,95929,15618,48,37
2021-07-09T23:59:59+02:00,2027,1839,30164,28883,46036,39557,52009,48754,65086,64153,81213,80103,57741,61817,38076,49087,11808,21110,11105,10537,21716,19750,27329,27364,50203,50561,69321,69750,53100,56768,36026,46254,11276,20089,576662,421288,78505,52605,109271,92489,14977,48,37
2021-07-08T23:59:59+02:00,1890,1712,29501,28351,45439,39057,51454,48290,64690,63848,80919,79870,57649,61727,38045,49037,11803,21096,9924,9433,19775,18126,24876,25387,49175,49767,68701,69216,52876,56558,35951,46169,11261,20063,572444,410810,78485,50180,109254,92265,14147,48,37
2021-07-07T23:59:59+02:00,1677,1517,28398,27146,44405,38101,50361,47301,64035,63216,80384,79392,57447,61500,37979,48953,11789,21058,9394,8958,18695,17296,23487,24191,48355,49124,68161,68729,52676,56319,35875,46071,11245,20024,563224,404493,78469,48572,109253,91979,13665,48,37
2021-07-06T23:59:59+02:00,1478,1359,27313,26100,43382,37184,49426,46366,63433,62656,79953,78987,57268,61320,37924,48859,11766,21030,8677,8214,17364,16296,21888,22913,47755,48675,67785,68466,52560,56206,35826,46034,11238,20008,554980,397065,78458,48151,109250,91685,13068,48,37
2021-07-05T23:59:59+02:00,1321,1236,26169,24850,42304,36188,48378,45303,62769,62083,79520,78586,57094,61131,37872,48784,11757,21008,8426,7991,16870,15984,21333,22531,47452,48454,67592,68319,52508,56134,35801,46015,11235,20003,545693,394512,78450,47839,109249,91427,12913,48,37
2021-07-04T23:59:59+02:00,1256,1172,25847,24522,42000,35929,48128,45120,62626,61949,79406,78495,57059,61092,37862,48766,11754,21005,8172,7838,16604,15791,21054,22335,47327,48356,67515,68246,52484,56109,35786,46010,11233,20002,543393,393501,78424,47178,109247,91343,12876,48,37
2021-07-03T23:59:59+02:00,1256,1171,25841,24512,41986,35922,48126,45120,62623,61948,79405,78494,57058,61092,37862,48766,11754,21005,8167,7830,16591,15781,21047,22328,47322,48355,67511,68245,52483,56109,35786,46010,11233,20002,543364,393466,78422,47177,109247,91333,12860,48,37
2021-07-02T23:59:59+02:00,1188,1114,25525,24158,41665,35641,47870,44866,62481,61804,79332,78424,57041,61070,37855,48754,11750,21000,7989,7678,16225,15514,20607,22022,46354,47578,67020,67897,52400,56018,35771,45992,11232,19999,540983,390986,78421,47174,109243,89325,12843,48,37
2021-07-01T23:59:59+02:00,1133,1064,25150,23795,41284,35293,47476,44517,62231,61569,79143,78253,56979,61009,37824,48713,11744,20990,7600,7346,15411,14736,19442,20995,44818,46098,65810,66823,52096,55715,35674,45874,11208,19972,537846,385184,78321,46350,109234,85387,12718,48,37
2021-06-30T23:59:59+02:00,1061,1000,24727,23346,40856,34920,47068,44144,62004,61367,78975,78104,56901,60932,37797,48663,11736,20970,7227,6991,14471,13933,18020,19794,41616,43374,64119,65384,51633,55218,35527,45681,11182,19923,534416,373200,78289,45658,109232,82657,12586,48,36
2021-06-29T23:59:59+02:00,969,892,24227,22813,40344,34503,46636,43729,61742,61090,78762,77926,56825,60868,37769,48620,11730,20951,6950,6686,13810,13440,16862,18880,37299,39692,62772,64133,51147,54720,35395,45503,11151,19880,530356,357941,78281,45449,109232,82448,12479,48,36
2021-06-28T23:59:59+02:00,940,859,23888,22420,39887,34122,46216,43360,61505,60836,78574,77772,56754,60800,37740,48591,11728,20936,6641,6367,13150,12942,15850,18045,33658,36651,61651,63102,50793,54326,35301,45355,11127,19842,528610,349279,76593,40767,109232,82297,12445,48,36
2021-06-27T23:59:59+02:00,926,847,23795,22329,39814,34059,46158,43301,61475,60799,78541,77743,56739,60789,37734,48584,11727,20931,6551,6293,12917,12801,15429,17808,32826,36007,61395,62903,50704,54256,35283,45332,11125,19838,528004,346382,76589,40506,109226,82141,12424,48,36
2021-06-26T23:59:59+02:00,925,847,23789,22324,39808,34056,46157,43300,61474,60798,78541,77743,56739,60789,37734,48584,11727,20931,6548,6286,12911,12788,15423,17801,32822,36006,61388,62901,50702,54250,35283,45332,11125,19837,527979,346318,76589,40506,109226,82140,12424,48,36
2021-06-25T23:59:59+02:00,902,821,23674,22211,39723,33970,46075,43229,61430,60751,78493,77722,56728,60775,37731,48581,11726,20929,6450,6173,12801,12656,15285,17640,32105,35351,61003,62580,50624,54166,35275,45311,11122,19836,527188,343320,76589,40494,109223,82124,12423,48,36
2021-06-24T23:59:59+02:00,836,764,23288,21787,39372,33662,45723,42926,61227,60556,78333,77587,56674,60720,37709,48551,11722,20920,6112,5876,12238,12193,14579,16959,28810,32637,58725,60736,50050,53575,35142,45107,11104,19788,524241,329542,76541,40231,109221,81531,12306,48,36
2021-06-23T23:59:59+02:00,735,674,22656,21140,38809,33082,45082,42229,60866,60171,78086,77339,56572,60588,37665,48500,11712,20901,5957,5685,11871,11848,14074,16432,25447,29883,57085,59218,49526,53039,35024,44933,11083,19745,518758,320135,76487,37299,109219,81098,12295,48,36
2021-06-22T23:59:59+02:00,676,610,22233,20702,38409,32666,44650,41766,60595,59888,77883,77103,56477,60480,37628,48428,11699,20879,5766,5550,11550,11588,13651,16060,21124,26359,55017,57522,48931,52438,34847,44719,11063,19701,514985,305824,76361,37246,109214,80626,12164,48,36
2021-06-21T23:59:59+02:00,640,569,21982,20466,38159,32439,44407,41491,60409,59680,77752,76966,56424,60399,37604,48388,11690,20863,5636,5440,11242,11392,13316,15801,19582,25131,54102,56758,46711,49987,34248,44000,11040,19642,512962,300526,76158,37179,109199,74334,11961,48,36
2021-06-20T23:59:59+02:00,611,549,21693,20171,37866,32170,44124,41237,60259,59513,77618,76821,56377,60360,37584,48372,11687,20856,5581,5396,11111,11305,13163,15676,19191,24808,53838,56577,45105,48059,33706,43398,11020,19625,510597,299907,76080,36431,109188,69239,11955,48,35
2021-06-19T23:59:59+02:00,609,549,21688,20159,37851,32166,44121,41233,60253,59510,77616,76818,56374,60360,37584,48371,11687,20856,5575,5387,11107,11302,13154,15670,19184,24800,53824,56565,45096,48049,33705,43398,11020,19625,510539,299824,76075,36428,109188,69227,11955,48,35
2021-06-18T23:59:59+02:00,595,535,21591,20051,37784,32113,44047,41148,60198,59466,77573,76776,56351,60339,37579,48358,11686,20855,5480,5222,10812,10766,12782,15089,18644,23784,52974,55269,44892,47887,33677,43351,11014,19613,509791,298259,76069,36427,109183,64589,11954,48,35
2021-06-17T23:59:59+02:00,509,442,20875,19335,37031,31479,43254,40394,59793,59101,77281,76523,56239,60212,37531,48290,11673,20831,5289,5009,10431,10213,12261,14319,17720,22427,51407,53333,43746,46540,33359,42955,10967,19530,503822,290973,75976,36300,109177,60436,11770,48,35
2021-06-16T23:59:59+02:00,402,365,20077,18384,36039,30547,42246,39425,59254,58621,76890,76212,56098,60060,37475,48203,11663,20808,5101,4855,9925,9895,11531,13828,16179,21136,47551,49798,41994,44539,32896,42387,10904,19404,496475,274889,75435,36102,109162,59257,11649,48,34
2021-06-15T23:59:59+02:00,292,262,19261,17527,35118,29693,41319,38543,58817,58184,76557,75889,55957,59895,37420,48134,11648,20775,4898,4730,9403,9638,10829,13361,14675,19950,43305,45730,40449,42699,32419,41767,10837,19276,489289,257789,75320,36068,109155,58593,11490,37,33
2021-06-14T23:59:59+02:00,188,173,18142,16289,33867,28422,39859,37133,58231,57622,76164,75549,55830,59754,37375,48063,11639,20760,4771,4636,9061,9431,10354,13043,13504,18945,40681,43188,39378,41557,32129,41366,10805,19191,479549,246660,74883,36045,109151,57868,11441,36,33
2021-06-13T23:59:59+02:00,148,134,17638,15885,33386,28017,39368,36750,58018,57439,76017,75447,55803,59715,37353,48041,11636,20751,4685,4587,8916,9358,10191,12975,12899,18491,40212,42794,39143,41335,32069,41281,10799,19177,476472,245698,74581,34621,109144,57254,11313,36,33
2021-06-12T23:59:59+02:00,148,134,17635,15867,33374,28008,39361,36746,58013,57436,76013,75445,55802,59713,37352,48041,11636,20751,4678,4582,8905,9353,10179,12968,12887,18478,40029,42647,39120,41320,32065,41279,10799,19176,476406,245263,74577,34621,109144,57243,11312,36,33
2021-06-11T23:59:59+02:00,146,134,17551,15808,33229,27940,39188,36692,57893,57399,75943,75421,55790,59708,37350,48039,11636,20750,4595,4389,8744,8792,9985,12249,12651,17408,39541,41352,38966,41189,32047,41245,10797,19175,476073,244772,74166,34619,109038,52404,11304,36,33
2021-06-10T23:59:59+02:00,132,114,16707,15091,31809,27025,37945,35781,57211,56941,75535,75154,55700,59617,37311,47995,11625,20732,4340,4196,8187,8299,9305,11494,11920,16348,36703,38323,38166,40393,31881,41063,10781,19145,472193,237746,71195,34487,108757,48040,10245,35,33
2021-06-09T23:59:59+02:00,110,88,15928,14384,30530,26121,36726,34896,56637,56554,75195,74928,55618,59512,37284,47951,11612,20711,4159,4043,7828,8110,8843,11276,11307,15971,31653,33487,36678,38873,31638,40795,10760,19096,467542,223921,68752,34365,108715,46464,9741,35,33
2021-06-08T23:59:59+02:00,83,70,15007,13512,29151,25028,35359,33886,56021,56151,74902,74718,55545,59440,37262,47921,11608,20701,4079,3979,7674,7995,8691,11163,11016,15768,28855,30690,35729,37947,31478,40600,10736,19063,462971,216507,65307,34308,108675,45245,9377,35,33
2021-06-07T23:59:59+02:00,75,57,14377,12923,27780,24219,34208,33107,55546,55896,74659,74615,55509,59403,37246,47911,11608,20697,3987,3907,7480,7871,8391,11031,10650,15525,24545,26329,34272,36421,31256,40333,10708,19035,459854,204784,62280,34244,108644,43665,9023,35,32
2021-06-06T23:59:59+02:00,74,54,14055,12732,26996,23801,33559,32688,55240,55734,74505,74549,55490,59380,37232,47902,11606,20696,3920,3871,7332,7826,8236,10948,10335,15325,21746,23479,33278,35352,31117,40179,10701,19020,458721,202006,60231,29065,108620,42883,8686,35,32
2021-06-05T23:59:59+02:00,74,52,14026,12706,26954,23759,33531,32669,55235,55725,74500,74544,55486,59375,37227,47900,11606,20696,3898,3856,7297,7805,8189,10931,10274,15284,20322,21932,32486,34475,31047,40097,10697,19013,458605,197048,60126,29062,108614,42783,8685,35,32
2021-06-04T23:59:59+02:00,68,48,13797,12444,26644,23445,33195,32358,55175,55644,74461,74524,55477,59370,37226,47898,11606,20695,3867,3828,7219,7726,8132,10853,10194,15163,20215,21814,32413,34421,31015,40060,10694,19010,456709,196968,60064,29050,108582,41896,8685,35,32
2021-06-03T23:59:59+02:00,50,43,13230,11955,25607,22759,32060,31608,54685,55311,74146,74331,55407,59293,37192,47868,11600,20679,3739,3736,6947,7557,7852,10681,9869,14927,18338,19959,30446,32130,30742,39730,10671,18962,452379,188420,58564,29031,108569,40536,8277,35,29
2021-06-02T23:59:59+02:00,37,31,12540,11201,24611,21856,30920,30656,54421,55048,73955,74191,55356,59215,37176,47847,11592,20672,3705,3716,6890,7502,7796,10633,9785,14836,17819,19413,28518,29963,30643,39586,10664,18951,446070,182899,58386,29030,108568,40202,8267,34,29
2021-06-01T23:59:59+02:00,23,16,11411,10313,22478,20419,28384,28764,53010,53985,72952,73412,55055,58898,37056,47677,11558,20613,3476,3544,6394,7196,7194,10215,8933,14236,15886,17613,24756,25738,29965,38710,10588,18798,436579,169002,53915,28893,108531,38362,6965,34,27
2021-05-31T23:59:59+02:00,18,12,10547,9647,20643,19248,26338,27257,51905,53136,72249,72866,54839,58640,36983,47577,11544,20577,3335,3395,6062,6951,6795,9916,8395,13881,14826,16640,23568,24372,29579,38224,10528,18704,429793,163279,49550,28859,108513,36878,6136,34,26
2021-05-30T23:59:59+02:00,16,9,10195,9301,19920,18751,25633,26677,51567,52854,72018,72670,54763,58561,36958,47550,11536,20569,3152,3205,5712,6685,6506,9673,8178,13677,14566,16369,23275,24057,29469,38117,10513,18676,427211,162456,49142,28802,108483,35875,4678,34,26
2021-05-29T23:59:59+02:00,16,9,10179,9289,19902,18724,25615,26651,51555,52850,72013,72660,54761,58556,36957,47550,11535,20569,3150,3197,5709,6681,6501,9671,8170,13669,14556,16365,23264,24049,29465,38112,10512,18675,427054,162387,49142,28800,108483,35862,4678,34,26
2021-05-28T23:59:59+02:00,16,9,10114,9193,19766,18555,25353,26422,51396,52674,71867,72530,54724,58506,36944,47530,11532,20556,3104,3121,5618,6543,6401,9475,8059,13400,14364,16089,23112,23895,29412,38049,10505,18666,425406,162005,49105,28799,108466,34314,4677,33,25
2021-05-27T23:59:59+02:00,16,9,8850,7990,17359,16739,22572,24273,50306,51861,71201,72040,54527,58289,36853,47436,11519,20528,2807,2787,4776,5922,5508,8695,7270,12419,13245,14899,22130,22864,29030,37599,10450,18579,413481,158206,48151,28536,108331,29848,2372,33,25
2021-05-26T23:59:59+02:00,15,9,8447,7573,16482,15936,21382,23262,49702,51315,70788,71656,54376,58127,36787,47362,11508,20498,2620,2614,4410,5592,5032,8190,6793,11771,12279,13924,21235,21836,28719,37156,10404,18494,407887,154370,47421,28449,108261,26609,1624,32,24
2021-05-25T23:59:59+02:00,15,9,7872,6973,15242,15053,19932,22090,49224,50916,70542,71473,54308,58045,36765,47337,11504,20489,2545,2511,4219,5462,4787,7963,6518,11462,11725,13395,19108,19695,28351,36626,10369,18445,401129,148757,47180,28436,108217,24740,1231,32,24
2021-05-24T23:59:59+02:00,15,9,7787,6872,15018,14926,19646,21911,49123,50797,70499,71434,54307,58040,36764,47336,11502,20486,2501,2449,4135,5298,4692,7718,6394,11178,11585,13155,18994,19583,28300,36579,10362,18434,399990,148607,47102,28394,108132,23124,1216,32,23
2021-05-23T23:59:59+02:00,14,9,7771,6859,14982,14910,19592,21883,49114,50795,70495,71428,54306,58038,36764,47335,11502,20486,2499,2445,4128,5293,4683,7714,6390,11165,11564,13133,18856,19390,28269,36540,10360,18432,399807,148129,47102,28392,108132,23115,1210,32,22
2021-05-22T23:59:59+02:00,14,9,7768,6851,14972,14898,19582,21876,49114,50793,70492,71428,54306,58037,36764,47335,11502,20486,2497,2438,4121,5287,4681,7714,6387,11162,11555,13130,18844,19384,28268,36540,10360,18432,399753,148093,47102,28392,108132,23091,1208,32,22
2021-05-21T23:59:59+02:00,14,8,7694,6754,14842,14764,19376,21716,48873,50559,70350,71322,54279,58011,36757,47328,11497,20480,2426,2353,4035,5146,4578,7501,6264,10865,11386,12841,18779,19320,28252,36510,10357,18430,398182,147844,47099,28392,108107,21586,1205,31,22
2021-05-20T23:59:59+02:00,14,8,7420,6460,14258,14239,18438,20843,46191,48210,69199,70351,53927,57650,36649,47188,11466,20451,2164,2190,3673,4781,4138,6951,5714,10034,10300,11746,17507,18042,27747,35911,10284,18283,387209,142617,46937,28103,107801,17740,989,26,22
2021-05-19T23:59:59+02:00,13,7,7181,6236,13595,13756,17171,19843,42213,44722,67712,69048,53473,57128,36487,46964,11430,20399,2088,1991,3509,4441,3891,6428,5272,9354,9313,10635,16033,16401,27054,34999,10159,18074,372443,135476,46367,27960,107572,15230,970,26,12
2021-05-18T23:59:59+02:00,13,5,6983,6059,13053,13326,16075,18986,37496,40706,66261,67728,52918,56588,36340,46742,11388,20342,2042,1862,3371,4251,3706,6114,4940,8875,8449,9764,14455,14670,26346,34149,10069,17902,356356,128862,46307,27397,107415,13795,905,26,12
2021-05-17T23:59:59+02:00,13,5,6848,5963,12730,13077,15580,18596,35316,38839,65423,66946,52647,56275,36261,46634,11374,20305,1973,1802,3183,4072,3487,5887,4618,8505,7672,9064,11202,10662,25435,33002,9986,17733,352628,123657,42040,21323,107336,12495,802,26,12
2021-05-16T23:59:59+02:00,13,5,6785,5880,12605,12923,15407,18427,34827,38370,65238,66778,52591,56215,36251,46609,11369,20300,1916,1705,3080,3949,3408,5785,4512,8361,7491,8878,9015,8071,24955,32321,9952,17676,351158,122525,41535,15985,107301,11986,573,26,12
2021-05-15T23:59:59+02:00,13,5,6780,5871,12599,12917,15403,18423,34822,38367,65236,66776,52591,56214,36251,46609,11369,20300,1915,1704,3077,3943,3403,5782,4507,8358,7489,8875,9013,8069,24954,32321,9952,17676,351116,122494,41535,15985,107299,11983,570,26,12
2021-05-14T23:59:59+02:00,13,5,6583,5774,12356,12855,15171,18331,33849,37581,64702,66368,52496,56127,36234,46576,11367,20295,1799,1616,2966,3873,3346,5674,4457,8212,7443,8747,9006,8064,24953,32321,9952,17675,347761,122440,41503,15981,106838,11118,559,22,12
2021-05-13T23:59:59+02:00,13,5,6333,5587,11947,12602,14605,17882,30323,34795,62228,64293,51866,55453,36097,46357,11355,20247,1756,1578,2909,3796,3314,5582,4414,8108,7362,8628,8969,8006,24933,32280,9947,17671,333781,122195,41280,15957,106409,10598,496,22,12
2021-05-12T23:59:59+02:00,13,5,6317,5565,11875,12539,14497,17775,29689,34219,61722,63842,51694,55280,36061,46312,11348,20234,1756,1575,2908,3796,3309,5582,4412,8106,7360,8622,8962,8003,24933,32278,9947,17670,330795,122172,41270,15947,106404,10597,496,22,12
2021-05-11T23:59:59+02:00,12,5,5993,5431,11434,12263,13952,17392,25429,30733,59343,61837,51035,54600,35872,46066,11327,20171,1714,1459,2805,3535,3188,5206,4273,7661,7205,8297,8878,7922,24904,32238,9944,17659,315867,121934,41217,15758,105420,8818,372,19,11
2021-05-10T23:59:59+02:00,12,5,5865,5358,11272,12148,13734,17224,21969,27976,58100,60721,50673,54250,35780,45943,11312,20140,1676,1364,2721,3306,3086,4875,4164,7170,7083,7859,8837,7862,24892,32217,9942,17655,305971,121791,41056,15609,105129,6996,307,19,11
2021-05-09T23:59:59+02:00,12,5,5788,5326,11187,12086,13634,17143,20369,26795,57635,60338,50571,54152,35754,45902,11305,20135,1659,1344,2664,3181,3035,4734,4119,7050,7022,7760,8825,7848,24885,32211,9941,17655,305405,121729,37489,15565,104930,6339,294,19,11
2021-05-08T23:59:59+02:00,12,5,5784,5323,11175,12082,13624,17134,20361,26789,57626,60332,50568,54144,35750,45899,11303,20132,1658,1344,2664,3179,3035,4734,4116,7047,7021,7759,8824,7848,24884,32209,9941,17655,305313,121714,37488,15565,104929,6339,294,19,11
2021-05-07T23:59:59+02:00,12,5,5744,5288,11110,12032,13518,17057,19905,26432,56628,59523,50438,54013,35721,45869,11300,20118,1554,1300,2584,3135,2995,4706,4082,7023,6999,7727,8817,7840,24882,32208,9941,17654,302148,121682,37472,15558,104785,5912,289,19,11
2021-05-06T23:59:59+02:00,12,5,5490,5176,10597,11724,12814,16604,18611,25445,52373,55872,49243,52634,35390,45470,11248,20015,1329,1168,2349,2962,2825,4541,3930,6824,6847,7575,8742,7762,24861,32172,9938,17647,287027,121411,37286,15420,104233,4475,160,17,11
2021-05-05T23:59:59+02:00,12,5,5230,5077,10104,11489,12059,16154,17279,24465,48005,51731,47574,50715,34953,44901,11173,19895,1283,1073,2287,2835,2742,4361,3836,6586,6739,7376,8629,7669,24800,32098,9932,17631,269853,120936,37060,15375,103845,3514,46,17,11
2021-05-04T23:59:59+02:00,12,5,5147,4992,9788,11277,11606,15765,16304,23597,46133,49700,46507,49407,34580,44413,11107,19786,1271,1054,2258,2793,2701,4275,3784,6479,6666,7300,8587,7630,24780,32082,9931,17626,259485,120718,37036,15314,103565,3156,23,17,11
2021-05-03T23:59:59+02:00,12,5,5044,4905,9440,11109,11143,15502,15241,22733,44559,48080,45626,48454,34360,44074,11079,19697,1256,1029,2226,2762,2659,4211,3736,6425,6592,7247,8018,6942,23047,29763,9793,17389,250464,114927,37028,15232,103539,2915,15,17,11
2021-05-02T23:59:59+02:00,12,5,4982,4886,9325,11073,10999,15441,14629,22244,44040,47670,45485,48288,34313,44012,11073,19686,1252,1024,2209,2760,2646,4203,3708,6412,6572,7234,7829,6699,21083,27362,9747,17301,249256,114907,35396,10244,103484,2874,10,17,11
2021-05-01T23:59:59+02:00,12,5,4982,4884,9320,11069,10996,15439,14625,22240,44038,47666,45484,48288,34313,44012,11073,19686,1251,1024,2209,2760,2646,4203,3707,6412,6570,7234,7829,6698,21083,27362,9747,17301,249226,114903,35396,10244,103483,2873,10,17,11
2021-04-30T23:59:59+02:00,12,5,4935,4862,9253,11054,10941,15414,14550,22214,42554,46254,45149,47956,34276,43960,11068,19676,1042,929,2011,2670,2546,4142,3621,6352,6508,7176,7822,6681,21082,27360,9747,17301,245239,114894,35396,10242,103471,1840,10,17,9
2021-04-29T23:59:59+02:00,12,4,4692,4780,8784,10903,10335,15243,13865,22006,37628,41941,44139,46930,34155,43842,11064,19646,862,852,1838,2591,2460,4076,3512,6282,6436,7127,7800,6662,21077,27354,9747,17301,231518,114854,35293,10140,103131,969,10,17,9
2021-04-28T23:59:59+02:00,12,4,4517,4745,8534,10818,9983,15153,13510,21852,32991,37440,42894,45677,34029,43695,11050,19628,820,823,1801,2545,2427,4000,3476,6173,6386,7035,7781,6643,21065,27341,9743,17294,218312,114770,35275,10092,102921,478,9,15,9
2021-04-27T23:59:59+02:00,11,3,4286,4530,8191,10369,9599,14573,13043,21204,31863,36312,42615,45395,34013,43667,11046,19625,793,809,1767,2522,2409,3982,3459,6154,6352,7009,7769,6634,21060,27336,9740,17288,215587,114713,35265,10062,99469,295,9,15,9
2021-04-26T23:59:59+02:00,11,3,4265,4502,8116,10332,9491,14517,12895,21145,27454,31928,41399,44173,33933,43567,11033,19615,760,798,1737,2503,2379,3961,3435,6133,6300,6963,7722,6585,21030,27306,9740,17281,203711,114511,35256,10018,99389,91,9,14,9
2021-04-25T23:59:59+02:00,11,3,4242,4489,8084,10305,9428,14485,12802,21099,25487,29886,40699,43412,33887,43509,11029,19610,748,791,1725,2489,2361,3947,3409,6112,6267,6934,7700,6565,21013,27285,9739,17277,203044,114487,30147,9776,99254,87,8,14,9
2021-04-24T23:59:59+02:00,11,3,4223,4478,8054,10276,9387,14469,12751,21077,23985,28223,39942,42573,33822,43433,11026,19604,747,790,1722,2487,2360,3944,3409,6108,6267,6931,7698,6563,21012,27285,9739,17277,197983,114467,30147,9775,99185,85,8,14,9
2021-04-23T23:59:59+02:00,10,3,3958,4326,7585,9979,8957,14113,12189,20674,23507,27925,39856,42512,33801,43399,11020,19597,733,780,1705,2474,2340,3928,3386,6086,6245,6912,7684,6545,21007,27274,9739,17276,197636,114452,30132,9577,95622,73,8,13,9
2021-04-22T23:59:59+02:00,10,3,3865,4269,7395,9863,8679,13919,11746,20346,21182,25569,37104,39271,33274,42730,10949,19478,720,771,1677,2444,2282,3871,3313,6014,6135,6816,7605,6459,20954,27230,9736,17261,184626,114331,29943,8875,95062,71,8,13,8
2021-04-21T23:59:59+02:00,10,3,3837,4237,7268,9785,8498,13748,11412,20057,19921,24366,33894,35558,32790,42027,10887,19352,696,753,1643,2416,2238,3847,3280,5981,6093,6777,7577,6432,20936,27206,9733,17257,172875,114225,29770,8562,94984,67,8,13,8
2021-04-20T23:59:59+02:00,10,3,3803,4211,7163,9716,8285,13593,11045,19759,18828,23219,30584,31914,32317,41428,10828,19243,688,743,1628,2404,2204,3825,3237,5936,6052,6734,7537,6386,20911,27182,9727,17254,161253,114066,29748,8306,94927,65,8,13,8
2021-04-19T23:59:59+02:00,10,3,3784,4194,7089,9678,8167,13484,10790,19573,18163,22557,29711,30786,32025,41062,10786,19168,680,738,1606,2390,2180,3795,3202,5903,6018,6703,7492,6353,20880,27154,9725,17250,156417,113933,29731,8062,94861,63,8,13,8
2021-04-18T23:59:59+02:00,10,3,3781,4188,7073,9664,8152,13465,10755,19549,18075,22475,29589,30661,31997,41040,10783,19160,678,734,1591,2378,2163,3780,3178,5877,5989,6680,7470,6340,20861,27132,9722,17247,155925,113874,29663,7873,94811,62,8,13,8
2021-04-17T23:59:59+02:00,10,3,3780,4186,7071,9662,8149,13465,10749,19542,18062,22464,29567,30648,31995,41038,10783,19160,677,734,1590,2377,2162,3779,3175,5876,5987,6678,7470,6340,20861,27132,9722,17247,155846,113861,29662,7873,94805,62,8,13,8
2021-04-16T23:59:59+02:00,10,3,3613,4148,6726,9533,7783,13278,10351,19296,17613,22190,29367,30489,31913,40949,10768,19141,665,716,1578,2362,2135,3764,3121,5839,5944,6628,7377,6251,20449,26568,9692,17186,155097,112538,29654,7667,92399,59,8,13,8
2021-04-15T23:59:59+02:00,10,3,3512,4069,6375,9162,7206,12778,9575,18460,16287,20959,28170,29197,31393,40308,10688,18966,635,693,1526,2323,2053,3677,3013,5719,5616,6391,6881,5866,19720,25659,9596,17018,149354,109193,29361,7128,88382,54,8,13,8
2021-04-14T23:59:59+02:00,9,3,3457,4019,6140,8924,6876,12401,8953,17909,15172,19929,26760,27697,30761,39432,10580,18771,600,667,1480,2285,1979,3599,2871,5596,5305,6156,6335,5352,18708,24374,9511,16845,142556,104930,29162,6674,86055,48,8,12,8
2021-04-13T23:59:59+02:00,9,3,3425,3988,6048,8847,6727,12273,8651,17663,14370,19237,23408,24144,29829,38252,10476,18599,595,658,1467,2263,1952,3566,2775,5525,5089,5973,5974,5016,18410,24031,9472,16779,130932,102843,29151,6644,85846,47,8,12,8
2021-04-12T23:59:59+02:00,9,3,3403,3967,5998,8790,6639,12189,8434,17468,13753,18708,22406,22992,29405,37694,10407,18477,585,650,1457,2255,1929,3545,2719,5474,4941,5869,5658,4735,18117,23729,9434,16719,125852,101260,29132,6498,85738,47,8,12,8
2021-04-11T23:59:59+02:00,9,3,3397,3961,5980,8766,6611,12172,8394,17445,13664,18647,22276,22844,29354,37629,10398,18452,582,645,1444,2245,1916,3537,2702,5458,4904,5832,5599,4677,17944,23495,9413,16690,125311,100599,29065,6426,85606,47,8,12,8
2021-04-10T23:59:59+02:00,9,3,3389,3960,5957,8765,6589,12171,8373,17444,13639,18645,22271,22841,29350,37628,10398,18452,581,643,1438,2239,1911,3534,2696,5450,4888,5822,5587,4660,17783,23242,9399,16666,125289,100089,28974,6393,85602,47,7,12,8
2021-04-09T23:59:59+02:00,8,3,3351,3948,5909,8753,6531,12155,8334,17417,13588,18600,20319,20433,28869,37013,10368,18403,568,630,1413,2217,1884,3511,2654,5414,4817,5760,5472,4557,17206,22510,9361,16595,124601,98325,23863,6195,85521,39,7,10,8
2021-04-08T23:59:59+02:00,8,3,3327,3929,5840,8721,6456,12116,8245,17354,13444,18482,17731,17372,28346,36349,10331,18353,526,600,1325,2136,1790,3415,2475,5229,4321,5395,4671,3951,15431,20289,9176,16294,123737,91363,18010,5624,84644,28,6,10,8
2021-04-07T23:59:59+02:00,6,3,3249,3901,5630,8671,6249,12057,8037,17279,13182,18387,15071,14310,27668,35553,10301,18300,503,572,1272,2081,1696,3335,2323,5089,3911,5063,3955,3388,14580,19427,9064,16113,123529,87062,16478,5278,77832,24,5,10,8
2021-04-06T23:59:59+02:00,5,3,3221,3891,5585,8653,6179,12034,7950,17242,13108,18316,13088,11947,27036,34840,10288,18270,472,550,1204,2026,1611,3254,2161,4971,3539,4786,3429,2980,13740,18430,8990,15997,123401,83435,16276,4678,71964,20,5,10,7
2021-04-05T23:59:59+02:00,5,3,3219,3888,5549,8640,6142,12022,7905,17226,13036,18280,13042,11901,27025,34824,10287,18267,440,520,1152,1989,1559,3213,2093,4917,3451,4710,3372,2928,13597,18260,8981,15979,123378,82944,16068,4191,71801,20,4,10,7
2021-04-04T23:59:59+02:00,5,3,3218,3887,5549,8638,6141,12022,7904,17223,13036,18280,13039,11901,27024,34824,10287,18267,439,519,1151,1989,1559,3213,2093,4917,3451,4710,3372,2928,13596,18260,8981,15979,123370,82940,16068,4191,71796,20,4,10,7
2021-04-03T23:59:59+02:00,5,3,3217,3887,5549,8637,6141,12022,7904,17223,13036,18280,13039,11900,27023,34821,10287,18267,439,518,1151,1989,1558,3213,2093,4916,3445,4707,3367,2917,13509,18124,8972,15963,123365,82664,16068,4191,71794,20,4,10,7
2021-04-02T23:59:59+02:00,5,3,3217,3884,5546,8632,6137,12013,7895,17211,13011,18249,12992,11848,26995,34803,10284,18263,436,511,1149,1985,1546,3204,2083,4894,3415,4674,3336,2888,12580,16880,8907,15855,123199,80209,16065,4110,71710,20,4,10,5
2021-04-01T23:59:59+02:00,5,3,3202,3870,5507,8612,6070,11980,7824,17176,12897,18178,12875,11723,26936,34727,10275,18248,389,468,1052,1918,1447,3117,1934,4782,3219,4541,3107,2689,10564,14297,8797,15680,122880,74656,15942,3322,71273,20,3,10,5
2021-03-31T23:59:59+02:00,5,3,3201,3856,5490,8578,6038,11944,7782,17131,12817,18109,12762,11598,26885,34667,10267,18239,351,447,1016,1876,1377,3077,1830,4679,2964,4347,2696,2374,7998,11071,8622,15442,122571,67162,15903,2982,70885,19,3,10,5
2021-03-30T23:59:59+02:00,5,3,3193,3846,5465,8550,6006,11913,7744,17091,12740,18043,12676,11460,26848,34620,10262,18229,330,428,993,1844,1317,3042,1706,4599,2718,4175,2324,2126,7113,9985,8556,15316,122441,63844,15873,2707,70368,18,2,10,5
2021-03-29T23:59:59+02:00,5,3,3181,3842,5436,8531,5970,11880,7700,17058,12667,17965,12033,10703,24987,32128,10114,17973,324,426,986,1829,1296,3018,1671,4559,2572,4089,2038,1977,6463,9275,8512,15238,116460,61550,15703,2704,70001,16,2,10,5
2021-03-28T23:59:59+02:00,5,3,3151,3826,5389,8494,5921,11838,7619,17003,12557,17897,11770,10402,23002,29668,10059,17874,323,424,984,1828,1288,3014,1667,4557,2560,4081,2013,1957,6441,9261,8510,15233,116400,61423,10529,2701,69537,16,2,10,3
2021-03-27T23:59:59+01:00,5,3,3139,3822,5350,8484,5885,11823,7572,16988,12511,17850,11736,10359,22998,29660,10059,17874,323,424,984,1828,1288,3014,1666,4555,2558,4079,2011,1955,6392,9186,8477,15184,116332,61206,10528,2701,69246,16,2,10,3
2021-03-26T23:59:59+01:00,5,3,3003,3497,4902,7326,5389,10504,6960,14941,11703,15579,11517,10178,22515,28935,10014,17803,322,420,979,1825,1283,3010,1663,4553,2553,4072,2003,1949,6262,8999,8334,14999,114787,60531,10274,2689,59701,5,2,10,3
2021-03-25T23:59:59+01:00,5,3,2876,3228,4742,6560,5163,9354,6636,13220,10979,13779,10661,9376,21801,28097,9941,17648,317,411,973,1815,1268,2991,1643,4518,2516,4023,1937,1890,5972,8571,8061,14553,111887,58769,9587,2685,52583,4,2,10,3
2021-03-24T23:59:59+01:00,5,3,2828,3184,4667,6499,5029,9248,6433,13050,10469,13375,9829,8555,20792,26842,9845,17467,315,406,965,1809,1251,2980,1628,4494,2470,3966,1869,1814,5609,8099,7650,13887,107887,56538,9240,2671,50984,4,0,9,3
2021-03-23T23:59:59+01:00,5,3,2799,3151,4599,6433,4919,9154,6222,12889,10013,12953,9119,7889,20283,26240,9793,17362,303,393,947,1800,1236,2960,1600,4472,2415,3917,1789,1749,5333,7721,7262,13272,105517,54497,8908,2670,49393,3,0,8,3
2021-03-22T23:59:59+01:00,5,3,2783,3115,4539,6395,4843,9086,6083,12752,9652,12681,8515,7324,19867,25803,9733,17268,301,389,935,1794,1221,2945,1587,4458,2388,3891,1763,1728,5196,7546,6820,12461,104042,52755,8649,2665,47748,3,0,8,2
2021-03-21T23:59:59+01:00,5,3,2776,3100,4494,6373,4792,9050,5992,12684,9464,12493,8211,7067,19699,25636,9721,17243,301,389,934,1794,1219,2945,1586,4457,2385,3891,1756,1722,5187,7541,6790,12404,103842,52650,8420,2648,46533,3,0,8,2
2021-03-20T23:59:59+01:00,5,3,2776,3095,4486,6368,4786,9047,5988,12676,9444,12479,8178,7036,19525,25359,9705,17217,301,389,934,1793,1218,2945,1585,4456,2381,3883,1744,1709,5174,7492,6614,12168,103285,52159,8408,2624,46472,3,0,8,2
2021-03-19T23:59:59+01:00,5,3,2741,3072,4412,6325,4677,8997,5848,12619,9178,12291,7873,6812,19041,24768,9673,17158,301,389,933,1792,1218,2942,1582,4455,2375,3878,1728,1701,5138,7449,6212,11552,101986,51038,8166,2604,45333,3,0,8,2
2021-03-18T23:59:59+01:00,5,3,2675,2999,4250,6189,4428,8791,5490,12310,8273,11622,6612,5801,17791,23411,9525,16933,298,385,928,1782,1204,2929,1544,4440,2308,3832,1650,1659,5066,7343,5484,10447,97104,48736,7624,2562,42372,2,0,8,1
2021-03-17T23:59:59+01:00,5,3,2637,2960,4170,6092,4291,8683,5235,12035,7599,11054,5626,4907,16446,21880,9360,16679,294,384,924,1773,1200,2921,1527,4418,2241,3806,1584,1614,5021,7279,4912,9569,91706,46959,7121,2507,40827,2,0,8,1
2021-03-16T23:59:59+01:00,5,3,2617,2932,4107,6026,4199,8587,5060,11879,7150,10666,4865,4290,15596,20904,9258,16509,290,382,921,1768,1197,2914,1519,4408,2219,3787,1554,1597,4984,7236,4410,8766,88083,45523,7085,2428,39477,2,0,8,1
2021-03-15T23:59:59+01:00,5,3,2614,2921,4091,6008,4168,8561,5010,11832,7033,10552,4720,4131,15278,20494,9229,16450,288,379,920,1762,1190,2907,1505,4399,2197,3764,1513,1580,4924,7162,3834,7907,87317,43942,6990,2289,38785,1,0,8,1
2021-03-14T23:59:59+01:00,5,2,2609,2912,4070,5989,4138,8542,4967,11799,6940,10463,4616,4020,15148,20325,9213,16414,286,378,920,1760,1184,2900,1500,4388,2186,3757,1503,1573,4916,7154,3829,7894,87013,43881,6972,2247,38180,1,0,7,1
2021-03-13T23:59:59+01:00,5,2,2605,2904,4066,5977,4130,8536,4959,11790,6920,10449,4594,3994,14832,19888,9193,16378,286,378,920,1760,1184,2900,1500,4388,2186,3757,1503,1573,4916,7153,3829,7894,86129,43880,6949,2247,38137,1,0,7,1
2021-03-12T23:59:59+01:00,5,2,2543,2828,3955,5807,4011,8315,4822,11491,6742,10179,4441,3856,13910,18634,9132,16276,286,377,918,1757,1184,2897,1498,4383,2185,3750,1495,1571,4908,7134,3827,7879,83670,43803,6887,2246,36387,1,0,5,1
2021-03-11T23:59:59+01:00,4,2,2418,2602,3731,5478,3755,7877,4497,10726,6115,9365,3922,3355,12318,16647,9034,16129,286,376,914,1754,1181,2883,1489,4371,2173,3722,1452,1542,4867,7099,3815,7852,79363,43653,6725,2123,31882,1,0,5,1
2021-03-10T23:59:59+01:00,4,2,2296,2469,3578,5245,3561,7554,4232,10239,5562,8797,3353,2913,10051,13932,8889,15902,283,372,910,1745,1174,2872,1484,4355,2149,3706,1423,1534,4836,7084,3806,7844,73070,43584,6555,1994,28949,0,0,5,1
2021-03-09T23:59:59+01:00,4,2,2269,2416,3513,5159,3448,7465,4061,10044,5169,8446,2876,2555,8543,11920,8787,15753,282,371,910,1739,1167,2863,1480,4347,2141,3695,1409,1529,4828,7079,3803,7842,68217,43543,6405,1943,27803,0,0,5,1
2021-03-08T23:59:59+01:00,4,2,2245,2346,3456,5094,3374,7380,3937,9932,4877,8256,2429,2294,6625,9522,8668,15579,282,368,909,1729,1161,2847,1474,4336,2137,3688,1398,1522,4811,7057,3796,7833,62539,43432,6070,1917,27406,0,0,5,1
2021-03-07T23:59:59+01:00,4,2,2182,2290,3359,4986,3278,7291,3840,9845,4742,8161,2378,2243,6603,9501,8668,15571,282,367,908,1729,1161,2847,1473,4336,2137,3688,1398,1522,4811,7057,3796,7833,62411,43430,5389,1917,27139,0,0,5,0
2021-03-06T23:59:59+01:00,4,2,2174,2277,3347,4977,3274,7286,3831,9836,4731,8158,2376,2241,6557,9431,8636,15522,282,367,907,1725,1160,2846,1473,4333,2133,3683,1397,1517,4805,7052,3794,7824,62202,43383,5329,1917,27124,0,0,5,0
2021-03-05T23:59:59+01:00,4,2,2044,2193,3123,4788,3036,6975,3554,9440,4403,7821,2289,2180,6350,9114,8445,15261,282,365,905,1722,1160,2845,1472,4327,2130,3677,1391,1515,4799,7045,3793,7818,61226,43331,4491,1917,25300,0,0,5,0
2021-03-04T23:59:59+01:00,4,2,1790,1973,2713,4355,2579,6336,2988,8536,3718,7007,2074,2020,6059,8748,8171,14807,279,364,904,1714,1158,2828,1471,4311,2121,3665,1380,1513,4787,7031,3786,7807,59588,43207,3218,1914,21069,0,0,5,0
2021-03-03T23:59:59+01:00,4,2,1719,1887,2606,4176,2447,6113,2852,8255,3537,6746,1992,1943,5721,8275,7818,14228,278,360,904,1704,1156,2805,1467,4287,2116,3650,1356,1502,4782,7025,3782,7800,57588,43062,3075,1914,19653,0,0,5,0
2021-03-02T23:59:59+01:00,4,2,1682,1806,2538,4058,2366,5963,2747,8074,3422,6595,1920,1876,5413,7838,7419,13560,276,355,901,1685,1153,2784,1464,4269,2115,3639,1331,1496,4772,7009,3776,7793,55504,42906,2833,1914,18941,0,0,5,0
2021-03-01T23:59:59+01:00,2,2,1673,1780,2499,3950,2318,5848,2710,7972,3369,6517,1880,1856,5274,7673,6948,12696,276,353,897,1679,1151,2772,1462,4256,2113,3624,1326,1491,4769,7007,3775,7787,53648,42826,2821,1914,18493,0,0,5,0
2021-02-28T23:59:59+01:00,2,2,1656,1743,2464,3879,2288,5793,2667,7892,3342,6471,1874,1852,5266,7668,6913,12637,276,353,896,1679,1151,2772,1462,4255,2113,3623,1326,1491,4769,7006,3775,7787,53526,42823,2819,1913,18059,0,0,5,0
2021-02-27T23:59:59+01:00,2,2,1654,1737,2460,3871,2284,5793,2666,7891,3340,6468,1868,1842,5257,7624,6743,12418,276,353,886,1674,1141,2765,1452,4246,2097,3614,1325,1488,4769,7005,3775,7787,53064,42819,2819,1836,18032,0,0,5,0
2021-02-26T23:59:59+01:00,2,1,1465,1581,2335,3628,2206,5388,2574,7388,3253,6010,1853,1816,5232,7591,6484,12029,275,351,879,1667,1133,2745,1446,4225,2087,3601,1318,1479,4761,6993,3771,7774,52320,42740,2798,1767,15713,0,0,5,0
2021-02-25T23:59:59+01:00,2,1,1248,1304,2115,3194,2033,4631,2377,6443,3012,5112,1764,1744,5181,7512,5916,11189,273,343,873,1607,1099,2650,1413,4114,2031,3527,1281,1458,4721,6952,3753,7723,50453,42279,2784,1541,11537,0,0,4,0
2021-02-24T23:59:59+01:00,2,1,1195,1094,2008,2925,1928,4292,2244,6037,2842,4843,1689,1689,5123,7422,5162,10015,271,337,835,1560,1049,2559,1353,3998,1941,3399,1241,1431,4706,6926,3743,7706,48129,42022,2772,1035,9606,0,0,4,0
2021-02-23T23:59:59+01:00,2,1,1180,1045,1974,2861,1902,4194,2218,5952,2809,4781,1681,1674,5088,7373,4532,8995,271,336,808,1532,1002,2507,1300,3920,1835,3326,1189,1406,4684,6901,3732,7672,46360,41825,2745,598,9153,0,0,4,0
2021-02-22T23:59:59+01:00,2,1,1172,1004,1923,2718,1858,4048,2163,5756,2755,4675,1670,1663,5054,7325,3929,8111,269,326,765,1493,948,2424,1212,3814,1695,3231,1100,1349,4643,6831,3707,7569,44755,41370,2725,8,8344,0,0,3,0
2021-02-21T23:59:59+01:00,2,1,1170,990,1892,2656,1832,3951,2136,5652,2735,4612,1662,1657,5051,7316,3929,8107,267,324,761,1487,940,2392,1210,3778,1682,3191,1091,1334,4627,6806,3685,7528,44702,41097,2714,8,7932,0,0,3,0
2021-02-20T23:59:59+01:00,2,1,1170,990,1892,2655,1831,3951,2136,5652,2733,4607,1653,1649,5047,7310,3927,8104,267,324,761,1486,939,2388,1209,3774,1681,3189,1091,1334,4574,6745,3639,7469,44688,40865,2689,7,7930,0,0,3,0
2021-02-19T23:59:59+01:00,2,1,1170,987,1889,2650,1830,3942,2135,5643,2730,4604,1634,1641,5034,7293,3924,8098,266,323,757,1477,931,2364,1202,3732,1654,3136,1064,1296,4385,6492,3462,7178,44608,39714,2670,7,7926,0,0,3,0
2021-02-18T23:59:59+01:00,2,1,1138,904,1850,2531,1791,3804,2082,5437,2669,4429,1618,1625,5018,7259,3919,8072,238,294,712,1353,882,2159,1117,3397,1538,2841,955,1109,3902,5721,3070,6329,44453,35612,2637,7,7056,0,0,3,0
2021-02-17T23:59:59+01:00,2,1,1089,775,1769,2298,1714,3505,1973,5077,2594,4180,1595,1616,4997,7245,3911,8068,233,291,702,1335,873,2137,1105,3362,1519,2820,948,1106,3522,5202,2778,5908,44412,33836,2581,7,5413,0,0,3,0
2021-02-16T23:59:59+01:00,2,1,1048,739,1711,2194,1646,3334,1902,4871,2516,4074,1560,1602,4970,7224,3902,8056,227,285,688,1301,852,2083,1074,3245,1480,2735,925,1083,3171,4657,2440,5419,44359,31662,2419,5,4571,0,0,3,0
2021-02-15T23:59:59+01:00,2,1,1041,723,1692,2118,1627,3234,1883,4762,2502,3996,1532,1588,4941,7207,3870,8000,215,275,673,1266,833,2033,1054,3179,1438,2670,894,1052,2753,4108,2114,4858,44230,29413,2336,4,4150,0,0,3,0
2021-02-14T23:59:59+01:00,2,1,945,689,1614,2084,1566,3215,1839,4740,2467,3983,1525,1585,4932,7195,3867,7995,208,263,664,1248,814,1993,1038,3113,1408,2602,864,1007,2664,3968,2042,4675,44188,28570,2300,3,3755,0,0,1,0
2021-02-13T23:59:59+01:00,2,1,892,665,1584,2061,1551,3207,1823,4733,2459,3982,1524,1584,4932,7195,3866,7994,206,262,662,1248,814,1989,1038,3111,1407,2600,863,1007,2562,3843,1978,4575,44182,28164,2300,3,3572,0,0,1,0
2021-02-12T23:59:59+01:00,2,1,558,517,1234,1945,1379,3104,1683,4651,2352,3912,1505,1575,4923,7184,3860,7988,194,256,650,1222,800,1945,1012,3026,1351,2501,801,933,2339,3532,1836,4274,44069,26672,2300,2,2003,0,0,1,0
2021-02-11T23:59:59+01:00,2,1,392,440,1044,1832,1277,2985,1584,4537,2264,3823,1398,1531,4861,7135,3839,7941,156,192,550,979,664,1500,812,2357,1073,1911,566,685,1741,2660,1355,3087,43717,20289,2102,1,1066,0,0,1,0
2021-02-10T23:59:59+01:00,2,1,279,368,918,1727,1177,2862,1489,4352,2151,3700,1361,1518,4842,7124,3834,7939,134,130,379,618,492,1011,642,1746,905,1577,545,670,1335,2099,1040,2592,43641,15917,1998,0,4,0,0,1,0
2021-02-09T23:59:59+01:00,2,1,279,367,917,1721,1174,2853,1489,4347,2150,3695,1354,1515,4840,7122,3833,7937,131,128,370,588,473,984,621,1717,880,1546,543,667,956,1634,763,2188,43617,14191,1975,0,3,0,0,1,0
2021-02-08T23:59:59+01:00,2,1,279,365,916,1719,1171,2843,1482,4342,2148,3691,1349,1511,4838,7122,3832,7934,126,122,359,577,465,967,610,1684,862,1520,535,662,565,1147,460,1764,43589,12427,1952,0,3,0,0,1,0
2021-02-07T23:59:59+01:00,2,1,279,365,914,1719,1170,2843,1480,4340,2148,3691,1349,1511,4838,7121,3832,7934,122,119,355,571,464,960,607,1672,853,1504,527,658,564,1137,455,1749,43585,12319,1951,0,0,0,0,1,0
2021-02-06T23:59:59+01:00,2,1,279,365,914,1719,1170,2843,1480,4340,2148,3691,1349,1511,4838,7121,3832,7934,119,116,353,567,463,959,607,1670,853,1503,526,657,564,1137,455,1749,43585,12300,1951,0,0,0,0,1,0
2021-02-05T23:59:59+01:00,2,1,279,364,913,1719,1170,2842,1478,4339,2147,3691,1349,1511,4837,7119,3832,7931,118,108,350,563,455,946,603,1660,839,1480,521,647,558,1121,445,1727,43572,12143,1951,0,0,0,0,1,0
2021-02-04T23:59:59+01:00,2,1,276,359,906,1681,1163,2796,1477,4287,2134,3648,1341,1504,4809,7088,3821,7901,89,71,233,390,331,687,474,1270,628,1111,391,514,468,913,388,1485,43243,9444,1950,0,0,0,0,1,0
2021-02-03T23:59:59+01:00,2,1,274,350,901,1656,1159,2761,1466,4237,2125,3612,1333,1488,4787,7059,3809,7875,55,33,81,166,152,341,232,596,303,541,210,278,273,575,226,944,42944,5007,1950,0,0,0,0,1,0
2021-02-02T23:59:59+01:00,2,1,273,348,900,1644,1155,2742,1463,4205,2118,3586,1325,1482,4780,7046,3802,7853,16,10,26,49,60,97,73,164,97,121,45,74,67,126,50,193,42774,1269,1950,0,0,0,0,1,0
2021-02-01T23:59:59+01:00,2,1,273,343,900,1642,1154,2741,1462,4201,2117,3580,1324,1481,4778,7045,3802,7853,14,9,22,43,51,88,60,136,74,102,39,65,57,116,49,180,42748,1106,1950,0,0,0,0,1,0
2021-01-31T23:59:59+01:00,2,1,273,342,900,1638,1153,2737,1462,4196,2117,3577,1323,1481,4778,7044,3802,7853,13,8,21,38,44,80,54,125,64,96,34,54,47,108,46,174,42728,1007,1950,0,0,0,0,1,0
2021-01-30T23:59:59+01:00,2,1,273,342,895,1635,1145,2729,1454,4190,2113,3574,1323,1481,4725,6984,3756,7794,13,8,21,37,44,80,53,124,64,96,34,54,47,108,46,174,42499,1004,1916,0,0,0,0,1,0
2021-01-29T23:59:59+01:00,2,1,272,341,880,1627,1133,2708,1442,4160,2091,3547,1314,1475,4563,6781,3592,7590,11,8,21,37,41,80,52,122,61,95,32,49,46,108,46,174,41713,984,1805,0,0,0,0,1,0
2021-01-28T23:59:59+01:00,2,1,268,328,861,1540,1093,2598,1405,4060,2021,3472,1287,1463,4229,6312,3329,7237,7,4,10,17,22,39,21,56,36,63,20,31,31,70,36,117,39945,581,1560,0,0,0,0,1,0
2021-01-27T23:59:59+01:00,2,1,262,325,819,1485,1046,2504,1342,3963,1947,3365,1248,1436,3818,5749,3012,6778,3,4,10,8,12,21,8,22,14,29,11,13,15,39,14,56,37993,280,1108,0,0,0,0,1,0
2021-01-26T23:59:59+01:00,2,1,256,316,785,1439,981,2419,1281,3836,1830,3260,1190,1385,3474,5195,2664,6268,1,1,6,3,5,7,4,2,3,8,6,5,3,7,3,8,35919,73,662,0,0,0,0,1,0
2021-01-25T23:59:59+01:00,2,1,246,307,733,1378,920,2300,1180,3691,1670,3141,1111,1355,3081,4684,2355,5802,1,1,6,2,3,7,2,2,3,8,6,5,3,7,3,8,33897,68,60,0,0,0,0,0,0
2021-01-24T23:59:59+01:00,2,1,243,307,727,1374,909,2284,1175,3675,1643,3111,1105,1353,3055,4648,2338,5780,1,1,4,2,3,7,2,2,3,8,6,5,3,7,3,8,33723,66,7,0,0,0,0,0,0
2021-01-23T23:59:59+01:00,2,1,242,306,726,1374,909,2280,1174,3673,1640,3109,1104,1353,2950,4522,2272,5679,1,1,4,2,2,7,2,2,3,8,6,5,3,7,3,8,33310,65,6,0,0,0,0,0,0
2021-01-22T23:59:59+01:00,2,1,241,303,724,1358,907,2267,1168,3659,1636,3105,1102,1352,2791,4328,2170,5537,1,1,4,2,2,7,2,2,3,8,6,5,3,7,3,8,32645,65,6,0,0,0,0,0,0
2021-01-21T23:59:59+01:00,2,1,237,274,661,1202,839,2055,1087,3374,1539,2899,1060,1310,2448,3862,1881,5102,1,0,4,1,2,7,2,2,3,8,6,4,3,7,3,8,29827,62,6,0,0,0,0,0,0
2021-01-20T23:59:59+01:00,2,1,213,210,501,851,664,1565,887,2673,1302,2431,965,1176,1919,3116,1472,4338,1,0,4,1,2,7,2,2,3,6,5,4,3,7,3,8,24280,59,6,0,0,0,0,0,0
2021-01-19T23:59:59+01:00,2,1,186,191,454,744,610,1409,800,2373,1128,2124,798,920,1277,2191,1015,3274,0,0,3,1,0,0,0,0,2,1,1,0,0,0,0,0,19494,8,3,0,0,0,0,0,0
2021-01-18T23:59:59+01:00,1,1,138,136,378,619,487,1055,646,1828,937,1634,592,711,635,1271,513,1969,0,0,1,0,0,0,0,0,1,0,0,0,0,0,0,0,13549,2,2,0,0,0,0,0,0
2021-01-17T23:59:59+01:00,1,1,127,122,364,582,472,990,617,1711,878,1535,543,671,588,1174,471,1826,0,0,0,0,0,0,0,0,0,0,0,0,0,0,0,0,12673,0,0,0,0,0,0,0,0
2021-01-16T23:59:59+01:00,1,1,120,118,361,578,470,979,611,1698,872,1528,542,670,587,1169,467,1814,0,0,0,0,0,0,0,0,0,0,0,0,0,0,0,0,12586,0,0,0,0,0,0,0,0
2021-01-15T23:59:59+01:00,1,1,118,111,358,573,462,963,607,1687,857,1504,536,658,580,1153,459,1792,0,0,0,0,0,0,0,0,0,0,0,0,0,0,0,0,12420,0,0,0,0,0,0,0,0
2021-01-14T23:59:59+01:00,1,1,97,89,275,464,391,784,504,1416,700,1214,418,529,500,959,403,1607,0,0,0,0,0,0,0,0,0,0,0,0,0,0,0,0,10352,0,0,0,0,0,0,0,0
2021-01-13T23:59:59+01:00,1,1,67,49,163,282,255,519,352,923,478,780,258,324,311,634,258,1030,0,0,0,0,0,0,0,0,0,0,0,0,0,0,0,0,6685,0,0,0,0,0,0,0,0
2021-01-12T23:59:59+01:00,1,1,31,21,49,101,113,212,150,382,200,334,135,175,162,351,146,566,0,0,0,0,0,0,0,0,0,0,0,0,0,0,0,0,3130,0,0,0,0,0,0,0,0
2021-01-11T23:59:59+01:00,1,0,18,11,33,64,60,110,76,168,92,125,39,65,60,121,50,181,0,0,0,0,0,0,0,0,0,0,0,0,0,0,0,0,1274,0,0,0,0,0,0,0,0
2021-01-10T23:59:59+01:00,1,0,15,7,27,53,53,98,66,153,76,111,33,55,50,112,46,172,0,0,0,0,0,0,0,0,0,0,0,0,0,0,0,0,1128,0,0,0,0,0,0,0,0
2021-01-09T23:59:59+01:00,1,0,14,7,26,51,52,97,63,152,76,109,33,55,50,112,46,172,0,0,0,0,0,0,0,0,0,0,0,0,0,0,0,0,1116,0,0,0,0,0,0,0,0
2021-01-08T23:59:59+01:00,1,0,11,7,24,48,47,92,59,139,70,105,31,50,49,112,46,172,0,0,0,0,0,0,0,0,0,0,0,0,0,0,0,0,1063,0,0,0,0,0,0,0,0
2021-01-07T23:59:59+01:00,1,0,7,4,9,18,21,40,22,56,38,65,19,33,36,75,36,116,0,0,0,0,0,0,0,0,0,0,0,0,0,0,0,0,596,0,0,0,0,0,0,0,0
2021-01-06T23:59:59+01:00,1,0,7,4,9,15,14,30,14,39,25,53,15,25,30,67,34,101,0,0,0,0,0,0,0,0,0,0,0,0,0,0,0,0,483,0,0,0,0,0,0,0,0
2021-01-05T23:59:59+01:00,1,0,7,4,9,15,14,30,14,39,25,53,15,25,29,67,34,101,0,0,0,0,0,0,0,0,0,0,0,0,0,0,0,0,482,0,0,0,0,0,0,0,0
2021-01-04T23:59:59+01:00,1,0,2,4,8,5,4,14,3,7,6,16,6,5,6,16,4,13,0,0,0,0,0,0,0,0,0,0,0,0,0,0,0,0,120,0,0,0,0,0,0,0,0
2021-01-03T23:59:59+01:00,1,0,1,1,3,2,2,7,2,3,3,9,4,4,3,8,3,8,0,0,0,0,0,0,0,0,0,0,0,0,0,0,0,0,64,0,0,0,0,0,0,0,0
2021-01-02T23:59:59+01:00,1,0,1,1,3,2,2,7,2,3,3,9,4,4,3,8,3,8,0,0,0,0,0,0,0,0,0,0,0,0,0,0,0,0,64,0,0,0,0,0,0,0,0
2021-01-01T23:59:59+01:00,1,0,1,1,3,2,2,7,2,3,3,9,4,4,3,8,3,8,0,0,0,0,0,0,0,0,0,0,0,0,0,0,0,0,64,0,0,0,0,0,0,0,0
2020-12-31T23:59:59+01:00,1,0,1,1,3,1,2,7,2,2,3,8,4,4,3,8,3,8,0,0,0,0,0,0,0,0,0,0,0,0,0,0,0,0,61,0,0,0,0,0,0,0,0
2020-12-30T23:59:59+01:00,1,0,1,1,3,1,2,7,2,2,3,6,4,4,3,8,3,8,0,0,0,0,0,0,0,0,0,0,0,0,0,0,0,0,59,0,0,0,0,0,0,0,0
2020-12-29T23:59:59+01:00,1,0,1,1,2,1,2,6,2,2,3,6,2,2,2,8,2,7,0,0,0,0,0,0,0,0,0,0,0,0,0,0,0,0,50,0,0,0,0,0,0,0,0
2020-12-28T23:59:59+01:00,1,0,0,0,2,1,0,2,1,0,1,3,0,1,0,1,1,4,0,0,0,0,0,0,0,0,0,0,0,0,0,0,0,0,18,0,0,0,0,0,0,0,0
2020-12-27T23:59:59+01:00,0,0,0,0,0,0,0,1,1,0,1,2,0,1,0,1,1,4,0,0,0,0,0,0,0,0,0,0,0,0,0,0,0,0,12,0,0,0,0,0,0,0,0
