Datum,<15_m,<15_w,15-24_1_m,15-24_1_w,25-34_1_m,25-34_1_w,35-44_1_m,35-44_1_w,45-54_1_m,45-54_1_w,55-64_1_m,55-64_1_w,65-74_1_m,65-74_1_w,75-84_1_m,75-84_1_w,>84_1_m,>84_1_w,<24_2_m,<24_2_w,25-34_2_m,25-34_2_w,35-44_2_m,35-44_2_w,45-54_2_m,45-54_2_w,55-64_2_m,55-64_2_w,65-74_2_m,65-74_2_w,75-84_2_m,75-84_2_w,>84_2_m,>84_2_w,bp_1,bp_2,mo_1,mo_2,az_1,az_2,ja,unb_1,unb_2
2021-08-26T23:59:59+02:00,3959,3695,38878,37271,52957,45645,57810,54202,70115,68651,85193,83601,59455,63579,38809,50023,11997,21436,34998,33723,49435,42039,54602,50481,66417,64340,81248,79560,57309,61105,37525,48252,11607,20679,628271,590117,78970,75459,109540,103278,30453,42,49
2021-08-25T23:59:59+02:00,3869,3629,38712,37075,52810,45463,57700,54065,70017,68553,85102,83509,59420,63539,38791,50004,11995,21429,34614,33312,49170,41730,54370,50221,66226,64141,81073,79392,57225,61026,37503,48215,11595,20668,627054,587408,78969,75456,109540,103278,30077,42,49
2021-08-24T23:59:59+02:00,3851,3614,38628,37005,52733,45394,57646,54014,69966,68508,85058,83469,59390,63514,38783,49987,11992,21419,34466,33192,49053,41642,54284,50141,66127,64050,80984,79315,57180,60984,37496,48199,11591,20659,626629,586505,78966,75453,109538,103273,29796,42,49
2021-08-23T23:59:59+02:00,3825,3580,38535,36911,52653,45330,57590,53947,69909,68457,85007,83431,59373,63488,38773,49973,11990,21411,34329,33055,48933,41567,54187,50056,66036,63956,80902,79253,57147,60935,37476,48180,11590,20648,626103,585641,78964,75426,109535,103260,29539,42,49
2021-08-22T23:59:59+02:00,3818,3580,38506,36900,52638,45311,57571,53935,69884,68441,84990,83418,59364,63477,38771,49964,11985,21409,34284,33016,48908,41529,54152,50029,65995,63933,80867,79228,57132,60920,37473,48171,11585,20645,626004,585360,78962,75416,109533,103260,29421,42,49
2021-08-21T23:59:59+02:00,3816,3577,38487,36893,52630,45300,57558,53929,69870,68430,84985,83409,59358,63475,38770,49964,11985,21409,34269,33010,48899,41520,54139,50024,65983,63922,80862,79222,57128,60919,37473,48171,11585,20645,625967,585343,78961,75415,109532,103260,29343,42,49
2021-08-20T23:59:59+02:00,3795,3545,38415,36823,52546,45229,57484,53867,69796,68378,84924,83362,59342,63456,38767,49960,11985,21403,34168,32905,48787,41452,54054,49951,65890,63857,80793,79169,57109,60896,37467,48166,11584,20641,625599,584834,78959,75412,109532,103257,28945,42,49
2021-08-19T23:59:59+02:00,3767,3512,38249,36681,52386,45093,57364,53768,69669,68261,84826,83285,59313,63414,38752,49944,11981,21391,33821,32649,48503,41212,53838,49758,65683,63675,80619,79035,57054,60823,37422,48131,11579,20630,624725,582941,78957,75318,109531,103244,28401,42,49
2021-08-18T23:59:59+02:00,3716,3462,38063,36525,52268,44973,57270,53662,69560,68167,84751,83223,59274,63371,38737,49924,11979,21384,33439,32239,48205,40956,53586,49482,65466,63468,80438,78875,56972,60737,37386,48089,11576,20620,623738,580390,78954,75192,109529,103237,28046,42,49
2021-08-17T23:59:59+02:00,3657,3414,37904,36370,52155,44852,57190,53566,69466,68082,84679,83161,59239,63340,38724,49901,11975,21376,33047,31799,47882,40648,53294,49194,65217,63229,80239,78669,56865,60627,37345,48040,11564,20609,622801,577300,78954,75176,109524,103216,27730,42,49
2021-08-16T23:59:59+02:00,3603,3364,37760,36226,52062,44755,57116,53496,69398,68015,84628,83115,59217,63311,38710,49885,11969,21368,32485,31242,47491,40234,52911,48812,64913,62966,80022,78475,56789,60515,37313,47987,11556,20588,621909,573304,78950,75141,109524,103196,27573,42,49
2021-08-15T23:59:59+02:00,3593,3355,37728,36201,52030,44736,57090,53463,69381,67999,84617,83104,59206,63307,38707,49876,11969,21366,32409,31144,47422,40170,52848,48752,64869,62925,79981,78448,56771,60495,37305,47974,11555,20584,621722,572753,78950,75110,109523,103185,27491,42,49
2021-08-14T23:59:59+02:00,3588,3351,37720,36194,52025,44732,57083,53457,69377,67996,84610,83100,59199,63302,38706,49874,11969,21366,32402,31138,47416,40167,52838,48744,64866,62923,79975,78446,56766,60490,37304,47972,11555,20584,621690,572730,78947,75110,109523,103185,27447,42,49
2021-08-13T23:59:59+02:00,3571,3338,37652,36153,51966,44683,57019,53408,69307,67955,84546,83064,59177,63290,38695,49860,11966,21360,32264,31025,47288,40068,52721,48645,64764,62843,79886,78396,56743,60469,37291,47962,11553,20579,621390,571931,78947,75108,109523,103185,27108,42,49
2021-08-12T23:59:59+02:00,3532,3311,37526,36032,51875,44593,56951,53324,69211,67882,84473,82999,59149,63266,38681,49848,11966,21357,31738,30540,46901,39721,52338,48299,64438,62613,79672,78188,56654,60382,37247,47920,11548,20563,620673,568480,78947,75079,109521,103078,26793,42,49
2021-08-11T23:59:59+02:00,3490,3269,37378,35889,51766,44489,56835,53206,69116,67794,84390,82922,59109,63228,38660,49832,11962,21353,31099,29926,46393,39335,51911,47863,64136,62336,79461,77986,56560,60276,37211,47848,11535,20545,619795,564455,78942,75055,109519,102990,26390,42,49
2021-08-10T23:59:59+02:00,3443,3223,37220,35740,51652,44368,56732,53097,69051,67725,84326,82865,59085,63192,38642,49819,11955,21348,30208,28948,45665,38633,51251,47259,63750,61978,79214,77745,56455,60172,37166,47779,11527,20533,618858,558269,78940,75053,109516,102987,26128,41,49
2021-08-09T23:59:59+02:00,3407,3194,37126,35632,51579,44299,56674,53056,69020,67682,84296,82834,59070,63178,38630,49800,11954,21346,29500,28204,45001,38060,50679,46682,63380,61622,78936,77498,56335,60076,37123,47724,11520,20519,618277,554187,78938,73604,109516,102962,26005,41,49
2021-08-08T23:59:59+02:00,3398,3181,37100,35616,51555,44275,56656,53046,69002,67664,84276,82819,59067,63173,38625,49793,11953,21345,29372,28062,44854,37964,50584,46602,63326,61565,78888,77459,56299,60058,37113,47713,11520,20516,618106,553264,78937,73596,109515,102930,25945,41,49
2021-08-07T23:59:59+02:00,3398,3181,37096,35610,51545,44274,56654,53046,68998,67661,84275,82817,59066,63173,38625,49793,11953,21345,29361,28056,44842,37958,50583,46598,63323,61560,78885,77456,56298,60057,37113,47713,11520,20516,618096,553234,78936,73592,109515,102930,25922,41,49
2021-08-06T23:59:59+02:00,3387,3168,37031,35554,51469,44212,56590,53004,68956,67630,84243,82788,59053,63154,38614,49787,11950,21343,29123,27830,44639,37773,50402,46458,63188,61446,78787,77388,56273,60032,37098,47703,11517,20513,617825,551794,78933,73586,109515,102929,25619,41,49
2021-08-05T23:59:59+02:00,3354,3128,36879,35420,51354,44081,56474,52887,68844,67517,84118,82715,59012,63101,38591,49767,11941,21333,28427,27213,44057,37293,49850,46005,62831,61150,78494,77168,56164,59937,37060,47651,11509,20498,617039,547496,78931,73576,109515,102753,24990,41,49
2021-08-04T23:59:59+02:00,3295,3065,36681,35251,51208,43936,56335,52774,68723,67394,84005,82606,58946,63043,38574,49738,11937,21323,27281,26091,43099,36418,48887,45103,62241,60546,78000,76731,55955,59758,37002,47562,11496,20478,615975,539160,78921,73537,109515,102699,24382,41,49
2021-08-03T23:59:59+02:00,3221,3007,36464,35053,51060,43801,56214,52654,68595,67280,83918,82537,58904,63000,38556,49708,11929,21308,26206,24981,42174,35527,47988,44221,61706,60018,77555,76325,55789,59571,36943,47476,11478,20447,614642,530865,78913,73490,109513,102673,24100,41,49
2021-08-02T23:59:59+02:00,3177,2953,36320,34904,50953,43693,56122,52557,68510,67192,83835,82463,58866,62952,38541,49689,11921,21296,25307,23980,41333,34791,47258,43484,61224,59552,77173,75981,55627,59423,36893,47399,11461,20426,613685,523920,78912,73436,109512,102531,23794,41,49
2021-08-01T23:59:59+02:00,3172,2948,36305,34882,50928,43675,56104,52533,68481,67179,83821,82451,58860,62947,38540,49685,11921,21296,25047,23732,41090,34591,47028,43288,61083,59416,77057,75885,55591,59394,36878,47386,11457,20422,613550,522063,78908,73395,109511,102466,23718,41,49
2021-07-31T23:59:59+02:00,3171,2947,36299,34881,50927,43674,56102,52532,68479,67178,83821,82450,58860,62947,38540,49685,11921,21296,25040,23719,41080,34584,47022,43282,61074,59414,77055,75884,55591,59391,36878,47386,11457,20421,613536,521997,78907,73394,109511,102466,23715,41,49
2021-07-30T23:59:59+02:00,3155,2933,36241,34817,50856,43623,56043,52474,68424,67137,83783,82410,58848,62933,38536,49678,11918,21293,24722,23409,40805,34371,46767,43087,60889,59284,76907,75770,55561,59352,36864,47374,11457,20421,613248,520070,78903,73392,109508,102359,23402,41,49
2021-07-29T23:59:59+02:00,3132,2905,36103,34695,50729,43501,55952,52375,68354,67073,83713,82359,58822,62915,38525,49669,11918,21292,23767,22420,39931,33627,45870,42306,60346,58846,76550,75469,55441,59214,36825,47320,11450,20410,612382,513036,78883,73267,109508,102192,23218,41,49
2021-07-28T23:59:59+02:00,3082,2850,35866,34461,50510,43331,55759,52229,68216,66936,83598,82261,58769,62868,38503,49633,11908,21284,22554,21171,38611,32530,44563,41137,59552,58188,76046,75013,55247,59027,36757,47217,11436,20385,611027,503256,78879,73102,109508,102035,22609,41,49
2021-07-27T23:59:59+02:00,3057,2831,35759,34345,50429,43248,55684,52177,68154,66868,83537,82190,58730,62825,38491,49618,11907,21275,21315,19779,37187,31195,43195,39838,58929,57596,75626,74604,55084,58851,36699,47163,11424,20362,610309,492850,78864,72926,109508,101922,22403,41,49
2021-07-26T23:59:59+02:00,3038,2812,35697,34252,50373,43195,55643,52129,68109,66831,83502,82165,58716,62810,38479,49606,11906,21273,20293,18678,35935,30081,41929,38690,58431,57197,75342,74353,54987,58751,36678,47128,11418,20348,609793,484613,78859,72597,109508,101761,22335,41,49
2021-07-25T23:59:59+02:00,3027,2807,35645,34212,50332,43151,55617,52106,68086,66807,83473,82142,58703,62803,38476,49603,11903,21267,19893,18317,35523,29755,41525,38386,58238,57044,75185,74251,54944,58713,36657,47108,11414,20344,609506,481906,78854,72335,109508,101733,22251,41,49
2021-07-24T23:59:59+02:00,3027,2807,35641,34208,50330,43148,55615,52105,68084,66807,83471,82141,58703,62803,38475,49603,11903,21267,19888,18307,35515,29747,41519,38385,58235,57042,75181,74249,54944,58713,36656,47108,11414,20344,609497,481870,78853,72335,109508,101731,22239,41,49
2021-07-23T23:59:59+02:00,3002,2782,35490,34092,50183,43048,55499,52001,67988,66715,83381,82090,58672,62774,38465,49598,11898,21264,19651,18087,35255,29572,41248,38204,58070,56914,75045,74173,54905,58690,36644,47098,11408,20338,608876,480752,78853,72043,109508,101729,21664,41,49
2021-07-22T23:59:59+02:00,2952,2697,35055,33726,49875,42810,55238,51776,67761,66536,83206,81939,58587,62681,38430,49552,11887,21246,18865,17425,34161,28840,40128,37378,57337,56449,74494,73804,54728,58512,36580,47014,11387,20312,606742,475247,78838,70619,109504,101512,20829,41,49
2021-07-21T23:59:59+02:00,2897,2639,34746,33398,49637,42601,55051,51591,67571,66352,83079,81814,58522,62629,38399,49513,11876,21236,18041,16593,32854,27849,38867,36420,56648,55889,74049,73442,54582,58337,36515,46930,11375,20279,604930,469356,78787,68436,109503,101300,20290,41,49
2021-07-20T23:59:59+02:00,2821,2576,34390,33019,49358,42370,54880,51397,67392,66197,82942,81696,58460,62576,38371,49468,11875,21221,16891,15472,31144,26448,37141,34968,55850,55244,73508,72998,54416,58148,36465,46846,11358,20241,602861,460199,78751,66697,109502,100964,19854,41,49
2021-07-19T23:59:59+02:00,2737,2506,33832,32458,49046,42061,54606,51133,67197,65984,82771,81530,58393,62494,38326,49416,11868,21206,16241,14899,30206,25770,36286,34255,55413,54821,73182,72761,54329,58062,36428,46796,11352,20219,599667,456527,78692,64532,109501,100794,19663,41,49
2021-07-18T23:59:59+02:00,2709,2488,33733,32345,48955,42005,54550,51076,67138,65934,82729,81488,58365,62468,38315,49403,11866,21199,15923,14635,29635,25391,35793,33908,55158,54659,73037,72660,54287,58024,36420,46781,11351,20215,599065,455089,78677,62998,109500,100766,19483,41,49
2021-07-17T23:59:59+02:00,2709,2488,33731,32343,48951,42004,54549,51074,67138,65933,82729,81488,58365,62467,38315,49403,11866,21199,15918,14629,29626,25376,35788,33904,55154,54658,73037,72660,54287,58024,36420,46781,11351,20215,599055,455045,78674,62994,109500,100766,19482,41,49
2021-07-16T23:59:59+02:00,2651,2423,33122,31822,48459,41658,54157,50739,66758,65613,82417,81256,58246,62355,38265,49354,11862,21192,15502,14305,29137,25007,35345,33573,54818,54406,72778,72468,54175,57937,36385,46743,11348,20211,596843,453662,78670,62865,109499,100757,17296,41,49
2021-07-15T23:59:59+02:00,2518,2291,32261,31044,47835,41088,53585,50261,66334,65269,82165,81017,58157,62259,38231,49311,11854,21173,14668,13638,27820,24181,34045,32765,54143,54008,72369,72246,54082,57843,36356,46709,11341,20196,591839,449502,78659,60502,109498,100177,16616,41,49
2021-07-14T23:59:59+02:00,2412,2205,31715,30519,47349,40655,53168,49866,66010,64992,81931,80770,58054,62163,38199,49261,11844,21160,13426,12499,25826,22733,32144,31244,53396,53422,71864,71907,53946,57718,36315,46648,11331,20181,588005,440394,78642,58578,109497,99842,16088,41,48
2021-07-13T23:59:59+02:00,2355,2135,31446,30251,47079,40431,52921,49642,65809,64805,81765,80621,57990,62087,38174,49224,11834,21147,12440,11653,24100,21426,30202,29663,52207,52256,71049,71119,53701,57442,36228,46534,11314,20154,585860,433696,78627,55658,109489,96692,15699,41,47
2021-07-12T23:59:59+02:00,2129,1928,30584,29322,46428,39898,52352,49075,65420,64416,81491,80350,57858,61961,38132,49166,11824,21126,11693,11028,22713,20446,28465,28287,51253,51400,70310,70502,53445,57164,36163,46418,11301,20123,579640,425608,78611,53104,109489,96539,15679,41,47
2021-07-11T23:59:59+02:00,2084,1890,30463,29212,46363,39827,52301,49013,65362,64361,81430,80307,57838,61941,38126,49149,11819,21121,11527,10880,22438,20262,28103,28016,51052,51255,70139,70358,53392,57083,36141,46401,11292,20116,578821,423544,78605,53062,109487,96406,15653,41,46
2021-07-10T23:59:59+02:00,2084,1888,30458,29205,46361,39822,52297,49012,65359,64360,81429,80305,57838,61939,38125,49149,11819,21121,11515,10862,22426,20249,28088,28004,51046,51251,70136,70355,53392,57083,36140,46401,11292,20116,578791,423463,78605,53060,109487,96396,15647,41,46
2021-07-09T23:59:59+02:00,2039,1850,30226,28969,46144,39643,52114,48841,65198,64248,81325,80226,57808,61910,38109,49134,11814,21119,11134,10590,21785,19813,27423,27454,50337,50684,69555,69946,53291,56995,36117,46367,11287,20105,577592,422391,78599,52746,109482,92946,15003,41,46
2021-07-08T23:59:59+02:00,1902,1722,29562,28436,45545,39139,51558,48374,64798,63940,81028,79992,57716,61820,38078,49084,11809,21105,9952,9481,19839,18180,24965,25473,49303,49886,68930,69410,53066,56782,36042,46281,11272,20079,573352,411872,78579,50315,109465,92720,14171,41,46
2021-07-07T23:59:59+02:00,1689,1526,28456,27226,44509,38179,50460,47382,64142,63304,80491,79509,57513,61590,38012,49000,11795,21065,9421,9004,18756,17348,23573,24273,48481,49241,68387,68923,52865,56542,35966,46183,11256,20040,564094,405538,78563,48704,109464,92433,13686,41,46
2021-07-06T23:59:59+02:00,1488,1368,27370,26179,43483,37261,49524,46446,63538,62741,80056,79102,57332,61408,37957,48906,11771,21037,8702,8258,17416,16345,21962,22991,47876,48791,68010,68657,52748,56427,35917,46146,11249,20024,555828,398075,78552,48278,109461,92137,13085,41,46
2021-07-05T23:59:59+02:00,1331,1244,26223,24926,42400,36262,48472,45381,62872,62164,79622,78700,57158,61218,37905,48831,11762,21015,8450,8033,16920,16032,21402,22608,47571,48566,67815,68508,52696,56354,35892,46127,11246,20019,546513,395503,78544,47964,109460,91880,12928,41,44
2021-07-04T23:59:59+02:00,1266,1180,25901,24597,42096,36003,48220,45197,62727,62029,79507,78606,57122,61178,37895,48812,11759,21012,8195,7878,16654,15839,21123,22411,47446,48468,67738,68434,52672,56329,35877,46122,11244,20018,544199,394488,78518,47303,109458,91795,12891,41,44
2021-07-03T23:59:59+02:00,1266,1179,25894,24587,42082,35996,48218,45197,62724,62028,79506,78605,57121,61178,37895,48812,11759,21012,8190,7870,16642,15829,21116,22404,47441,48467,67734,68433,52671,56329,35877,46122,11244,20018,544169,394454,78516,47302,109458,91785,12875,41,44
2021-07-02T23:59:59+02:00,1198,1122,25576,24232,41760,35715,47961,44943,62581,61883,79432,78535,57104,61156,37888,48800,11755,21007,8012,7718,16273,15561,20673,22097,46473,47689,67237,68084,52588,56237,35862,46104,11243,20015,541781,391967,78515,47298,109453,89768,12858,41,44
2021-07-01T23:59:59+02:00,1143,1072,25198,23869,41379,35366,47566,44592,62329,61647,79241,78363,57041,61094,37857,48759,11748,20997,7621,7382,15458,14782,19506,21065,44936,46204,66024,67006,52284,55933,35765,45985,11219,19988,538630,386147,78413,46473,109444,85819,12733,41,44
2021-06-30T23:59:59+02:00,1070,1008,24775,23420,40949,34993,47157,44217,62102,61445,79071,78214,56963,61017,37830,48709,11740,20977,7248,7023,14513,13977,18074,19858,41727,43473,64327,65563,51820,55435,35617,45792,11192,19939,535191,374132,78381,45780,109442,83065,12602,41,43
2021-06-29T23:59:59+02:00,978,900,24272,22885,40434,34574,46725,43802,61840,61166,78858,78035,56886,60953,37802,48666,11734,20958,6970,6717,13849,13484,16913,18938,37406,39783,62976,64310,51333,54935,35485,45614,11161,19896,531119,358840,78372,45570,109442,82856,12494,41,43
2021-06-28T23:59:59+02:00,949,867,23933,22492,39975,34191,46303,43433,61603,60911,78669,77880,56815,60885,37773,48636,11731,20943,6660,6397,13189,12983,15901,18102,33757,36736,61853,63278,50979,54541,35391,45466,11137,19858,529365,350164,76682,40880,109442,82705,12459,41,43
2021-06-27T23:59:59+02:00,935,854,23840,22400,39902,34128,46245,43374,61572,60874,78635,77850,56800,60873,37767,48629,11730,20938,6570,6322,12956,12841,15477,17864,32924,36091,61597,63079,50889,54471,35373,45444,11135,19854,528753,347263,76678,40616,109436,82548,12438,41,43
2021-06-26T23:59:59+02:00,934,854,23834,22394,39895,34125,46244,43373,61571,60873,78635,77850,56800,60873,37767,48629,11730,20938,6567,6315,12950,12828,15469,17857,32920,36090,61590,63077,50887,54465,35373,45444,11135,19853,528726,347198,76678,40615,109436,82547,12438,41,43
2021-06-25T23:59:59+02:00,911,828,23719,22281,39809,34039,46161,43302,61527,60826,78587,77829,56789,60859,37764,48626,11729,20936,6469,6202,12840,12694,15331,17696,32202,35431,61202,62754,50809,54381,35365,45423,11132,19852,527933,344188,76678,40603,109433,82531,12437,41,43
2021-06-24T23:59:59+02:00,844,770,23329,21856,39458,33729,45809,42999,61323,60631,78427,77692,56735,60804,37742,48596,11725,20926,6130,5904,12276,12230,14625,17012,28903,32715,58920,60902,50225,53784,35231,45216,11114,19804,524974,330387,76629,40339,109431,81917,12320,41,43
2021-06-23T23:59:59+02:00,739,676,22688,21194,38881,33141,45157,42291,60957,60241,78179,77442,56632,60671,37697,48544,11715,20907,5975,5713,11907,11884,14119,16484,25537,29957,57279,59379,49701,53247,35113,45042,11093,19761,519398,320966,76575,37402,109429,81484,12309,41,43
2021-06-22T23:59:59+02:00,678,612,22263,20752,38478,32725,44723,41826,60685,59956,77976,77203,56536,60563,37660,48472,11702,20885,5784,5577,11584,11623,13696,16109,21200,26431,55205,57680,49103,52645,34936,44827,11073,19717,515606,306620,76448,37348,109424,81013,12176,41,43
2021-06-21T23:59:59+02:00,641,571,22011,20515,38228,32496,44479,41551,60498,59747,77845,77063,56483,60482,37636,48432,11693,20869,5654,5467,11276,11427,13359,15849,19652,25201,54287,56913,46878,50190,34337,44109,11050,19658,513573,301307,76244,37281,109409,74711,11973,41,43
2021-06-20T23:59:59+02:00,612,551,21721,20219,37932,32221,44195,41296,60346,59578,77708,76916,56434,60439,37616,48415,11690,20862,5598,5423,11144,11340,13205,15722,19258,24877,54020,56732,45221,48207,33770,43475,11030,19638,511180,300686,76165,36530,109398,69444,11967,41,41
2021-06-19T23:59:59+02:00,610,551,21716,20207,37916,32217,44192,41292,60340,59574,77706,76913,56431,60438,37616,48414,11690,20862,5592,5414,11140,11337,13196,15716,19251,24869,54006,56720,45212,48197,33769,43475,11030,19638,511119,300603,76160,36527,109398,69432,11967,41,41
2021-06-18T23:59:59+02:00,596,537,21619,20096,37849,32163,44118,41207,60285,59529,77662,76871,56408,60417,37611,48401,11689,20861,5497,5248,10844,10801,12824,15135,18710,23852,53152,55417,45008,48034,33741,43427,11024,19626,510365,299032,76154,36526,109393,64783,11966,41,41
2021-06-17T23:59:59+02:00,510,445,20902,19377,37092,31528,43323,40452,59878,59164,77367,76618,56295,60290,37563,48333,11676,20837,5304,5035,10460,10246,12301,14362,17780,22492,51579,53475,43856,46684,33423,43031,10977,19543,504378,291717,76062,36398,109387,60618,11782,41,41
2021-06-16T23:59:59+02:00,403,367,20101,18421,36100,30594,42310,39481,59338,58683,76979,76306,56154,60139,37506,48246,11666,20814,5114,4880,9952,9925,11566,13866,16232,21193,47705,49932,42102,44678,32959,42461,10914,19417,497014,275570,75520,36198,109372,59435,11661,41,40
2021-06-15T23:59:59+02:00,293,264,19286,17565,35177,29737,41382,38595,58899,58243,76646,75983,56012,59974,37451,48177,11651,20781,4910,4755,9428,9665,10862,13395,14723,20006,43443,45851,40550,42837,32479,41841,10847,19289,489804,258418,75404,36163,109365,58766,11502,41,39
2021-06-14T23:59:59+02:00,189,173,18166,16324,33924,28462,39918,37185,58311,57680,76252,75643,55885,59833,37406,48107,11642,20766,4783,4661,9083,9456,10384,13077,13550,18999,40810,43303,39476,41688,32186,41440,10815,19204,480047,247260,74966,36137,109361,58034,11452,40,39
2021-06-13T23:59:59+02:00,148,134,17661,15919,33442,28057,39426,36801,58097,57497,76105,75542,55858,59794,37384,48085,11639,20757,4697,4612,8938,9383,10221,13009,12945,18545,40340,42909,39239,41466,32125,41355,10809,19190,476964,246296,74664,34713,109354,57418,11324,40,39
2021-06-12T23:59:59+02:00,148,134,17657,15901,33430,28048,39419,36797,58092,57494,76101,75540,55857,59792,37383,48085,11639,20757,4690,4607,8927,9378,10209,13002,12933,18532,40157,42762,39216,41451,32121,41353,10809,19189,476897,245861,74660,34713,109354,57407,11323,40,39
2021-06-11T23:59:59+02:00,146,134,17573,15842,33285,27979,39245,36743,57972,57457,76031,75515,55845,59787,37381,48083,11639,20756,4607,4414,8766,8815,10015,12282,12697,17459,39668,41463,39061,41320,32103,41318,10807,19188,476563,245369,74248,34711,109248,52557,11314,40,39
2021-06-10T23:59:59+02:00,132,114,16727,15123,31865,27063,38000,35830,57291,56999,75623,75245,55755,59695,37342,48039,11628,20738,4352,4220,8209,8321,9334,11524,11963,16395,36821,38425,38260,40519,31937,41136,10791,19158,472675,238318,71273,34580,108967,48181,10254,40,39
2021-06-09T23:59:59+02:00,110,88,15947,14416,30585,26159,36780,34943,56716,56611,75282,75018,55674,59590,37315,47995,11615,20717,4170,4067,7849,8132,8870,11305,11346,16017,31747,33572,36766,38995,31692,40868,10770,19109,468017,224437,68828,34457,108925,46599,9751,40,38
2021-06-08T23:59:59+02:00,83,70,15025,13542,29205,25066,35411,33932,56100,56206,74987,74807,55601,59518,37293,47965,11611,20707,4090,4003,7694,8016,8717,11191,11054,15811,28933,30765,35813,38064,31532,40672,10746,19076,463436,216986,65380,34400,108886,45373,9387,40,38
2021-06-07T23:59:59+02:00,75,57,14391,12953,27832,24254,34256,33152,55625,55950,74745,74703,55565,59481,37277,47955,11611,20703,3998,3930,7500,7891,8416,11059,10687,15567,24610,26395,34352,36535,31310,40405,10718,19048,460307,205235,62350,34335,108855,43788,9033,40,37
2021-06-06T23:59:59+02:00,74,54,14069,12762,27048,23834,33606,32733,55317,55787,74591,74639,55546,59458,37263,47946,11609,20702,3931,3894,7349,7847,8261,10975,10368,15366,21796,23534,33355,35466,31171,40251,10711,19033,459172,202450,60300,29132,108831,43002,8695,40,36
2021-06-05T23:59:59+02:00,74,52,14040,12735,27006,23792,33578,32714,55312,55778,74586,74634,55542,59453,37258,47944,11609,20702,3908,3879,7313,7826,8214,10958,10307,15324,20369,21984,32562,34589,31101,40169,10707,19026,459054,197485,60195,29127,108826,42901,8694,40,36
2021-06-04T23:59:59+02:00,68,48,13810,12472,26696,23477,33241,32403,55252,55697,74547,74614,55533,59448,37257,47942,11609,20701,3877,3851,7235,7747,8157,10879,10227,15202,20262,21866,32489,34534,31069,40132,10704,19023,457155,197404,60133,29115,108793,42012,8694,40,36
2021-06-03T23:59:59+02:00,50,43,13243,11983,25659,22790,32105,31652,54761,55365,74232,74421,55462,59371,37223,47912,11603,20685,3749,3759,6962,7577,7876,10707,9900,14965,18382,20008,30516,32235,30796,39802,10681,18975,452823,188834,58633,29096,108780,40650,8284,40,33
2021-06-02T23:59:59+02:00,37,31,12553,11228,24662,21888,30964,30696,54497,55101,74041,74282,55411,59293,37207,47891,11595,20678,3714,3739,6905,7522,7819,10659,9816,14874,17863,19460,28587,30065,30697,39658,10674,18964,446508,183306,58455,29095,108779,40315,8274,39,33
2021-06-01T23:59:59+02:00,23,16,11423,10339,22526,20451,28427,28802,53086,54037,73038,73502,55110,58976,37086,47722,11561,20619,3485,3565,6407,7216,7216,10237,8963,14273,15922,17650,24814,25824,30018,38780,10598,18811,437010,169352,53982,28958,108742,38474,6971,39,31
2021-05-31T23:59:59+02:00,18,12,10558,9672,20689,19280,26377,27296,51978,53188,72335,72955,54895,58718,37013,47622,11547,20583,3344,3413,6074,6971,6815,9938,8422,13917,14860,16672,23625,24454,29631,38292,10538,18717,430220,163616,49610,28921,108725,36981,6142,39,30
2021-05-30T23:59:59+02:00,16,9,10206,9324,19966,18782,25670,26715,51638,52906,72102,72758,54819,58639,36988,47595,11539,20575,3161,3221,5724,6704,6526,9695,8205,13713,14600,16401,23332,24137,29521,38185,10523,18689,427633,162791,49202,28864,108692,35978,4681,39,30
2021-05-29T23:59:59+02:00,16,9,10190,9312,19948,18755,25652,26689,51626,52902,72097,72748,54817,58634,36987,47595,11538,20575,3159,3213,5721,6700,6521,9693,8197,13705,14590,16396,23321,24129,29517,38180,10522,18688,427476,162721,49202,28862,108692,35965,4681,39,30
2021-05-28T23:59:59+02:00,16,9,10125,9216,19810,18586,25390,26459,51467,52726,71951,72618,54780,58584,36974,47575,11535,20562,3112,3137,5629,6560,6419,9493,8084,13432,14397,16119,23169,23975,29464,38117,10515,18679,425826,162336,49165,28861,108674,34402,4680,38,29
2021-05-27T23:59:59+02:00,16,9,8860,8014,17402,16768,22607,24307,50375,51912,71285,72127,54583,58367,36883,47481,11522,20534,2813,2803,4785,5937,5526,8712,7291,12446,13271,14927,22182,22942,29080,37666,10460,18592,413892,158525,48210,28597,108539,29916,2373,38,29
2021-05-26T23:59:59+02:00,15,9,8458,7596,16524,15964,21417,23296,49770,51366,70871,71743,54432,58204,36817,47406,11511,20504,2626,2630,4417,5603,5049,8205,6814,11797,12301,13948,21285,21911,28769,37223,10414,18507,408296,154683,47478,28509,108467,26661,1625,37,28
2021-05-25T23:59:59+02:00,15,9,7883,6996,15280,15079,19967,22123,49291,50967,70625,71560,54364,58122,36796,47381,11507,20495,2549,2527,4227,5473,4803,7978,6539,11488,11744,13418,19139,19754,28400,36690,10379,18458,401531,149028,47237,28496,108423,24789,1232,37,28
2021-05-24T23:59:59+02:00,15,9,7797,6895,15057,14952,19681,21943,49190,50848,70582,71521,54363,58117,36795,47380,11505,20492,2505,2465,4143,5307,4708,7734,6415,11204,11603,13177,19025,19641,28349,36643,10372,18447,400392,148876,47158,28453,108338,23172,1217,37,27
2021-05-23T23:59:59+02:00,14,9,7781,6882,15021,14936,19627,21915,49181,50846,70578,71515,54362,58115,36795,47379,11505,20492,2503,2461,4136,5302,4698,7730,6411,11191,11582,13155,18883,19443,28318,36604,10370,18445,400209,148388,47158,28451,108338,23163,1211,37,26
2021-05-22T23:59:59+02:00,14,9,7778,6874,15011,14924,19616,21908,49181,50844,70575,71515,54362,58114,36795,47379,11505,20492,2501,2454,4129,5296,4696,7730,6408,11188,11573,13152,18870,19437,28317,36604,10370,18445,400154,148351,47158,28451,108338,23139,1209,37,26
2021-05-21T23:59:59+02:00,14,8,7704,6777,14881,14789,19411,21748,48940,50610,70433,71409,54335,58088,36788,47372,11500,20486,2430,2369,4043,5155,4593,7516,6285,10891,11404,12863,18804,19372,28301,36574,10367,18443,398583,148101,47155,28451,108313,21632,1206,36,26
2021-05-20T23:59:59+02:00,14,8,7430,6482,14297,14266,18472,20876,46256,48258,69281,70436,53983,57727,36680,47232,11469,20457,2168,2206,3681,4789,4150,6964,5731,10060,10316,11763,17529,18083,27796,35975,10294,18296,387602,142856,46993,28162,108008,17774,989,32,26
2021-05-19T23:59:59+02:00,13,7,7190,6258,13634,13783,17202,19875,42271,44769,67792,69132,53528,57206,36518,47008,11433,20405,2092,2007,3517,4448,3903,6440,5285,9374,9326,10648,16055,16433,27103,35061,10168,18087,372822,135697,46422,28019,107778,15251,970,32,16
2021-05-18T23:59:59+02:00,13,5,6991,6081,13088,13353,16104,19015,37550,40746,66341,67809,52973,56667,36371,46786,11391,20348,2045,1878,3379,4259,3717,6125,4952,8892,8461,9777,14474,14699,26395,34211,10078,17915,356715,129074,46359,27456,107621,13812,905,32,16
2021-05-17T23:59:59+02:00,13,5,6856,5986,12765,13103,15608,18623,35367,38878,65503,67027,52702,56353,36292,46678,11377,20311,1975,1816,3191,4078,3497,5897,4629,8521,7682,9077,11217,10684,25484,33062,9995,17746,352984,123861,42089,21371,107540,12507,802,32,16
2021-05-16T23:59:59+02:00,13,5,6793,5902,12640,12949,15435,18454,34878,38408,65318,66859,52646,56293,36282,46653,11372,20306,1917,1719,3088,3955,3417,5795,4523,8377,7501,8891,9024,8088,25003,32380,9961,17689,351513,122724,41585,16023,107504,11998,573,31,16
2021-05-15T23:59:59+02:00,13,5,6788,5893,12634,12943,15431,18450,34873,38405,65316,66857,52646,56292,36282,46653,11372,20306,1916,1718,3085,3949,3412,5792,4518,8374,7499,8888,9022,8086,25002,32380,9961,17689,351471,122693,41585,16023,107502,11995,570,31,16
2021-05-14T23:59:59+02:00,13,5,6591,5795,12391,12881,15199,18358,33899,37614,64779,66448,52550,56205,36265,46620,11370,20301,1800,1630,2974,3879,3355,5684,4468,8227,7453,8760,9015,8081,25001,32380,9961,17688,348101,122639,41553,16019,107041,11130,559,30,15
2021-05-13T23:59:59+02:00,13,5,6341,5608,11981,12627,14632,17908,30369,34826,62302,64370,51920,55531,36128,46401,11358,20253,1757,1592,2917,3802,3323,5592,4425,8123,7371,8641,8977,8023,24981,32339,9956,17684,334107,122392,41329,15995,106611,10610,496,30,15
2021-05-12T23:59:59+02:00,13,5,6324,5584,11908,12564,14523,17800,29733,34250,61796,63918,51748,55358,36092,46356,11351,20240,1757,1589,2916,3802,3318,5592,4423,8122,7369,8635,8970,8020,24981,32337,9956,17683,331115,122370,41317,15985,106606,10609,496,29,15
2021-05-11T23:59:59+02:00,12,5,5999,5449,11464,12286,13976,17417,25469,30761,59412,61912,51087,54677,35903,46110,11330,20177,1715,1473,2813,3540,3196,5216,4284,7678,7215,8309,8886,7937,24952,32297,9953,17672,316168,122129,41264,15796,105617,8831,371,26,14
2021-05-10T23:59:59+02:00,12,5,5872,5376,11300,12171,13757,17249,21999,28002,58165,60796,50725,54324,35811,45987,11315,20146,1677,1377,2728,3310,3094,4884,4173,7188,7093,7871,8845,7877,24940,32276,9951,17668,306251,121983,41103,15647,105325,7006,307,26,14
2021-05-09T23:59:59+02:00,12,5,5795,5344,11212,12107,13657,17168,20398,26820,57700,60411,50623,54226,35785,45946,11308,20141,1660,1355,2671,3185,3043,4743,4128,7068,7038,7776,8833,7864,24933,32270,9950,17668,305685,121931,37531,15602,105122,6349,294,26,14
2021-05-08T23:59:59+02:00,12,5,5792,5341,11200,12103,13647,17159,20390,26814,57691,60405,50620,54218,35781,45943,11306,20138,1659,1355,2671,3183,3043,4743,4125,7065,7037,7775,8832,7864,24932,32268,9950,17668,305594,121916,37530,15602,105121,6349,294,26,14
2021-05-07T23:59:59+02:00,12,5,5752,5306,11134,12054,13540,17081,19934,26456,56692,59596,50490,54087,35751,45913,11303,20124,1555,1311,2591,3138,3002,4715,4091,7041,7014,7743,8825,7856,24930,32267,9950,17667,302426,121883,37514,15595,104976,5920,289,25,14
2021-05-06T23:59:59+02:00,12,5,5497,5193,10619,11745,12833,16628,18635,25468,52429,55936,49293,52707,35420,45512,11251,20021,1330,1179,2354,2966,2832,4549,3939,6841,6862,7592,8750,7777,24909,32231,9947,17660,287276,121612,37328,15456,104419,4481,160,21,14
2021-05-05T23:59:59+02:00,12,5,5237,5094,10126,11510,12077,16176,17302,24487,48059,51793,47623,50786,34983,44943,11176,19901,1284,1084,2292,2839,2748,4369,3845,6602,6754,7393,8637,7684,24848,32157,9941,17644,270090,121135,37102,15411,104031,3520,46,21,14
2021-05-04T23:59:59+02:00,12,5,5154,5009,9809,11297,11624,15786,16327,23619,46186,49759,46555,49478,34611,44455,11110,19792,1272,1065,2263,2798,2707,4283,3793,6494,6682,7317,8594,7644,24828,32141,9940,17639,259716,120916,37078,15350,103750,3162,23,21,14
2021-05-03T23:59:59+02:00,12,5,5051,4922,9460,11129,11161,15523,15264,22754,44613,48138,45674,48523,34392,44117,11082,19703,1257,1039,2231,2767,2665,4219,3745,6440,6607,7263,8025,6954,23087,29813,9802,17402,250694,115103,37069,15268,103724,2921,15,21,14
2021-05-02T23:59:59+02:00,12,5,4989,4903,9346,11093,11016,15462,14652,22265,44093,47728,45533,48357,34345,44056,11076,19692,1253,1034,2214,2764,2652,4211,3717,6427,6587,7249,7836,6710,21116,27404,9755,17314,249485,115083,35437,10262,103670,2879,10,21,14
2021-05-01T23:59:59+02:00,12,5,4989,4901,9341,11089,11013,15459,14648,22261,44091,47724,45532,48357,34345,44056,11076,19692,1252,1034,2214,2764,2652,4211,3716,6427,6585,7249,7836,6709,21116,27404,9755,17314,249455,115079,35437,10262,103668,2878,10,21,14
2021-04-30T23:59:59+02:00,12,5,4942,4879,9274,11074,10958,15434,14573,22235,42606,46309,45197,48025,34308,44004,11071,19682,1043,939,2016,2674,2552,4150,3630,6367,6522,7190,7829,6692,21115,27402,9755,17314,245464,115070,35437,10259,103656,1844,10,21,12
2021-04-29T23:59:59+02:00,12,4,4699,4797,8804,10923,10352,15263,13888,22027,37670,41991,44186,46996,34187,43886,11067,19652,863,861,1843,2595,2465,4084,3522,6296,6448,7140,7807,6673,21110,27396,9755,17314,231723,115030,35334,10155,103316,970,10,21,12
2021-04-28T23:59:59+02:00,12,4,4523,4762,8554,10838,10000,15173,13531,21873,33030,37488,42940,45742,34061,43738,11053,19634,821,831,1805,2549,2432,4008,3486,6187,6398,7049,7787,6654,21098,27383,9750,17307,218506,114945,35316,10107,103106,478,9,19,11
2021-04-27T23:59:59+02:00,11,3,4292,4547,8208,10390,9615,14591,13063,21224,31899,36361,42661,45460,34045,43710,11049,19631,793,817,1771,2525,2414,3990,3468,6168,6363,7022,7776,6646,21093,27378,9747,17301,215780,114887,35306,10076,99646,294,9,19,11
2021-04-26T23:59:59+02:00,11,3,4270,4519,8133,10353,9507,14535,12914,21165,27490,31973,41445,44237,33965,43610,11036,19621,760,806,1741,2506,2385,3969,3444,6147,6311,6975,7729,6597,21063,27347,9747,17294,203899,114685,35297,10032,99564,89,9,18,11
2021-04-25T23:59:59+02:00,11,3,4247,4506,8101,10326,9444,14503,12821,21119,25521,29929,40743,43476,33919,43552,11032,19616,748,798,1729,2492,2367,3954,3418,6125,6279,6946,7707,6577,21046,27326,9746,17290,203231,114659,30183,9790,99429,85,8,18,11
2021-04-24T23:59:59+02:00,11,3,4228,4495,8071,10297,9403,14487,12770,21097,24018,28264,39985,42637,33854,43476,11029,19610,747,797,1726,2490,2366,3951,3418,6121,6279,6943,7705,6575,21045,27326,9746,17290,198166,114639,30183,9789,99360,83,8,18,11
2021-04-23T23:59:59+02:00,10,3,3963,4343,7600,10000,8973,14131,12208,20694,23538,27964,39899,42576,33833,43442,11023,19603,733,787,1709,2477,2346,3935,3395,6099,6257,6924,7691,6557,21040,27315,9746,17289,197819,114624,30168,9591,95792,71,8,16,11
2021-04-22T23:59:59+02:00,10,3,3870,4286,7409,9883,8695,13937,11764,20367,21212,25606,37146,39331,33306,42773,10952,19482,720,778,1681,2447,2288,3878,3323,6027,6148,6828,7612,6471,20987,27271,9743,17274,184797,114503,29979,8891,95232,69,8,16,10
2021-04-21T23:59:59+02:00,10,3,3842,4254,7282,9805,8513,13766,11430,20078,19948,24403,33935,35617,32822,42070,10890,19356,696,760,1647,2419,2244,3853,3290,5994,6106,6788,7584,6444,20968,27247,9740,17270,173041,114394,29805,8578,95154,65,8,16,10
2021-04-20T23:59:59+02:00,10,3,3808,4227,7177,9736,8299,13609,11063,19780,18853,23254,30623,31965,32349,41471,10831,19247,688,750,1632,2407,2211,3831,3247,5949,6065,6746,7544,6398,20943,27223,9734,17267,161404,114237,29783,8322,95094,63,8,16,10
2021-04-19T23:59:59+02:00,10,3,3789,4210,7103,9698,8181,13499,10807,19594,18188,22590,29750,30835,32057,41105,10789,19172,680,745,1610,2393,2187,3801,3212,5916,6031,6715,7499,6365,20912,27195,9732,17263,156562,114104,29766,8078,95028,61,8,16,10
2021-04-18T23:59:59+02:00,10,3,3786,4204,7087,9684,8166,13481,10772,19569,18100,22508,29628,30710,32029,41083,10786,19164,678,741,1595,2381,2170,3786,3187,5890,6002,6692,7477,6352,20893,27173,9729,17260,156070,114045,29699,7888,94978,60,8,15,10
2021-04-17T23:59:59+02:00,10,3,3785,4202,7085,9682,8163,13481,10766,19562,18087,22497,29606,30697,32027,41081,10786,19164,677,741,1594,2380,2168,3785,3184,5889,6000,6690,7477,6352,20893,27173,9729,17260,155991,114032,29698,7888,94972,59,8,15,10
2021-04-16T23:59:59+02:00,10,3,3618,4164,6740,9553,7795,13294,10368,19316,17635,22222,29405,30538,31945,40992,10771,19145,665,723,1582,2365,2141,3770,3130,5852,5957,6640,7384,6263,20481,26608,9699,17199,155241,112708,29690,7682,92560,56,8,15,10
2021-04-15T23:59:59+02:00,10,3,3517,4085,6387,9181,7218,12793,9592,18480,16309,20991,28208,29244,31425,40350,10691,18970,635,700,1530,2327,2059,3683,3021,5732,5629,6402,6886,5877,19748,25695,9603,17031,149495,109353,29397,7141,88539,51,8,15,10
2021-04-14T23:59:59+02:00,9,3,3462,4035,6151,8943,6887,12416,8970,17929,15191,19958,26798,27737,30794,39474,10583,18775,601,674,1484,2289,1984,3605,2878,5609,5319,6166,6343,5366,18734,24409,9518,16858,142689,105095,29198,6684,86206,45,8,14,10
2021-04-13T23:59:59+02:00,9,3,3430,4003,6059,8866,6738,12287,8667,17682,14389,19266,23445,24178,29861,38293,10479,18603,596,665,1471,2267,1956,3571,2782,5538,5103,5983,5982,5027,18435,24065,9479,16792,131052,103002,29187,6654,85997,44,8,14,9
2021-04-12T23:59:59+02:00,9,3,3408,3982,6009,8809,6650,12203,8449,17487,13772,18737,22443,23026,29437,37735,10410,18481,586,657,1461,2259,1933,3550,2726,5487,4955,5878,5665,4746,18142,23763,9441,16732,125972,101417,29168,6508,85888,44,8,14,9
2021-04-11T23:59:59+02:00,9,3,3402,3976,5991,8785,6622,12186,8409,17464,13683,18676,22313,22877,29386,37670,10401,18456,583,652,1448,2249,1920,3542,2709,5471,4917,5841,5605,4688,17969,23529,9420,16703,125430,100754,29101,6436,85756,44,8,14,9
2021-04-10T23:59:59+02:00,9,3,3394,3975,5968,8784,6600,12185,8388,17463,13658,18674,22308,22874,29382,37669,10401,18456,582,650,1442,2242,1915,3539,2703,5463,4901,5831,5593,4671,17806,23276,9406,16679,125408,100241,29010,6403,85752,44,7,14,9
2021-04-09T23:59:59+02:00,8,3,3356,3963,5920,8772,6541,12169,8349,17436,13607,18628,20354,20465,28901,37054,10371,18407,569,637,1416,2220,1888,3516,2661,5427,4830,5769,5477,4567,17229,22543,9368,16608,124716,98474,23898,6204,85671,36,7,12,9
2021-04-08T23:59:59+02:00,8,3,3332,3944,5850,8740,6466,12130,8259,17372,13463,18509,17761,17400,28377,36390,10334,18357,527,607,1327,2138,1794,3419,2481,5241,4334,5404,4673,3959,15451,20315,9182,16307,123848,91491,18035,5633,84794,25,6,12,9
2021-04-07T23:59:59+02:00,6,3,3254,3916,5640,8690,6259,12070,8050,17297,13202,18414,15096,14333,27700,35592,10304,18304,504,579,1274,2083,1700,3339,2329,5100,3921,5072,3957,3394,14597,19452,9070,16126,123642,87180,16500,5286,77971,22,5,12,9
2021-04-06T23:59:59+02:00,5,3,3226,3906,5594,8672,6189,12047,7963,17260,13128,18343,13108,11970,27068,34878,10291,18274,473,556,1205,2028,1615,3258,2167,4981,3548,4794,3431,2984,13756,18453,8996,16010,123513,83544,16298,4686,72097,18,5,12,7
2021-04-05T23:59:59+02:00,5,3,3224,3903,5558,8658,6152,12035,7918,17244,13056,18307,13062,11924,27057,34862,10290,18271,441,526,1153,1991,1563,3217,2099,4927,3460,4718,3374,2932,13613,18283,8987,15992,123489,83053,16090,4199,71934,18,4,12,7
2021-04-04T23:59:59+02:00,5,3,3223,3901,5558,8656,6150,12034,7917,17241,13056,18307,13059,11924,27056,34862,10290,18271,440,525,1152,1991,1563,3217,2098,4927,3460,4718,3374,2932,13612,18283,8987,15992,123478,83048,16090,4199,71929,18,4,12,7
2021-04-03T23:59:59+02:00,5,3,3222,3901,5558,8655,6150,12034,7917,17241,13056,18307,13059,11923,27055,34859,10290,18271,440,523,1152,1991,1562,3217,2098,4926,3454,4715,3368,2921,13525,18147,8978,15976,123473,82770,16090,4199,71927,18,4,12,7
2021-04-02T23:59:59+02:00,5,3,3222,3898,5555,8650,6146,12025,7908,17229,13031,18276,13012,11871,27027,34841,10287,18267,437,516,1150,1987,1550,3208,2088,4904,3424,4682,3337,2892,12596,16902,8913,15868,123307,80314,16087,4118,71843,18,4,12,5
2021-04-01T23:59:59+02:00,5,3,3207,3884,5516,8630,6079,11992,7837,17194,12919,18205,12897,11745,26969,34765,10278,18252,390,472,1053,1920,1451,3120,1938,4791,3223,4549,3106,2693,10571,14314,8803,15693,122993,74737,15964,3329,71405,18,3,12,5
2021-03-31T23:59:59+02:00,5,3,3206,3871,5499,8596,6046,11956,7795,17149,12839,18136,12783,11620,26918,34705,10270,18243,352,450,1017,1878,1380,3080,1834,4688,2967,4355,2694,2377,8003,11084,8628,15455,122685,67232,15925,2989,71016,17,3,11,5
2021-03-30T23:59:59+02:00,5,3,3198,3860,5474,8568,6014,11925,7756,17109,12762,18070,12697,11482,26881,34658,10265,18233,331,431,994,1846,1320,3045,1710,4608,2721,4183,2325,2129,7121,9999,8562,15328,122555,63921,15893,2713,70499,16,2,11,5
2021-03-29T23:59:59+02:00,5,3,3186,3855,5445,8549,5979,11892,7712,17076,12688,17992,12053,10724,25015,32163,10117,17977,325,429,987,1831,1299,3020,1675,4568,2575,4097,2039,1980,6471,9289,8518,15250,116562,61626,15723,2710,70133,14,2,11,5
2021-03-28T23:59:59+02:00,5,3,3156,3839,5398,8511,5929,11850,7631,17021,12578,17923,11789,10421,23029,29698,10062,17878,324,427,984,1830,1291,3016,1671,4566,2563,4089,2014,1960,6449,9275,8516,15245,116504,61497,10538,2708,69666,14,2,11,3
2021-03-27T23:59:59+01:00,5,3,3144,3835,5359,8500,5893,11835,7584,17006,12532,17876,11755,10378,23025,29690,10062,17878,324,427,984,1830,1291,3016,1670,4564,2561,4087,2012,1958,6400,9200,8483,15196,116436,61280,10537,2708,69374,14,2,11,3
2021-03-26T23:59:59+01:00,5,3,3008,3510,4909,7342,5398,10515,6971,14959,11722,15600,11535,10197,22542,28964,10017,17807,323,423,980,1827,1285,3012,1667,4562,2556,4080,2004,1952,6270,9012,8340,15011,114891,60603,10283,2696,59817,4,2,11,3
2021-03-25T23:59:59+01:00,5,3,2882,3242,4749,6575,5172,9364,6647,13238,10997,13797,10678,9392,21826,28124,9944,17652,318,414,974,1817,1270,2993,1647,4527,2519,4031,1938,1893,5980,8584,8067,14564,111988,58840,9596,2692,52690,3,2,11,3
2021-03-24T23:59:59+01:00,5,3,2834,3198,4673,6514,5038,9258,6441,13067,10486,13392,9846,8571,20815,26869,9848,17471,316,409,966,1811,1253,2982,1632,4503,2472,3974,1869,1817,5617,8112,7656,13898,107985,56607,9249,2678,51085,3,0,10,3
2021-03-23T23:59:59+01:00,5,3,2805,3165,4605,6448,4927,9164,6230,12906,10030,12970,9135,7904,20304,26266,9796,17366,304,396,948,1802,1238,2962,1604,4481,2417,3925,1789,1752,5340,7734,7268,13283,105611,54565,8917,2677,49492,2,0,9,3
2021-03-22T23:59:59+01:00,5,3,2788,3126,4545,6410,4851,9096,6091,12769,9669,12696,8531,7338,19886,25829,9736,17272,302,392,936,1796,1223,2947,1591,4467,2390,3899,1763,1731,5203,7559,6826,12471,104135,52822,8658,2672,47839,2,0,9,2
2021-03-21T23:59:59+01:00,5,3,2781,3111,4500,6388,4800,9059,5999,12701,9481,12508,8225,7080,19718,25662,9724,17247,302,392,935,1796,1221,2947,1590,4466,2387,3899,1756,1725,5194,7554,6796,12414,103935,52717,8428,2655,46620,2,0,9,2
2021-03-20T23:59:59+01:00,5,3,2781,3106,4492,6383,4793,9056,5995,12693,9461,12494,8192,7049,19544,25385,9708,17221,302,392,935,1795,1220,2947,1589,4465,2383,3891,1744,1712,5181,7505,6620,12178,103378,52226,8416,2631,46558,2,0,9,2
2021-03-19T23:59:59+01:00,5,3,2746,3083,4418,6339,4684,9006,5855,12636,9195,12306,7887,6824,19060,24793,9676,17162,302,392,934,1794,1220,2944,1586,4464,2377,3886,1728,1703,5145,7462,6218,11562,102076,51104,8174,2611,45419,2,0,9,2
2021-03-18T23:59:59+01:00,5,3,2680,3010,4255,6203,4435,8800,5497,12327,8289,11636,6623,5810,17810,23434,9528,16937,299,388,929,1784,1206,2931,1547,4448,2310,3839,1650,1661,5073,7355,5488,10454,97187,48793,7631,2569,42455,1,0,9,1
2021-03-17T23:59:59+01:00,5,3,2642,2971,4175,6105,4298,8692,5242,12052,7613,11067,5637,4914,16464,21902,9363,16683,295,387,925,1775,1202,2923,1530,4426,2243,3813,1584,1616,5028,7291,4916,9576,91781,47016,7128,2514,40910,1,0,9,1
2021-03-16T23:59:59+01:00,5,3,2622,2942,4112,6038,4206,8595,5066,11896,7163,10678,4875,4295,15613,20925,9261,16515,291,385,922,1770,1199,2916,1522,4416,2221,3794,1554,1599,4991,7248,4414,8771,88152,45578,7092,2435,39558,1,0,8,1
2021-03-15T23:59:59+01:00,5,3,2619,2931,4096,6020,4175,8569,5016,11849,7046,10564,4729,4135,15295,20515,9232,16456,289,381,921,1764,1192,2909,1508,4407,2199,3771,1514,1582,4931,7174,3837,7911,87386,43994,6996,2296,38865,1,0,8,1
2021-03-14T23:59:59+01:00,5,2,2614,2922,4075,6001,4145,8550,4974,11816,6952,10475,4625,4024,15164,20345,9216,16420,287,380,921,1762,1186,2902,1503,4396,2188,3764,1504,1575,4923,7166,3832,7898,87081,43933,6978,2254,38259,1,0,7,1
2021-03-13T23:59:59+01:00,5,2,2610,2914,4070,5989,4137,8544,4966,11807,6932,10461,4603,3998,14848,19908,9196,16384,287,380,921,1762,1186,2902,1503,4396,2188,3764,1504,1575,4923,7165,3832,7898,86197,43932,6955,2254,38215,1,0,7,1
2021-03-12T23:59:59+01:00,5,2,2547,2838,3959,5819,4018,8322,4828,11507,6754,10191,4450,3860,13926,18652,9135,16282,287,379,919,1759,1186,2899,1501,4391,2187,3757,1496,1573,4915,7146,3830,7883,83734,43855,6893,2253,36463,1,0,5,1
2021-03-11T23:59:59+01:00,4,2,2422,2612,3734,5489,3762,7884,4503,10742,6126,9377,3930,3357,12326,16662,9037,16135,287,378,915,1755,1183,2885,1492,4379,2175,3730,1454,1544,4874,7111,3818,7856,79415,43706,6731,2130,31953,1,0,5,1
2021-03-10T23:59:59+01:00,4,2,2299,2479,3582,5256,3568,7561,4236,10254,5570,8808,3359,2913,10058,13946,8892,15908,284,374,911,1746,1176,2874,1487,4363,2153,3714,1425,1536,4844,7096,3809,7848,73117,43640,6560,2001,29013,0,0,5,1
2021-03-09T23:59:59+01:00,4,2,2272,2426,3516,5170,3454,7472,4065,10059,5178,8457,2880,2556,8549,11931,8790,15759,283,373,911,1740,1169,2865,1483,4355,2145,3703,1411,1531,4836,7091,3806,7846,68260,43599,6410,1950,27865,0,0,5,1
2021-03-08T23:59:59+01:00,4,2,2248,2355,3458,5103,3380,7387,3941,9947,4886,8267,2433,2295,6630,9532,8671,15585,283,369,910,1730,1163,2849,1477,4344,2141,3696,1400,1524,4819,7070,3799,7837,62579,43488,6075,1924,27465,0,0,5,1
2021-03-07T23:59:59+01:00,4,2,2185,2299,3361,4995,3284,7298,3844,9860,4751,8172,2382,2244,6608,9511,8671,15577,283,368,909,1730,1163,2849,1476,4344,2141,3696,1400,1524,4819,7070,3799,7837,62451,43486,5394,1924,27198,0,0,5,0
2021-03-06T23:59:59+01:00,4,2,2177,2286,3349,4986,3280,7293,3835,9851,4740,8169,2380,2242,6562,9441,8639,15528,283,368,908,1726,1162,2848,1476,4341,2137,3691,1399,1519,4813,7065,3797,7828,62242,43439,5334,1924,27183,0,0,5,0
2021-03-05T23:59:59+01:00,4,2,2046,2201,3125,4797,3041,6982,3558,9455,4411,7832,2293,2181,6355,9123,8448,15267,283,366,906,1723,1162,2847,1475,4335,2134,3685,1393,1517,4807,7058,3796,7822,61264,43387,4495,1924,25357,0,0,5,0
2021-03-04T23:59:59+01:00,4,2,1792,1981,2715,4363,2583,6342,2992,8551,3726,7018,2078,2021,6064,8757,8174,14813,280,365,905,1715,1160,2830,1474,4319,2125,3673,1382,1515,4795,7044,3789,7811,59626,43263,3222,1921,21123,0,0,5,0
2021-03-03T23:59:59+01:00,4,2,1720,1893,2608,4179,2450,6115,2853,8265,3540,6753,1996,1944,5726,8284,7821,14234,279,361,905,1705,1158,2807,1470,4295,2120,3658,1358,1504,4790,7038,3785,7804,57625,43118,3079,1921,19678,0,0,5,0
2021-03-02T23:59:59+01:00,4,2,1684,1812,2540,4061,2369,5965,2748,8084,3425,6601,1924,1877,5418,7847,7422,13566,277,356,902,1686,1155,2786,1467,4276,2119,3647,1333,1498,4780,7022,3779,7797,55542,42961,2837,1921,18965,0,0,5,0
2021-03-01T23:59:59+01:00,2,2,1674,1785,2501,3953,2321,5850,2711,7982,3372,6523,1884,1857,5279,7682,6951,12702,277,354,898,1680,1153,2774,1465,4263,2117,3632,1328,1493,4777,7020,3778,7791,53685,42881,2825,1921,18516,0,0,5,0
2021-02-28T23:59:59+01:00,2,2,1657,1748,2466,3882,2291,5795,2668,7902,3345,6475,1878,1853,5271,7677,6916,12643,277,354,897,1680,1153,2774,1465,4262,2117,3631,1328,1493,4777,7019,3778,7791,53563,42878,2823,1920,18080,0,0,5,0
2021-02-27T23:59:59+01:00,2,2,1655,1742,2462,3874,2287,5795,2667,7901,3343,6472,1872,1843,5262,7633,6746,12424,277,354,887,1675,1143,2767,1455,4253,2100,3622,1327,1490,4777,7018,3778,7791,53101,42874,2823,1842,18053,0,0,5,0
2021-02-26T23:59:59+01:00,2,1,1465,1586,2337,3631,2209,5389,2575,7395,3256,6014,1857,1818,5237,7600,6487,12035,276,352,880,1668,1135,2747,1449,4232,2090,3609,1320,1481,4769,7006,3774,7779,52358,42796,2802,1773,15729,0,0,5,0
2021-02-25T23:59:59+01:00,2,1,1248,1309,2117,3196,2035,4632,2378,6449,3015,5114,1768,1746,5186,7521,5918,11195,274,344,874,1608,1101,2652,1416,4121,2034,3534,1283,1461,4729,6965,3756,7727,50490,42334,2788,1547,11548,0,0,4,0
2021-02-24T23:59:59+01:00,2,1,1195,1099,2010,2927,1930,4293,2246,6042,2844,4845,1693,1691,5128,7430,5163,10018,272,338,836,1561,1051,2561,1355,4005,1945,3405,1243,1434,4714,6939,3746,7710,48162,42077,2776,1040,9615,0,0,4,0
2021-02-23T23:59:59+01:00,2,1,1180,1049,1976,2863,1904,4195,2220,5957,2811,4784,1685,1676,5093,7381,4533,8996,272,337,809,1533,1003,2509,1302,3927,1838,3330,1191,1409,4691,6914,3735,7676,46391,41879,2750,599,9161,0,0,4,0
2021-02-22T23:59:59+01:00,2,1,1172,1007,1925,2720,1860,4049,2165,5761,2757,4678,1673,1665,5059,7333,3930,8112,270,327,766,1494,949,2426,1214,3820,1698,3235,1102,1352,4650,6844,3709,7573,44784,41422,2730,9,8352,0,0,3,0
2021-02-21T23:59:59+01:00,2,1,1170,993,1894,2658,1834,3952,2138,5657,2737,4615,1665,1659,5056,7324,3930,8108,268,325,761,1488,941,2394,1212,3784,1685,3195,1093,1337,4634,6819,3687,7532,44731,41148,2719,9,7940,0,0,3,0
2021-02-20T23:59:59+01:00,2,1,1170,993,1894,2657,1833,3952,2138,5657,2735,4610,1656,1650,5052,7318,3928,8105,268,325,761,1487,940,2390,1211,3780,1684,3193,1093,1337,4581,6758,3641,7473,44716,40916,2694,8,7938,0,0,3,0
2021-02-19T23:59:59+01:00,2,1,1170,990,1891,2652,1832,3943,2137,5648,2732,4607,1637,1642,5039,7301,3925,8099,267,324,757,1478,932,2366,1204,3738,1657,3140,1066,1299,4391,6505,3464,7182,44636,39764,2675,8,7934,0,0,3,0
2021-02-18T23:59:59+01:00,2,1,1138,907,1852,2533,1793,3805,2084,5442,2671,4433,1621,1626,5023,7267,3920,8073,239,295,712,1354,883,2161,1118,3401,1540,2845,957,1112,3908,5733,3072,6333,44482,35657,2642,8,7064,0,0,3,0
2021-02-17T23:59:59+01:00,2,1,1089,778,1771,2300,1716,3506,1975,5082,2596,4184,1597,1617,5002,7253,3912,8069,234,292,702,1336,874,2139,1106,3366,1521,2824,951,1109,3528,5210,2780,5912,44440,33878,2586,8,5421,0,0,3,0
2021-02-16T23:59:59+01:00,2,1,1048,742,1713,2196,1648,3335,1904,4875,2518,4078,1562,1603,4975,7232,3903,8057,228,286,688,1302,853,2085,1075,3249,1482,2739,928,1086,3176,4663,2441,5423,44388,31701,2424,5,4577,0,0,3,0
2021-02-15T23:59:59+01:00,2,1,1041,723,1694,2120,1629,3235,1885,4766,2504,4000,1534,1589,4946,7215,3871,8001,216,276,673,1267,834,2035,1055,3183,1440,2674,897,1055,2757,4112,2115,4861,44259,29448,2341,4,4153,0,0,3,0
2021-02-14T23:59:59+01:00,2,1,945,689,1616,2086,1567,3216,1841,4744,2469,3987,1527,1586,4937,7203,3868,7996,209,264,664,1249,815,1995,1039,3117,1410,2606,867,1010,2668,3972,2043,4678,44217,28605,2305,3,3757,0,0,1,0
2021-02-13T23:59:59+01:00,2,1,892,665,1586,2063,1552,3208,1825,4737,2461,3986,1526,1585,4937,7203,3867,7995,207,263,662,1249,815,1991,1039,3115,1409,2604,866,1010,2566,3846,1979,4578,44211,28198,2305,3,3574,0,0,1,0
2021-02-12T23:59:59+01:00,2,1,558,517,1236,1946,1380,3105,1685,4655,2354,3916,1507,1576,4928,7192,3861,7989,195,257,649,1223,801,1947,1013,3030,1353,2505,804,936,2343,3535,1837,4276,44098,26704,2305,2,2004,0,0,1,0
2021-02-11T23:59:59+01:00,2,1,392,440,1046,1833,1278,2986,1586,4541,2266,3827,1400,1532,4866,7143,3840,7942,157,193,549,979,665,1501,813,2359,1074,1915,567,687,1744,2662,1356,3089,43746,20311,2107,1,1067,0,0,1,0
2021-02-10T23:59:59+01:00,2,1,279,368,920,1728,1178,2863,1491,4356,2153,3704,1363,1519,4847,7132,3835,7940,135,131,378,618,492,1012,643,1747,906,1581,546,672,1337,2101,1041,2593,43670,15935,2003,0,5,0,0,1,0
2021-02-09T23:59:59+01:00,2,1,279,367,919,1722,1175,2854,1491,4350,2152,3699,1356,1516,4845,7130,3834,7938,132,129,369,588,473,985,622,1718,881,1550,544,669,957,1636,764,2189,43645,14208,1980,0,4,0,0,1,0
2021-02-08T23:59:59+01:00,2,1,279,365,918,1720,1172,2844,1484,4345,2150,3695,1351,1512,4843,7130,3833,7935,127,123,358,577,465,968,611,1685,863,1524,536,664,566,1149,461,1764,43617,12443,1957,0,4,0,0,1,0
2021-02-07T23:59:59+01:00,2,1,279,365,916,1720,1171,2844,1482,4343,2150,3695,1351,1512,4843,7129,3832,7935,123,120,354,571,464,961,608,1673,853,1508,528,660,565,1139,456,1749,43613,12334,1956,0,0,0,0,1,0
2021-02-06T23:59:59+01:00,2,1,279,365,916,1720,1171,2844,1482,4343,2150,3695,1351,1512,4843,7129,3832,7935,120,117,352,567,463,960,608,1671,853,1507,527,659,565,1139,456,1749,43613,12315,1956,0,0,0,0,1,0
2021-02-05T23:59:59+01:00,2,1,279,364,915,1720,1171,2843,1480,4342,2149,3695,1351,1512,4842,7127,3832,7932,119,109,349,563,455,947,604,1661,839,1484,522,649,559,1123,446,1727,43600,12158,1956,0,0,0,0,1,0
2021-02-04T23:59:59+01:00,2,1,276,359,908,1682,1164,2797,1479,4290,2136,3652,1343,1505,4814,7096,3821,7902,89,72,232,390,331,688,475,1271,628,1114,392,516,469,915,389,1485,43271,9457,1955,0,0,0,0,1,0
2021-02-03T23:59:59+01:00,2,1,274,350,903,1657,1160,2762,1468,4240,2127,3616,1335,1489,4792,7067,3809,7876,55,34,80,166,152,342,232,597,303,543,211,279,273,576,227,944,42972,5015,1955,0,0,0,0,1,0
2021-02-02T23:59:59+01:00,2,1,273,348,902,1645,1156,2743,1465,4208,2120,3590,1327,1483,4785,7054,3802,7854,16,10,25,49,60,97,73,164,97,122,45,75,67,127,51,193,42802,1272,1955,0,0,0,0,1,0
2021-02-01T23:59:59+01:00,2,1,273,343,902,1643,1155,2742,1464,4204,2119,3584,1326,1482,4783,7053,3802,7854,14,9,21,43,51,88,60,136,74,103,39,66,57,117,50,180,42776,1109,1955,0,0,0,0,1,0
2021-01-31T23:59:59+01:00,2,1,273,342,902,1639,1154,2738,1464,4199,2119,3581,1325,1482,4783,7052,3802,7854,13,8,20,38,44,80,54,125,64,97,34,55,47,108,47,174,42756,1009,1955,0,0,0,0,1,0
2021-01-30T23:59:59+01:00,2,1,273,342,897,1636,1146,2730,1456,4193,2115,3578,1325,1482,4730,6992,3756,7795,13,8,20,37,44,80,53,124,64,97,34,55,47,108,47,174,42527,1006,1921,0,0,0,0,1,0
2021-01-29T23:59:59+01:00,2,1,272,341,882,1628,1134,2709,1444,4163,2092,3551,1316,1476,4567,6789,3592,7591,11,8,20,37,41,80,52,122,61,96,32,50,46,108,47,174,41740,986,1809,0,0,0,0,1,0
2021-01-28T23:59:59+01:00,2,1,268,328,863,1541,1094,2599,1407,4063,2022,3476,1289,1464,4233,6319,3329,7238,7,4,9,17,22,39,21,56,36,63,20,32,31,70,37,117,39971,582,1564,0,0,0,0,1,0
2021-01-27T23:59:59+01:00,2,1,262,325,821,1486,1047,2505,1343,3965,1948,3369,1250,1437,3822,5753,3012,6779,3,4,9,8,12,21,8,22,14,29,11,14,15,39,15,56,38015,281,1111,0,0,0,0,1,0
2021-01-26T23:59:59+01:00,2,1,256,316,787,1440,982,2420,1282,3838,1831,3262,1192,1386,3478,5198,2664,6269,1,1,5,3,5,7,4,2,3,8,6,5,3,7,3,8,35940,72,663,0,0,0,0,1,0
2021-01-25T23:59:59+01:00,2,1,246,307,735,1379,921,2301,1181,3693,1671,3143,1113,1356,3085,4686,2355,5803,1,1,5,2,3,7,2,2,3,8,6,5,3,7,3,8,33917,67,61,0,0,0,0,0,0
2021-01-24T23:59:59+01:00,2,1,243,307,729,1375,910,2285,1176,3677,1643,3113,1107,1354,3059,4650,2338,5781,1,1,3,2,3,7,2,2,3,8,6,5,3,7,3,8,33743,65,7,0,0,0,0,0,0
2021-01-23T23:59:59+01:00,2,1,242,306,728,1375,910,2281,1175,3675,1640,3111,1106,1354,2954,4523,2272,5680,1,1,3,2,2,7,2,2,3,8,6,5,3,7,3,8,33329,64,6,0,0,0,0,0,0
2021-01-22T23:59:59+01:00,2,1,241,303,726,1359,908,2268,1169,3661,1636,3107,1104,1353,2795,4329,2170,5538,1,1,3,2,2,7,2,2,3,8,6,5,3,7,3,8,32664,64,6,0,0,0,0,0,0
2021-01-21T23:59:59+01:00,2,1,237,274,663,1203,840,2056,1088,3375,1539,2901,1061,1311,2452,3863,1881,5103,1,0,3,1,2,7,2,2,3,8,6,4,3,7,3,8,29844,61,6,0,0,0,0,0,0
2021-01-20T23:59:59+01:00,2,1,213,210,502,851,664,1566,888,2674,1302,2433,966,1177,1921,3117,1472,4339,1,0,3,1,2,7,2,2,3,6,5,4,3,7,3,8,24292,58,6,0,0,0,0,0,0
2021-01-19T23:59:59+01:00,2,1,186,191,455,744,610,1410,801,2374,1128,2126,799,920,1278,2192,1015,3275,0,0,2,1,0,0,0,0,2,1,1,0,0,0,0,0,19504,7,3,0,0,0,0,0,0
2021-01-18T23:59:59+01:00,1,1,138,136,378,619,487,1056,647,1829,937,1636,592,711,636,1272,513,1969,0,0,1,0,0,0,0,0,1,0,0,0,0,0,0,0,13556,2,2,0,0,0,0,0,0
2021-01-17T23:59:59+01:00,1,1,127,122,364,582,472,991,618,1712,878,1537,543,671,589,1175,471,1826,0,0,0,0,0,0,0,0,0,0,0,0,0,0,0,0,12680,0,0,0,0,0,0,0,0
2021-01-16T23:59:59+01:00,1,1,120,118,361,578,470,980,612,1699,872,1530,542,670,588,1170,467,1814,0,0,0,0,0,0,0,0,0,0,0,0,0,0,0,0,12593,0,0,0,0,0,0,0,0
2021-01-15T23:59:59+01:00,1,1,118,111,358,573,462,964,608,1688,857,1506,536,658,581,1154,459,1792,0,0,0,0,0,0,0,0,0,0,0,0,0,0,0,0,12427,0,0,0,0,0,0,0,0
2021-01-14T23:59:59+01:00,1,1,97,89,275,464,391,785,505,1417,700,1215,418,529,501,960,403,1607,0,0,0,0,0,0,0,0,0,0,0,0,0,0,0,0,10358,0,0,0,0,0,0,0,0
2021-01-13T23:59:59+01:00,1,1,67,49,163,282,255,520,353,924,478,781,258,324,311,635,258,1030,0,0,0,0,0,0,0,0,0,0,0,0,0,0,0,0,6690,0,0,0,0,0,0,0,0
2021-01-12T23:59:59+01:00,1,1,31,21,49,101,113,212,151,383,200,334,135,175,162,352,146,566,0,0,0,0,0,0,0,0,0,0,0,0,0,0,0,0,3133,0,0,0,0,0,0,0,0
2021-01-11T23:59:59+01:00,1,0,18,11,33,64,60,110,77,168,92,125,39,65,60,122,50,181,0,0,0,0,0,0,0,0,0,0,0,0,0,0,0,0,1276,0,0,0,0,0,0,0,0
2021-01-10T23:59:59+01:00,1,0,15,7,27,53,53,98,67,153,76,111,33,55,50,112,46,172,0,0,0,0,0,0,0,0,0,0,0,0,0,0,0,0,1129,0,0,0,0,0,0,0,0
2021-01-09T23:59:59+01:00,1,0,14,7,26,51,52,97,64,152,76,109,33,55,50,112,46,172,0,0,0,0,0,0,0,0,0,0,0,0,0,0,0,0,1117,0,0,0,0,0,0,0,0
2021-01-08T23:59:59+01:00,1,0,11,7,24,48,47,92,60,139,70,105,31,50,49,112,46,172,0,0,0,0,0,0,0,0,0,0,0,0,0,0,0,0,1064,0,0,0,0,0,0,0,0
2021-01-07T23:59:59+01:00,1,0,7,4,9,18,21,40,23,56,38,65,19,33,36,75,36,116,0,0,0,0,0,0,0,0,0,0,0,0,0,0,0,0,597,0,0,0,0,0,0,0,0
2021-01-06T23:59:59+01:00,1,0,7,4,9,15,14,30,15,39,25,53,15,25,30,67,34,101,0,0,0,0,0,0,0,0,0,0,0,0,0,0,0,0,484,0,0,0,0,0,0,0,0
2021-01-05T23:59:59+01:00,1,0,7,4,9,15,14,30,15,39,25,53,15,25,29,67,34,101,0,0,0,0,0,0,0,0,0,0,0,0,0,0,0,0,483,0,0,0,0,0,0,0,0
2021-01-04T23:59:59+01:00,1,0,2,4,8,5,4,14,4,7,6,16,6,5,6,16,4,13,0,0,0,0,0,0,0,0,0,0,0,0,0,0,0,0,121,0,0,0,0,0,0,0,0
2021-01-03T23:59:59+01:00,1,0,1,1,3,2,2,7,3,3,3,9,4,4,3,8,3,8,0,0,0,0,0,0,0,0,0,0,0,0,0,0,0,0,65,0,0,0,0,0,0,0,0
2021-01-02T23:59:59+01:00,1,0,1,1,3,2,2,7,3,3,3,9,4,4,3,8,3,8,0,0,0,0,0,0,0,0,0,0,0,0,0,0,0,0,65,0,0,0,0,0,0,0,0
2021-01-01T23:59:59+01:00,1,0,1,1,3,2,2,7,2,3,3,9,4,4,3,8,3,8,0,0,0,0,0,0,0,0,0,0,0,0,0,0,0,0,64,0,0,0,0,0,0,0,0
2020-12-31T23:59:59+01:00,1,0,1,1,3,1,2,7,2,2,3,8,4,4,3,8,3,8,0,0,0,0,0,0,0,0,0,0,0,0,0,0,0,0,61,0,0,0,0,0,0,0,0
2020-12-30T23:59:59+01:00,1,0,1,1,3,1,2,7,2,2,3,6,4,4,3,8,3,8,0,0,0,0,0,0,0,0,0,0,0,0,0,0,0,0,59,0,0,0,0,0,0,0,0
2020-12-29T23:59:59+01:00,1,0,1,1,2,1,2,6,2,2,3,6,2,2,2,8,2,7,0,0,0,0,0,0,0,0,0,0,0,0,0,0,0,0,50,0,0,0,0,0,0,0,0
2020-12-28T23:59:59+01:00,1,0,0,0,2,1,0,2,1,0,1,3,0,1,0,1,1,4,0,0,0,0,0,0,0,0,0,0,0,0,0,0,0,0,18,0,0,0,0,0,0,0,0
2020-12-27T23:59:59+01:00,0,0,0,0,0,0,0,1,1,0,1,2,0,1,0,1,1,4,0,0,0,0,0,0,0,0,0,0,0,0,0,0,0,0,12,0,0,0,0,0,0,0,0
