Datum,<15_1_m,<15_1_w,15-24_1_m,15-24_1_w,25-34_1_m,25-34_1_w,35-44_1_m,35-44_1_w,45-54_1_m,45-54_1_w,55-64_1_m,55-64_1_w,65-74_1_m,65-74_1_w,75-84_1_m,75-84_1_w,>84_1_m,>84_1_w,<15_2_m,<15_2_w,15-24_2_m,15-24_2_w,25-34_2_m,25-34_2_w,35-44_2_m,35-44_2_w,45-54_2_m,45-54_2_w,55-64_2_m,55-64_2_w,65-74_2_m,65-74_2_w,75-84_2_m,75-84_2_w,>84_2_m,>84_2_w,bp_1,bp_2,mo_1,mo_2,az_1,az_2,ja,unb_1,unb_2
2021-11-18T23:59:59+01:00,8074,7798,53365,49921,67710,58591,69354,64672,79565,77040,91690,89113,61654,66058,40128,51650,12706,22932,5723,5544,43765,41780,57892,49865,61446,57313,72232,69992,86043,83867,59541,63535,38893,49949,12220,21956,735655,655122,80715,76597,109762,103890,45879,54,68
2021-11-17T23:59:59+01:00,7898,7621,53131,49686,67493,58342,69130,64472,79400,76899,91574,88976,61592,65981,40095,51621,12703,22912,5680,5500,43634,41653,57732,49740,61327,57187,72117,69886,85949,83772,59502,63469,38878,49910,12215,21937,733247,653713,80661,76570,109761,103890,45847,54,68
2021-11-16T23:59:59+01:00,7758,7486,52681,49353,67122,58004,68860,64204,79158,76678,91408,88789,61520,65893,40060,51572,12693,22882,5660,5479,43503,41562,57577,49631,61220,57086,72000,69787,85856,83679,59454,63400,38843,49871,12212,21926,730022,652469,80541,76532,109761,103890,45787,54,68
2021-11-15T23:59:59+01:00,7663,7400,52377,49084,66747,57679,68593,63972,78952,76490,91260,88627,61448,65803,40044,51523,12687,22867,5641,5465,43416,41498,57462,49548,61143,57011,71932,69723,85799,83615,59415,63362,38827,49837,12206,21914,727232,651613,80484,76515,109761,103889,45729,54,68
2021-11-14T23:59:59+01:00,7602,7349,52119,48912,66459,57419,68395,63798,78806,76346,91143,88518,61400,65759,40028,51496,12684,22860,5637,5457,43339,41451,57384,49480,61090,56944,71867,69674,85750,83566,59378,63328,38817,49819,12201,21909,725220,650978,80448,76502,109761,103889,45654,54,68
2021-11-13T23:59:59+01:00,7483,7250,51689,48498,66040,57029,68079,63513,78532,76152,90977,88405,61373,65718,40012,51475,12681,22855,5618,5449,43292,41400,57331,49432,61049,56910,71820,69618,85702,83531,59365,63313,38806,49807,12198,21905,721908,650441,80435,76501,109760,103888,45648,54,68
2021-11-12T23:59:59+01:00,7322,7089,51069,48046,65484,56576,67653,63140,78219,75840,90778,88235,61336,65641,39980,51436,12676,22840,5594,5423,43151,41312,57226,49339,60950,56821,71725,69526,85619,83467,59330,63278,38798,49792,12190,21898,717614,649402,80393,76498,109759,103887,45584,54,68
2021-11-11T23:59:59+01:00,7124,6874,50245,47425,64822,55932,67132,62674,77781,75453,90526,87984,61265,65548,39949,51388,12666,22820,5522,5356,42966,41125,57048,49135,60789,56645,71593,69374,85487,83351,59277,63221,38764,49749,12180,21881,712055,647575,80309,76461,109758,103883,45476,54,68
2021-11-10T23:59:59+01:00,6932,6743,49458,46783,64002,55239,66500,62137,77302,74977,90219,87691,61177,65431,39914,51329,12659,22802,5487,5304,42762,40948,56829,48922,60614,56479,71439,69195,85360,83206,59213,63160,38723,49701,12173,21864,706005,645683,80197,76418,109755,103882,45328,54,68
2021-11-09T23:59:59+01:00,6823,6617,48801,46219,63332,54696,66037,61727,76891,74586,89947,87427,61101,65340,39884,51288,12654,22787,5460,5283,42611,40845,56698,48802,60512,56368,71343,69077,85269,83111,59163,63099,38700,49661,12165,21854,701231,644536,80026,76394,109747,103881,45142,54,68
2021-11-08T23:59:59+01:00,6727,6514,48158,45754,62702,54192,65568,61308,76495,74251,89711,87196,61024,65278,39857,51250,12649,22772,5436,5264,42505,40723,56571,48705,60427,56283,71253,68996,85206,83038,59119,63054,38688,49639,12159,21833,696905,643641,79787,76354,109747,103880,44956,54,68
2021-11-07T23:59:59+01:00,6684,6466,47885,45535,62414,53940,65337,61132,76290,74081,89597,87091,60990,65237,39849,51233,12647,22766,5424,5242,42445,40672,56497,48648,60369,56233,71198,68944,85171,83004,59098,63037,38677,49628,12157,21827,694839,643144,79747,76349,109747,103880,44830,54,68
2021-11-06T23:59:59+01:00,6671,6448,47851,45497,62355,53895,65303,61108,76265,74055,89579,87079,60990,65237,39849,51232,12647,22765,5421,5242,42441,40665,56483,48639,60363,56227,71194,68940,85165,83001,59098,63037,38677,49628,12157,21827,694502,643085,79742,76348,109747,103880,44824,54,68
2021-11-05T23:59:59+01:00,6605,6378,47594,45266,62063,53638,65059,60911,76069,73883,89460,86998,60982,65219,39848,51225,12647,22759,5397,5218,42378,40615,56410,48562,60309,56163,71131,68890,85134,82971,59088,63025,38670,49622,12155,21824,692442,642598,79736,76345,109743,103880,44671,54,68
2021-11-04T23:59:59+01:00,6452,6240,47039,44792,61510,53147,64598,60528,75724,73578,89261,86859,60950,65161,39827,51205,12640,22751,5325,5131,42198,40412,56237,48368,60155,56014,71011,68763,85024,82886,59051,62986,38655,49576,12150,21817,688385,641049,79683,76324,109743,103879,44439,54,68
2021-11-03T23:59:59+01:00,6368,6151,46587,44410,60919,52744,64206,60190,75397,73318,89049,86701,60919,65116,39816,51183,12634,22736,5284,5073,42017,40259,56009,48188,60025,55878,70889,68642,84940,82808,59014,62950,38635,49547,12145,21801,684825,639622,79628,76301,109743,103877,44236,54,68
2021-11-02T23:59:59+01:00,6316,6096,46320,44198,60551,52508,63915,60020,75191,73183,88930,86620,60902,65086,39805,51162,12629,22727,5260,5049,41909,40177,55913,48104,59934,55815,70817,68573,84888,82758,58990,62921,38620,49530,12138,21777,682721,638851,79600,76295,109743,103877,44082,54,68
2021-11-01T23:59:59+01:00,6261,6040,46102,44014,60298,52339,63679,59849,75019,73069,88843,86564,60890,65070,39795,51156,12627,22724,5235,5023,41842,40109,55820,48024,59835,55767,70744,68525,84837,82725,58982,62905,38612,49514,12133,21763,681178,638336,79589,76293,109737,103876,43822,54,68
2021-10-31T23:59:59+01:00,6256,6040,46098,44011,60293,52335,63675,59846,75018,73066,88841,86562,60890,65070,39795,51156,12627,22724,5233,5021,41842,40107,55820,48023,59834,55766,70742,68525,84837,82725,58982,62905,38612,49513,12133,21762,681144,638324,79588,76293,109737,103876,43821,54,68
2021-10-30T23:59:59+02:00,6256,6040,46098,44010,60291,52331,63675,59846,75016,73065,88840,86562,60890,65070,39795,51156,12627,22724,5233,5021,41842,40107,55819,48018,59833,55765,70742,68525,84837,82725,58982,62905,38611,49511,12133,21762,681134,638316,79588,76291,109737,103876,43820,54,68
2021-10-29T23:59:59+02:00,6230,6010,45971,43892,60076,52177,63482,59732,74878,72951,88747,86526,60881,65065,39784,51147,12625,22718,5213,5008,41784,40052,55739,47951,59749,55718,70684,68476,84807,82708,58976,62900,38609,49508,12132,21760,680046,638008,79560,76286,109737,103876,43536,54,68
2021-10-28T23:59:59+02:00,6158,5943,45705,43663,59744,51975,63221,59541,74658,72812,88626,86442,60851,65045,39776,51136,12624,22714,5185,4959,41668,39948,55588,47848,59633,55638,70590,68398,84736,82658,58958,62879,38593,49491,12126,21747,678072,637140,79526,76274,109737,103875,43286,54,68
2021-10-27T23:59:59+02:00,6087,5876,45471,43466,59469,51764,63046,59377,74504,72688,88532,86366,60835,65025,39774,51124,12620,22709,5145,4913,41488,39792,55431,47696,59531,55519,70494,68315,84683,82583,58934,62854,38572,49466,12121,21737,676340,635933,79507,76261,109736,103875,43137,54,68
2021-10-26T23:59:59+02:00,5984,5781,45168,43206,59120,51534,62824,59186,74314,72536,88435,86279,60818,64993,39768,51112,12614,22704,5069,4835,41289,39578,55251,47518,59406,55403,70412,68203,84601,82512,58904,62816,38551,49437,12119,21724,674179,634477,79492,76251,109735,103875,42957,54,68
2021-10-25T23:59:59+02:00,5978,5775,45140,43189,59081,51512,62801,59175,74289,72523,88420,86264,60817,64991,39766,51112,12614,22704,5065,4835,41277,39575,55231,47511,59391,55401,70404,68194,84596,82504,58904,62813,38550,49437,12119,21724,674004,634432,79491,76251,109735,103872,42908,54,68
2021-10-24T23:59:59+02:00,5950,5750,45046,43123,58961,51423,62710,59107,74202,72470,88374,86234,60809,64979,39763,51105,12612,22701,5055,4824,41220,39528,55161,47456,59342,55360,70370,68163,84571,82482,58891,62800,38544,49431,12118,21723,673327,634099,79484,76241,109735,103872,42759,54,68
2021-10-23T23:59:59+02:00,5950,5750,45046,43123,58961,51422,62710,59106,74202,72470,88374,86234,60809,64979,39763,51105,12612,22701,5055,4824,41220,39528,55160,47456,59342,55360,70370,68163,84571,82482,58891,62800,38544,49431,12118,21723,673325,634098,79484,76241,109735,103872,42759,54,68
2021-10-22T23:59:59+02:00,5926,5718,44952,43055,58854,51334,62599,59027,74127,72405,88324,86206,60809,64975,39761,51103,12610,22701,5037,4805,41151,39474,55104,47403,59281,55315,70339,68128,84533,82470,58884,62795,38539,49424,12117,21723,672671,633753,79473,76239,109735,103870,42592,54,68
2021-10-21T23:59:59+02:00,5865,5676,44803,42931,58689,51198,62444,58908,74006,72314,88237,86153,60790,64961,39750,51085,12606,22694,4989,4767,41027,39341,54993,47288,59180,55190,70252,68056,84473,82423,58862,62761,38522,49406,12112,21714,671454,632741,79455,76226,109735,103870,42451,54,68
2021-10-20T23:59:59+02:00,5828,5624,44665,42800,58515,51044,62320,58812,73904,72239,88189,86107,60781,64943,39732,51068,12601,22678,4939,4695,40877,39182,54828,47128,59059,55048,70162,67959,84400,82359,58825,62724,38504,49384,12109,21702,670314,631384,79432,76207,109733,103870,42355,54,68
2021-10-19T23:59:59+02:00,5800,5585,44540,42693,58382,50941,62249,58741,73861,72172,88147,86077,60759,64926,39714,51054,12594,22666,4875,4638,40674,38998,54660,46963,58956,54905,70077,67863,84334,82298,58785,62681,38488,49363,12107,21680,669438,629923,79423,76196,109733,103867,42291,54,68
2021-10-18T23:59:59+02:00,5780,5572,44483,42630,58323,50888,62217,58701,73831,72138,88124,86064,60741,64911,39711,51045,12592,22661,4860,4624,40618,38949,54606,46901,58923,54854,70041,67821,84299,82269,58767,62666,38481,49346,12104,21670,669014,629452,79421,76186,109733,103865,42228,54,68
2021-10-17T23:59:59+02:00,5768,5553,44447,42609,58290,50860,62186,58677,73813,72119,88102,86048,60734,64907,39705,51036,12590,22652,4842,4601,40578,38920,54584,46865,58899,54827,70023,67803,84279,82250,58757,62657,38479,49342,12103,21665,668732,629158,79413,76181,109733,103865,42202,54,68
2021-10-16T23:59:59+02:00,5766,5551,44447,42609,58290,50858,62186,58677,73813,72119,88102,86048,60734,64907,39705,51036,12590,22652,4842,4600,40577,38918,54584,46863,58899,54827,70023,67802,84279,82250,58757,62657,38479,49342,12103,21665,668726,629153,79413,76179,109733,103865,42202,54,68
2021-10-15T23:59:59+02:00,5751,5531,44389,42558,58234,50810,62141,58648,73776,72081,88072,86023,60721,64904,39700,51031,12587,22649,4820,4579,40521,38867,54541,46830,58859,54785,69989,67772,84251,82232,58752,62652,38470,49339,12102,21661,668330,628792,79411,76179,109731,103865,42118,54,68
2021-10-14T23:59:59+02:00,5705,5500,44312,42469,58159,50717,62071,58579,73714,72018,88011,85987,60708,64885,39688,51013,12580,22635,4773,4520,40415,38730,54477,46752,58778,54691,69915,67694,84213,82192,58718,62630,38463,49322,12099,21652,667596,627935,79402,76162,109731,103863,42006,54,68
2021-10-13T23:59:59+02:00,5664,5437,44209,42352,58050,50616,61992,58491,73658,71950,87962,85945,60690,64858,39680,51002,12577,22626,4685,4450,40231,38494,54328,46521,58652,54519,69829,67566,84126,82115,58688,62592,38443,49281,12094,21638,666673,626232,79389,76139,109731,103863,41950,54,68
2021-10-12T23:59:59+02:00,5625,5407,44082,42228,57931,50496,61907,58407,73571,71886,87900,85900,60666,64827,39674,50985,12573,22613,4633,4384,39989,38266,54116,46324,58502,54368,69735,67454,84046,82043,58654,62548,38422,49251,12086,21625,665676,624506,79384,76137,109730,103863,41872,54,68
2021-10-11T23:59:59+02:00,5607,5393,44036,42175,57879,50436,61868,58365,73531,71853,87868,85876,60651,64814,39668,50971,12567,22601,4615,4369,39942,38219,54061,46274,58456,54322,69705,67417,84023,82009,58633,62524,38410,49224,12078,21603,665202,623988,79377,76132,109730,103862,41834,54,68
2021-10-10T23:59:59+02:00,5593,5380,44010,42146,57844,50411,61835,58337,73510,71833,87853,85864,60643,64809,39667,50967,12566,22598,4606,4359,39910,38195,54022,46240,58422,54300,69681,67400,84009,81997,58628,62517,38404,49218,12076,21601,664960,623741,79372,76127,109730,103861,41788,54,68
2021-10-09T23:59:59+02:00,5592,5379,44009,42141,57844,50411,61833,58337,73510,71833,87853,85864,60643,64809,39667,50967,12566,22598,4605,4359,39908,38193,54021,46240,58420,54300,69681,67400,84009,81997,58627,62517,38404,49218,12076,21601,664952,623736,79372,76127,109730,103859,41786,54,68
2021-10-08T23:59:59+02:00,5565,5359,43960,42094,57789,50354,61783,58302,73463,71806,87829,85852,60635,64800,39661,50958,12564,22594,4593,4337,39872,38151,53992,46206,58384,54257,69646,67379,83992,81984,58623,62505,38401,49214,12075,21599,664548,623456,79371,76124,109730,103859,41703,54,68
2021-10-07T23:59:59+02:00,5500,5281,43811,41957,57664,50226,61693,58216,73385,71731,87775,85813,60622,64776,39651,50948,12561,22586,4502,4243,39680,37924,53850,46012,58257,54094,69541,67270,83937,81922,58594,62461,38380,49198,12068,21591,663489,621881,79355,76110,109730,103859,41606,54,68
2021-10-06T23:59:59+02:00,5474,5240,43669,41842,57549,50138,61613,58124,73317,71663,87716,85768,60606,64751,39638,50923,12558,22569,4440,4189,39516,37745,53717,45858,58155,53958,69450,67160,83872,81848,58559,62421,38365,49172,12067,21573,662557,620514,79336,76106,109729,103859,41518,54,68
2021-10-05T23:59:59+02:00,5434,5203,43539,41700,57435,50002,61495,58045,73246,71598,87663,85709,60587,64731,39627,50905,12555,22551,4393,4141,39384,37596,53599,45730,58057,53834,69349,67081,83812,81788,58534,62389,38346,49147,12061,21569,661510,619349,79330,76097,109729,103858,41438,54,68
2021-10-04T23:59:59+02:00,5405,5190,43461,41629,57364,49926,61448,58004,73194,71552,87629,85684,60568,64712,39622,50897,12551,22539,4374,4122,39310,37544,53531,45668,58020,53786,69313,67028,83783,81761,58508,62369,38336,49137,12059,21566,660954,618870,79325,76074,109729,103854,41349,54,68
2021-10-03T23:59:59+02:00,5395,5174,43430,41592,57309,49888,61412,57967,73164,71525,87605,85660,60557,64702,39612,50889,12548,22528,4366,4112,39279,37512,53500,45649,57994,53756,69293,67008,83762,81743,58497,62355,38331,49136,12058,21561,660616,618646,79323,76073,109729,103854,41271,54,68
2021-10-02T23:59:59+02:00,5395,5174,43429,41591,57306,49887,61412,57966,73164,71525,87605,85660,60557,64702,39612,50889,12548,22528,4366,4112,39279,37512,53500,45649,57994,53756,69293,67008,83762,81743,58497,62355,38331,49136,12058,21561,660611,618646,79321,76073,109729,103854,41271,54,68
2021-10-01T23:59:59+02:00,5382,5153,43354,41525,57238,49823,61350,57931,73113,71487,87567,85629,60542,64692,39607,50881,12548,22528,4349,4100,39224,37458,53452,45620,57954,53718,69258,66982,83738,81720,58490,62354,38328,49134,12058,21560,660132,618353,79320,76072,109729,103853,41151,54,68
2021-09-30T23:59:59+02:00,5309,5073,43176,41334,57078,49653,61228,57786,73018,71377,87495,85581,60518,64653,39589,50861,12544,22520,4230,3971,38990,37188,53291,45429,57813,53547,69156,66862,83661,81647,58473,62317,38312,49108,12052,21557,658819,616695,79307,76071,109729,103850,40920,54,68
2021-09-29T23:59:59+02:00,5273,5037,43031,41184,56932,49519,61132,57685,72933,71289,87436,85532,60493,64630,39574,50844,12540,22511,4145,3912,38801,36964,53148,45279,57720,53420,69063,66753,83595,81562,58429,62291,38300,49091,12049,21547,657787,615329,79284,76066,109729,103849,40757,54,68
2021-09-28T23:59:59+02:00,5231,4993,42822,41026,56785,49380,61027,57578,72851,71200,87375,85463,60463,64607,39560,50823,12533,22490,4086,3859,38606,36777,53005,45142,57620,53307,68980,66667,83519,81491,58401,62260,38284,49071,12047,21540,656589,614087,79276,76065,109728,103846,40596,54,68
2021-09-27T23:59:59+02:00,5199,4971,42729,40947,56690,49296,60940,57498,72788,71146,87326,85423,60440,64580,39538,50801,12524,22458,4072,3843,38520,36718,52922,45091,57546,53252,68942,66624,83476,81456,58378,62238,38274,49056,12044,21529,655933,613693,79269,76034,109728,103840,40346,54,68
2021-09-26T23:59:59+02:00,5186,4945,42683,40913,56659,49261,60922,57474,72764,71125,87312,85401,60432,64573,39534,50796,12523,22457,4062,3836,38498,36701,52887,45062,57522,53235,68920,66601,83457,81442,58372,62230,38269,49052,12044,21529,655686,613517,79263,76029,109728,103840,40265,54,68
2021-09-25T23:59:59+02:00,5186,4944,42679,40911,56659,49260,60922,57473,72763,71123,87312,85401,60432,64573,39534,50796,12523,22457,4062,3836,38495,36698,52886,45062,57522,53234,68920,66599,83457,81442,58371,62229,38269,49052,12044,21529,655680,613509,79261,76029,109728,103840,40261,54,68
2021-09-24T23:59:59+02:00,5167,4933,42592,40829,56594,49195,60856,57417,72701,71063,87273,85361,60420,64564,39529,50792,12522,22455,4057,3828,38436,36647,52837,45017,57471,53192,68874,66543,83423,81417,58360,62223,38266,49049,12043,21527,655331,613348,79257,76026,109728,103840,39928,54,68
2021-09-23T23:59:59+02:00,5094,4832,42319,40559,56365,48985,60686,57216,72547,70926,87141,85269,60367,64523,39511,50755,12517,22427,3979,3741,38197,36468,52645,44852,57320,53055,68742,66433,83324,81331,58323,62185,38253,49026,12038,21513,653740,612196,79244,76015,109727,103838,39308,54,68
2021-09-22T23:59:59+02:00,5055,4777,42165,40375,56189,48804,60538,57060,72437,70790,87049,85189,60332,64474,39491,50718,12514,22411,3938,3691,38059,36321,52486,44715,57191,52929,68663,66334,83234,81248,58289,62150,38236,49005,12035,21503,652437,611157,79230,76011,109726,103836,38955,54,68
2021-09-21T23:59:59+02:00,5019,4722,41965,40129,55963,48579,60373,56910,72343,70669,86960,85107,60293,64430,39474,50678,12505,22397,3891,3656,37897,36174,52333,44574,57069,52832,68593,66254,83158,81184,58260,62125,38212,48983,12029,21490,650860,610119,79229,76011,109726,103835,38681,54,68
2021-09-20T23:59:59+02:00,4993,4700,41857,40045,55831,48483,60270,56826,72265,70604,86902,85052,60268,64410,39461,50658,12499,22378,3883,3643,37814,36100,52217,44498,56986,52772,68531,66203,83107,81141,58237,62108,38202,48956,12026,21485,650151,609671,79216,75959,109726,103822,38389,54,68
2021-09-19T23:59:59+02:00,4988,4696,41812,40017,55756,48435,60220,56785,72224,70591,86875,85038,60261,64401,39460,50650,12499,22376,3873,3640,37782,36076,52172,44480,56952,52761,68495,66187,83084,81122,58229,62102,38199,48952,12026,21483,649891,609533,79214,75957,109723,103821,38236,54,68
2021-09-18T23:59:59+02:00,4986,4694,41800,40012,55738,48421,60201,56775,72212,70579,86865,85034,60256,64398,39459,50650,12499,22375,3872,3640,37778,36073,52156,44475,56939,52751,68486,66179,83074,81118,58224,62099,38197,48951,12026,21483,649838,609516,79213,75957,109723,103821,38159,54,68
2021-09-17T23:59:59+02:00,4931,4643,41651,39892,55622,48274,60059,56651,72075,70464,86796,84961,60221,64376,39450,50644,12496,22369,3840,3613,37671,35986,52060,44358,56849,52658,68378,66101,83014,81060,58192,62082,38190,48943,12024,21479,649006,609041,79212,75957,109723,103821,37611,54,68
2021-09-16T23:59:59+02:00,4834,4542,41369,39619,55366,47987,59824,56379,71883,70286,86667,84829,60169,64319,39427,50621,12485,22354,3735,3510,37393,35767,51854,44122,56666,52455,68232,65954,82904,80961,58139,62047,38172,48919,12015,21468,647083,607557,79207,75951,109716,103806,36931,54,68
2021-09-15T23:59:59+02:00,4769,4477,41134,39365,55125,47704,59609,56159,71726,70143,86548,84724,60127,64263,39402,50596,12481,22337,3675,3462,37188,35580,51680,43911,56527,52310,68124,65854,82808,80859,58092,62013,38149,48894,12013,21454,645310,606338,79205,75948,109716,103806,36433,54,68
2021-09-14T23:59:59+02:00,4741,4447,41010,39237,54996,47612,59519,56041,71626,70047,86469,84665,60108,64236,39388,50584,12478,22333,3661,3449,37114,35507,51587,43855,56455,52240,68048,65791,82750,80822,58074,61987,38134,48874,12007,21446,644536,605925,79205,75948,109716,103805,36055,54,68
2021-09-13T23:59:59+02:00,4713,4433,40906,39133,54906,47516,59455,55941,71554,69992,86426,84624,60078,64204,39382,50573,12474,22328,3640,3431,37039,35437,51500,43795,56396,52176,67983,65754,82710,80795,58050,61960,38125,48863,12006,21440,643828,605479,79204,75897,109715,103790,35866,54,68
2021-09-12T23:59:59+02:00,4704,4419,40874,39106,54885,47493,59428,55910,71525,69960,86412,84604,60070,64195,39380,50570,12472,22324,3631,3427,37002,35406,51482,43776,56371,52158,67962,65726,82689,80776,58039,61947,38120,48852,12006,21438,643611,605274,79195,75892,109714,103788,35786,54,68
2021-09-11T23:59:59+02:00,4695,4417,40859,39080,54858,47466,59409,55893,71502,69948,86401,84596,60069,64192,39379,50569,12472,22322,3628,3425,36985,35395,51461,43757,56358,52145,67940,65715,82676,80772,58037,61946,38118,48852,12006,21437,643516,605229,79195,75891,109714,103788,35677,54,68
2021-09-10T23:59:59+02:00,4649,4377,40679,38909,54701,47330,59291,55741,71376,69845,86313,84514,60041,64164,39369,50557,12468,22315,3610,3406,36859,35306,51352,43664,56265,52053,67846,65649,82603,80716,58018,61925,38109,48838,11999,21431,642608,604805,79193,75891,109714,103788,35097,54,68
2021-09-09T23:59:59+02:00,4575,4289,40436,38691,54506,47108,59113,55520,71229,69678,86211,84419,60016,64121,39350,50532,12460,22310,3552,3342,36646,35132,51176,43513,56113,51887,67703,65529,82493,80637,57978,61879,38092,48816,11994,21423,641133,603663,79192,75890,109714,103788,34497,54,67
2021-09-08T23:59:59+02:00,4476,4194,40209,38433,54306,46926,58936,55352,71118,69561,86119,84340,59980,64081,39342,50499,12454,22303,3442,3237,36361,34863,50941,43298,55912,51701,67566,65398,82379,80533,57944,61823,38069,48777,11983,21409,639709,601909,79187,75882,109714,103788,33990,54,67
2021-09-07T23:59:59+02:00,4402,4132,40007,38263,54175,46806,58833,55244,71040,69472,86057,84273,59956,64053,39331,50484,12451,22300,3413,3211,36232,34756,50836,43217,55829,51637,67496,65330,82314,80476,57912,61791,38057,48754,11977,21401,638692,601247,79180,75870,109709,103787,33668,54,67
2021-09-06T23:59:59+02:00,4361,4084,39905,38161,54095,46734,58766,55168,70995,69417,86013,84235,59936,64036,39328,50479,12449,22296,3380,3187,36117,34641,50740,43146,55746,51552,67436,65259,82260,80414,57886,61760,38047,48742,11976,21399,638014,600487,79180,75833,109707,103775,33526,54,67
2021-09-05T23:59:59+02:00,4348,4067,39870,38131,54073,46703,58728,55141,70967,69394,85989,84212,59933,64033,39325,50474,12448,22292,3376,3181,36091,34620,50711,43123,55713,51531,67417,65242,82242,80398,57878,61755,38044,48736,11974,21396,637790,600335,79179,75829,109706,103775,33422,54,67
2021-09-04T23:59:59+02:00,4348,4065,39861,38128,54070,46695,58727,55139,70965,69390,85985,84205,59933,64031,39325,50474,12448,22292,3375,3180,36079,34617,50708,43115,55709,51530,67415,65238,82239,80394,57877,61753,38044,48736,11974,21396,637770,600316,79179,75828,109706,103773,33395,54,67
2021-09-03T23:59:59+02:00,4310,4035,39748,38016,53970,46625,58648,55058,70895,69331,85920,84174,59915,64015,39319,50469,12445,22289,3362,3165,36000,34549,50622,43068,55646,51475,67356,65196,82193,80362,57862,61739,38036,48730,11968,21395,637198,599994,79179,75822,109706,103773,33068,54,67
2021-09-02T23:59:59+02:00,4269,3992,39570,37858,53827,46465,58507,54930,70769,69212,85842,84109,59867,63978,39296,50441,12443,22279,3345,3151,35873,34463,50509,42984,55546,51387,67255,65115,82118,80299,57815,61707,38019,48706,11963,21388,636183,599431,79178,75821,109706,103768,32556,54,67
2021-09-01T23:59:59+02:00,4208,3922,39376,37685,53663,46323,58387,54816,70676,69125,85781,84031,59823,63947,39280,50428,12441,22268,3211,3030,35538,34118,50273,42722,55347,51191,67094,64949,81986,80192,57767,61650,37987,48679,11958,21382,635060,597212,79167,75811,109705,103767,32217,54,67
2021-08-31T23:59:59+02:00,4159,3874,39240,37533,53530,46210,58282,54711,70588,69051,85703,83975,59794,63919,39262,50399,12439,22265,3190,3013,35417,34014,50129,42622,55233,51107,66999,64881,81904,80138,57728,61613,37973,48659,11952,21379,634124,596623,79165,75810,109703,103539,31912,53,67
2021-08-30T23:59:59+02:00,4108,3829,39130,37408,53426,46125,58197,54632,70526,68973,85642,83929,59776,63894,39251,50388,12437,22259,3177,2994,35343,33940,50051,42562,55157,51036,66938,64818,81851,80081,57702,61586,37959,48638,11951,21368,633283,596031,79162,75775,109703,103527,31752,53,67
2021-08-29T23:59:59+02:00,4097,3820,39111,37390,53407,46108,58182,54612,70518,68963,85626,83912,59774,63892,39247,50384,12436,22258,3171,2987,35314,33914,50020,42543,55145,51010,66914,64791,81827,80067,57692,61570,37954,48633,11948,21367,633163,595832,79158,75758,109703,103527,31683,53,67
2021-08-28T23:59:59+02:00,4097,3820,39110,37390,53406,46107,58182,54612,70517,68961,85626,83912,59774,63892,39247,50384,12436,22258,3171,2987,35314,33913,50020,42543,55143,51010,66913,64790,81827,80067,57692,61570,37954,48633,11948,21367,633159,595829,79158,75758,109703,103527,31681,53,67
2021-08-27T23:59:59+02:00,4061,3778,38989,37293,53305,46001,58099,54517,70427,68883,85563,83853,59748,63868,39235,50374,12436,22256,3165,2971,35211,33855,49917,42480,55071,50937,66821,64727,81773,80027,57667,61550,37943,48623,11947,21366,632518,595420,79158,75758,109698,103525,31282,53,66
2021-08-26T23:59:59+02:00,3976,3715,38797,37110,53133,45833,57962,54368,70297,68768,85435,83761,59701,63822,39211,50354,12429,22246,3138,2933,35032,33681,49763,42312,54910,50776,66690,64597,81627,79914,57618,61489,37915,48597,11942,21358,631330,594251,79155,75747,109695,103520,30708,53,66
2021-08-25T23:59:59+02:00,3880,3647,38629,36911,52976,45638,57845,54226,70196,68667,85341,83668,59664,63780,39193,50335,12427,22239,3021,2798,34650,33266,49485,41991,54669,50512,66496,64394,81446,79742,57530,61407,37893,48559,11930,21346,630080,591500,79154,75745,109694,103520,30304,53,66
2021-08-24T23:59:59+02:00,3859,3631,38542,36837,52898,45568,57789,54173,70142,68621,85296,83628,59633,63754,39184,50318,12424,22229,2978,2768,34502,33138,49363,41902,54580,50427,66393,64300,81355,79665,57481,61362,37885,48543,11925,21337,629643,590572,79150,75741,109693,103515,30010,53,66
2021-08-23T23:59:59+02:00,3831,3595,38446,36741,52815,45504,57732,54108,70083,68570,85242,83589,59615,63727,39174,50305,12422,22221,2960,2737,34361,33002,49237,41825,54479,50342,66299,64204,81265,79602,57445,61312,37865,48523,11924,21326,629108,589689,79146,75707,109691,103501,29745,53,66
2021-08-22T23:59:59+02:00,3823,3594,38416,36727,52800,45485,57715,54095,70057,68551,85225,83575,59605,63717,39172,50296,12417,22219,2952,2719,34313,32963,49209,41788,54443,50315,66256,64179,81229,79575,57430,61298,37862,48514,11919,21323,629001,589401,79144,75696,109690,103500,29624,53,66
2021-08-21T23:59:59+02:00,3820,3591,38396,36721,52790,45474,57700,54089,70043,68539,85219,83566,59598,63715,39171,50296,12417,22219,2952,2719,34301,32959,49197,41778,54429,50310,66244,64168,81223,79568,57426,61297,37862,48514,11919,21323,628959,589386,79143,75694,109689,103500,29543,53,66
2021-08-20T23:59:59+02:00,3800,3559,38326,36650,52707,45402,57623,54025,69969,68486,85156,83518,59581,63695,39168,50292,12417,22213,2934,2705,34202,32853,49081,41709,54336,50234,66149,64100,81153,79514,57406,61273,37856,48509,11918,21319,628589,588859,79141,75691,109689,103497,29138,53,66
2021-08-19T23:59:59+02:00,3772,3525,38155,36509,52545,45260,57501,53921,69840,68365,85057,83442,59551,63651,39153,50275,12413,22201,2900,2652,33849,32604,48791,41462,54118,50037,65942,63912,80977,79380,57351,61200,37809,48471,11913,21308,627696,586943,79139,75593,109680,103483,28591,53,66
2021-08-18T23:59:59+02:00,3722,3475,37966,36353,52415,45137,57404,53816,69731,68270,84981,83378,59512,63608,39138,50255,12411,22193,2830,2579,33467,32192,48488,41206,53861,49758,65720,63699,80792,79218,57269,61112,37773,48429,11909,21296,626691,584362,79136,75464,109678,103476,28230,53,66
2021-08-17T23:59:59+02:00,3661,3427,37803,36193,52293,45010,57324,53719,69636,68183,84907,83316,59477,63575,39125,50232,12406,22184,2730,2502,33074,31747,48160,40888,53568,49466,65474,63456,80590,79008,57160,61001,37732,48380,11897,21285,625727,581242,79136,75450,109673,103455,27905,53,66
2021-08-16T23:59:59+02:00,3605,3372,37657,36051,52197,44914,57251,53648,69566,68114,84854,83271,59455,63546,39111,50215,12400,22176,2597,2394,32513,31188,47767,40474,53175,49077,65168,63187,80367,78812,57084,60885,37699,48325,11888,21263,624819,577198,79132,75415,109673,103435,27749,53,66
2021-08-15T23:59:59+02:00,3596,3363,37623,36027,52164,44896,57224,53613,69549,68098,84843,83260,59443,63542,39108,50206,12400,22174,2580,2383,32432,31092,47695,40410,53111,49015,65124,63145,80323,78784,57066,60865,37691,48312,11887,21259,624627,576631,79132,75385,109672,103424,27668,53,66
2021-08-14T23:59:59+02:00,3591,3358,37615,36020,52158,44892,57218,53606,69545,68095,84835,83256,59436,63538,39107,50204,12400,22174,2579,2381,32424,31084,47684,40406,53102,49006,65121,63142,80316,78782,57061,60861,37690,48310,11887,21259,624594,576598,79129,75384,109672,103424,27623,53,66
2021-08-13T23:59:59+02:00,3574,3344,37543,35977,52096,44840,57152,53555,69476,68054,84769,83220,59414,63526,39096,50189,12397,22168,2556,2353,32282,30969,47556,40307,52981,48905,65019,63062,80227,78732,57038,60840,37677,48300,11885,21254,624279,575790,79129,75383,109672,103424,27280,53,66
2021-08-12T23:59:59+02:00,3535,3317,37414,35854,52006,44750,57081,53472,69382,67980,84695,83154,59386,63502,39084,50176,12397,22165,2477,2263,31752,30482,47172,39953,52588,48550,64692,62829,80006,78520,56947,60753,37633,48257,11880,21237,623561,572296,79128,75351,109670,103317,26961,53,66
2021-08-11T23:59:59+02:00,3493,3277,37262,35710,51894,44641,56958,53349,69284,67889,84610,83073,59346,63464,39063,50160,12393,22161,2357,2183,31104,29860,46662,39565,52160,48113,64389,62550,79794,78316,56850,60647,37597,48184,11867,21220,622656,568248,79122,75327,109668,103227,26550,53,66
2021-08-10T23:59:59+02:00,3445,3232,37104,35563,51781,44518,56852,53244,69219,67818,84544,83016,59321,63427,39045,50146,12386,22156,2190,2034,30217,28879,45924,38862,51490,47506,64002,62186,79543,78075,56745,60542,37552,48115,11859,21208,621712,562024,79120,75326,109665,103224,26289,53,66
2021-08-09T23:59:59+02:00,3409,3203,37008,35455,51701,44450,56792,53201,69188,67775,84514,82984,59303,63413,39033,50127,12385,22154,2054,1914,29506,28134,45252,38276,50918,46920,63631,61827,79262,77826,56624,60445,37508,48060,11852,21194,621123,557901,79118,73879,109664,103198,26159,53,66
2021-08-08T23:59:59+02:00,3400,3189,36980,35437,51676,44422,56775,53190,69170,67756,84493,82968,59299,63408,39028,50120,12384,22153,2020,1889,29379,27992,45107,38181,50819,46835,63575,61770,79213,77784,56587,60426,37498,48049,11852,21191,620943,556970,79117,73871,109663,103166,26094,53,66
2021-08-07T23:59:59+02:00,3400,3189,36978,35431,51666,44421,56773,53190,69166,67753,84492,82966,59298,63408,39028,50120,12384,22153,2020,1889,29370,27984,45092,38178,50818,46830,63572,61765,79210,77781,56584,60425,37497,48049,11852,21190,620935,556935,79116,73869,109663,103165,26071,53,66
2021-08-06T23:59:59+02:00,3389,3174,36912,35376,51586,44356,56708,53150,69125,67720,84460,82939,59286,63389,39017,50114,12381,22151,1982,1846,29131,27751,44880,37994,50636,46683,63435,61645,79111,77713,56559,60399,37482,48039,11849,21187,620662,555467,79112,73861,109663,103163,25765,53,66
2021-08-05T23:59:59+02:00,3356,3136,36759,35243,51472,44221,56588,53035,69009,67606,84334,82863,59243,63336,38994,50094,12372,22141,1862,1715,28433,27131,44294,37506,50076,46227,63077,61346,78818,77494,56449,60304,37444,47985,11841,21171,619865,551140,79111,73851,109662,102983,25133,53,66
2021-08-04T23:59:59+02:00,3297,3073,36558,35073,51324,44074,56450,52920,68885,67477,84218,82749,59176,63278,38976,50065,12368,22131,1661,1538,27287,26014,43333,36628,49115,45321,62486,60738,78320,77053,56238,60122,37385,47895,11827,21151,618780,542791,79101,73809,109662,102930,24516,53,66
2021-08-03T23:59:59+02:00,3223,3015,36339,34876,51169,43936,56326,52798,68754,67363,84129,82676,59133,63236,38956,50035,12359,22116,1459,1333,26205,24898,42391,35727,48215,44433,61940,60206,77872,76648,56068,59936,37323,47807,11808,21119,617438,534435,79093,73760,109652,102904,24223,53,66
2021-08-02T23:59:59+02:00,3178,2961,36196,34726,51060,43824,56234,52700,68667,67272,84044,82601,59093,63187,38941,50015,12351,22104,1270,1168,25303,23908,41540,34982,47487,43690,61457,59730,77485,76304,55904,59786,37273,47728,11791,21098,616463,527457,79092,73705,109651,102761,23915,53,66
2021-08-01T23:59:59+02:00,3173,2955,36179,34704,51033,43805,56214,52673,68637,67259,84030,82589,59087,63182,38939,50011,12351,22104,1225,1137,25044,23659,41291,34780,47253,43492,61316,59593,77369,76207,55868,59757,37258,47715,11787,21094,616317,525588,79089,73663,109650,102692,23836,53,66
2021-07-31T23:59:59+02:00,3172,2954,36174,34703,51033,43804,56212,52672,68636,67258,84030,82587,59087,63182,38939,50011,12351,22103,1222,1136,25037,23643,41283,34771,47248,43486,61307,59591,77367,76204,55868,59753,37258,47715,11787,21093,616304,525517,79089,73662,109650,102691,23833,52,66
2021-07-30T23:59:59+02:00,3155,2941,36112,34640,50963,43755,56149,52610,68580,67217,83992,82547,59075,63169,38935,50004,12348,22100,1165,1081,24713,23335,41011,34557,46987,43291,61118,59460,77217,76088,55836,59714,37244,47703,11787,21093,616011,523579,79085,73659,109647,102580,23517,52,65
2021-07-29T23:59:59+02:00,3132,2913,35972,34518,50833,43628,56055,52510,68509,67152,83921,82495,59050,63151,38922,49995,12348,22099,1021,964,23757,22352,40128,33804,46084,42506,60570,59016,76856,75784,55716,59576,37204,47648,11780,21082,615135,516516,79067,73533,109646,102411,23323,52,65
2021-07-28T23:59:59+02:00,3082,2858,35730,34280,50615,43455,55858,52359,68362,67010,83807,82397,58999,63104,38899,49958,12338,22091,822,808,22535,21117,38803,32696,44763,41325,59762,58353,76349,75323,55521,59388,37135,47543,11766,21057,613763,506690,79062,73362,109646,102252,22697,52,65
2021-07-27T23:59:59+02:00,3057,2839,35622,34162,50529,43373,55779,52308,68301,66941,83746,82325,58958,63061,38887,49943,12337,22082,667,649,21299,19731,37378,31363,43395,40022,59135,57757,75928,74910,55358,59211,37077,47488,11755,21034,613036,496279,79046,73183,109645,102141,22489,52,65
2021-07-26T23:59:59+02:00,3038,2820,35561,34066,50471,43319,55738,52259,68257,66905,83710,82297,58944,63045,38875,49931,12336,22080,565,564,20282,18634,36128,30247,42122,38872,58640,57352,75641,74656,55261,59111,37056,47453,11749,21020,612514,488034,79039,72857,109645,101977,22420,52,65
2021-07-25T23:59:59+02:00,3028,2815,35513,34024,50426,43270,55709,52236,68234,66880,83679,82274,58928,63038,38872,49928,12333,22074,496,493,19883,18270,35709,29916,41711,38565,58443,57196,75482,74545,55214,59072,37034,47434,11746,21016,612216,485300,79033,72581,109645,101946,22333,52,65
2021-07-24T23:59:59+02:00,3028,2815,35507,34021,50424,43266,55707,52235,68233,66880,83677,82273,58928,63038,38871,49928,12333,22074,496,493,19875,18256,35697,29905,41703,38564,58439,57193,75478,74543,55214,59072,37033,47434,11746,21016,612208,485249,79032,72580,109645,101944,22319,52,65
2021-07-23T23:59:59+02:00,3004,2789,35357,33903,50275,43165,55589,52128,68136,66786,83586,82222,58897,63010,38861,49923,12328,22071,470,477,19635,18033,35433,29727,41432,38377,58272,57062,75342,74465,55175,59048,37021,47424,11740,21010,611581,484111,79032,72287,109645,101942,21738,52,65
2021-07-22T23:59:59+02:00,2953,2705,34918,33536,49967,42933,55329,51902,67907,66603,83410,82073,58812,62917,38825,49876,12317,22053,426,428,18845,17372,34337,28992,40304,37544,57533,56593,74788,74089,54993,58868,36955,47340,11719,20984,609447,478581,79018,70852,109641,101720,20893,52,64
2021-07-21T23:59:59+02:00,2898,2647,34606,33213,49726,42721,55141,51714,67715,66419,83281,81948,58747,62864,38794,49838,12306,22043,384,387,18018,16554,33021,27998,39043,36584,56835,56030,74336,73726,54847,58693,36889,47256,11707,20951,607623,472677,78965,68656,109640,101506,20356,52,64
2021-07-20T23:59:59+02:00,2822,2584,34249,32825,49444,42488,54970,51519,67535,66261,83141,81828,58685,62808,38766,49793,12305,22028,328,307,16869,15441,31308,26600,37307,35127,56036,55379,73789,73278,54677,58504,36838,47170,11689,20913,605530,463497,78930,66918,109638,101166,19915,52,64
2021-07-19T23:59:59+02:00,2738,2513,33691,32264,49137,42178,54696,51254,67339,66048,82967,81659,58618,62726,38721,49741,12298,22013,294,259,16210,14875,30357,25920,36440,34411,55596,54957,73460,73039,54590,58418,36801,47118,11683,20891,602333,459787,78869,64753,109637,100992,19724,52,63
2021-07-18T23:59:59+02:00,2710,2495,33592,32146,49044,42124,54640,51193,67279,65999,82924,81617,58591,62700,38710,49728,12296,22006,278,238,15890,14615,29789,25541,35945,34058,55342,54794,73315,72938,54548,58380,36793,47103,11682,20887,601723,458338,78853,63227,109636,100965,19544,52,62
2021-07-17T23:59:59+02:00,2710,2495,33591,32143,49038,42123,54637,51191,67279,65998,82924,81616,58591,62699,38710,49728,12296,22006,278,238,15885,14608,29773,25525,35940,34053,55337,54793,73315,72938,54548,58380,36793,47103,11682,20887,601712,458286,78851,63223,109631,100962,19543,52,62
2021-07-16T23:59:59+02:00,2651,2430,32983,31622,48546,41775,54245,50855,66897,65676,82611,81385,58473,62586,38660,49679,12292,21999,270,227,15469,14285,29279,25150,35490,33721,54999,54539,73055,72746,54437,58291,36758,47065,11679,20883,599492,456879,78847,63094,109630,100955,17353,52,62
2021-07-15T23:59:59+02:00,2519,2299,32123,30838,47927,41201,53672,50373,66470,65328,82356,81142,58383,62489,38626,49636,12284,21981,241,201,14634,13612,27952,24322,34183,32904,54318,54137,72642,72521,54344,58194,36729,47031,11672,20867,594473,452674,78835,60731,109629,100371,16666,52,62
2021-07-14T23:59:59+02:00,2413,2213,31583,30311,47438,40767,53255,49977,66142,65051,82117,80892,58280,62393,38593,49586,12274,21968,194,162,13393,12482,25955,22864,32279,31379,53566,53538,72130,72180,54204,58068,36686,46970,11662,20851,590629,443516,78816,58818,109628,100033,16135,52,61
2021-07-13T23:59:59+02:00,2356,2143,31318,30042,47167,40539,53007,49748,65935,64864,81948,80744,58213,62317,38567,49549,12264,21956,170,140,12402,11640,24221,21555,30334,29787,52370,52364,71308,71385,53955,57791,36599,46855,11644,20823,588472,436774,78802,55897,109620,96873,15738,52,61
2021-07-12T23:59:59+02:00,2130,1936,30458,29113,46513,40003,52436,49179,65544,64475,81670,80473,58077,62191,38525,49492,12254,21935,148,123,11650,11015,22825,20573,28592,28407,51407,51500,70564,70765,53696,57511,36533,46737,11631,20792,582241,428650,78784,53327,109620,96718,15714,52,60
2021-07-11T23:59:59+02:00,2085,1898,30337,29007,46448,39933,52383,49116,65487,64420,81609,80430,58056,62171,38519,49474,12249,21930,145,115,11488,10867,22551,20381,28226,28134,51202,51354,70391,70620,53643,57431,36511,46720,11622,20785,581423,426576,78778,53284,109618,96581,15688,52,57
2021-07-10T23:59:59+02:00,2085,1896,30334,29000,46443,39927,52381,49114,65484,64419,81607,80427,58056,62169,38518,49474,12249,21930,145,115,11475,10849,22535,20365,28210,28121,51195,51349,70388,70617,53643,57431,36510,46720,11622,20785,581393,426487,78777,53282,109618,96569,15680,52,57
2021-07-09T23:59:59+02:00,2041,1858,30100,28769,46227,39746,52197,48945,65322,64306,81502,80346,58026,62139,38503,49459,12245,21928,144,109,11091,10578,21890,19927,27543,27569,50486,50780,69805,70205,53541,57344,36487,46685,11617,20774,580194,425404,78771,52967,109612,93109,15038,51,57
2021-07-08T23:59:59+02:00,1902,1731,29440,28239,45619,39241,51643,48477,64919,63995,81202,80111,57934,62047,38471,49408,12240,21914,106,81,9912,9479,19946,18297,25073,25586,49448,49977,69175,69665,53315,57129,36411,46598,11602,20748,575933,414864,78749,50540,109596,92876,14211,51,57
2021-07-07T23:59:59+02:00,1689,1533,28324,27037,44572,38275,50547,47479,64261,63355,80659,79627,57731,61816,38404,49323,12227,21873,82,70,9376,9005,18855,17458,23674,24383,48622,49329,68628,69174,53115,56888,36335,46499,11586,20708,566655,408518,78733,48923,109594,92583,13706,51,57
2021-07-06T23:59:59+02:00,1487,1375,27247,26000,43553,37352,49610,46546,63661,62793,80225,79218,57548,61632,38348,49228,12203,21846,61,45,8664,8266,17523,16451,22061,23102,48013,48876,68252,68907,52998,56774,36285,46462,11579,20693,558398,401051,78722,48495,109591,92292,13117,51,57
2021-07-05T23:59:59+02:00,1330,1251,26106,24758,42476,36357,48557,45475,62996,62217,79788,78814,57374,61444,38295,49152,12194,21823,49,35,8412,8039,17019,16127,21496,22714,47705,48648,68056,68759,52945,56701,36259,46442,11576,20688,549103,398446,78714,48178,109591,92037,12954,51,55
2021-07-04T23:59:59+02:00,1265,1187,25784,24434,42165,36096,48306,45288,62850,62080,79674,78717,57338,61404,38284,49133,12192,21820,42,34,8156,7880,16745,15929,21212,22516,47581,48548,67974,68681,52921,56677,36244,46437,11574,20687,546786,397404,78684,47515,109590,91952,12912,51,55
2021-07-03T23:59:59+02:00,1265,1186,25776,24419,42152,36090,48304,45288,62846,62079,79673,78716,57337,61404,38284,49133,12192,21820,42,34,8150,7872,16734,15919,21205,22509,47574,48547,67969,68680,52920,56677,36244,46437,11574,20687,546753,397370,78683,47514,109590,91942,12893,51,55
2021-07-02T23:59:59+02:00,1197,1129,25460,24068,41830,35812,48045,45031,62703,61933,79599,78645,57320,61381,38278,49121,12188,21815,41,31,7971,7723,16362,15653,20760,22202,46607,47767,67471,68329,52835,56584,36229,46419,11573,20684,544370,394879,78681,47510,109584,89922,12875,51,55
2021-07-01T23:59:59+02:00,1142,1079,25084,23703,41447,35461,47649,44680,62453,61692,79409,78474,57257,61318,38247,49080,12181,21805,35,27,7579,7384,15548,14867,19587,21166,45065,46281,66255,67252,52526,56281,36132,46299,11549,20657,541221,389042,78579,46683,109574,85968,12742,51,55
2021-06-30T23:59:59+02:00,1069,1013,24661,23260,41018,35091,47238,44298,62223,61484,79238,78325,57176,61239,38219,49029,12173,21784,28,20,7202,7025,14598,14066,18151,19956,41846,43549,64555,65805,52056,55780,35982,46105,11522,20608,537766,376992,78546,45985,109570,83211,12611,51,55
2021-06-29T23:59:59+02:00,978,904,24155,22725,40497,34667,46806,43882,61961,61200,79025,78146,57097,61175,38190,48985,12167,21765,19,18,6925,6715,13929,13566,16990,19028,37510,39858,63197,64544,51567,55280,35848,45926,11491,20564,533676,361646,78537,45772,109570,83005,12497,51,55
2021-06-28T23:59:59+02:00,949,871,23817,22335,40036,34275,46388,43514,61722,60945,78833,77991,57023,61106,38161,48955,12164,21750,17,10,6614,6398,13272,13065,15970,18190,33867,36807,62071,63509,51212,54884,35753,45776,11466,20526,531910,352968,76851,41075,109568,82848,12461,51,55
2021-06-27T23:59:59+02:00,935,858,23723,22244,39960,34213,46329,43454,61689,60907,78796,77961,57008,61095,38155,48948,12163,21745,16,9,6521,6327,13034,12924,15548,17952,33028,36159,61812,63308,51121,54813,35736,45754,11464,20522,531295,350060,76845,40805,109562,82692,12436,51,55
2021-06-26T23:59:59+02:00,935,858,23717,22238,39950,34209,46327,43452,61687,60906,78795,77961,57008,61095,38155,48947,12163,21745,16,9,6518,6319,13025,12910,15540,17945,33024,36158,61805,63305,51119,54807,35736,45754,11464,20521,531263,349989,76844,40804,109560,82691,12436,51,55
2021-06-25T23:59:59+02:00,912,831,23604,22121,39863,34121,46245,43380,61642,60858,78748,77939,56997,61083,38152,48944,12162,21743,15,8,6421,6204,12917,12780,15401,17782,32307,35497,61414,62979,51041,54723,35728,45733,11461,20520,530463,346977,76843,40792,109559,82672,12435,51,55
2021-06-24T23:59:59+02:00,845,773,23216,21703,39508,33809,45894,43075,61437,60664,78588,77801,56943,61029,38130,48914,12157,21732,14,5,6082,5908,12353,12318,14690,17094,28999,32781,59125,61118,50454,54124,35592,45524,11443,20472,527505,333143,76793,40525,109557,82055,12318,51,55
2021-06-23T23:59:59+02:00,741,679,22572,21045,38935,33220,45235,42367,61070,60270,78338,77550,56839,60893,38083,48861,12147,21712,12,4,5926,5712,11984,11963,14180,16562,25638,30022,57480,59585,49930,53582,35471,45350,11422,20428,521916,323682,76736,37591,109554,81617,12306,51,55
2021-06-22T23:59:59+02:00,680,614,22148,20606,38529,32797,44799,41905,60797,59984,78131,77307,56742,60783,38047,48789,12134,21690,10,3,5737,5577,11656,11695,13747,16187,21294,26488,55398,57881,49328,52975,35293,45133,11401,20384,518110,309289,76609,37538,109549,81136,12169,51,55
2021-06-21T23:59:59+02:00,643,573,21895,20368,38276,32563,44553,41629,60607,59771,77999,77167,56688,60697,38022,48748,12125,21674,8,3,5606,5466,11347,11493,13406,15921,19739,25253,54479,57108,47107,50510,34693,44409,11378,20325,516050,303942,76409,37471,109530,74823,11960,50,55
2021-06-20T23:59:59+02:00,614,553,21607,20073,37976,32282,44267,41368,60455,59603,77861,77020,56639,60652,38002,48731,12122,21667,8,3,5547,5421,11214,11402,13250,15792,19340,24928,54210,56924,45446,48529,34125,43773,11358,20304,513647,303302,76326,36716,109517,69549,11954,49,53
2021-06-19T23:59:59+02:00,612,553,21602,20059,37960,32275,44264,41363,60448,59599,77859,77017,56636,60651,38002,48730,12122,21667,8,3,5541,5412,11209,11397,13240,15786,19332,24919,54196,56912,45437,48519,34124,43773,11358,20304,513580,303215,76320,36712,109517,69536,11954,49,53
2021-06-18T23:59:59+02:00,598,539,21502,19949,37891,32218,44188,41276,60392,59553,77814,76975,56614,60629,37997,48717,12121,21666,8,3,5449,5250,10911,10860,12864,15205,18791,23899,53338,55600,45231,48354,34096,43724,11352,20292,512815,301636,76313,36711,109511,64874,11953,48,53
2021-06-17T23:59:59+02:00,512,447,20782,19237,37135,31585,43393,40523,59982,59187,77516,76723,56497,60500,37947,48649,12108,21642,8,3,5259,5037,10529,10307,12339,14431,17855,22534,51761,53654,44078,47002,33778,43325,11305,20208,506828,294300,76220,36581,109502,60711,11768,48,53
2021-06-16T23:59:59+02:00,406,368,19983,18294,36147,30652,42382,39548,59438,58703,77122,76404,56354,60344,37890,48560,12098,21619,8,3,5070,4880,10013,9981,11601,13930,16308,21227,47872,50105,42320,44986,33310,42753,11242,20081,499449,278092,75682,36379,109487,59520,11647,48,52
2021-06-15T23:59:59+02:00,296,265,19175,17447,35225,29796,41453,38656,58999,58260,76789,76073,56212,60177,37831,48490,12083,21585,7,3,4870,4756,9489,9716,10892,13457,14793,20038,43592,46007,40767,43134,32827,42130,11176,19953,492234,260877,75563,36343,109476,58844,11492,48,51
2021-06-14T23:59:59+02:00,192,173,18060,16215,33971,28521,39983,37245,58410,57691,76396,75730,56083,60031,37788,48420,12074,21570,7,3,4747,4664,9142,9506,10410,13137,13620,19034,40944,43450,39692,41984,32534,41729,11144,19867,482463,249691,75128,36316,109471,58112,11444,48,51
2021-06-13T23:59:59+02:00,151,134,17554,15812,33490,28118,39490,36861,58197,57507,76247,75628,56056,59990,37766,48399,12071,21561,7,3,4659,4614,8992,9434,10246,13067,13015,18579,40473,43056,39455,41761,32474,41644,11138,19853,479380,248723,74826,34889,109464,57492,11315,48,51
2021-06-12T23:59:59+02:00,151,134,17546,15791,33473,28108,39483,36856,58190,57503,76243,75626,56055,59988,37765,48399,12071,21561,7,3,4652,4608,8982,9429,10234,13058,13003,18566,40289,42909,39433,41746,32470,41642,11138,19852,479297,248289,74822,34888,109464,57480,11313,48,51
2021-06-11T23:59:59+02:00,149,134,17461,15732,33325,28034,39309,36800,58070,57467,76172,75601,56041,59983,37763,48396,12071,21560,7,3,4573,4416,8823,8869,10042,12338,12768,17495,39800,41607,39278,41616,32452,41606,11136,19851,478952,247800,74409,34886,109356,52639,11304,48,51
2021-06-10T23:59:59+02:00,134,114,16619,15017,31915,27124,38067,35883,57385,57008,75762,75329,55952,59891,37724,48351,12060,21542,7,3,4323,4221,8266,8366,9360,11574,12030,16425,36941,38566,38475,40811,32286,41424,11120,19821,475061,240713,71438,34753,109082,48253,10249,48,51
2021-06-09T23:59:59+02:00,112,89,15840,14319,30631,26225,36849,34995,56805,56619,75417,75101,55868,59785,37697,48306,12047,21522,7,3,4138,4070,7905,8177,8891,11352,11409,16044,31849,33686,36974,39272,32041,41155,11098,19771,470392,226754,69006,34627,109038,46666,9746,46,49
2021-06-08T23:59:59+02:00,85,71,14924,13461,29249,25136,35482,33986,56186,56210,75122,74886,55792,59710,37674,48274,12043,21512,7,3,4056,4008,7746,8054,8738,11235,11114,15837,29013,30868,36015,38327,31880,40960,11074,19738,465810,219244,65576,34566,108992,45433,9381,45,49
2021-06-07T23:59:59+02:00,77,58,14286,12887,27884,24320,34321,33204,55708,55951,74879,74778,55757,59670,37658,48263,12043,21508,7,3,3963,3936,7550,7925,8437,11103,10747,15591,24669,26481,34546,36785,31658,40692,11046,19708,462679,207432,62539,34498,108961,43840,9028,45,49
2021-06-06T23:59:59+02:00,76,55,13965,12694,27096,23905,33667,32785,55399,55785,74723,74713,55736,59646,37644,48254,12041,21507,7,3,3897,3900,7397,7882,8279,11017,10424,15388,21841,23600,33544,35702,31518,40537,11039,19693,461535,204636,60489,29249,108934,43047,8688,45,48
2021-06-05T23:59:59+02:00,76,53,13935,12665,27047,23864,33638,32765,55394,55775,74717,74707,55732,59641,37639,48252,12041,21507,7,3,3875,3883,7362,7859,8232,10998,10361,15346,20414,22044,32745,34820,31448,40456,11035,19686,461403,199655,60384,29245,108929,42939,8687,45,48
2021-06-04T23:59:59+02:00,70,49,13704,12405,26734,23544,33299,32454,55333,55695,74678,74687,55722,59636,37638,48250,12041,21506,7,3,3846,3855,7283,7780,8176,10918,10281,15224,20307,21926,32671,34765,31416,40419,11032,19683,459498,199573,60321,29232,108895,42053,8686,45,48
2021-06-03T23:59:59+02:00,52,43,13137,11921,25696,22858,32164,31703,54836,55362,74362,74493,55651,59556,37603,48219,12034,21489,7,3,3717,3764,7008,7610,7893,10745,9953,14987,18419,20063,30691,32452,31142,40085,11009,19634,455161,190962,58818,29211,108880,40689,8275,45,45
2021-06-02T23:59:59+02:00,38,31,12451,11179,24699,21955,31027,30746,54569,55097,74170,74352,55598,59475,37586,48197,12026,21482,7,3,3683,3744,6949,7553,7836,10696,9868,14895,17899,19513,28760,30272,31043,39942,11002,19622,448853,185419,58639,29210,108878,40350,8263,45,45
2021-06-01T23:59:59+02:00,24,16,11323,10297,22570,20524,28487,28852,53151,54031,73160,73568,55297,59151,37463,48024,11991,21422,7,2,3455,3568,6452,7242,7236,10269,9007,14292,15947,17697,24969,26006,30355,39055,10927,19467,439339,171380,54173,29073,108840,38503,6954,45,43
2021-05-31T23:59:59+02:00,19,12,10462,9630,20731,19354,26438,27338,52041,53181,72451,73018,55081,58888,37390,47919,11976,21386,7,2,3315,3414,6116,6994,6837,9972,8466,13935,14878,16716,23771,24626,29965,38561,10867,19373,432525,165612,49796,29034,108822,37000,6127,45,42
2021-05-30T23:59:59+02:00,17,9,10115,9287,20011,18859,25732,26760,51702,52899,72213,72821,55004,58810,37365,47890,11968,21377,7,2,3135,3226,5771,6727,6549,9732,8247,13729,14618,16446,23480,24307,29855,38455,10852,19345,429936,164783,49386,28977,108791,36000,4681,45,42
2021-05-29T23:59:59+02:00,17,9,10100,9275,19993,18828,25712,26734,51690,52894,72208,72811,55002,58805,37364,47890,11967,21377,7,2,3132,3216,5766,6722,6542,9728,8239,13721,14608,16439,23469,24298,29851,38449,10851,19344,429773,164707,49386,28974,108791,35981,4681,45,41
2021-05-28T23:59:59+02:00,17,9,10034,9181,19852,18660,25449,26502,51528,52717,72061,72680,54963,58755,37350,47870,11964,21364,7,2,3085,3139,5674,6582,6438,9527,8122,13447,14416,16162,23316,24142,29797,38386,10844,19335,428111,164312,49349,28973,108772,34415,4680,44,41
2021-05-27T23:59:59+02:00,17,9,8779,8000,17457,16851,22670,24350,50433,51902,71396,72187,54766,58532,37256,47775,11950,21334,7,2,2788,2807,4830,5960,5548,8748,7328,12453,13287,14968,22322,23097,29406,37930,10789,19250,416215,160485,48389,28709,108632,29901,2384,44,41
2021-05-26T23:59:59+02:00,16,9,8378,7583,16574,16046,21480,23341,49828,51356,70975,71800,54614,58367,37188,47697,11939,21304,7,2,2603,2635,4461,5623,5072,8240,6851,11805,12314,13985,21421,22060,29095,37485,10742,19165,410608,156614,47655,28622,108552,26653,1637,43,40
2021-05-25T23:59:59+02:00,16,9,7811,6989,15329,15166,20033,22168,49350,50954,70727,71612,54539,58284,37164,47669,11935,21294,7,2,2529,2535,4271,5493,4828,8010,6570,11496,11757,13450,19257,19876,28720,36945,10707,19116,403847,150900,47413,28609,108503,24777,1243,43,40
2021-05-24T23:59:59+02:00,16,9,7724,6889,15104,15038,19747,21989,49248,50835,70683,71573,54536,58279,37163,47667,11934,21291,7,2,2488,2472,4185,5326,4735,7766,6444,11214,11617,13207,19140,19760,28667,36898,10700,19105,402712,150747,47333,28566,108409,23154,1228,43,38
2021-05-23T23:59:59+02:00,15,9,7708,6876,15066,15021,19692,21961,49237,50832,70678,71567,54535,58275,37163,47665,11934,21291,7,2,2485,2467,4178,5322,4724,7761,6438,11201,11595,13185,18997,19562,28636,36859,10698,19103,402522,150255,47333,28564,108408,23145,1219,43,37
2021-05-22T23:59:59+02:00,15,9,7705,6867,15057,15009,19681,21954,49237,50830,70675,71567,54535,58274,37163,47665,11934,21291,6,2,2483,2460,4171,5317,4722,7761,6434,11198,11587,13182,18984,19556,28635,36859,10698,19103,402467,150218,47333,28564,108408,23122,1217,43,37
2021-05-21T23:59:59+02:00,15,9,7630,6766,14930,14874,19476,21796,48998,50597,70531,71458,54507,58247,37155,47658,11928,21285,6,2,2413,2374,4082,5177,4618,7551,6310,10900,11413,12893,18918,19489,28619,36829,10695,19101,400891,149961,47330,28563,108383,21616,1214,42,36
2021-05-20T23:59:59+02:00,15,9,7354,6466,14342,14351,18538,20919,46319,48239,69373,70481,54149,57881,37046,47515,11896,21254,6,2,2152,2204,3722,4815,4176,6999,5756,10067,10323,11789,17633,18188,28110,36228,10619,18953,389868,144683,47162,28268,108078,17757,998,41,36
2021-05-19T23:59:59+02:00,14,8,7114,6241,13674,13862,17265,19917,42330,44758,67883,69168,53692,57360,36881,47286,11859,21203,6,2,2073,2001,3555,4478,3927,6473,5310,9383,9323,10670,16152,16533,27412,35305,10491,18742,375066,137487,46587,28123,107842,15220,979,41,27
2021-05-18T23:59:59+02:00,14,7,6918,6065,13125,13428,16166,19057,37606,40736,66428,67843,53138,56818,36731,47062,11817,21147,6,2,2027,1878,3416,4287,3742,6153,4976,8899,8456,9796,14568,14793,26702,34448,10400,18567,358947,130840,46522,27556,107682,13779,914,41,27
2021-05-17T23:59:59+02:00,14,7,6783,5970,12799,13175,15665,18667,35424,38868,65595,67055,52862,56505,36648,46953,11802,21110,6,2,1955,1814,3227,4105,3521,5919,4653,8526,7674,9096,11301,10762,25792,33297,10319,18396,355210,125605,42244,21452,107597,12471,810,41,27
2021-05-16T23:59:59+02:00,14,7,6717,5885,12673,13020,15494,18499,34931,38395,65409,66885,52806,56443,36636,46926,11797,21105,6,2,1896,1715,3123,3982,3441,5817,4545,8379,7489,8907,9106,8160,25307,32614,10285,18337,353728,124451,41734,16098,107561,11957,579,40,26
2021-05-15T23:59:59+02:00,14,7,6712,5876,12666,13013,15489,18493,34922,38391,65407,66883,52805,56442,36636,46926,11797,21105,6,2,1895,1715,3121,3977,3436,5814,4540,8376,7487,8904,9104,8157,25306,32614,10285,18337,353678,124420,41734,16098,107556,11956,576,40,26
2021-05-14T23:59:59+02:00,14,7,6511,5781,12424,12950,15256,18401,33948,37599,64870,66474,52709,56355,36619,46892,11795,21100,6,2,1779,1627,3009,3906,3380,5705,4490,8229,7439,8774,9097,8151,25305,32614,10285,18336,350305,124360,41703,16094,107092,11089,566,39,25
2021-05-13T23:59:59+02:00,14,7,6262,5597,12017,12695,14683,17953,30417,34809,62387,64392,52077,55682,36480,46671,11783,21052,5,2,1737,1587,2953,3830,3348,5614,4447,8126,7357,8655,9057,8091,25286,32571,10280,18331,336297,124107,41478,16070,106660,10571,504,39,25
2021-05-12T23:59:59+02:00,14,7,6244,5574,11943,12628,14569,17843,29783,34230,61879,63939,51903,55509,36443,46626,11776,21039,5,2,1737,1584,2951,3829,3345,5614,4444,8125,7355,8649,9050,8088,25286,32569,10280,18330,333288,124084,41465,16060,106654,10570,504,38,25
2021-05-11T23:59:59+02:00,13,7,5924,5442,11497,12343,14021,17458,25519,30741,59494,61929,51242,54830,36255,46379,11752,20976,5,2,1697,1469,2848,3567,3223,5241,4302,7685,7201,8327,8964,8002,25257,32529,10276,18319,318333,123836,41411,15870,105663,8804,379,36,25
2021-05-10T23:59:59+02:00,13,7,5797,5368,11336,12226,13801,17287,22044,27979,58237,60810,50881,54476,36162,46255,11737,20945,5,2,1657,1371,2762,3338,3120,4910,4189,7195,7080,7887,8924,7941,25245,32507,10274,18315,308394,123686,41251,15721,105369,6980,311,36,24
2021-05-09T23:59:59+02:00,13,7,5722,5336,11248,12162,13698,17205,20444,26797,57773,60424,50779,54376,36137,46214,11730,20940,5,2,1640,1349,2705,3213,3069,4768,4144,7075,7032,7793,8913,7929,25238,32501,10273,18315,307823,123646,37683,15675,105167,6322,297,35,24
2021-05-08T23:59:59+02:00,13,7,5719,5334,11237,12157,13688,17193,20436,26791,57764,60418,50776,54367,36133,46211,11728,20937,5,2,1639,1349,2702,3210,3069,4767,4141,7072,7031,7792,8911,7929,25237,32499,10273,18315,307731,123628,37681,15675,105166,6320,296,35,24
2021-05-07T23:59:59+02:00,13,7,5679,5299,11168,12109,13579,17112,19982,26434,56766,59607,50647,54237,36103,46180,11725,20923,5,2,1539,1307,2622,3166,3027,4738,4106,7048,7009,7760,8903,7921,25235,32498,10273,18314,304564,123592,37661,15667,105019,5899,291,35,24
2021-05-06T23:59:59+02:00,13,7,5427,5187,10652,11800,12871,16657,18682,25448,52499,55949,49451,52856,35771,45779,11673,20822,5,2,1321,1177,2382,2994,2854,4573,3955,6850,6856,7609,8827,7838,25215,32463,10270,18307,289414,123313,37470,15526,104461,4467,168,31,24
2021-05-05T23:59:59+02:00,13,7,5172,5091,10158,11561,12114,16203,17349,24464,48130,51811,47787,50935,35331,45207,11598,20699,5,2,1276,1083,2319,2866,2768,4394,3861,6609,6749,7410,8714,7741,25153,32388,10264,18291,272228,122827,37244,15481,104074,3508,53,31,24
2021-05-04T23:59:59+02:00,13,7,5087,5006,9841,11342,11661,15811,16367,23597,46254,49777,46715,49626,34955,44721,11530,20590,5,2,1265,1064,2291,2825,2726,4309,3808,6501,6677,7331,8672,7702,25132,32371,10263,18286,261826,122607,37220,15417,103793,3152,30,31,24
2021-05-03T23:59:59+02:00,13,7,4987,4918,9487,11170,11195,15545,15310,22735,44680,48158,45832,48672,34733,44377,11502,20497,5,2,1250,1039,2255,2792,2685,4245,3759,6445,6601,7277,8101,7012,23384,30035,10125,18047,252799,116772,37210,15336,103760,2909,18,31,24
2021-05-02T23:59:59+02:00,13,7,4925,4900,9371,11131,11047,15483,14698,22244,44160,47748,45690,48506,34683,44316,11495,20486,5,1,1246,1033,2236,2789,2672,4237,3730,6430,6581,7263,7911,6769,21405,27621,10078,17959,251583,116750,35572,10315,103704,2864,13,31,24
2021-05-01T23:59:59+02:00,13,7,4925,4898,9367,11125,11044,15481,14693,22239,44158,47744,45689,48506,34683,44316,11495,20486,5,1,1245,1033,2236,2789,2672,4237,3729,6430,6580,7263,7911,6768,21405,27621,10078,17959,251550,116747,35572,10315,103703,2863,13,31,24
2021-04-30T23:59:59+02:00,13,7,4879,4874,9300,11109,10988,15456,14617,22212,42674,46331,45355,48176,34646,44264,11490,20476,5,1,1039,938,2039,2699,2573,4177,3643,6370,6515,7204,7904,6751,21404,27619,10078,17959,247561,116738,35572,10312,103691,1832,13,30,23
2021-04-29T23:59:59+02:00,13,7,4640,4791,8823,10960,10385,15280,13932,22003,37736,42016,44343,47144,34524,44146,11486,20445,5,1,860,862,1866,2621,2488,4111,3533,6299,6448,7154,7881,6731,21399,27612,10078,17959,233816,116705,35468,10207,103347,960,13,30,23
2021-04-28T23:59:59+02:00,13,7,4464,4757,8573,10874,10031,15189,13576,21846,33082,37503,43095,45887,34398,43998,11471,20427,5,1,818,835,1828,2572,2456,4035,3497,6190,6400,7064,7861,6711,21386,27599,10073,17952,220568,116618,35449,10159,103133,472,12,29,22
2021-04-27T23:59:59+02:00,12,6,4234,4544,8228,10422,9643,14605,13103,21199,31949,36374,42813,45600,34382,43970,11467,20424,5,1,791,821,1793,2549,2438,4017,3479,6169,6365,7037,7851,6702,21381,27595,10070,17946,217827,116560,35434,10130,99673,287,12,29,21
2021-04-26T23:59:59+02:00,12,6,4212,4517,8155,10384,9537,14551,12953,21138,27537,31993,41594,44379,34302,43869,11454,20413,5,1,759,810,1764,2530,2408,3996,3454,6148,6313,6991,7803,6653,21351,27564,10070,17939,205952,116359,35424,10085,99589,83,12,29,20
2021-04-25T23:59:59+02:00,12,6,4190,4504,8123,10359,9474,14519,12860,21091,25568,29950,40894,43620,34255,43810,11450,20407,5,1,747,802,1752,2516,2390,3981,3429,6127,6280,6962,7783,6636,21334,27543,10069,17935,205287,116332,30311,9850,99454,79,11,29,20
2021-04-24T23:59:59+02:00,12,6,4171,4493,8093,10330,9432,14503,12808,21070,24066,28285,40137,42776,34190,43734,11447,20401,5,1,746,801,1748,2514,2388,3977,3429,6123,6280,6959,7781,6633,21332,27543,10069,17935,200221,116308,30310,9849,99383,76,11,29,20
2021-04-23T23:59:59+02:00,11,6,3906,4341,7621,10031,9003,14148,12246,20667,23585,27984,40048,42714,34169,43700,11441,20394,5,1,733,790,1731,2501,2368,3961,3407,6100,6258,6940,7767,6614,21327,27532,10069,17934,199868,116292,30294,9650,95815,65,11,27,20
2021-04-22T23:59:59+02:00,11,6,3813,4281,7430,9915,8722,13955,11800,20340,21256,25625,37290,39471,33642,43029,11370,20270,5,1,720,781,1702,2470,2310,3903,3336,6028,6148,6843,7688,6527,21271,27488,10066,17919,186837,116174,30102,8940,95249,63,11,27,18
2021-04-21T23:59:59+02:00,11,4,3785,4248,7300,9836,8540,13781,11463,20050,19997,24419,34077,35750,33160,42328,11305,20141,5,1,696,763,1667,2442,2266,3879,3303,5994,6108,6804,7656,6500,21251,27464,10062,17915,175064,116060,29926,8628,95167,59,11,27,18
2021-04-20T23:59:59+02:00,11,4,3752,4221,7195,9767,8328,13621,11093,19752,18900,23266,30764,32103,32683,41729,11248,20024,4,1,688,753,1652,2430,2232,3857,3260,5948,6067,6762,7614,6455,21226,27441,10056,17912,163415,115901,29903,8371,95105,57,11,27,18
2021-04-19T23:59:59+02:00,11,4,3734,4205,7120,9729,8210,13511,10837,19568,18234,22605,29889,30970,32390,41365,11206,19950,4,1,680,748,1631,2416,2208,3827,3224,5915,6033,6731,7571,6422,21195,27413,10053,17908,158577,115769,29885,8126,95038,56,11,27,18
2021-04-18T23:59:59+02:00,11,4,3731,4198,7104,9716,8196,13494,10800,19542,18147,22522,29767,30844,32362,41342,11203,19942,4,1,678,743,1616,2404,2191,3812,3199,5889,6003,6708,7548,6409,21177,27391,10050,17905,158084,115710,29817,7934,94987,55,11,26,18
2021-04-17T23:59:59+02:00,11,4,3729,4196,7100,9713,8192,13494,10794,19535,18134,22511,29744,30831,32360,41339,11203,19942,4,1,677,743,1614,2403,2189,3811,3195,5888,6001,6706,7548,6409,21177,27391,10050,17905,157999,115695,29816,7934,94980,54,11,26,18
2021-04-16T23:59:59+02:00,11,4,3562,4159,6755,9583,7821,13307,10394,19290,17680,22238,29539,30669,32277,41249,11188,19923,4,1,664,723,1602,2388,2162,3796,3141,5851,5959,6656,7455,6318,20764,26824,10020,17844,157240,114365,29808,7727,92564,51,11,26,18
2021-04-15T23:59:59+02:00,11,4,3462,4079,6402,9211,7242,12806,9617,18456,16357,21010,28336,29373,31760,40609,11107,19747,4,1,634,700,1549,2348,2076,3710,3032,5731,5630,6418,6956,5932,20018,25902,9920,17674,151490,110979,29514,7181,88548,46,11,26,18
2021-04-14T23:59:59+02:00,10,4,3409,4032,6164,8972,6912,12429,8998,17908,15237,19976,26918,27868,31129,39728,10995,19550,4,1,601,674,1503,2310,2001,3631,2889,5608,5322,6185,6410,5422,18994,24608,9833,17494,144670,106693,29314,6727,86220,41,11,24,18
2021-04-13T23:59:59+02:00,10,4,3378,3999,6074,8894,6764,12296,8694,17663,14435,19282,23569,24298,30193,38549,10889,19375,4,1,596,665,1490,2287,1969,3596,2788,5537,5104,6001,6043,5078,18692,24260,9791,17427,133017,104567,29303,6694,86011,40,11,24,17
2021-04-12T23:59:59+02:00,10,4,3356,3978,6023,8835,6676,12209,8475,17468,13818,18756,22561,23147,29768,37990,10820,19248,4,1,586,657,1479,2279,1946,3575,2731,5487,4955,5896,5719,4795,18396,23956,9752,17365,127924,102965,29284,6546,85899,40,11,24,17
2021-04-11T23:59:59+02:00,10,4,3350,3972,6005,8811,6647,12192,8433,17445,13726,18697,22432,22997,29716,37925,10810,19224,4,1,582,652,1466,2269,1933,3567,2714,5470,4918,5858,5660,4735,18223,23723,9731,17334,127382,102300,29218,6472,85761,40,11,24,17
2021-04-10T23:59:59+02:00,10,4,3342,3971,5982,8810,6625,12191,8411,17444,13702,18695,22427,22994,29712,37924,10810,19224,4,1,579,649,1458,2261,1928,3564,2707,5461,4902,5850,5646,4718,18059,23468,9717,17310,127361,101776,29127,6439,85756,40,10,24,17
2021-04-09T23:59:59+02:00,9,4,3305,3959,5934,8796,6566,12172,8372,17417,13652,18649,20473,20579,29228,37305,10780,19174,4,1,565,635,1431,2239,1901,3540,2665,5425,4829,5788,5530,4615,17479,22736,9679,17239,126662,100004,24004,6239,85676,32,9,23,17
2021-04-08T23:59:59+02:00,9,4,3280,3940,5866,8765,6493,12133,8282,17353,13507,18531,17873,17506,28707,36640,10742,19124,4,1,523,606,1343,2158,1806,3443,2485,5241,4330,5427,4725,4005,15683,20490,9488,16930,125799,92972,18129,5668,84796,23,8,23,17
2021-04-07T23:59:59+02:00,7,4,3201,3911,5659,8714,6285,12072,8071,17277,13244,18434,15201,14425,28027,35838,10712,19071,4,1,499,577,1288,2101,1709,3362,2332,5101,3917,5094,4002,3434,14821,19620,9372,16743,125584,88615,16585,5320,77956,20,5,23,17
2021-04-06T23:59:59+02:00,6,4,3172,3901,5614,8695,6214,12048,7985,17240,13171,18361,13210,12053,27392,35121,10699,19041,4,1,469,554,1219,2045,1623,3278,2170,4982,3545,4816,3476,3020,13974,18611,9296,16622,125449,84951,16381,4717,72069,16,5,23,16
2021-04-05T23:59:59+02:00,6,4,3170,3898,5579,8680,6177,12035,7940,17223,13098,18325,13165,12007,27381,35105,10698,19038,4,1,438,524,1167,2008,1572,3236,2103,4928,3456,4740,3420,2968,13829,18440,9287,16604,125424,84458,16172,4231,71906,16,4,23,16
2021-04-04T23:59:59+02:00,6,4,3169,3896,5579,8678,6175,12034,7939,17221,13097,18325,13162,12006,27380,35104,10698,19038,4,1,437,522,1166,2008,1571,3236,2102,4928,3456,4740,3420,2968,13828,18440,9287,16604,125411,84452,16172,4230,71901,16,4,23,16
2021-04-03T23:59:59+02:00,6,4,3168,3896,5578,8677,6175,12034,7939,17221,13097,18325,13162,12004,27379,35101,10698,19038,4,1,437,520,1166,2008,1570,3236,2102,4927,3450,4737,3414,2958,13741,18303,9278,16588,125404,84174,16172,4230,71899,16,4,23,16
2021-04-02T23:59:59+02:00,6,4,3168,3892,5575,8672,6170,12025,7931,17208,13070,18294,13115,11951,27351,35082,10695,19034,4,1,434,513,1164,2004,1558,3227,2091,4905,3419,4704,3382,2929,12804,17052,9211,16479,125234,81699,16169,4148,71813,16,4,23,14
2021-04-01T23:59:59+02:00,6,4,3154,3878,5536,8653,6103,11992,7860,17173,12957,18222,13001,11824,27293,35005,10686,19019,4,1,386,469,1065,1936,1458,3138,1939,4792,3215,4573,3145,2727,10765,14450,9095,16297,124919,76066,16046,3356,71376,16,3,22,14
2021-03-31T23:59:59+02:00,6,4,3153,3864,5519,8619,6067,11957,7816,17128,12876,18153,12887,11702,27242,34943,10678,19009,3,1,348,446,1029,1893,1385,3098,1834,4688,2956,4372,2727,2410,8165,11220,8914,16055,124609,68500,16005,3012,70985,15,3,21,14
2021-03-30T23:59:59+02:00,6,4,3147,3852,5495,8593,6034,11925,7776,17087,12798,18087,12801,11563,27204,34895,10672,18999,3,1,327,428,1007,1861,1326,3063,1710,4607,2709,4201,2358,2163,7277,10139,8847,15926,124475,65185,15974,2737,70467,15,2,20,14
2021-03-29T23:59:59+02:00,6,4,3135,3848,5466,8573,5998,11890,7732,17053,12724,18010,12153,10805,25335,32405,10523,18742,3,1,321,425,1000,1846,1306,3038,1676,4566,2560,4113,2070,2012,6617,9427,8803,15848,118475,62869,15804,2734,70101,13,2,20,14
2021-03-28T23:59:59+02:00,6,4,3105,3832,5418,8535,5947,11845,7651,16998,12613,17940,11889,10501,23350,29937,10468,18643,3,1,320,423,997,1845,1297,3034,1672,4564,2548,4105,2045,1992,6593,9412,8801,15843,118417,62736,10616,2732,69627,13,2,20,12
2021-03-27T23:59:59+01:00,6,4,3093,3827,5378,8524,5910,11830,7602,16983,12567,17893,11854,10457,23346,29929,10468,18643,3,1,320,423,997,1845,1297,3034,1671,4562,2546,4102,2043,1990,6545,9337,8769,15794,118345,62520,10615,2732,69332,13,2,20,12
2021-03-26T23:59:59+01:00,6,4,2965,3506,4928,7371,5414,10513,6991,14937,11761,15608,11632,10273,22862,29201,10423,18572,3,1,319,420,993,1842,1291,3029,1668,4560,2541,4095,2035,1984,6416,9148,8625,15607,116793,61839,10358,2720,59794,4,2,20,12
2021-03-25T23:59:59+01:00,6,3,2845,3244,4769,6604,5183,9366,6666,13215,11033,13806,10770,9466,22132,28351,10346,18415,3,1,314,411,986,1833,1276,3010,1649,4527,2505,4045,1967,1925,6126,8720,8344,15153,113860,60063,9654,2716,52684,3,2,20,11
2021-03-24T23:59:59+01:00,6,3,2799,3199,4693,6540,5049,9259,6461,13044,10520,13401,9931,8645,21113,27093,10249,18227,3,1,312,406,979,1827,1259,2999,1634,4503,2458,3989,1898,1850,5760,8244,7926,14477,109825,57806,9307,2705,51081,3,0,19,11
2021-03-23T23:59:59+01:00,6,3,2771,3166,4625,6470,4938,9166,6246,12882,10061,12978,9212,7974,20599,26486,10194,18120,3,1,300,393,962,1816,1244,2976,1604,4481,2408,3940,1819,1784,5476,7859,7523,13850,107419,55722,8975,2704,49484,2,0,19,11
2021-03-22T23:59:59+01:00,6,3,2753,3127,4565,6431,4862,9098,6108,12743,9699,12705,8609,7404,20177,26048,10134,18026,1,1,298,390,951,1809,1230,2962,1591,4469,2381,3912,1792,1762,5337,7685,7072,13024,105932,53956,8717,2699,47830,2,0,19,10
2021-03-21T23:59:59+01:00,6,3,2746,3110,4519,6407,4811,9062,6014,12676,9510,12518,8301,7144,20009,25881,10122,17998,1,1,298,390,950,1809,1227,2962,1590,4468,2378,3912,1785,1756,5328,7680,7041,12966,105729,53848,8484,2682,46605,2,0,19,10
2021-03-20T23:59:59+01:00,6,3,2745,3103,4512,6401,4804,9059,6010,12668,9490,12504,8268,7112,19836,25604,10106,17972,1,1,298,390,950,1807,1226,2962,1589,4467,2374,3904,1773,1743,5313,7631,6863,12726,105172,53349,8471,2657,46541,2,0,19,10
2021-03-19T23:59:59+01:00,6,3,2709,3076,4442,6356,4697,9008,5870,12610,9222,12316,7964,6885,19351,25013,10074,17913,1,1,298,389,949,1806,1226,2959,1587,4466,2367,3899,1757,1732,5276,7588,6449,12103,103868,52207,8229,2634,45399,2,0,19,10
2021-03-18T23:59:59+01:00,6,3,2643,3003,4278,6218,4448,8803,5512,12303,8306,11645,6699,5864,18089,23647,9919,17680,1,1,295,384,944,1796,1212,2946,1548,4450,2302,3853,1678,1690,5201,7481,5706,10984,98939,49870,7685,2592,42423,1,0,19,9
2021-03-17T23:59:59+01:00,6,3,2606,2963,4196,6121,4310,8694,5257,12027,7630,11078,5709,4963,16738,22106,9752,17420,1,1,291,382,940,1788,1208,2937,1531,4428,2236,3828,1613,1645,5156,7415,5126,10095,93493,48076,7185,2535,40882,1,0,19,9
2021-03-16T23:59:59+01:00,5,3,2586,2935,4133,6054,4216,8597,5080,11871,7181,10690,4943,4345,15877,21124,9645,17246,1,1,287,380,937,1783,1205,2930,1523,4418,2214,3810,1580,1628,5119,7372,4615,9274,89830,46614,7147,2456,39535,0,0,19,7
2021-03-15T23:59:59+01:00,5,3,2583,2924,4118,6034,4184,8571,5031,11824,7063,10573,4796,4183,15556,20711,9613,17187,1,1,285,376,936,1777,1199,2923,1509,4409,2193,3788,1536,1611,5059,7297,4028,8411,89055,45019,7048,2313,38837,0,0,19,7
2021-03-14T23:59:59+01:00,5,2,2577,2916,4097,6013,4154,8551,4990,11790,6969,10484,4690,4067,15422,20541,9596,17147,1,1,283,375,936,1775,1193,2916,1504,4398,2182,3781,1526,1605,5051,7289,4022,8397,88746,44956,7029,2272,38218,0,0,18,7
2021-03-13T23:59:59+01:00,5,2,2570,2906,4089,6001,4146,8544,4982,11780,6950,10471,4666,4041,15108,20104,9576,17111,1,1,283,375,936,1775,1193,2916,1504,4398,2182,3781,1525,1605,5051,7288,4022,8397,87858,44955,7007,2271,38169,0,0,18,7
2021-03-12T23:59:59+01:00,5,2,2506,2831,3979,5830,4026,8321,4845,11482,6771,10199,4513,3903,14178,18842,9513,17009,1,1,283,374,934,1772,1193,2912,1501,4393,2181,3774,1518,1603,5044,7269,4020,8380,85374,44877,6946,2269,36419,0,0,16,7
2021-03-11T23:59:59+01:00,4,2,2382,2606,3750,5503,3770,7887,4517,10719,6138,9388,3990,3399,12562,16841,9411,16859,1,1,283,373,930,1767,1190,2898,1492,4381,2169,3747,1477,1575,5003,7232,4008,8353,81007,44728,6783,2145,31922,0,0,16,7
2021-03-10T23:59:59+01:00,4,2,2263,2475,3593,5265,3575,7563,4245,10235,5581,8820,3415,2951,10273,14112,9262,16621,1,1,279,369,925,1757,1183,2887,1488,4365,2147,3732,1448,1567,4973,7217,3999,8343,74649,44662,6611,2012,28979,0,0,16,7
2021-03-09T23:59:59+01:00,4,2,2238,2424,3527,5176,3461,7473,4075,10038,5186,8471,2932,2592,8746,12094,9156,16470,1,1,278,368,925,1751,1176,2877,1484,4357,2139,3721,1433,1561,4965,7212,3996,8341,69761,44621,6463,1959,27825,0,0,16,6
2021-03-08T23:59:59+01:00,4,2,2214,2349,3468,5107,3387,7389,3953,9925,4889,8277,2491,2328,6809,9695,9035,16292,1,1,278,365,924,1741,1170,2861,1478,4346,2134,3714,1422,1554,4949,7192,3989,8331,64054,44512,6126,1932,27418,0,0,16,6
2021-03-07T23:59:59+01:00,4,2,2152,2292,3372,4999,3290,7300,3854,9838,4752,8182,2440,2276,6786,9674,9035,16284,1,1,278,364,923,1741,1170,2859,1478,4346,2134,3714,1422,1554,4948,7192,3989,8331,63925,44509,5442,1930,27149,0,0,16,6
2021-03-06T23:59:59+01:00,4,2,2144,2279,3358,4989,3286,7295,3845,9828,4742,8177,2438,2273,6740,9604,9003,16234,1,1,278,364,922,1737,1169,2858,1478,4343,2130,3709,1421,1549,4942,7187,3987,8321,63714,44461,5382,1930,27129,0,0,16,6
2021-03-05T23:59:59+01:00,4,2,2014,2193,3133,4803,3047,6983,3567,9433,4408,7840,2349,2211,6532,9282,8806,15968,1,1,278,362,920,1734,1169,2857,1477,4337,2127,3703,1415,1547,4936,7181,3986,8314,62720,44409,4535,1930,25304,0,0,16,6
2021-03-04T23:59:59+01:00,4,2,1763,1973,2720,4366,2589,6344,3001,8533,3723,7027,2130,2051,6236,8915,8522,15505,1,1,275,361,919,1725,1167,2840,1476,4321,2118,3691,1404,1545,4924,7167,3980,8303,61059,44286,3255,1926,21074,0,0,16,6
2021-03-03T23:59:59+01:00,4,2,1693,1885,2613,4183,2456,6117,2860,8243,3536,6764,2046,1973,5895,8439,8156,14916,1,1,274,357,919,1715,1164,2817,1472,4297,2113,3676,1379,1533,4919,7161,3976,8295,59031,44138,3111,1926,19623,0,0,16,5
2021-03-02T23:59:59+01:00,4,2,1658,1809,2543,4062,2375,5965,2753,8062,3422,6612,1971,1905,5578,7998,7744,14238,1,1,272,352,916,1696,1161,2797,1469,4278,2112,3665,1354,1527,4909,7144,3971,8287,56901,43981,2869,1926,18915,0,0,16,5
2021-03-01T23:59:59+01:00,2,2,1648,1782,2505,3954,2327,5850,2717,7961,3369,6533,1929,1884,5440,7835,7263,13361,1,1,271,350,912,1690,1159,2785,1467,4265,2110,3650,1349,1522,4906,7142,3969,8280,55020,43898,2858,1926,18468,0,0,16,5
2021-02-28T23:59:59+01:00,2,2,1632,1744,2471,3882,2296,5795,2674,7880,3342,6485,1923,1880,5432,7830,7226,13301,1,1,271,350,911,1690,1159,2785,1467,4264,2110,3649,1349,1522,4906,7141,3969,8280,54895,43895,2856,1925,18030,0,0,16,5
2021-02-27T23:59:59+01:00,2,2,1630,1737,2468,3875,2293,5795,2672,7879,3339,6483,1917,1870,5422,7786,7053,13077,1,1,271,350,901,1685,1149,2778,1457,4255,2093,3640,1348,1519,4906,7140,3969,8280,54424,43891,2856,1847,18004,0,0,16,5
2021-02-26T23:59:59+01:00,2,1,1441,1577,2339,3634,2215,5387,2579,7375,3252,6025,1902,1846,5397,7753,6783,12682,1,1,269,348,893,1678,1141,2758,1451,4233,2083,3627,1341,1510,4898,7128,3965,8267,53665,43809,2836,1778,15673,0,0,16,5
2021-02-25T23:59:59+01:00,2,1,1228,1295,2119,3203,2043,4637,2381,6435,3010,5128,1811,1774,5345,7673,6200,11829,1,1,267,340,886,1618,1107,2663,1418,4122,2027,3552,1303,1489,4854,7086,3945,8212,51762,43336,2824,1550,11514,0,0,14,5
2021-02-24T23:59:59+01:00,2,1,1175,1087,2014,2939,1937,4299,2248,6031,2840,4859,1734,1719,5284,7584,5433,10637,1,1,265,334,849,1570,1057,2572,1357,4006,1938,3424,1263,1461,4836,7059,3935,8191,49405,43071,2813,1043,9591,0,0,14,5
2021-02-23T23:59:59+01:00,2,1,1158,1036,1978,2875,1911,4201,2222,5946,2806,4796,1725,1704,5248,7536,4787,9604,1,1,265,333,822,1543,1007,2520,1304,3928,1832,3349,1211,1434,4812,7033,3922,8153,47606,42865,2785,600,9132,0,0,13,5
2021-02-22T23:59:59+01:00,2,1,1150,993,1929,2731,1867,4055,2166,5752,2752,4691,1713,1693,5214,7488,4172,8711,1,1,264,324,780,1505,953,2437,1215,3820,1692,3251,1121,1375,4768,6961,3893,8042,45978,42388,2767,10,8324,0,0,11,5
2021-02-21T23:59:59+01:00,2,1,1147,979,1900,2669,1840,3958,2139,5647,2732,4628,1706,1687,5211,7479,4172,8707,1,1,262,322,775,1499,945,2405,1213,3783,1679,3211,1112,1360,4750,6934,3868,7998,45925,42103,2757,10,7911,0,0,11,5
2021-02-20T23:59:59+01:00,2,1,1147,979,1899,2668,1839,3958,2139,5647,2728,4622,1697,1678,5204,7472,4170,8704,1,1,262,322,775,1498,944,2401,1212,3779,1678,3209,1112,1360,4697,6874,3821,7940,45910,41872,2729,9,7904,0,0,11,5
2021-02-19T23:59:59+01:00,2,1,1147,977,1896,2663,1839,3948,2138,5638,2724,4618,1678,1669,5189,7454,4167,8699,1,1,261,320,771,1488,935,2376,1205,3737,1649,3155,1084,1321,4504,6621,3642,7639,45830,40696,2707,9,7899,0,0,11,5
2021-02-18T23:59:59+01:00,2,1,1116,895,1856,2544,1800,3811,2085,5432,2663,4445,1661,1652,5173,7422,4162,8670,1,1,234,291,726,1363,886,2170,1119,3398,1532,2858,972,1131,4006,5836,3225,6735,45678,36470,2674,9,7027,0,0,11,5
2021-02-17T23:59:59+01:00,2,1,1070,768,1775,2312,1722,3515,1976,5072,2588,4198,1636,1643,5152,7407,4153,8667,1,1,229,288,716,1345,877,2148,1107,3363,1513,2836,966,1128,3622,5309,2924,6308,45637,34667,2614,9,5395,0,0,11,5
2021-02-16T23:59:59+01:00,2,1,1029,729,1720,2208,1653,3343,1905,4866,2509,4090,1596,1629,5125,7384,4144,8655,1,1,222,282,699,1309,855,2094,1076,3245,1474,2749,942,1104,3263,4759,2580,5810,45583,32455,2447,6,4549,0,0,9,4
2021-02-15T23:59:59+01:00,2,1,1023,710,1700,2131,1635,3243,1886,4757,2495,4011,1566,1615,5095,7368,4111,8599,1,1,210,272,683,1274,836,2044,1055,3180,1432,2684,912,1073,2834,4200,2241,5231,45456,30154,2361,5,4122,0,0,9,4
2021-02-14T23:59:59+01:00,2,1,929,677,1624,2098,1573,3224,1843,4735,2460,3998,1559,1613,5086,7356,4108,8593,1,1,203,261,674,1256,818,2004,1039,3114,1401,2616,882,1027,2742,4059,2162,5033,45412,29286,2326,4,3733,0,0,8,3
2021-02-13T23:59:59+01:00,2,1,877,653,1594,2075,1558,3215,1827,4728,2452,3997,1558,1612,5086,7355,4107,8592,1,1,201,260,672,1255,818,2000,1039,3112,1400,2613,881,1026,2638,3933,2096,4932,45405,28872,2326,3,3550,0,0,8,3
2021-02-12T23:59:59+01:00,2,1,550,507,1246,1958,1387,3113,1686,4646,2345,3927,1539,1604,5076,7344,4097,8582,1,1,189,254,657,1229,804,1956,1012,3026,1345,2513,819,951,2410,3616,1948,4608,45283,27334,2325,2,1994,0,0,8,3
2021-02-11T23:59:59+01:00,2,1,389,433,1057,1844,1284,2995,1588,4531,2256,3837,1430,1559,5013,7291,4074,8532,1,1,153,192,557,985,668,1510,812,2354,1066,1919,576,697,1791,2728,1436,3326,44925,20770,2117,1,1066,0,0,8,1
2021-02-10T23:59:59+01:00,2,1,276,364,930,1738,1182,2873,1493,4346,2142,3715,1391,1546,4992,7280,4070,8530,1,1,132,129,387,625,495,1021,643,1742,898,1585,555,681,1385,2168,1120,2824,44849,16391,2008,0,7,0,0,7,1
2021-02-09T23:59:59+01:00,2,1,276,363,929,1732,1179,2863,1493,4340,2141,3710,1383,1543,4990,7278,4069,8528,1,1,129,127,378,592,476,994,621,1713,873,1554,553,678,1001,1700,840,2416,44824,14647,1984,0,5,0,0,7,0
2021-02-08T23:59:59+01:00,2,1,276,361,928,1730,1176,2853,1486,4335,2139,3706,1378,1539,4988,7278,4068,8525,1,1,124,121,367,579,468,974,609,1680,855,1528,545,673,606,1209,534,1988,44796,12862,1961,0,5,0,0,7,0
2021-02-07T23:59:59+01:00,2,1,276,361,925,1730,1175,2853,1484,4333,2139,3706,1378,1539,4988,7277,4067,8525,1,1,120,118,362,575,467,967,606,1668,845,1512,537,670,605,1199,529,1973,44792,12755,1960,0,0,0,0,7,0
2021-02-06T23:59:59+01:00,2,1,276,361,925,1730,1175,2853,1484,4333,2139,3706,1378,1539,4988,7277,4067,8525,1,1,117,115,360,571,466,965,606,1666,845,1511,536,669,605,1199,529,1973,44792,12735,1960,0,0,0,0,7,0
2021-02-05T23:59:59+01:00,2,1,275,360,923,1730,1175,2852,1482,4332,2138,3706,1378,1539,4987,7275,4067,8522,1,1,116,106,357,566,458,952,602,1656,832,1488,531,659,599,1183,519,1948,44777,12574,1960,0,0,0,0,7,0
2021-02-04T23:59:59+01:00,2,1,271,355,917,1691,1167,2805,1482,4280,2127,3663,1370,1532,4958,7243,4055,8488,1,0,88,71,239,393,332,694,473,1263,622,1119,401,521,504,967,454,1681,44441,9823,1959,0,0,0,0,7,0
2021-02-03T23:59:59+01:00,2,1,269,345,913,1665,1163,2770,1471,4231,2118,3627,1362,1516,4933,7213,4041,8458,1,0,54,34,85,168,153,347,230,596,299,545,211,278,290,603,265,1048,44133,5207,1958,0,0,0,0,7,0
2021-02-02T23:59:59+01:00,2,1,268,343,912,1653,1159,2751,1468,4199,2111,3601,1354,1510,4925,7199,4032,8432,1,0,15,10,29,53,61,101,73,165,95,124,45,75,70,133,57,209,43955,1316,1958,0,0,0,0,7,0
2021-02-01T23:59:59+01:00,2,1,268,338,912,1650,1158,2750,1467,4195,2110,3595,1353,1509,4923,7198,4032,8432,1,0,13,9,25,46,51,92,60,140,73,105,39,67,62,124,55,196,43928,1158,1958,0,0,0,0,7,0
2021-01-31T23:59:59+01:00,2,1,268,337,912,1646,1157,2745,1467,4190,2110,3592,1352,1509,4922,7197,4032,8432,1,0,12,8,22,41,44,84,54,129,63,99,34,56,53,114,52,188,43908,1054,1956,0,0,0,0,7,0
2021-01-30T23:59:59+01:00,2,1,268,337,907,1643,1149,2737,1459,4184,2106,3589,1352,1509,4869,7137,3986,8374,1,0,12,8,22,39,44,84,53,128,63,99,34,56,53,114,52,188,43680,1050,1922,0,0,0,0,7,0
2021-01-29T23:59:59+01:00,2,1,267,335,892,1635,1137,2716,1447,4154,2082,3562,1343,1503,4704,6936,3818,8165,1,0,10,8,22,39,41,84,52,126,60,98,33,52,52,114,52,188,42882,1032,1810,0,0,0,0,7,0
2021-01-28T23:59:59+01:00,2,1,263,322,873,1549,1098,2606,1410,4052,2012,3487,1317,1490,4367,6465,3541,7806,1,0,7,4,10,19,22,42,21,58,35,65,20,34,36,74,40,126,41089,614,1565,0,0,0,0,7,0
2021-01-27T23:59:59+01:00,2,1,257,319,831,1494,1051,2512,1346,3954,1938,3379,1277,1463,3954,5892,3213,7333,1,0,3,4,10,9,11,21,8,23,14,31,12,15,18,42,17,63,39097,302,1112,0,0,0,0,7,0
2021-01-26T23:59:59+01:00,2,1,250,310,794,1447,984,2427,1285,3827,1822,3272,1216,1411,3604,5333,2857,6810,1,0,1,1,6,4,4,7,4,3,3,9,7,5,5,7,4,8,36982,79,665,0,0,0,0,5,0
2021-01-25T23:59:59+01:00,2,1,240,301,743,1386,923,2308,1183,3682,1663,3150,1136,1379,3205,4818,2540,6334,1,0,1,1,6,3,2,7,2,2,3,9,7,5,5,7,4,8,34927,73,63,0,0,0,0,4,0
2021-01-24T23:59:59+01:00,2,1,237,301,737,1382,912,2292,1178,3666,1635,3120,1130,1376,3178,4782,2523,6312,1,0,1,1,4,3,2,7,2,2,3,9,7,5,5,7,4,8,34752,71,9,0,0,0,0,3,0
2021-01-23T23:59:59+01:00,2,1,236,300,736,1381,912,2288,1177,3664,1632,3118,1129,1376,3072,4656,2456,6210,1,0,1,1,4,3,2,7,2,2,3,9,7,5,5,7,4,8,34335,71,8,0,0,0,0,3,0
2021-01-22T23:59:59+01:00,2,1,235,297,733,1365,910,2275,1171,3648,1628,3114,1127,1375,2910,4461,2353,6065,1,0,1,1,4,3,2,7,2,2,3,9,7,5,5,7,4,8,33659,71,8,0,0,0,0,3,0
2021-01-21T23:59:59+01:00,2,1,230,269,668,1209,843,2063,1090,3364,1532,2911,1084,1332,2562,3997,2058,5622,1,0,1,0,3,2,2,7,2,2,3,9,7,4,5,7,4,8,30828,67,8,0,0,0,0,1,0
2021-01-20T23:59:59+01:00,2,1,206,206,508,857,668,1572,889,2664,1295,2444,986,1197,2022,3244,1635,4811,1,0,1,0,3,2,2,7,2,2,3,7,6,4,5,7,4,8,25199,64,8,0,0,0,0,0,0
2021-01-19T23:59:59+01:00,2,1,181,189,460,746,613,1417,803,2367,1120,2136,818,939,1368,2302,1149,3679,0,0,0,0,2,1,0,0,0,0,2,1,1,0,0,0,0,0,20286,7,4,0,0,0,0,0,0
2021-01-18T23:59:59+01:00,1,1,137,134,384,622,490,1061,647,1823,928,1643,606,729,694,1352,604,2248,0,0,0,0,1,0,0,0,0,0,1,0,0,0,0,0,0,0,14101,2,3,0,0,0,0,0,0
2021-01-17T23:59:59+01:00,1,1,126,119,369,587,475,996,618,1706,869,1544,557,688,643,1249,558,2083,0,0,0,0,0,0,0,0,0,0,0,0,0,0,0,0,0,0,13188,0,1,0,0,0,0,0,0
2021-01-16T23:59:59+01:00,1,1,119,115,366,583,473,984,612,1693,863,1537,556,687,642,1243,553,2069,0,0,0,0,0,0,0,0,0,0,0,0,0,0,0,0,0,0,13096,0,1,0,0,0,0,0,0
2021-01-15T23:59:59+01:00,1,1,117,108,363,577,465,968,608,1682,849,1513,550,674,634,1226,545,2044,0,0,0,0,0,0,0,0,0,0,0,0,0,0,0,0,0,0,12925,0,0,0,0,0,0,0,0
2021-01-14T23:59:59+01:00,1,1,97,87,280,468,393,789,504,1411,692,1224,432,541,551,1027,482,1843,0,0,0,0,0,0,0,0,0,0,0,0,0,0,0,0,0,0,10823,0,0,0,0,0,0,0,0
2021-01-13T23:59:59+01:00,1,1,67,47,168,285,258,522,353,923,472,788,265,328,335,677,311,1172,0,0,0,0,0,0,0,0,0,0,0,0,0,0,0,0,0,0,6973,0,0,0,0,0,0,0,0
2021-01-12T23:59:59+01:00,1,1,31,20,54,104,115,215,151,383,195,336,138,180,176,376,180,653,0,0,0,0,0,0,0,0,0,0,0,0,0,0,0,0,0,0,3309,0,0,0,0,0,0,0,0
2021-01-11T23:59:59+01:00,1,0,17,10,38,66,63,114,78,170,89,127,40,67,66,130,55,200,0,0,0,0,0,0,0,0,0,0,0,0,0,0,0,0,0,0,1331,0,0,0,0,0,0,0,0
2021-01-10T23:59:59+01:00,1,0,14,7,31,55,56,102,68,155,73,113,34,57,56,119,50,190,0,0,0,0,0,0,0,0,0,0,0,0,0,0,0,0,0,0,1181,0,0,0,0,0,0,0,0
2021-01-09T23:59:59+01:00,1,0,13,7,30,53,55,101,65,154,73,111,34,57,56,119,50,190,0,0,0,0,0,0,0,0,0,0,0,0,0,0,0,0,0,0,1169,0,0,0,0,0,0,0,0
2021-01-08T23:59:59+01:00,1,0,10,7,28,50,50,96,60,141,67,107,32,52,55,119,50,190,0,0,0,0,0,0,0,0,0,0,0,0,0,0,0,0,0,0,1115,0,0,0,0,0,0,0,0
2021-01-07T23:59:59+01:00,1,0,7,4,10,20,22,43,23,56,36,67,19,35,40,79,39,126,0,0,0,0,0,0,0,0,0,0,0,0,0,0,0,0,0,0,627,0,0,0,0,0,0,0,0
2021-01-06T23:59:59+01:00,1,0,7,4,10,16,14,30,15,40,25,55,16,25,33,69,37,110,0,0,0,0,0,0,0,0,0,0,0,0,0,0,0,0,0,0,507,0,0,0,0,0,0,0,0
2021-01-05T23:59:59+01:00,1,0,7,4,10,16,14,30,15,40,25,55,16,25,32,69,37,110,0,0,0,0,0,0,0,0,0,0,0,0,0,0,0,0,0,0,506,0,0,0,0,0,0,0,0
2021-01-04T23:59:59+01:00,1,0,2,4,9,6,4,14,4,8,6,18,7,5,9,16,5,15,0,0,0,0,0,0,0,0,0,0,0,0,0,0,0,0,0,0,133,0,0,0,0,0,0,0,0
2021-01-03T23:59:59+01:00,1,0,1,1,4,3,2,7,3,3,3,10,5,4,6,8,4,9,0,0,0,0,0,0,0,0,0,0,0,0,0,0,0,0,0,0,74,0,0,0,0,0,0,0,0
2021-01-02T23:59:59+01:00,1,0,1,1,4,3,2,7,3,3,3,10,5,4,6,8,4,9,0,0,0,0,0,0,0,0,0,0,0,0,0,0,0,0,0,0,74,0,0,0,0,0,0,0,0
2021-01-01T23:59:59+01:00,1,0,1,1,4,3,2,7,2,3,3,10,5,4,6,8,4,9,0,0,0,0,0,0,0,0,0,0,0,0,0,0,0,0,0,0,73,0,0,0,0,0,0,0,0
2020-12-31T23:59:59+01:00,1,0,1,1,4,2,2,7,2,2,3,9,5,4,6,8,4,9,0,0,0,0,0,0,0,0,0,0,0,0,0,0,0,0,0,0,70,0,0,0,0,0,0,0,0
2020-12-30T23:59:59+01:00,1,0,1,1,4,2,2,7,2,2,3,7,5,4,6,8,4,9,0,0,0,0,0,0,0,0,0,0,0,0,0,0,0,0,0,0,68,0,0,0,0,0,0,0,0
2020-12-29T23:59:59+01:00,1,0,1,1,3,1,2,6,2,2,3,6,3,2,5,8,3,8,0,0,0,0,0,0,0,0,0,0,0,0,0,0,0,0,0,0,57,0,0,0,0,0,0,0,0
2020-12-28T23:59:59+01:00,1,0,0,0,3,1,0,2,1,0,1,3,0,1,0,1,1,5,0,0,0,0,0,0,0,0,0,0,0,0,0,0,0,0,0,0,20,0,0,0,0,0,0,0,0
2020-12-27T23:59:59+01:00,0,0,0,0,0,0,0,1,1,0,1,2,0,1,0,1,1,5,0,0,0,0,0,0,0,0,0,0,0,0,0,0,0,0,0,0,13,0,0,0,0,0,0,0,0
