Datum,<24_1_m,<24_1_w,25-34_1_m,25-34_1_w,35-44_1_m,35-44_1_w,45-54_1_m,45-54_1_w,55-64_1_m,55-64_1_w,65-74_1_m,65-74_1_w,75-84_1_m,75-84_1_w,>84_1_m,>84_1_w,<24_2_m,<24_2_w,25-34_2_m,25-34_2_w,35-44_2_m,35-44_2_w,45-54_2_m,45-54_2_w,55-64_2_m,55-64_2_w,65-74_2_m,65-74_2_w,75-84_2_m,75-84_2_w,>84_2_m,>84_2_w,bp_1,bp_2,mo_1,mo_2,az_1,az_2,ja
2021-06-11T23:59:59+02:00,20408,18456,33413,27944,39412,37439,60571,60173,74584,74302,53099,57403,34875,45966,9656,17687,5244,5187,8795,8725,9870,12479,13492,18332,41782,43173,37101,39481,30677,40431,8943,16319,472869,242810,73046,34487,108362,51623,11111
2021-06-10T23:59:59+02:00,19439,17627,32033,27076,38236,36568,59940,59752,74229,74055,53018,57327,34843,45926,9645,17673,4959,4948,8238,8239,9194,11719,12697,17222,38917,40166,36463,38840,30540,40288,8932,16295,469061,235832,70173,34358,108082,47396,10071
2021-06-09T23:59:59+02:00,18529,16815,30814,26201,37083,35732,59416,59407,73937,73861,52949,57229,34817,45886,9634,17655,4775,4806,7898,8095,8743,11550,12047,16836,33619,35079,35345,37668,30348,40077,8917,16255,464381,222182,67916,34240,108048,46016,9620
2021-06-08T23:59:59+02:00,17457,15838,29495,25151,35790,34793,58856,59033,73695,73678,52884,57170,34797,45855,9630,17647,4684,4731,7740,7988,8607,11449,11739,16630,30602,32046,34657,37017,30227,39914,8901,16229,459921,214808,64547,34190,108010,44872,9291
2021-06-07T23:59:59+02:00,16714,15154,28151,24363,34703,34064,58438,58824,73499,73591,52859,57135,34784,45851,9630,17643,4578,4654,7530,7863,8314,11323,11307,16327,26003,27325,33664,35975,30039,39696,8882,16206,456843,203293,61631,34128,107978,43314,8951
2021-06-06T23:59:59+02:00,16324,14910,27367,23959,34086,33668,58157,58675,73367,73535,52838,57117,34774,45844,9629,17642,4502,4616,7385,7814,8155,11237,10955,16091,22933,24147,32992,35270,29923,39574,8877,16195,455702,200533,59619,28980,107955,42537,8616
2021-06-05T23:59:59+02:00,16291,14869,27319,23919,34056,33646,58147,58664,73358,73529,52833,57112,34770,45842,9629,17642,4478,4601,7352,7794,8107,11223,10881,16041,21341,22404,32386,34595,29868,39512,8873,16189,455553,195607,59514,28978,107943,42444,8616
2021-06-04T23:59:59+02:00,16016,14563,26989,23594,33714,33331,58077,58595,73313,73505,52827,57108,34769,45840,9629,17641,4441,4568,7280,7718,8049,11143,10792,15917,21241,22295,32319,34543,29840,39481,8870,16186,453530,195528,59454,28966,107911,41573,8616
2021-06-03T23:59:59+02:00,15334,14016,25943,22915,32641,32612,57616,58281,73049,73328,52764,57043,34740,45811,9625,17629,4287,4458,7001,7560,7793,10968,10408,15645,19154,20128,30592,32570,29629,39221,8850,16140,449217,187032,58024,28947,107897,40216,8209
2021-06-02T23:59:59+02:00,14551,13192,24966,22016,31588,31737,57390,58048,72871,73201,52723,56976,34725,45794,9618,17622,4247,4431,6949,7509,7733,10917,10320,15552,18427,19341,28883,30653,29551,39108,8843,16130,443072,181562,57850,28946,107895,39885,8201
2021-06-01T23:59:59+02:00,13248,12189,22835,20585,29171,29939,56083,57071,71982,72482,52460,56705,34631,45640,9588,17581,3998,4232,6434,7202,7140,10498,9419,14921,16316,17296,25369,26710,29016,38392,8781,16007,433828,167902,53576,28810,107856,38089,6930
2021-05-31T23:59:59+02:00,12226,11427,21004,19415,27201,28477,55072,56295,71373,71980,52269,56479,34566,45549,9577,17550,3828,4061,6101,6955,6739,10205,8836,14541,15205,16226,24266,25446,28711,37980,8731,15930,427142,162255,49374,28779,107840,36623,6104
2021-05-30T23:59:59+02:00,11811,11048,20300,18908,26522,27908,54771,56031,71164,71809,52205,56414,34545,45526,9570,17543,3611,3842,5758,6702,6455,9960,8618,14335,14940,15951,23988,25141,28615,37890,8720,15907,424605,161433,49007,28721,107810,35626,4653
2021-05-29T23:59:59+02:00,11793,11032,20284,18883,26504,27885,54761,56024,71160,71803,52203,56409,34543,45526,9570,17543,3609,3834,5753,6699,6452,9957,8610,14327,14929,15948,23978,25133,28612,37886,8719,15906,424453,161366,49007,28720,107810,35613,4653
2021-05-28T23:59:59+02:00,11717,10923,20128,18714,26256,27648,54612,55854,71023,71685,52172,56362,34531,45505,9567,17535,3559,3749,5663,6558,6348,9750,8489,14063,14742,15679,23832,24988,28573,37838,8713,15899,422817,160992,48970,28719,107793,34080,4652
2021-05-27T23:59:59+02:00,10219,9542,17733,16883,23564,25580,53612,55115,70415,71229,51986,56165,34459,45419,9557,17512,3198,3355,4821,5927,5477,8977,7656,13038,13642,14518,22922,24027,28256,37459,8667,15822,410956,157264,48019,28456,107659,29686,2356
2021-05-26T23:59:59+02:00,9755,9071,16810,16030,22423,24606,53051,54602,70038,70881,51851,56019,34399,45357,9549,17485,2982,3153,4439,5578,5016,8467,7144,12369,12654,13528,22097,23044,27993,37097,8629,15750,405434,153500,47293,28370,107592,26462,1608
2021-05-25T23:59:59+02:00,9068,8391,15565,15125,21023,23489,52635,54245,69814,70711,51790,55947,34381,45338,9546,17477,2886,3033,4249,5444,4775,8236,6851,12034,12059,12959,19991,20942,27700,36637,8603,15713,398717,147937,47052,28357,107560,24602,1216
2021-05-24T23:59:59+02:00,8969,8280,15346,14997,20745,23314,52550,54135,69778,70680,51789,55942,34380,45337,9544,17474,2834,2960,4167,5268,4686,7995,6721,11739,11931,12747,19882,20834,27657,36599,8598,15704,397608,147803,46976,28317,107474,23000,1202
2021-05-23T23:59:59+02:00,8951,8263,15305,14988,20696,23287,52543,54133,69776,70675,51788,55940,34380,45336,9544,17474,2831,2956,4160,5264,4677,7990,6718,11728,11910,12723,19743,20643,27629,36562,8596,15703,397433,147330,46976,28315,107474,22992,1196
2021-05-22T23:59:59+02:00,8948,8254,15293,14976,20689,23282,52543,54131,69773,70675,51788,55939,34380,45336,9544,17474,2826,2945,4154,5262,4675,7989,6716,11725,11899,12719,19733,20639,27628,36562,8596,15703,397381,147294,46976,28315,107474,22968,1194
2021-05-21T23:59:59+02:00,8863,8139,15159,14856,20458,23095,52328,53930,69647,70576,51766,55915,34374,45330,9539,17468,2750,2849,4065,5124,4571,7757,6591,11416,11738,12465,19680,20591,27616,36544,8595,15702,395825,147079,46974,28315,107453,21469,1191
2021-05-20T23:59:59+02:00,8539,7792,14571,14341,19226,22004,49874,51744,68593,69682,51470,55604,34277,45204,9516,17445,2464,2653,3697,4765,4137,7190,5982,10533,10614,11370,18498,19368,27193,36050,8535,15581,384933,141977,46821,28024,107151,17652,977
2021-05-19T23:59:59+02:00,8240,7538,13899,13856,17579,20697,46203,48495,67217,68458,51089,55131,34137,45015,9484,17400,2376,2414,3536,4437,3879,6651,5511,9798,9585,10236,17039,17755,26603,35248,8439,15409,370300,134925,46257,27881,106923,15152,958
2021-05-18T23:59:59+02:00,8010,7323,13334,13416,16215,19639,41674,44621,65867,67218,50615,54657,34011,44822,9448,17356,2322,2260,3393,4252,3693,6328,5143,9284,8644,9320,15487,16012,26003,34529,8363,15257,354364,128350,46198,27321,106771,13726,893
2021-05-17T23:59:59+02:00,7852,7209,12993,13164,15660,19161,39526,42805,65089,66471,50380,54391,33946,44728,9435,17328,2237,2185,3206,4075,3477,6100,4791,8879,7838,8578,12121,11888,25315,33617,8292,15124,350713,123235,41942,21269,106693,12429,790
2021-05-16T23:59:59+02:00,7779,7114,12868,13011,15487,18988,39032,42334,64914,66319,50337,54331,33939,44708,9430,17323,2166,2078,3115,3952,3394,5997,4679,8724,7643,8393,9825,9144,24974,33113,8266,15076,349248,122107,41442,15946,106659,11921,565
2021-05-15T23:59:59+02:00,7772,7104,12864,13006,15483,18983,39026,42333,64913,66317,50337,54330,33939,44708,9430,17323,2165,2077,3112,3946,3390,5993,4674,8722,7641,8390,9822,9142,24974,33113,8266,15076,349207,122077,41442,15946,106657,11918,562
2021-05-14T23:59:59+02:00,7548,7001,12628,12941,15262,18897,37997,41515,64441,65949,50261,54253,33927,44681,9428,17320,2038,1983,3004,3876,3342,5888,4622,8564,7594,8282,9821,9139,24973,33113,8266,15075,345888,122026,41411,15942,106199,11061,551
2021-05-13T23:59:59+02:00,7250,6792,12220,12684,14684,18437,34234,38501,62147,64044,49740,53671,33821,44487,9417,17277,1987,1936,2950,3802,3307,5792,4582,8457,7513,8170,9788,9085,24951,33075,8264,15072,331959,121783,41189,15919,105770,10541,488
2021-05-12T23:59:59+02:00,7229,6765,12143,12617,14568,18320,33550,37904,61681,63621,49602,53511,33786,44446,9412,17268,1987,1933,2949,3802,3304,5792,4582,8455,7511,8163,9781,9083,24951,33073,8264,15071,328990,121764,41179,15909,105766,10540,488
2021-05-11T23:59:59+02:00,6870,6612,11680,12333,14046,17928,29064,34233,59477,61742,49047,52913,33634,44238,9391,17215,1939,1793,2834,3526,3190,5414,4438,7998,7367,7882,9701,9009,24929,33037,8261,15062,314144,121530,41127,15719,104787,8766,365
2021-05-10T23:59:59+02:00,6729,6529,11519,12223,13827,17754,25506,31390,58362,60727,48725,52605,33558,44125,9379,17190,1894,1674,2750,3305,3095,5061,4322,7470,7256,7510,9669,8967,24918,33019,8260,15058,304381,121404,40966,15572,104499,6950,302
2021-05-09T23:59:59+02:00,6648,6491,11432,12159,13725,17670,23852,30161,57964,60413,48635,52516,33537,44095,9374,17185,1870,1634,2692,3192,3046,4917,4279,7340,7196,7432,9658,8954,24912,33015,8259,15058,303862,121344,37405,15528,104301,6293,289
2021-05-08T23:59:59+02:00,6643,6487,11422,12153,13717,17664,23846,30156,57955,60408,48632,52509,33532,44092,9374,17182,1869,1633,2692,3191,3046,4917,4276,7336,7195,7431,9657,8954,24911,33013,8259,15058,303777,121328,37405,15528,104301,6293,289
2021-05-07T23:59:59+02:00,6594,6445,11357,12106,13617,17583,23046,29536,57287,59843,48531,52406,33510,44067,9371,17169,1753,1580,2622,3152,3009,4889,4245,7312,7173,7401,9651,8948,24909,33013,8259,15057,300637,121298,37389,15522,104158,5869,284
2021-05-06T23:59:59+02:00,6312,6309,10817,11787,12887,17123,20757,27740,54000,56895,47492,51219,33242,43713,9329,17083,1498,1423,2404,2996,2846,4715,4092,7119,7026,7253,9586,8876,24893,32986,8256,15050,285733,121043,37206,15386,103611,4435,155
2021-05-05T23:59:59+02:00,6029,6193,10291,11538,12103,16659,18672,26073,50268,53269,46046,49518,32874,43228,9277,16982,1447,1306,2343,2879,2766,4525,3997,6881,6914,7069,9477,8788,24845,32919,8250,15036,268775,120583,36981,15343,103222,3474,42
2021-05-04T23:59:59+02:00,5924,6088,9959,11322,11647,16238,17472,25006,48563,51331,45070,48342,32560,42819,9219,16884,1431,1283,2316,2836,2729,4440,3941,6767,6842,7003,9441,8750,24827,32904,8249,15032,258525,120371,36958,15283,102942,3118,19
2021-05-03T23:59:59+02:00,5801,5991,9597,11143,11171,15959,16294,24039,47045,49728,44302,47486,32382,42526,9194,16812,1409,1251,2287,2811,2687,4375,3895,6713,6764,6949,8586,7646,23365,30974,8136,14835,249595,114591,36948,15201,102916,2880,11
2021-05-02T23:59:59+02:00,5729,5967,9486,11107,11032,15898,15597,23475,46606,49383,44187,47337,32341,42472,9187,16804,1404,1246,2273,2809,2672,4365,3874,6703,6745,6935,7930,6875,21872,29095,8097,14764,248402,114574,35338,10229,102862,2850,6
2021-05-01T23:59:59+02:00,5729,5964,9481,11102,11029,15897,15593,23471,46604,49379,44186,47337,32341,42472,9187,16804,1403,1246,2273,2809,2672,4365,3872,6703,6744,6935,7930,6874,21872,29095,8097,14764,248371,114570,35338,10229,102861,2849,6
2021-04-30T23:59:59+02:00,5676,5941,9413,11082,10978,15875,15502,23434,45058,47904,43928,47065,32310,42435,9185,16797,1173,1140,2088,2729,2576,4299,3795,6651,6680,6879,7926,6861,21871,29093,8097,14764,244390,114563,35338,10227,102849,1826,6
2021-04-29T23:59:59+02:00,5390,5844,8932,10936,10373,15703,14736,23170,39958,43369,43225,46325,32217,42341,9182,16769,972,1053,1929,2655,2493,4236,3687,6578,6615,6832,7907,6848,21869,29087,8097,14764,230714,114532,35237,10125,102513,959,6
2021-04-28T23:59:59+02:00,5196,5803,8681,10849,10013,15617,14377,23001,34971,38484,42367,45479,32110,42225,9172,16754,928,1016,1893,2614,2462,4151,3650,6468,6565,6749,7888,6835,21860,29073,8093,14758,217571,114449,35220,10077,102302,471,6
2021-04-27T23:59:59+02:00,4931,5545,8343,10383,9627,15046,13883,22359,33815,37319,42185,45290,32096,42202,9169,16752,899,999,1859,2593,2447,4133,3630,6448,6533,6725,7877,6828,21856,29068,8090,14752,214858,114393,35209,10048,98872,290,6
2021-04-26T23:59:59+02:00,4901,5512,8266,10343,9520,14996,13660,22237,29054,32529,41460,44602,32034,42120,9160,16745,863,988,1829,2577,2418,4107,3604,6427,6482,6683,7830,6775,21831,29045,8090,14745,203139,114195,35202,10005,98792,88,6
2021-04-25T23:59:59+02:00,4876,5496,8232,10317,9453,14966,13571,22192,26820,30175,41033,44152,31992,42080,9159,16741,849,979,1818,2564,2403,4092,3575,6406,6451,6651,7806,6756,21817,29026,8089,14742,202493,114171,30100,9762,98657,86,5
2021-04-24T23:59:59+02:00,4854,5481,8205,10289,9409,14951,13524,22167,25100,28298,40488,43525,31941,42023,9156,16736,848,978,1814,2562,2403,4087,3575,6404,6451,6647,7804,6755,21816,29026,8089,14742,197453,114151,30100,9761,98589,84,5
2021-04-23T23:59:59+02:00,4536,5291,7742,9993,8979,14588,12946,21765,24673,28030,40417,43471,31925,41995,9150,16731,834,968,1794,2547,2383,4071,3553,6383,6431,6628,7789,6735,21812,29017,8089,14742,197109,114136,30085,9563,95033,72,5
2021-04-22T23:59:59+02:00,4426,5216,7545,9882,8704,14385,12460,21405,22026,25249,37963,40600,31491,41442,9088,16621,818,956,1767,2518,2321,4010,3477,6319,6322,6533,7712,6648,21762,28972,8087,14732,184125,114019,29896,8861,94477,69,5
2021-04-21T23:59:59+02:00,4395,5181,7404,9797,8516,14208,12089,21084,20501,23708,35005,37187,31102,40857,9034,16510,792,938,1730,2489,2279,3985,3444,6287,6285,6493,7680,6619,21746,28953,8084,14728,172447,113914,29724,8548,94402,65,5
2021-04-20T23:59:59+02:00,4358,5146,7280,9728,8304,14041,11683,20771,19208,22319,31884,33734,30704,40354,8988,16421,785,927,1711,2478,2248,3959,3400,6233,6236,6445,7642,6571,21722,28930,8079,14724,160871,113729,29702,8293,94345,63,5
2021-04-19T23:59:59+02:00,4330,5127,7204,9686,8184,13928,11402,20568,18487,21564,31052,32678,30477,40050,8953,16357,775,921,1690,2464,2221,3927,3364,6199,6204,6414,7589,6536,21701,28907,8077,14721,156076,113596,29685,8048,94281,61,5
2021-04-18T23:59:59+02:00,4324,5120,7191,9671,8164,13911,11366,20532,18393,21480,30940,32566,30452,40028,8950,16352,773,917,1673,2452,2205,3910,3339,6169,6176,6394,7566,6524,21684,28886,8074,14719,155585,113537,29617,7859,94233,60,5
2021-04-17T23:59:59+02:00,4323,5118,7187,9670,8162,13911,11362,20523,18378,21471,30921,32554,30450,40027,8950,16352,773,916,1672,2452,2204,3909,3337,6167,6174,6393,7566,6524,21684,28886,8074,14719,155510,113526,29617,7859,94227,60,5
2021-04-16T23:59:59+02:00,4128,5068,6841,9532,7798,13723,10955,20263,17936,21214,30739,32403,30382,39948,8941,16337,760,897,1659,2438,2177,3895,3278,6128,6132,6339,7471,6426,21277,28335,8047,14662,154762,112204,29609,7655,91832,57,5
2021-04-15T23:59:59+02:00,4009,4966,6461,9157,7213,13196,10131,19362,16586,19974,29595,31142,29930,39396,8881,16185,726,872,1603,2396,2096,3810,3154,5995,5794,6092,6958,6016,20602,27462,7970,14520,149033,108891,29315,7118,87831,52,5
2021-04-14T23:59:59+02:00,3939,4901,6228,8924,6865,12805,9482,18777,15470,18895,28203,29666,29392,38619,8793,16023,688,842,1553,2358,2021,3732,3003,5863,5465,5827,6392,5494,19640,26203,7902,14375,142293,104642,29115,6665,85569,46,5
2021-04-13T23:59:59+02:00,3905,4866,6132,8841,6712,12681,9161,18509,14528,18074,24891,26115,28606,37613,8711,15877,681,832,1539,2332,1993,3696,2898,5791,5238,5626,6018,5146,19375,25902,7870,14314,130747,102566,29105,6635,85365,45,5
2021-04-12T23:59:59+02:00,3880,4838,6077,8785,6624,12599,8913,18279,13876,17481,23888,24979,28259,37135,8654,15770,671,824,1529,2323,1970,3676,2836,5738,5076,5507,5697,4861,19104,25615,7836,14265,125688,100986,29089,6492,85255,45,5
2021-04-11T23:59:59+02:00,3873,4831,6058,8761,6596,12580,8873,18252,13776,17411,23766,24844,28212,37070,8646,15749,668,818,1515,2313,1957,3668,2818,5722,5038,5464,5634,4799,18936,25389,7819,14238,125148,100325,29023,6421,85122,45,5
2021-04-10T23:59:59+02:00,3861,4830,6037,8761,6572,12579,8853,18251,13757,17409,23760,24840,28209,37070,8646,15749,665,816,1510,2308,1952,3665,2812,5714,5023,5454,5621,4781,18774,25137,7806,14216,125126,99817,28934,6387,85119,45,5
2021-04-09T23:59:59+02:00,3815,4816,5993,8751,6517,12559,8811,18226,13703,17357,21694,22287,27851,36605,8620,15711,649,800,1487,2284,1924,3647,2763,5669,4948,5398,5500,4674,18208,24403,7774,14158,124439,98056,23833,6188,85039,37,5
2021-04-08T23:59:59+02:00,3785,4796,5923,8724,6445,12513,8721,18162,13552,17236,18964,19035,27490,36135,8589,15673,599,765,1403,2198,1824,3552,2557,5472,4445,5027,4685,4013,16486,22247,7625,13891,123587,91142,17987,5616,84165,27,4
2021-04-07T23:59:59+02:00,3687,4763,5718,8679,6236,12452,8495,18092,13300,17131,16041,15657,27113,35682,8564,15627,575,730,1349,2144,1721,3463,2395,5312,4004,4693,3948,3421,15700,21425,7532,13738,123378,86854,16458,5270,77398,23,3
2021-04-06T23:59:59+02:00,3655,4752,5670,8659,6170,12427,8407,18054,13224,17055,13765,12949,26788,35333,8554,15602,539,706,1276,2085,1635,3380,2217,5175,3615,4424,3412,2976,14910,20473,7468,13638,123254,83239,16257,4669,71550,18,3
2021-04-05T23:59:59+02:00,3651,4747,5631,8646,6135,12417,8356,18034,13158,17020,13719,12903,26780,35319,8553,15601,505,668,1217,2051,1584,3340,2152,5116,3530,4350,3354,2934,14777,20304,7459,13622,123232,82761,16049,4182,71387,18,2
2021-04-04T23:59:59+02:00,3650,4746,5631,8645,6134,12417,8355,18031,13158,17020,13717,12903,26779,35319,8553,15601,505,667,1217,2051,1584,3340,2152,5116,3530,4350,3354,2934,14776,20304,7459,13622,123225,82759,16049,4182,71383,18,2
2021-04-03T23:59:59+02:00,3650,4746,5631,8644,6134,12417,8355,18031,13158,17020,13716,12901,26778,35317,8553,15601,505,666,1217,2051,1583,3340,2152,5114,3523,4347,3349,2924,14690,20166,7450,13608,123219,82483,16049,4182,71382,18,2
2021-04-02T23:59:59+02:00,3649,4743,5629,8639,6129,12408,8346,18018,13128,16989,13671,12846,26756,35306,8550,15597,501,658,1216,2047,1571,3333,2142,5090,3491,4312,3319,2894,13748,18901,7402,13527,123057,80031,16046,4101,71299,18,2
2021-04-01T23:59:59+02:00,3632,4729,5593,8619,6065,12373,8263,17981,13012,16913,13564,12722,26703,35237,8543,15586,442,609,1124,1975,1469,3250,1993,4975,3285,4170,3088,2692,11760,16312,7313,13387,122742,74510,15924,3314,70867,18,2
2021-03-31T23:59:59+02:00,3628,4712,5572,8584,6034,12337,8219,17936,12935,16836,13442,12603,26664,35189,8537,15578,403,585,1082,1932,1398,3208,1877,4861,3027,3962,2640,2389,9232,13087,7160,13181,122441,67033,15885,2972,70478,17,2
2021-03-30T23:59:59+02:00,3620,4701,5546,8554,6005,12307,8177,17892,12856,16760,13355,12477,26636,35146,8532,15569,381,564,1058,1900,1336,3170,1741,4778,2775,3783,2246,2130,8400,12016,7112,13078,122315,63753,15856,2698,69961,16,1
2021-03-29T23:59:59+02:00,3607,4694,5519,8537,5970,12274,8135,17858,12776,16681,12416,11290,25065,33064,8413,15356,373,562,1053,1883,1313,3145,1698,4732,2622,3697,1949,1974,7775,11306,7074,13014,116348,61460,15687,2695,69619,14,1
2021-03-28T23:59:59+02:00,3575,4669,5469,8507,5919,12230,8051,17805,12669,16604,11688,10451,23556,31142,8366,15277,372,560,1051,1882,1306,3142,1691,4730,2610,3689,1924,1953,7756,11293,7072,13010,116288,61334,10520,2692,69169,14,1
2021-03-27T23:59:59+01:00,3562,4664,5430,8498,5882,12216,8001,17790,12627,16552,11659,10413,23553,31136,8366,15277,372,560,1051,1882,1306,3142,1690,4727,2608,3687,1922,1952,7701,11208,7045,12970,116222,61116,10519,2692,68884,14,1
2021-03-26T23:59:59+01:00,3408,4226,4954,7345,5389,10859,7375,15623,11846,14554,11472,10236,23069,30425,8328,15214,371,556,1048,1879,1299,3138,1689,4724,2602,3681,1914,1946,7541,10994,6931,12811,114677,60438,10265,2680,59380,5,1
2021-03-25T23:59:59+01:00,3275,3876,4786,6588,5157,9666,7027,13821,11097,12909,10596,9432,22437,29653,8269,15078,366,548,1040,1868,1287,3120,1667,4686,2560,3630,1847,1883,7221,10488,6698,12454,111785,58681,9574,2677,52307,4,1
2021-03-24T23:59:59+01:00,3219,3833,4717,6518,5020,9561,6806,13645,10561,12459,9751,8593,21495,28456,8191,14929,364,542,1031,1863,1269,3109,1653,4656,2509,3576,1781,1802,6792,9925,6357,11893,107783,56455,9228,2663,50743,4,0
2021-03-23T23:59:59+01:00,3188,3794,4632,6447,4919,9466,6574,13463,10096,12017,9040,7925,21041,27917,8148,14832,351,528,1013,1854,1255,3089,1621,4632,2454,3523,1699,1739,6445,9439,6043,11389,105437,54409,8896,2662,49166,3,0
2021-03-22T23:59:59+01:00,3167,3756,4576,6406,4837,9396,6419,13317,9713,11711,8434,7366,20679,27528,8099,14751,345,523,1002,1848,1241,3072,1607,4618,2428,3497,1674,1719,6220,9134,5689,10711,103960,52668,8636,2657,47559,3,0
2021-03-21T23:59:59+01:00,3158,3740,4527,6382,4788,9358,6324,13239,9512,11510,8118,7104,20546,27391,8090,14729,345,523,1001,1848,1240,3072,1606,4617,2425,3497,1665,1713,6207,9124,5665,10659,103760,52564,8407,2640,46349,3,0
2021-03-20T23:59:59+01:00,3157,3735,4519,6376,4782,9356,6320,13232,9489,11493,8087,7074,20372,27115,8075,14705,345,523,1001,1847,1239,3072,1605,4616,2421,3488,1652,1699,6161,9039,5522,10460,103203,52071,8395,2616,46289,3,0
2021-03-19T23:59:59+01:00,3113,3703,4441,6338,4676,9309,6159,13167,9230,11295,7779,6851,19908,26542,8051,14653,345,523,1000,1845,1239,3070,1602,4614,2414,3483,1637,1691,6052,8906,5190,9934,101906,50946,8154,2596,45155,3,0
2021-03-18T23:59:59+01:00,3036,3619,4263,6196,4432,9103,5751,12836,8275,10586,6519,5790,18756,25297,7932,14448,341,519,996,1835,1222,3056,1561,4594,2343,3441,1562,1646,5857,8602,4589,9034,97027,48643,7612,2554,42200,1,0
2021-03-17T23:59:59+01:00,2999,3571,4173,6097,4290,8978,5472,12536,7562,10009,5516,4868,17495,23822,7792,14233,337,518,992,1826,1217,3047,1545,4573,2268,3413,1499,1603,5721,8374,4111,8324,91641,46869,7110,2498,40662,1,0
2021-03-16T23:59:59+01:00,2975,3540,4107,6025,4194,8882,5279,12367,7082,9614,4743,4215,16706,22898,7708,14087,333,516,989,1821,1213,3039,1538,4563,2243,3393,1471,1585,5588,8195,3702,7656,88015,45425,7074,2419,39333,1,0
2021-03-15T23:59:59+01:00,2971,3526,4090,6010,4162,8857,5228,12318,6953,9493,4594,4043,16405,22510,7685,14033,331,512,988,1815,1207,3032,1521,4551,2219,3370,1430,1571,5405,7965,3251,6954,87244,43844,6982,2277,38652,1,0
2021-03-14T23:59:59+01:00,2963,3515,4073,5990,4130,8840,5179,12283,6858,9396,4493,3937,16285,22345,7669,14003,329,511,987,1813,1201,3025,1517,4541,2206,3363,1420,1563,5398,7957,3246,6943,86929,43784,6964,2235,38066,1,0
2021-03-13T23:59:59+01:00,2959,3509,4070,5980,4123,8835,5171,12271,6837,9384,4470,3909,15971,21907,7650,13971,329,511,987,1813,1201,3025,1517,4541,2206,3363,1420,1563,5398,7956,3246,6943,86047,43783,6940,2235,38030,1,0
2021-03-12T23:59:59+01:00,2884,3418,3968,5813,3997,8606,5032,11960,6660,9140,4328,3773,15048,20641,7599,13890,329,509,985,1811,1201,3022,1514,4535,2206,3357,1412,1561,5390,7932,3244,6932,83589,43705,6878,2234,36290,1,0
2021-03-11T23:59:59+01:00,2739,3160,3747,5481,3742,8141,4670,11164,6032,8361,3813,3289,13503,18678,7517,13768,329,509,981,1807,1200,3009,1504,4518,2193,3336,1367,1531,5353,7899,3234,6906,79299,43562,6715,2113,31791,1,0
2021-03-10T23:59:59+01:00,2596,2998,3599,5246,3549,7810,4379,10653,5470,7804,3229,2850,11283,15990,7394,13572,326,505,975,1796,1195,2999,1497,4503,2168,3319,1337,1524,5323,7883,3227,6899,73013,43493,6545,1983,28864,0,0
2021-03-09T23:59:59+01:00,2564,2930,3533,5169,3436,7710,4189,10448,5059,7456,2731,2481,9840,14004,7318,13452,325,503,975,1789,1188,2991,1492,4495,2162,3309,1323,1520,5316,7880,3224,6898,68201,43458,6395,1932,27724,0,0
2021-03-08T23:59:59+01:00,2534,2856,3478,5100,3358,7627,4053,10325,4756,7259,2268,2218,7954,11592,7214,13316,325,498,974,1781,1181,2974,1486,4484,2157,3303,1314,1509,5297,7860,3219,6890,62520,43346,6060,1906,27328,0,0
2021-03-07T23:59:59+01:00,2467,2789,3378,4993,3261,7543,3947,10229,4635,7175,2216,2167,7937,11573,7214,13309,325,497,973,1781,1181,2974,1486,4484,2157,3303,1314,1509,5297,7860,3219,6890,62392,43344,5379,1906,27062,0,0
2021-03-06T23:59:59+01:00,2459,2773,3366,4987,3257,7538,3938,10220,4624,7171,2214,2166,7885,11494,7188,13269,325,497,972,1777,1180,2972,1486,4481,2153,3299,1311,1504,5293,7854,3217,6882,62183,43297,5319,1906,27047,0,0
2021-03-05T23:59:59+01:00,2309,2668,3139,4798,3024,7214,3649,9812,4305,6870,2148,2112,7647,11152,7027,13042,325,495,970,1774,1180,2971,1485,4475,2149,3292,1305,1503,5287,7847,3217,6877,61209,43246,4481,1906,25226,0,0
2021-03-04T23:59:59+01:00,2028,2411,2719,4348,2572,6563,3041,8848,3663,6160,1954,1969,7333,10702,6790,12680,323,494,969,1765,1177,2953,1485,4460,2137,3283,1296,1501,5276,7834,3210,6867,59574,43127,3207,1903,21000,0,0
2021-03-03T23:59:59+01:00,1951,2308,2608,4180,2445,6334,2896,8555,3496,5933,1875,1896,6939,10139,6497,12198,322,489,969,1754,1175,2929,1478,4433,2134,3273,1272,1489,5272,7829,3206,6859,57573,42980,3061,1903,19616,0,0
2021-03-02T23:59:59+01:00,1911,2211,2540,4067,2360,6178,2788,8371,3385,5799,1799,1829,6557,9585,6177,11650,318,482,968,1735,1172,2909,1474,4415,2132,3262,1249,1484,5262,7811,3200,6854,55480,42824,2820,1903,18907,0,0
2021-03-01T23:59:59+01:00,1896,2180,2499,3951,2312,6067,2751,8271,3335,5726,1757,1807,6327,9287,5799,10923,317,478,965,1731,1170,2898,1473,4400,2130,3247,1243,1481,5260,7809,3199,6848,53620,42746,2808,1903,18460,0,0
2021-02-28T23:59:59+01:00,1876,2136,2464,3885,2284,6006,2706,8195,3311,5687,1752,1804,6311,9275,5772,10871,317,478,964,1731,1170,2898,1473,4399,2130,3246,1243,1480,5260,7809,3199,6848,53500,42743,2806,1902,18029,0,0
2021-02-27T23:59:59+01:00,1872,2126,2462,3882,2280,6006,2705,8194,3309,5684,1746,1792,6270,9199,5633,10685,317,478,954,1726,1159,2888,1464,4393,2116,3237,1242,1477,5260,7808,3199,6848,53036,42739,2806,1827,18003,0,0
2021-02-26T23:59:59+01:00,1671,1947,2346,3639,2200,5579,2609,7672,3227,5284,1737,1775,6195,9108,5422,10352,316,475,947,1719,1151,2867,1457,4372,2104,3227,1237,1468,5253,7792,3195,6839,52288,42661,2785,1758,15690,0,0
2021-02-25T23:59:59+01:00,1433,1624,2131,3203,2028,4794,2397,6663,3008,4509,1655,1719,6051,8877,4949,9669,313,463,939,1656,1117,2766,1419,4265,2051,3160,1204,1450,5211,7743,3180,6796,50417,42200,2773,1533,11520,0,0
2021-02-24T23:59:59+01:00,1369,1380,2025,2938,1923,4449,2265,6250,2835,4270,1589,1677,5872,8579,4317,8710,310,452,897,1607,1064,2673,1362,4145,1959,3040,1173,1427,5194,7720,3173,6780,48094,41945,2763,1031,9591,0,0
2021-02-23T23:59:59+01:00,1353,1323,1990,2875,1897,4348,2240,6162,2803,4221,1582,1664,5713,8359,3805,7859,310,451,866,1573,1015,2615,1308,4070,1848,2972,1131,1406,5176,7693,3163,6748,46317,41751,2738,594,9139,0,0
2021-02-22T23:59:59+01:00,1340,1271,1940,2733,1851,4202,2181,5956,2760,4137,1572,1654,5550,8144,3330,7143,308,439,821,1532,958,2526,1213,3961,1703,2882,1057,1354,5134,7620,3139,6651,44713,41292,2719,6,8332,0,0
2021-02-21T23:59:59+01:00,1336,1249,1908,2671,1825,4107,2156,5843,2739,4091,1565,1648,5548,8134,3330,7141,305,436,817,1521,950,2498,1211,3922,1691,2844,1047,1341,5115,7593,3120,6612,44663,41017,2708,6,7920,0,0
2021-02-20T23:59:59+01:00,1336,1249,1908,2671,1824,4107,2156,5843,2737,4085,1556,1641,5544,8128,3328,7138,305,436,817,1519,949,2495,1210,3917,1690,2843,1047,1341,5055,7521,3082,6567,44649,40789,2683,5,7919,0,0
2021-02-19T23:59:59+01:00,1336,1246,1905,2664,1823,4100,2155,5834,2734,4081,1536,1632,5531,8113,3326,7132,303,434,813,1510,940,2468,1205,3874,1659,2793,1018,1303,4843,7227,2933,6314,44569,39632,2664,5,7915,0,0
2021-02-18T23:59:59+01:00,1303,1149,1867,2544,1783,3962,2092,5612,2679,3936,1524,1619,5518,8076,3322,7110,273,394,765,1384,890,2258,1122,3524,1538,2523,906,1106,4315,6380,2590,5558,44421,35521,2631,5,7044,0,0
2021-02-17T23:59:59+01:00,1247,989,1786,2323,1703,3651,1986,5230,2606,3738,1506,1611,5496,8062,3314,7106,267,386,756,1371,879,2234,1109,3488,1521,2505,899,1103,3888,5784,2347,5215,44380,33747,2574,5,5400,0,0
2021-02-16T23:59:59+01:00,1203,944,1726,2214,1635,3474,1917,5029,2529,3647,1470,1595,5471,8043,3307,7095,260,378,738,1333,861,2180,1073,3366,1488,2433,876,1081,3476,5159,2068,4810,44327,31576,2411,4,4561,0,0
2021-02-15T23:59:59+01:00,1193,920,1709,2138,1616,3377,1896,4916,2510,3576,1446,1584,5435,8019,3284,7048,247,365,721,1297,843,2131,1052,3298,1449,2370,846,1052,3012,4530,1785,4329,44200,29324,2326,3,4141,0,0
2021-02-14T23:59:59+01:00,1090,876,1637,2113,1555,3357,1853,4895,2476,3564,1438,1580,5429,8008,3281,7044,240,353,709,1277,827,2097,1035,3223,1416,2307,815,1003,2916,4386,1728,4154,44159,28483,2290,3,3747,0,0
2021-02-13T23:59:59+01:00,1027,848,1616,2092,1538,3350,1840,4889,2468,3563,1437,1579,5429,8008,3280,7043,237,352,708,1277,827,2093,1035,3222,1414,2305,815,1003,2804,4249,1674,4068,44153,28080,2290,3,3564,0,0
2021-02-12T23:59:59+01:00,645,684,1290,1978,1383,3251,1702,4803,2364,3504,1423,1573,5419,7997,3275,7038,224,344,697,1252,811,2046,1011,3135,1353,2209,758,930,2555,3904,1560,3804,44040,26591,2290,2,1999,0,0
2021-02-11T23:59:59+01:00,450,589,1121,1875,1280,3131,1610,4688,2269,3422,1320,1529,5361,7952,3257,6992,180,270,593,989,673,1584,806,2436,1068,1670,535,689,1899,2918,1140,2745,43689,20194,2093,1,1064,0,0
2021-02-10T23:59:59+01:00,325,498,986,1782,1195,2995,1508,4503,2165,3320,1285,1515,5342,7941,3253,6991,155,180,408,628,506,1069,634,1815,910,1400,520,675,1436,2290,885,2324,43613,15835,1987,0,4,0,0
2021-02-09T23:59:59+01:00,325,495,985,1777,1192,2987,1508,4498,2164,3315,1278,1512,5340,7939,3252,6989,152,175,398,601,486,1040,615,1785,887,1373,518,672,1008,1766,657,1983,43589,14116,1964,0,3,0,0
2021-02-08T23:59:59+01:00,325,493,984,1775,1189,2978,1502,4492,2162,3310,1273,1509,5338,7939,3252,6987,146,168,388,589,476,1022,604,1752,868,1351,513,667,561,1197,411,1637,43564,12350,1941,0,3,0,0
2021-02-07T23:59:59+01:00,325,493,982,1775,1188,2978,1500,4490,2162,3310,1273,1509,5338,7938,3252,6987,142,163,383,584,476,1015,600,1739,858,1336,507,664,560,1184,406,1625,43560,12242,1940,0,0,0,0
2021-02-06T23:59:59+01:00,325,493,982,1775,1188,2978,1500,4490,2162,3310,1273,1509,5338,7938,3252,6987,138,159,381,582,476,1014,600,1737,857,1334,507,664,560,1184,406,1625,43560,12224,1940,0,0,0,0
2021-02-05T23:59:59+01:00,325,492,981,1775,1188,2977,1498,4489,2161,3310,1273,1509,5337,7935,3252,6985,136,150,378,578,468,1002,596,1723,842,1315,503,654,553,1168,398,1603,43547,12067,1940,0,0,0,0
2021-02-04T23:59:59+01:00,320,483,975,1736,1183,2932,1495,4432,2149,3275,1266,1502,5308,7902,3242,6959,104,100,251,393,348,749,464,1311,633,993,386,529,471,970,346,1375,43220,9423,1939,0,0,0,0
2021-02-03T23:59:59+01:00,317,472,969,1712,1180,2893,1485,4383,2141,3241,1257,1489,5283,7870,3233,6935,60,48,87,165,162,367,225,606,309,495,209,290,275,617,206,869,42921,4990,1939,0,0,0,0
2021-02-02T23:59:59+01:00,316,470,967,1698,1177,2872,1481,4352,2134,3216,1249,1483,5276,7856,3226,6914,18,15,28,48,61,107,74,161,96,114,44,74,66,143,47,173,42748,1269,1939,0,0,0,0
2021-02-01T23:59:59+01:00,316,466,967,1696,1176,2871,1480,4345,2133,3212,1248,1483,5276,7856,3226,6914,15,14,25,41,51,97,60,133,73,96,39,64,57,135,46,160,42726,1106,1939,0,0,0,0
2021-01-31T23:59:59+01:00,316,463,967,1694,1175,2867,1480,4339,2133,3210,1247,1482,5276,7856,3226,6914,14,12,23,38,44,86,52,123,63,92,37,53,46,127,44,154,42706,1008,1939,0,0,0,0
2021-01-30T23:59:59+01:00,316,463,962,1690,1166,2859,1473,4333,2129,3208,1247,1482,5216,7784,3188,6869,14,12,23,37,44,86,51,122,63,92,37,53,46,127,44,154,42480,1005,1905,0,0,0,0
2021-01-29T23:59:59+01:00,314,462,948,1680,1154,2838,1461,4302,2107,3184,1240,1476,5028,7543,3050,6704,12,12,23,37,41,86,50,119,60,92,35,48,45,127,44,154,41695,985,1796,0,0,0,0
2021-01-28T23:59:59+01:00,309,438,927,1600,1112,2722,1421,4208,2040,3110,1216,1468,4653,7010,2824,6415,8,6,10,16,23,41,19,58,36,59,20,32,35,84,33,102,39922,582,1551,0,0,0,0
2021-01-27T23:59:59+01:00,302,428,882,1545,1060,2624,1361,4114,1966,3009,1181,1441,4192,6368,2559,6040,4,5,9,7,14,24,5,21,15,26,11,15,16,44,13,51,37969,280,1103,0,0,0,0
2021-01-26T23:59:59+01:00,295,417,842,1491,997,2536,1296,3984,1844,2915,1133,1393,3788,5737,2269,5608,2,2,4,2,6,6,3,3,2,7,7,5,4,7,3,8,35889,71,656,0,0,0,0
2021-01-25T23:59:59+01:00,284,406,788,1427,934,2415,1187,3835,1683,2809,1070,1365,3354,5148,2000,5224,2,2,4,1,4,6,1,3,2,7,7,5,4,7,3,8,33873,66,56,0,0,0,0
2021-01-24T23:59:59+01:00,281,406,780,1421,924,2399,1183,3819,1654,2780,1067,1364,3324,5112,1987,5203,2,2,2,1,4,6,1,3,2,7,7,5,4,7,3,8,33699,64,5,0,0,0,0
2021-01-23T23:59:59+01:00,279,405,780,1421,924,2395,1182,3818,1650,2778,1067,1364,3209,4974,1931,5116,2,2,2,1,3,6,1,3,2,7,7,5,4,7,3,8,33289,63,4,0,0,0,0
2021-01-22T23:59:59+01:00,277,401,779,1407,922,2382,1176,3804,1646,2775,1065,1363,3027,4754,1852,4998,2,2,2,1,3,6,1,3,2,7,7,5,4,7,3,8,32624,63,4,0,0,0,0
2021-01-21T23:59:59+01:00,268,362,714,1242,855,2168,1095,3514,1550,2592,1026,1327,2631,4216,1616,4634,2,1,2,0,3,6,1,3,2,7,7,4,4,7,3,8,29806,60,4,0,0,0,0
2021-01-20T23:59:59+01:00,242,272,541,884,682,1656,884,2800,1325,2186,939,1189,2032,3385,1279,3971,2,1,2,0,3,6,1,3,2,5,6,4,4,7,3,8,24263,57,4,0,0,0,0
2021-01-19T23:59:59+01:00,212,247,492,776,625,1486,795,2477,1148,1898,774,931,1333,2361,894,3023,0,1,1,0,0,0,0,0,1,1,1,0,0,0,0,0,19470,5,2,0,0,0,0
2021-01-18T23:59:59+01:00,160,183,406,640,501,1112,647,1903,944,1456,571,718,628,1330,461,1834,0,0,0,0,0,0,0,0,0,0,0,0,0,0,0,0,13493,0,1,0,0,0,0
2021-01-17T23:59:59+01:00,148,166,392,603,486,1042,616,1781,883,1361,524,680,582,1231,422,1696,0,0,0,0,0,0,0,0,0,0,0,0,0,0,0,0,12613,0,0,0,0,0,0
2021-01-16T23:59:59+01:00,140,161,390,598,484,1032,610,1769,876,1354,524,680,581,1226,418,1683,0,0,0,0,0,0,0,0,0,0,0,0,0,0,0,0,12526,0,0,0,0,0,0
2021-01-15T23:59:59+01:00,137,153,387,592,476,1018,606,1754,860,1334,519,668,573,1210,412,1661,0,0,0,0,0,0,0,0,0,0,0,0,0,0,0,0,12360,0,0,0,0,0,0
2021-01-14T23:59:59+01:00,115,122,296,475,404,847,505,1463,701,1078,411,543,498,1029,363,1491,0,0,0,0,0,0,0,0,0,0,0,0,0,0,0,0,10341,0,0,0,0,0,0
2021-01-13T23:59:59+01:00,75,74,180,287,265,552,354,948,468,698,254,336,314,687,234,941,0,0,0,0,0,0,0,0,0,0,0,0,0,0,0,0,6667,0,0,0,0,0,0
2021-01-12T23:59:59+01:00,35,30,54,101,118,233,146,391,201,301,138,184,163,392,135,515,0,0,0,0,0,0,0,0,0,0,0,0,0,0,0,0,3137,0,0,0,0,0,0
2021-01-11T23:59:59+01:00,22,17,36,62,59,120,74,166,92,116,39,64,59,140,47,161,0,0,0,0,0,0,0,0,0,0,0,0,0,0,0,0,1274,0,0,0,0,0,0
2021-01-10T23:59:59+01:00,18,12,31,51,51,108,63,148,74,106,36,54,49,130,44,153,0,0,0,0,0,0,0,0,0,0,0,0,0,0,0,0,1128,0,0,0,0,0,0
2021-01-09T23:59:59+01:00,17,12,30,49,50,106,60,147,74,105,36,54,49,130,44,153,0,0,0,0,0,0,0,0,0,0,0,0,0,0,0,0,1116,0,0,0,0,0,0
2021-01-08T23:59:59+01:00,14,12,28,47,45,98,55,136,69,102,34,49,48,130,44,153,0,0,0,0,0,0,0,0,0,0,0,0,0,0,0,0,1064,0,0,0,0,0,0
2021-01-07T23:59:59+01:00,8,6,9,17,22,41,19,59,38,61,21,34,37,89,33,101,0,0,0,0,0,0,0,0,0,0,0,0,0,0,0,0,595,0,0,0,0,0,0
2021-01-06T23:59:59+01:00,8,6,8,14,16,30,13,43,25,49,16,24,31,78,31,90,0,0,0,0,0,0,0,0,0,0,0,0,0,0,0,0,482,0,0,0,0,0,0
2021-01-05T23:59:59+01:00,8,6,8,14,16,30,13,43,25,49,16,24,30,78,31,90,0,0,0,0,0,0,0,0,0,0,0,0,0,0,0,0,481,0,0,0,0,0,0
2021-01-04T23:59:59+01:00,3,5,6,4,6,13,1,8,6,15,6,6,6,15,4,13,0,0,0,0,0,0,0,0,0,0,0,0,0,0,0,0,117,0,0,0,0,0,0
2021-01-03T23:59:59+01:00,2,2,1,1,3,6,1,4,2,8,5,4,3,8,3,8,0,0,0,0,0,0,0,0,0,0,0,0,0,0,0,0,61,0,0,0,0,0,0
2021-01-02T23:59:59+01:00,2,2,1,1,3,6,1,4,2,8,5,4,3,8,3,8,0,0,0,0,0,0,0,0,0,0,0,0,0,0,0,0,61,0,0,0,0,0,0
2021-01-01T23:59:59+01:00,2,2,1,1,3,6,1,4,2,8,5,4,3,8,3,8,0,0,0,0,0,0,0,0,0,0,0,0,0,0,0,0,61,0,0,0,0,0,0
2020-12-31T23:59:59+01:00,2,2,1,0,3,6,1,3,2,7,5,4,3,8,3,8,0,0,0,0,0,0,0,0,0,0,0,0,0,0,0,0,58,0,0,0,0,0,0
2020-12-30T23:59:59+01:00,2,2,1,0,3,6,1,3,2,5,5,4,3,8,3,8,0,0,0,0,0,0,0,0,0,0,0,0,0,0,0,0,56,0,0,0,0,0,0
2020-12-29T23:59:59+01:00,2,2,0,0,3,5,1,3,2,5,3,2,2,8,2,7,0,0,0,0,0,0,0,0,0,0,0,0,0,0,0,0,47,0,0,0,0,0,0
2020-12-28T23:59:59+01:00,1,1,0,0,1,1,0,0,0,3,0,1,0,1,1,4,0,0,0,0,0,0,0,0,0,0,0,0,0,0,0,0,14,0,0,0,0,0,0
2020-12-27T23:59:59+01:00,0,0,0,0,1,1,0,0,0,2,0,1,0,1,1,4,0,0,0,0,0,0,0,0,0,0,0,0,0,0,0,0,11,0,0,0,0,0,0
